  <div class='ocr_page' id='page_1' title='image "/cluster/home/n/w/nwhite01/storage/ocr_20150623/24/hvd.32044015471386/361.png"; bbox 0 0 1930 3748; ppageno 0'>
   <div class='ocr_carea' id='block_1_1' title="bbox 170 176 220 205">
    <p class='ocr_par' dir='ltr' id='par_1_1' title="bbox 170 176 220 205">
     <span class='ocr_line' id='line_1_1' title="bbox 170 176 220 205; baseline 0.02 -1"><span class='ocrx_word' id='word_1_1' title='bbox 170 176 220 205; x_wconf 75' lang='grc'><strong>’111</strong></span> 
     </span>
    </p>
   </div>
   <div class='ocr_carea' id='block_1_2' title="bbox 172 277 974 314">
    <p class='ocr_par' dir='ltr' id='par_1_2' title="bbox 172 277 974 314">
     <span class='ocr_line' id='line_1_2' title="bbox 172 277 974 314; baseline -0.002 -8"><span class='ocrx_word' id='word_1_2' title='bbox 172 285 201 306; x_wconf 85' lang='lat' dir='ltr'><strong>nt</strong></span> <span class='ocrx_word' id='word_1_3' title='bbox 216 279 312 314; x_wconf 79' lang='lat' dir='ltr'><strong>faciunt</strong></span> <span class='ocrx_word' id='word_1_4' title='bbox 328 277 399 305; x_wconf 85' lang='lat' dir='ltr'><strong>mala</strong></span> <span class='ocrx_word' id='word_1_5' title='bbox 415 285 424 305; x_wconf 87' lang='lat'><strong>.&#39;</strong></span> <span class='ocrx_word' id='word_1_6' title='bbox 441 278 503 305; x_wconf 79' lang='lat' dir='ltr'><strong>bene</strong></span> <span class='ocrx_word' id='word_1_7' title='bbox 521 282 609 305; x_wconf 84' lang='lat' dir='ltr'><strong>autem</strong></span> <span class='ocrx_word' id='word_1_8' title='bbox 623 279 708 313; x_wconf 79' lang='lat' dir='ltr'><strong>facere</strong></span> <span class='ocrx_word' id='word_1_9' title='bbox 722 278 875 305; x_wconf 68' lang='lat' dir='ltr'><strong>nescierunt.</strong></span> <span class='ocrx_word' id='word_1_10' title='bbox 887 277 974 305; x_wconf 83' lang='lat' dir='ltr'><strong>Causa</strong></span> 
     </span>
    </p>
   </div>
   <div class='ocr_carea' id='block_1_3' title="bbox 172 324 975 361">
    <p class='ocr_par' dir='ltr' id='par_1_3' title="bbox 172 324 975 361">
     <span class='ocr_line' id='line_1_3' title="bbox 172 324 975 361; baseline -0.002 -8"><span class='ocrx_word' id='word_1_11' title='bbox 172 325 357 359; x_wconf 84' lang='lat' dir='ltr'><strong>contritionis,</strong></span> <span class='ocrx_word' id='word_1_12' title='bbox 374 325 620 361; x_wconf 80' lang='lat' dir='ltr'><strong>vastitatis,87o</strong></span> <span class='ocrx_word' id='word_1_13' title='bbox 643 324 768 361; x_wconf 70' lang='lat' dir='ltr'><strong>fugaeque</strong></span> <span class='ocrx_word' id='word_1_14' title='bbox 792 329 819 352; x_wconf 89' lang='lat' dir='ltr'><strong>et</strong></span> <span class='ocrx_word' id='word_1_15' title='bbox 840 325 975 357; x_wconf 58' lang='lat' dir='ltr'><strong>buccinae,</strong></span> 
     </span>
    </p>
   </div>
   <div class='ocr_carea' id='block_1_4' title="bbox 173 371 977 409">
    <p class='ocr_par' dir='ltr' id='par_1_4' title="bbox 173 371 977 409">
     <span class='ocr_line' id='line_1_4' title="bbox 173 371 977 409; baseline -0.004 -8"><span class='ocrx_word' id='word_1_16' title='bbox 173 373 238 409; x_wconf 88' lang='lat' dir='ltr'><strong>quia</strong></span> <span class='ocrx_word' id='word_1_17' title='bbox 255 373 356 401; x_wconf 87' lang='lat' dir='ltr'><strong>stultus</strong></span> <span class='ocrx_word' id='word_1_18' title='bbox 372 372 460 400; x_wconf 87' lang='lat' dir='ltr'><strong>factus</strong></span> <span class='ocrx_word' id='word_1_19' title='bbox 476 377 517 400; x_wconf 90' lang='lat' dir='ltr'><strong>est</strong></span> <span class='ocrx_word' id='word_1_20' title='bbox 535 373 663 408; x_wconf 88' lang='lat' dir='ltr'><strong>populus,</strong></span> <span class='ocrx_word' id='word_1_21' title='bbox 679 379 733 400; x_wconf 91' lang='lat' dir='ltr'><strong>non</strong></span> <span class='ocrx_word' id='word_1_22' title='bbox 744 371 907 403; x_wconf 83' lang='lat' dir='ltr'><strong>natttra.sed</strong></span> <span class='ocrx_word' id='word_1_23' title='bbox 920 376 977 398; x_wconf 88' lang='lat' dir='ltr'><strong>stu-</strong></span> 
     </span>
    </p>
   </div>
   <div class='ocr_carea' id='block_1_5' title="bbox 173 418 977 455">
    <p class='ocr_par' dir='ltr' id='par_1_5' title="bbox 173 418 977 455">
     <span class='ocr_line' id='line_1_5' title="bbox 173 418 977 455; baseline -0.005 -7"><span class='ocrx_word' id='word_1_24' title='bbox 173 419 222 448; x_wconf 89' lang='lat' dir='ltr'><strong>dio</strong></span> <span class='ocrx_word' id='word_1_25' title='bbox 236 419 395 447; x_wconf 70' lang='lat' dir='ltr'><strong>voluntatis.</strong></span> <span class='ocrx_word' id='word_1_26' title='bbox 408 419 525 455; x_wconf 87' lang='lat' dir='ltr'><strong>Ipsaque</strong></span> <span class='ocrx_word' id='word_1_27' title='bbox 540 419 656 447; x_wconf 89' lang='lat' dir='ltr'><strong>stultitia</strong></span> <span class='ocrx_word' id='word_1_28' title='bbox 673 418 737 446; x_wconf 84' lang='lat' dir='ltr'><strong>hinc</strong></span> <span class='ocrx_word' id='word_1_29' title='bbox 752 419 880 454; x_wconf 91' lang='lat' dir='ltr'><strong>probatur</strong></span> <span class='ocrx_word' id='word_1_30' title='bbox 896 418 977 453; x_wconf 89' lang='lat' dir='ltr'><strong>:qnia</strong></span> 
     </span>
    </p>
   </div>
   <div class='ocr_carea' id='block_1_6' title="bbox 177 466 976 503">
    <p class='ocr_par' dir='ltr' id='par_1_6' title="bbox 177 466 976 503">
     <span class='ocr_line' id='line_1_6' title="bbox 177 466 976 503; baseline -0.003 -8"><span class='ocrx_word' id='word_1_31' title='bbox 177 474 233 495; x_wconf 91' lang='lat' dir='ltr'><strong>non</strong></span> <span class='ocrx_word' id='word_1_32' title='bbox 259 471 447 503; x_wconf 84' lang='lat' dir='ltr'><strong>cognoverunt</strong></span> <span class='ocrx_word' id='word_1_33' title='bbox 466 467 563 498; x_wconf 87' lang='lat' dir='ltr'><strong>Deum.</strong></span> <span class='ocrx_word' id='word_1_34' title='bbox 580 471 607 495; x_wconf 88' lang='lat' dir='ltr'><strong>et</strong></span> <span class='ocrx_word' id='word_1_35' title='bbox 635 474 684 502; x_wconf 87' lang='lat' dir='ltr'><strong>pro</strong></span> <span class='ocrx_word' id='word_1_36' title='bbox 708 466 771 494; x_wconf 91' lang='lat' dir='ltr'><strong>ﬁliis</strong></span> <span class='ocrx_word' id='word_1_37' title='bbox 796 466 976 501; x_wconf 73' lang='lat' dir='ltr'><strong>sapientibus,</strong></span> 
     </span>
    </p>
   </div>
   <div class='ocr_carea' id='block_1_7' title="bbox 175 512 979 547">
    <p class='ocr_par' dir='ltr' id='par_1_7' title="bbox 175 512 979 547">
     <span class='ocr_line' id='line_1_7' title="bbox 175 512 979 547; baseline -0.002 -6"><span class='ocrx_word' id='word_1_38' title='bbox 175 514 252 541; x_wconf 83' lang='lat' dir='ltr'><strong>stulti</strong></span> <span class='ocrx_word' id='word_1_39' title='bbox 269 513 315 541; x_wconf 90' lang='lat' dir='ltr'><strong>ﬁlii</strong></span> <span class='ocrx_word' id='word_1_40' title='bbox 331 513 396 541; x_wconf 87' lang='lat' dir='ltr'><strong>facti</strong></span> <span class='ocrx_word' id='word_1_41' title='bbox 412 517 516 541; x_wconf 89' lang='lat' dir='ltr'><strong>suntet</strong></span> <span class='ocrx_word' id='word_1_42' title='bbox 537 512 682 541; x_wconf 84' lang='lat' dir='ltr'><strong>vecordes.</strong></span> <span class='ocrx_word' id='word_1_43' title='bbox 704 514 773 547; x_wconf 71' lang='lat' dir='ltr'><strong>Quae</strong></span> <span class='ocrx_word' id='word_1_44' title='bbox 797 513 870 540; x_wconf 89' lang='lat' dir='ltr'><strong>enim</strong></span> <span class='ocrx_word' id='word_1_45' title='bbox 892 512 979 547; x_wconf 85' lang='lat' dir='ltr'><strong>major</strong></span> 
     </span>
    </p>
   </div>
   <div class='ocr_carea' id='block_1_8' title="bbox 176 558 978 596">
    <p class='ocr_par' dir='ltr' id='par_1_8' title="bbox 176 558 978 596">
     <span class='ocr_line' id='line_1_8' title="bbox 176 558 978 596; baseline -0.002 -8"><span class='ocrx_word' id='word_1_46' title='bbox 176 565 268 596; x_wconf 88' lang='lat' dir='ltr'><strong>potest</strong></span> <span class='ocrx_word' id='word_1_47' title='bbox 283 567 345 589; x_wconf 88' lang='lat' dir='ltr'><strong>esse</strong></span> <span class='ocrx_word' id='word_1_48' title='bbox 369 559 497 594; x_wconf 91' lang='lat' dir='ltr'><strong>stultitia,</strong></span> <span class='ocrx_word' id='word_1_49' title='bbox 514 567 607 596; x_wconf 81' lang='lat' dir='ltr'><strong>quam,</strong></span> <span class='ocrx_word' id='word_1_50' title='bbox 623 563 808 595; x_wconf 74' lang='lat' dir='ltr'><strong>cognoscente</strong></span> <span class='ocrx_word' id='word_1_51' title='bbox 831 558 899 586; x_wconf 88' lang='lat' dir='ltr'><strong>bove</strong></span> <span class='ocrx_word' id='word_1_52' title='bbox 916 566 978 593; x_wconf 82' lang='lat' dir='ltr'><strong>pos-</strong></span> 
     </span>
    </p>
   </div>
   <div class='ocr_carea' id='block_1_9' title="bbox 178 604 980 641">
    <p class='ocr_par' dir='ltr' id='par_1_9' title="bbox 178 604 980 641">
     <span class='ocr_line' id='line_1_9' title="bbox 178 604 980 641; baseline -0.005 -5"><span class='ocrx_word' id='word_1_53' title='bbox 178 615 314 636; x_wconf 79' lang='lat' dir='ltr'><strong>sessorem</strong></span> <span class='ocrx_word' id='word_1_54' title='bbox 329 615 419 640; x_wconf 90' lang='lat' dir='ltr'><strong>suum,</strong></span> <span class='ocrx_word' id='word_1_55' title='bbox 436 610 465 635; x_wconf 91' lang='lat' dir='ltr'><strong>et</strong></span> <span class='ocrx_word' id='word_1_56' title='bbox 479 606 558 634; x_wconf 91' lang='lat' dir='ltr'><strong>asino</strong></span> <span class='ocrx_word' id='word_1_57' title='bbox 570 613 692 641; x_wconf 61' lang='lat' dir='ltr'><strong>praesepe</strong></span> <span class='ocrx_word' id='word_1_58' title='bbox 704 605 811 633; x_wconf 87' lang='lat' dir='ltr'><strong>Domini</strong></span> <span class='ocrx_word' id='word_1_59' title='bbox 824 605 877 638; x_wconf 85' lang='lat' dir='ltr'><strong>sui,</strong></span> <span class='ocrx_word' id='word_1_60' title='bbox 896 604 980 633; x_wconf 89' lang='lat' dir='ltr'><strong>lsrael</strong></span> 
     </span>
    </p>
   </div>
   <div class='ocr_carea' id='block_1_10' title="bbox 179 654 980 690">
    <p class='ocr_par' dir='ltr' id='par_1_10' title="bbox 179 654 980 690">
     <span class='ocr_line' id='line_1_10' title="bbox 179 654 980 690; baseline -0.004 -8"><span class='ocrx_word' id='word_1_61' title='bbox 179 654 324 682; x_wconf 89' lang='lat' dir='ltr'><strong>Dominum</strong></span> <span class='ocrx_word' id='word_1_62' title='bbox 338 662 391 681; x_wconf 93' lang='lat' dir='ltr'><strong>non</strong></span> <span class='ocrx_word' id='word_1_63' title='bbox 401 661 579 690; x_wconf 84' lang='lat' dir='ltr'><strong>cognoscere,</strong></span> <span class='ocrx_word' id='word_1_64' title='bbox 591 658 618 681; x_wconf 91' lang='lat' dir='ltr'><strong>et</strong></span> <span class='ocrx_word' id='word_1_65' title='bbox 629 658 792 689; x_wconf 75' lang='lat' dir='ltr'><strong>praesentem</strong></span> <span class='ocrx_word' id='word_1_66' title='bbox 805 657 980 681; x_wconf 85' lang='lat' dir='ltr'><strong>contemnere</strong></span> 
     </span>
    </p>
   </div>
   <div class='ocr_carea' id='block_1_11' title="bbox 182 698 979 736">
    <p class='ocr_par' dir='ltr' id='par_1_11' title="bbox 182 698 979 736">
     <span class='ocr_line' id='line_1_11' title="bbox 182 698 979 736; baseline -0.004 -8"><span class='ocrx_word' id='word_1_67' title='bbox 182 708 263 736; x_wconf 88' lang='lat' dir='ltr'><strong>quem</strong></span> <span class='ocrx_word' id='word_1_68' title='bbox 283 708 392 736; x_wconf 86' lang='lat' dir='ltr'><strong>semper</strong></span> <span class='ocrx_word' id='word_1_69' title='bbox 409 700 503 728; x_wconf 90' lang='lat' dir='ltr'><strong>videre</strong></span> <span class='ocrx_word' id='word_1_70' title='bbox 526 699 818 734; x_wconf 84' lang='lat' dir='ltr'><strong>cupiebat?Quodque</strong></span> <span class='ocrx_word' id='word_1_71' title='bbox 843 698 957 726; x_wconf 84' lang='lat' dir='ltr'><strong>infertur</strong></span> <span class='ocrx_word' id='word_1_72' title='bbox 973 707 979 725; x_wconf 91' lang='lat'><strong>:</strong></span> 
     </span>
    </p>
   </div>
   <div class='ocr_carea' id='block_1_12' title="bbox 181 746 983 782">
    <p class='ocr_par' dir='ltr' id='par_1_12' title="bbox 181 746 983 782">
     <span class='ocr_line' id='line_1_12' title="bbox 181 746 983 782; baseline -0.002 -8"><span class='ocrx_word' id='word_1_73' title='bbox 181 747 318 782; x_wconf 73' lang='lat' dir='ltr'><strong>Sapientes</strong></span> <span class='ocrx_word' id='word_1_74' title='bbox 328 752 387 774; x_wconf 85' lang='lat' dir='ltr'><strong>sunt</strong></span> <span class='ocrx_word' id='word_1_75' title='bbox 401 750 429 774; x_wconf 80' lang='lat' dir='ltr'><strong>ut</strong></span> <span class='ocrx_word' id='word_1_76' title='bbox 440 747 540 782; x_wconf 83' lang='lat' dir='ltr'><strong>faciant</strong></span> <span class='ocrx_word' id='word_1_77' title='bbox 551 746 623 774; x_wconf 83' lang='lat' dir='ltr'><strong>mala</strong></span> <span class='ocrx_word' id='word_1_78' title='bbox 636 754 645 773; x_wconf 92' lang='lat'><em>:</em></span> <span class='ocrx_word' id='word_1_79' title='bbox 658 747 720 773; x_wconf 82' lang='lat' dir='ltr'><strong>bene</strong></span> <span class='ocrx_word' id='word_1_80' title='bbox 733 750 821 773; x_wconf 78' lang='lat' dir='ltr'><strong>autem</strong></span> <span class='ocrx_word' id='word_1_81' title='bbox 833 746 919 781; x_wconf 70' lang='lat' dir='ltr'><strong>facere</strong></span> <span class='ocrx_word' id='word_1_82' title='bbox 928 754 983 773; x_wconf 83' lang='lat' dir='ltr'><strong>nes-</strong></span> 
     </span>
    </p>
   </div>
   <div class='ocr_carea' id='block_1_13' title="bbox 182 792 982 830">
    <p class='ocr_par' dir='ltr' id='par_1_13' title="bbox 182 792 982 830">
     <span class='ocr_line' id='line_1_13' title="bbox 182 792 982 830; baseline -0.003 -9"><span class='ocrx_word' id='word_1_83' title='bbox 182 794 293 829; x_wconf 82' lang='lat' dir='ltr'><strong>cierunt,</strong></span> <span class='ocrx_word' id='word_1_84' title='bbox 307 794 350 822; x_wconf 88' lang='lat' dir='ltr'><strong>hic</strong></span> <span class='ocrx_word' id='word_1_85' title='bbox 361 794 494 830; x_wconf 75' lang='lat' dir='ltr'><strong>sapientia</strong></span> <span class='ocrx_word' id='word_1_86' title='bbox 509 801 558 829; x_wconf 91' lang='lat' dir='ltr'><strong>pro</strong></span> <span class='ocrx_word' id='word_1_87' title='bbox 569 793 671 821; x_wconf 91' lang='lat' dir='ltr'><strong>malitia</strong></span> <span class='ocrx_word' id='word_1_88' title='bbox 684 793 843 828; x_wconf 89' lang='lat' dir='ltr'><strong>accipienda</strong></span> <span class='ocrx_word' id='word_1_89' title='bbox 857 797 907 826; x_wconf 90' lang='lat' dir='ltr'><strong>est,</strong></span> <span class='ocrx_word' id='word_1_90' title='bbox 920 792 982 828; x_wconf 85' lang='lat' dir='ltr'><strong>jux-</strong></span> 
     </span>
    </p>
   </div>
   <div class='ocr_carea' id='block_1_14' title="bbox 183 840 983 876">
    <p class='ocr_par' dir='ltr' id='par_1_14' title="bbox 183 840 983 876">
     <span class='ocr_line' id='line_1_14' title="bbox 183 840 983 876; baseline -0.001 -8"><span class='ocrx_word' id='word_1_91' title='bbox 183 844 212 868; x_wconf 96' lang='lat' dir='ltr'><strong>ta</strong></span> <span class='ocrx_word' id='word_1_92' title='bbox 228 840 300 876; x_wconf 90' lang='lat' dir='ltr'><strong>quod</strong></span> <span class='ocrx_word' id='word_1_93' title='bbox 316 845 343 868; x_wconf 90' lang='lat' dir='ltr'><strong>et</strong></span> <span class='ocrx_word' id='word_1_94' title='bbox 360 840 408 867; x_wconf 91' lang='lat' dir='ltr'><strong>ﬁlii</strong></span> <span class='ocrx_word' id='word_1_95' title='bbox 424 840 518 868; x_wconf 63' lang='lat' dir='ltr'><strong>sateuli</strong></span> <span class='ocrx_word' id='word_1_96' title='bbox 537 840 617 876; x_wconf 90' lang='lat' dir='ltr'><strong>hujus</strong></span> <span class='ocrx_word' id='word_1_97' title='bbox 634 840 818 875; x_wconf 88' lang='lat' dir='ltr'><strong>sapientiores</strong></span> <span class='ocrx_word' id='word_1_98' title='bbox 837 844 901 867; x_wconf 87' lang='lat' dir='ltr'><strong>sunt</strong></span> <span class='ocrx_word' id='word_1_99' title='bbox 921 840 983 867; x_wconf 92' lang='lat' dir='ltr'><strong>ﬁliis</strong></span> 
     </span>
    </p>
   </div>
   <div class='ocr_carea' id='block_1_15' title="bbox 183 886 982 922">
    <p class='ocr_par' dir='ltr' id='par_1_15' title="bbox 183 886 982 922">
     <span class='ocr_line' id='line_1_15' title="bbox 183 886 982 922; baseline -0.001 -8"><span class='ocrx_word' id='word_1_100' title='bbox 183 886 252 915; x_wconf 83' lang='lat' dir='ltr'><strong>lueis</strong></span> <span class='ocrx_word' id='word_1_101' title='bbox 270 895 276 914; x_wconf 91' lang='lat'><strong>:</strong></span> <span class='ocrx_word' id='word_1_102' title='bbox 292 892 320 915; x_wconf 92' lang='lat' dir='ltr'><strong>et</strong></span> <span class='ocrx_word' id='word_1_103' title='bbox 339 886 450 915; x_wconf 83' lang='lat' dir='ltr'><strong>villicus</strong></span> <span class='ocrx_word' id='word_1_104' title='bbox 474 886 624 922; x_wconf 87' lang='lat' dir='ltr'><strong>iniquitatis</strong></span> <span class='ocrx_word' id='word_1_105' title='bbox 640 886 765 922; x_wconf 59' lang='lat' dir='ltr'><strong>quaedam</strong></span> <span class='ocrx_word' id='word_1_106' title='bbox 789 886 928 922; x_wconf 86' lang='lat' dir='ltr'><strong>sapienter</strong></span> <span class='ocrx_word' id='word_1_107' title='bbox 943 886 982 913; x_wconf 89' lang='lat' dir='ltr'><strong>fe-</strong></span> 
     </span>
    </p>
   </div>
   <div class='ocr_carea' id='block_1_16' title="bbox 181 932 1023 970">
    <p class='ocr_par' dir='ltr' id='par_1_16' title="bbox 181 932 1023 970">
     <span class='ocr_line' id='line_1_16' title="bbox 181 932 1023 970; baseline -0.002 -9"><span class='ocrx_word' id='word_1_108' title='bbox 181 933 252 961; x_wconf 86' lang='lat' dir='ltr'><strong>cisse</strong></span> <span class='ocrx_word' id='word_1_109' title='bbox 264 932 476 970; x_wconf 79' lang='lat' dir='ltr'><strong>narratur(Luc.</strong></span> <span class='ocrx_word' id='word_1_110' title='bbox 488 933 557 969; x_wconf 80' lang='lat' dir='ltr'><strong>xvi):</strong></span> <span class='ocrx_word' id='word_1_111' title='bbox 570 938 597 960; x_wconf 89' lang='lat' dir='ltr'><strong>et</strong></span> <span class='ocrx_word' id='word_1_112' title='bbox 605 940 721 968; x_wconf 88' lang='lat' dir='ltr'><strong>serpens</strong></span> <span class='ocrx_word' id='word_1_113' title='bbox 735 933 761 960; x_wconf 94' lang='lat' dir='ltr'><strong>in</strong></span> <span class='ocrx_word' id='word_1_114' title='bbox 779 932 906 967; x_wconf 80' lang='lat' dir='ltr'><strong>paradiso</strong></span> <span class='ocrx_word' id='word_1_115' title='bbox 921 940 983 967; x_wconf 89' lang='lat' dir='ltr'><strong>pru-</strong></span> <span class='ocrx_word' id='word_1_116' title='bbox 999 932 1023 962; x_wconf 88' lang='lat' dir='ltr'><strong>B</strong></span> 
     </span>
    </p>
   </div>
   <div class='ocr_carea' id='block_1_17' title="bbox 183 978 985 1015">
    <p class='ocr_par' dir='ltr' id='par_1_17' title="bbox 183 978 985 1015">
     <span class='ocr_line' id='line_1_17' title="bbox 183 978 985 1015; baseline -0.002 -7"><span class='ocrx_word' id='word_1_117' title='bbox 183 979 291 1008; x_wconf 86' lang='lat' dir='ltr'><strong>dentior</strong></span> <span class='ocrx_word' id='word_1_118' title='bbox 303 980 411 1008; x_wconf 91' lang='lat' dir='ltr'><strong>cunctis</strong></span> <span class='ocrx_word' id='word_1_119' title='bbox 426 979 524 1007; x_wconf 86' lang='lat' dir='ltr'><strong>bestiis</strong></span> <span class='ocrx_word' id='word_1_120' title='bbox 540 979 640 1015; x_wconf 78' lang='lat' dir='ltr'><strong>legitur</strong></span> <span class='ocrx_word' id='word_1_121' title='bbox 651 979 728 1015; x_wconf 79' lang='lat' dir='ltr'><strong>(Gen.</strong></span> <span class='ocrx_word' id='word_1_122' title='bbox 741 979 793 1015; x_wconf 88' lang='lat' dir='ltr'><strong>tu).</strong></span> <span class='ocrx_word' id='word_1_123' title='bbox 804 978 851 1006; x_wconf 86' lang='lat' dir='ltr'><strong>Illa</strong></span> <span class='ocrx_word' id='word_1_124' title='bbox 866 984 906 1006; x_wconf 89' lang='lat' dir='ltr'><strong>est</strong></span> <span class='ocrx_word' id='word_1_125' title='bbox 919 986 985 1014; x_wconf 84' lang='lat' dir='ltr'><strong>ergo</strong></span> 
     </span>
    </p>
   </div>
   <div class='ocr_carea' id='block_1_18' title="bbox 183 1025 986 1062">
    <p class='ocr_par' dir='ltr' id='par_1_18' title="bbox 183 1025 986 1062">
     <span class='ocr_line' id='line_1_18' title="bbox 183 1025 986 1062; baseline -0.002 -8"><span class='ocrx_word' id='word_1_126' title='bbox 183 1034 248 1055; x_wconf 91' lang='lat' dir='ltr'><strong>vera</strong></span> <span class='ocrx_word' id='word_1_127' title='bbox 262 1027 396 1062; x_wconf 76' lang='lat' dir='ltr'><strong>sapientia</strong></span> <span class='ocrx_word' id='word_1_128' title='bbox 410 1034 470 1062; x_wconf 65' lang='lat' dir='ltr'><strong>qua:</strong></span> <span class='ocrx_word' id='word_1_129' title='bbox 486 1026 532 1053; x_wconf 87' lang='lat' dir='ltr'><strong>Dei</strong></span> <span class='ocrx_word' id='word_1_130' title='bbox 548 1026 638 1053; x_wconf 86' lang='lat' dir='ltr'><strong>timori</strong></span> <span class='ocrx_word' id='word_1_131' title='bbox 650 1026 784 1061; x_wconf 73' lang='lat' dir='ltr'><strong>jungitur.</strong></span> <span class='ocrx_word' id='word_1_132' title='bbox 796 1025 924 1060; x_wconf 87' lang='lat' dir='ltr'><strong>Alioquin</strong></span> <span class='ocrx_word' id='word_1_133' title='bbox 940 1025 986 1052; x_wconf 92' lang='lat' dir='ltr'><strong>ubi</strong></span> 
     </span>
    </p>
   </div>
   <div class='ocr_carea' id='block_1_19' title="bbox 184 1072 988 1108">
    <p class='ocr_par' dir='ltr' id='par_1_19' title="bbox 184 1072 988 1108">
     <span class='ocr_line' id='line_1_19' title="bbox 184 1072 988 1108; baseline -0.002 -8"><span class='ocrx_word' id='word_1_134' title='bbox 184 1072 291 1101; x_wconf 68' lang='lat' dir='ltr'><strong>insidia:</strong></span> <span class='ocrx_word' id='word_1_135' title='bbox 306 1078 370 1100; x_wconf 85' lang='lat' dir='ltr'><strong>sunt</strong></span> <span class='ocrx_word' id='word_1_136' title='bbox 383 1077 412 1101; x_wconf 92' lang='lat' dir='ltr'><strong>et</strong></span> <span class='ocrx_word' id='word_1_137' title='bbox 431 1072 631 1108; x_wconf 82' lang='lat' dir='ltr'><strong>tergiversatio,</strong></span> <span class='ocrx_word' id='word_1_138' title='bbox 645 1081 698 1100; x_wconf 91' lang='lat' dir='ltr'><strong>non</strong></span> <span class='ocrx_word' id='word_1_139' title='bbox 709 1072 855 1108; x_wconf 84' lang='lat' dir='ltr'><strong>sapientia,</strong></span> <span class='ocrx_word' id='word_1_140' title='bbox 867 1072 914 1099; x_wconf 87' lang='lat' dir='ltr'><strong>sed</strong></span> <span class='ocrx_word' id='word_1_141' title='bbox 926 1079 988 1099; x_wconf 77' lang='lat' dir='ltr'><strong>ver-</strong></span> 
     </span>
    </p>
   </div>
   <div class='ocr_carea' id='block_1_20' title="bbox 188 1119 987 1155">
    <p class='ocr_par' dir='ltr' id='par_1_20' title="bbox 188 1119 987 1155">
     <span class='ocr_line' id='line_1_20' title="bbox 188 1119 987 1155; baseline 0 -9"><span class='ocrx_word' id='word_1_142' title='bbox 188 1120 261 1147; x_wconf 89' lang='lat' dir='ltr'><strong>sutia</strong></span> <span class='ocrx_word' id='word_1_143' title='bbox 275 1125 302 1148; x_wconf 89' lang='lat' dir='ltr'><strong>et</strong></span> <span class='ocrx_word' id='word_1_144' title='bbox 312 1119 449 1148; x_wconf 89' lang='lat' dir='ltr'><strong>calliditas</strong></span> <span class='ocrx_word' id='word_1_145' title='bbox 465 1119 628 1155; x_wconf 87' lang='lat' dir='ltr'><strong>appellanda</strong></span> <span class='ocrx_word' id='word_1_146' title='bbox 648 1124 700 1147; x_wconf 91' lang='lat' dir='ltr'><strong>est.</strong></span> <span class='ocrx_word' id='word_1_147' title='bbox 718 1119 771 1147; x_wconf 81' lang='lat' dir='ltr'><strong>Pro</strong></span> <span class='ocrx_word' id='word_1_148' title='bbox 789 1126 833 1153; x_wconf 85' lang='lat' dir='ltr'><strong>eo,</strong></span> <span class='ocrx_word' id='word_1_149' title='bbox 850 1119 921 1154; x_wconf 89' lang='lat' dir='ltr'><strong>quod</strong></span> <span class='ocrx_word' id='word_1_150' title='bbox 937 1126 987 1146; x_wconf 93' lang='lat' dir='ltr'><strong>nos</strong></span> 
     </span>
    </p>
   </div>
   <div class='ocr_carea' id='block_1_21' title="bbox 185 1165 986 1203">
    <p class='ocr_par' dir='ltr' id='par_1_21' title="bbox 185 1165 986 1203">
     <span class='ocr_line' id='line_1_21' title="bbox 185 1165 986 1203; baseline -0.001 -9"><span class='ocrx_word' id='word_1_151' title='bbox 185 1166 321 1198; x_wconf 77' lang='lat' dir='ltr'><strong>diximus.</strong></span> <span class='ocrx_word' id='word_1_152' title='bbox 335 1170 400 1203; x_wconf 84' lang='lat' dir='ltr'><strong>quia</strong></span> <span class='ocrx_word' id='word_1_153' title='bbox 409 1166 507 1194; x_wconf 81' lang='lat' dir='ltr'><strong>stultus</strong></span> <span class='ocrx_word' id='word_1_154' title='bbox 519 1165 632 1201; x_wconf 78' lang='lat' dir='ltr'><strong>populus</strong></span> <span class='ocrx_word' id='word_1_155' title='bbox 646 1175 718 1194; x_wconf 80' lang='lat' dir='ltr'><strong>meus</strong></span> <span class='ocrx_word' id='word_1_156' title='bbox 728 1175 768 1193; x_wconf 81' lang='lat' dir='ltr'><strong>me</strong></span> <span class='ocrx_word' id='word_1_157' title='bbox 783 1174 835 1193; x_wconf 89' lang='lat' dir='ltr'><strong>non</strong></span> <span class='ocrx_word' id='word_1_158' title='bbox 856 1166 986 1202; x_wconf 80' lang='lat' dir='ltr'><strong>cognovit,</strong></span> 
     </span>
    </p>
   </div>
   <div class='ocr_carea' id='block_1_22' title="bbox 186 1213 988 1249">
    <p class='ocr_par' dir='ltr' id='par_1_22' title="bbox 186 1213 988 1249">
     <span class='ocr_line' id='line_1_22' title="bbox 186 1213 988 1249; baseline -0.002 -7"><span class='ocrx_word' id='word_1_159' title='bbox 186 1213 365 1249; x_wconf 81' lang='lat' dir='ltr'><strong>Septuaginta</strong></span> <span class='ocrx_word' id='word_1_160' title='bbox 379 1213 581 1241; x_wconf 88' lang='lat' dir='ltr'><strong>transtulerunt</strong></span> <span class='ocrx_word' id='word_1_161' title='bbox 595 1222 602 1240; x_wconf 84' lang='lat'><strong>:</strong></span> <span class='ocrx_word' id='word_1_162' title='bbox 616 1214 678 1249; x_wconf 83' lang='lat' dir='ltr'><strong>quia</strong></span> <span class='ocrx_word' id='word_1_163' title='bbox 690 1214 821 1249; x_wconf 79' lang='lat' dir='ltr'><strong>principes</strong></span> <span class='ocrx_word' id='word_1_164' title='bbox 833 1213 926 1249; x_wconf 82' lang='lat' dir='ltr'><strong>populi</strong></span> <span class='ocrx_word' id='word_1_165' title='bbox 938 1214 988 1241; x_wconf 88' lang='lat' dir='ltr'><strong>mei</strong></span> 
     </span>
    </p>
   </div>
   <div class='ocr_carea' id='block_1_23' title="bbox 187 1260 987 1296">
    <p class='ocr_par' dir='ltr' id='par_1_23' title="bbox 187 1260 987 1296">
     <span class='ocr_line' id='line_1_23' title="bbox 187 1260 987 1296; baseline -0.001 -8"><span class='ocrx_word' id='word_1_166' title='bbox 187 1268 228 1288; x_wconf 84' lang='lat' dir='ltr'><strong>me</strong></span> <span class='ocrx_word' id='word_1_167' title='bbox 237 1269 289 1288; x_wconf 86' lang='lat' dir='ltr'><strong>non</strong></span> <span class='ocrx_word' id='word_1_168' title='bbox 303 1264 477 1296; x_wconf 76' lang='lat' dir='ltr'><strong>cognoverunt</strong></span> <span class='ocrx_word' id='word_1_169' title='bbox 493 1268 500 1288; x_wconf 88' lang='lat'>:</span> <span class='ocrx_word' id='word_1_170' title='bbox 515 1265 545 1288; x_wconf 92' lang='lat' dir='ltr'><strong>ut</strong></span> <span class='ocrx_word' id='word_1_171' title='bbox 563 1260 758 1296; x_wconf 83' lang='lat' dir='ltr'><strong>magistrorum</strong></span> <span class='ocrx_word' id='word_1_172' title='bbox 775 1260 811 1287; x_wconf 88' lang='lat' dir='ltr'><strong>sit</strong></span> <span class='ocrx_word' id='word_1_173' title='bbox 827 1260 913 1295; x_wconf 86' lang='lat' dir='ltr'><strong>magis</strong></span> <span class='ocrx_word' id='word_1_174' title='bbox 928 1260 987 1287; x_wconf 92' lang='lat' dir='ltr'><strong>cul-</strong></span> 
     </span>
    </p>
   </div>
   <div class='ocr_carea' id='block_1_24' title="bbox 189 1308 870 1344">
    <p class='ocr_par' dir='ltr' id='par_1_24' title="bbox 189 1308 870 1344">
     <span class='ocr_line' id='line_1_24' title="bbox 189 1308 870 1344; baseline 0.001 -10"><span class='ocrx_word' id='word_1_175' title='bbox 189 1315 222 1344; x_wconf 86' lang='lat' dir='ltr'><strong>pa</strong></span> <span class='ocrx_word' id='word_1_176' title='bbox 236 1316 317 1343; x_wconf 70' lang='lat' dir='ltr'><strong>tinam</strong></span> <span class='ocrx_word' id='word_1_177' title='bbox 335 1308 427 1343; x_wconf 86' lang='lat' dir='ltr'><strong>populi</strong></span> <span class='ocrx_word' id='word_1_178' title='bbox 443 1308 489 1336; x_wconf 90' lang='lat' dir='ltr'><strong>Dei</strong></span> <span class='ocrx_word' id='word_1_179' title='bbox 509 1308 653 1336; x_wconf 83' lang='lat' dir='ltr'><strong>scientiam</strong></span> <span class='ocrx_word' id='word_1_180' title='bbox 667 1315 721 1335; x_wconf 92' lang='lat' dir='ltr'><strong>non</strong></span> <span class='ocrx_word' id='word_1_181' title='bbox 735 1308 870 1336; x_wconf 84' lang='lat' dir='ltr'><strong>habentis.</strong></span> 
     </span>
    </p>
   </div>
   <div class='ocr_carea' id='block_1_25' title="bbox 227 1354 989 1390">
    <p class='ocr_par' dir='ltr' id='par_1_25' title="bbox 227 1354 989 1390">
     <span class='ocr_line' id='line_1_25' title="bbox 227 1354 989 1390; baseline -0.003 -8"><span class='ocrx_word' id='word_1_182' title='bbox 227 1354 321 1390; x_wconf 83' lang='lat' dir='ltr'><strong>(Vers.</strong></span> <span class='ocrx_word' id='word_1_183' title='bbox 337 1354 374 1382; x_wconf 74' lang='lat'><strong>25</strong></span> <span class='ocrx_word' id='word_1_184' title='bbox 386 1354 480 1390; x_wconf 85' lang='lat' dir='ltr'><strong>seqq.)</strong></span> <span class='ocrx_word' id='word_1_185' title='bbox 492 1354 587 1390; x_wconf 70' lang='lat' dir='ltr'><strong>Aspexi</strong></span> <span class='ocrx_word' id='word_1_186' title='bbox 602 1360 708 1388; x_wconf 82' lang='lat' dir='ltr'><strong>terram,</strong></span> <span class='ocrx_word' id='word_1_187' title='bbox 724 1359 748 1382; x_wconf 90' lang='lat' dir='ltr'><strong>et</strong></span> <span class='ocrx_word' id='word_1_188' title='bbox 769 1363 827 1382; x_wconf 76' lang='lat' dir='ltr'><strong>cccc</strong></span> <span class='ocrx_word' id='word_1_189' title='bbox 840 1363 920 1382; x_wconf 80' lang='lat' dir='ltr'><strong>vacua</strong></span> <span class='ocrx_word' id='word_1_190' title='bbox 935 1358 989 1381; x_wconf 83' lang='lat' dir='ltr'><strong>erat</strong></span> 
     </span>
    </p>
   </div>
   <div class='ocr_carea' id='block_1_26' title="bbox 189 1401 988 1436">
    <p class='ocr_par' dir='ltr' id='par_1_26' title="bbox 189 1401 988 1436">
     <span class='ocr_line' id='line_1_26' title="bbox 189 1401 988 1436; baseline 0 -7"><span class='ocrx_word' id='word_1_191' title='bbox 189 1405 213 1429; x_wconf 85' lang='lat' dir='ltr'><strong>ct</strong></span> <span class='ocrx_word' id='word_1_192' title='bbox 223 1401 300 1429; x_wconf 79' lang='lat' dir='ltr'><strong>nihili</strong></span> <span class='ocrx_word' id='word_1_193' title='bbox 315 1406 353 1430; x_wconf 86' lang='lat' dir='ltr'><strong>:et</strong></span> <span class='ocrx_word' id='word_1_194' title='bbox 366 1401 453 1436; x_wconf 70' lang='lat' dir='ltr'><strong>caelos,</strong></span> <span class='ocrx_word' id='word_1_195' title='bbox 466 1406 490 1429; x_wconf 84' lang='lat' dir='ltr'><strong>et</strong></span> <span class='ocrx_word' id='word_1_196' title='bbox 501 1410 553 1429; x_wconf 85' lang='lat' dir='ltr'><strong>non</strong></span> <span class='ocrx_word' id='word_1_197' title='bbox 567 1406 622 1429; x_wconf 85' lang='lat' dir='ltr'><strong>crat</strong></span> <span class='ocrx_word' id='word_1_198' title='bbox 635 1402 683 1429; x_wconf 75' lang='lat' dir='ltr'><strong>tua:</strong></span> <span class='ocrx_word' id='word_1_199' title='bbox 696 1402 722 1429; x_wconf 85' lang='lat' dir='ltr'><strong>in</strong></span> <span class='ocrx_word' id='word_1_200' title='bbox 736 1402 782 1430; x_wconf 86' lang='lat' dir='ltr'><strong>eis.</strong></span> <span class='ocrx_word' id='word_1_201' title='bbox 802 1402 864 1429; x_wconf 80' lang='lat' dir='ltr'><strong>Vidi</strong></span> <span class='ocrx_word' id='word_1_202' title='bbox 879 1406 988 1435; x_wconf 80' lang='lat' dir='ltr'><strong>montes,</strong></span> 
     </span>
    </p>
   </div>
   <div class='ocr_carea' id='block_1_27' title="bbox 188 1448 989 1477">
    <p class='ocr_par' dir='ltr' id='par_1_27' title="bbox 188 1448 989 1477">
     <span class='ocr_line' id='line_1_27' title="bbox 188 1448 989 1477; baseline 0 -1"><span class='ocrx_word' id='word_1_203' title='bbox 188 1453 214 1476; x_wconf 77' lang='lat' dir='ltr'><strong>et</strong></span> <span class='ocrx_word' id='word_1_204' title='bbox 224 1457 281 1476; x_wconf 77' lang='lat' dir='ltr'><strong>ecce</strong></span> <span class='ocrx_word' id='word_1_205' title='bbox 295 1450 463 1476; x_wconf 82' lang='lat' dir='ltr'><strong>mouebantur</strong></span> <span class='ocrx_word' id='word_1_206' title='bbox 477 1458 487 1477; x_wconf 87' lang='lat'><strong><em>:</em></strong></span> <span class='ocrx_word' id='word_1_207' title='bbox 500 1453 524 1476; x_wconf 86' lang='lat' dir='ltr'><strong>et</strong></span> <span class='ocrx_word' id='word_1_208' title='bbox 544 1457 631 1477; x_wconf 81' lang='lat' dir='ltr'><strong>omnes</strong></span> <span class='ocrx_word' id='word_1_209' title='bbox 652 1448 731 1477; x_wconf 84' lang='lat' dir='ltr'><strong>colles</strong></span> <span class='ocrx_word' id='word_1_210' title='bbox 753 1450 898 1477; x_wconf 79' lang='lat' dir='ltr'><strong>conturbati</strong></span> <span class='ocrx_word' id='word_1_211' title='bbox 919 1453 989 1476; x_wconf 84' lang='lat' dir='ltr'><strong>sunt.</strong></span> 
     </span>
    </p>
   </div>
   <div class='ocr_carea' id='block_1_28' title="bbox 190 1494 992 1530">
    <p class='ocr_par' dir='ltr' id='par_1_28' title="bbox 190 1494 992 1530">
     <span class='ocr_line' id='line_1_28' title="bbox 190 1494 992 1530; baseline 0 -7"><span class='ocrx_word' id='word_1_212' title='bbox 190 1494 309 1523; x_wconf 79' lang='lat' dir='ltr'><strong>lntuitus</strong></span> <span class='ocrx_word' id='word_1_213' title='bbox 322 1504 391 1530; x_wconf 81' lang='lat' dir='ltr'><strong>sum,</strong></span> <span class='ocrx_word' id='word_1_214' title='bbox 408 1502 432 1524; x_wconf 88' lang='lat' dir='ltr'><strong>et</strong></span> <span class='ocrx_word' id='word_1_215' title='bbox 445 1504 496 1524; x_wconf 87' lang='lat' dir='ltr'><strong>non</strong></span> <span class='ocrx_word' id='word_1_216' title='bbox 506 1502 561 1523; x_wconf 87' lang='lat' dir='ltr'><strong>erat</strong></span> <span class='ocrx_word' id='word_1_217' title='bbox 583 1497 670 1529; x_wconf 83' lang='lat' dir='ltr'><strong>homo,</strong></span> <span class='ocrx_word' id='word_1_218' title='bbox 682 1501 705 1524; x_wconf 87' lang='lat' dir='ltr'><strong>et</strong></span> <span class='ocrx_word' id='word_1_219' title='bbox 724 1505 798 1524; x_wconf 79' lang='lat' dir='ltr'><strong>omne</strong></span> <span class='ocrx_word' id='word_1_220' title='bbox 812 1496 917 1524; x_wconf 78' lang='lat' dir='ltr'><strong>volatile</strong></span> <span class='ocrx_word' id='word_1_221' title='bbox 935 1496 992 1524; x_wconf 74' lang='lat' dir='ltr'><strong>(teli</strong></span> 
     </span>
    </p>
   </div>
   <div class='ocr_carea' id='block_1_29' title="bbox 190 1542 991 1577">
    <p class='ocr_par' dir='ltr' id='par_1_29' title="bbox 190 1542 991 1577">
     <span class='ocr_line' id='line_1_29' title="bbox 190 1542 991 1577; baseline 0.002 -9"><span class='ocrx_word' id='word_1_222' title='bbox 190 1542 305 1569; x_wconf 78' lang='lat' dir='ltr'><strong>recessit.</strong></span> <span class='ocrx_word' id='word_1_223' title='bbox 319 1543 426 1577; x_wconf 66' lang='lat' dir='ltr'><strong>Aspexi,</strong></span> <span class='ocrx_word' id='word_1_224' title='bbox 441 1548 464 1569; x_wconf 93' lang='lat' dir='ltr'><strong>et</strong></span> <span class='ocrx_word' id='word_1_225' title='bbox 486 1551 542 1569; x_wconf 82' lang='lat' dir='ltr'><strong>ecce</strong></span> <span class='ocrx_word' id='word_1_226' title='bbox 561 1542 695 1570; x_wconf 79' lang='lat' dir='ltr'><strong>Carmelus</strong></span> <span class='ocrx_word' id='word_1_227' title='bbox 716 1543 843 1576; x_wconf 71' lang='lat' dir='ltr'><strong>desertus,</strong></span> <span class='ocrx_word' id='word_1_228' title='bbox 859 1548 881 1569; x_wconf 76' lang='lat' dir='ltr'><strong>et</strong></span> <span class='ocrx_word' id='word_1_229' title='bbox 904 1550 991 1570; x_wconf 80' lang='lat' dir='ltr'><strong>omnes</strong></span> 
     </span>
    </p>
   </div>
   <div class='ocr_carea' id='block_1_30' title="bbox 193 1586 992 1624">
    <p class='ocr_par' dir='ltr' id='par_1_30' title="bbox 193 1586 992 1624">
     <span class='ocr_line' id='line_1_30' title="bbox 193 1586 992 1624; baseline 0.004 -11"><span class='ocrx_word' id='word_1_230' title='bbox 193 1586 268 1614; x_wconf 80' lang='lat' dir='ltr'><strong>urbes</strong></span> <span class='ocrx_word' id='word_1_231' title='bbox 281 1589 339 1624; x_wconf 80' lang='lat' dir='ltr'><strong>ejus</strong></span> <span class='ocrx_word' id='word_1_232' title='bbox 354 1589 491 1616; x_wconf 64' lang='lat' dir='ltr'><strong>destructa</strong></span> <span class='ocrx_word' id='word_1_233' title='bbox 499 1594 559 1616; x_wconf 80' lang='lat' dir='ltr'><strong>sunt</strong></span> <span class='ocrx_word' id='word_1_234' title='bbox 573 1598 589 1616; x_wconf 89' lang='lat' dir='ltr'><strong>a</strong></span> <span class='ocrx_word' id='word_1_235' title='bbox 603 1589 671 1624; x_wconf 82' lang='lat' dir='ltr'><strong>facie</strong></span> <span class='ocrx_word' id='word_1_236' title='bbox 684 1588 830 1623; x_wconf 85' lang='lat' dir='ltr'><strong>Domini,et</strong></span> <span class='ocrx_word' id='word_1_237' title='bbox 841 1598 856 1615; x_wconf 88' lang='lat' dir='ltr'><strong>a</strong></span> <span class='ocrx_word' id='word_1_238' title='bbox 870 1589 936 1624; x_wconf 79' lang='lat' dir='ltr'><strong>facie</strong></span> <span class='ocrx_word' id='word_1_239' title='bbox 946 1590 992 1616; x_wconf 80' lang='lat' dir='ltr'><strong>irm</strong></span> 
     </span>
    </p>
   </div>
   <div class='ocr_carea' id='block_1_31' title="bbox 190 1631 1028 1670">
    <p class='ocr_par' dir='ltr' id='par_1_31' title="bbox 190 1631 1028 1670">
     <span class='ocr_line' id='line_1_31' title="bbox 190 1631 1028 1670; baseline 0.002 -11"><span class='ocrx_word' id='word_1_240' title='bbox 190 1632 290 1667; x_wconf 75' lang='lat' dir='ltr'><strong>furoris</strong></span> <span class='ocrx_word' id='word_1_241' title='bbox 304 1634 371 1666; x_wconf 79' lang='lat' dir='ltr'><strong>ejus.</strong></span> <span class='ocrx_word' id='word_1_242' title='bbox 387 1634 523 1669; x_wconf 85' lang='lat' dir='ltr'><strong>Propheta</strong></span> <span class='ocrx_word' id='word_1_243' title='bbox 539 1635 629 1663; x_wconf 90' lang='lat' dir='ltr'><strong>cernit</strong></span> <span class='ocrx_word' id='word_1_244' title='bbox 644 1636 672 1662; x_wconf 90' lang='lat' dir='ltr'><strong>in</strong></span> <span class='ocrx_word' id='word_1_245' title='bbox 686 1636 785 1670; x_wconf 88' lang='lat' dir='ltr'><strong>spiritu</strong></span> <span class='ocrx_word' id='word_1_246' title='bbox 800 1643 862 1669; x_wconf 70' lang='lat' dir='ltr'><strong>qua:</strong></span> <span class='ocrx_word' id='word_1_247' title='bbox 877 1640 990 1663; x_wconf 91' lang='lat' dir='ltr'><strong>ventura</strong></span> <span class='ocrx_word' id='word_1_248' title='bbox 1006 1631 1028 1661; x_wconf 91' lang='lat' dir='ltr'>C</span> 
     </span>
    </p>
   </div>
   <div class='ocr_carea' id='block_1_32' title="bbox 192 1680 993 1717">
    <p class='ocr_par' dir='ltr' id='par_1_32' title="bbox 192 1680 993 1717">
     <span class='ocr_line' id='line_1_32' title="bbox 192 1680 993 1717; baseline 0.004 -11"><span class='ocrx_word' id='word_1_249' title='bbox 192 1683 266 1712; x_wconf 84' lang='lat' dir='ltr'><strong>sunt.</strong></span> <span class='ocrx_word' id='word_1_250' title='bbox 280 1684 309 1707; x_wconf 93' lang='lat' dir='ltr'><strong>ut</strong></span> <span class='ocrx_word' id='word_1_251' title='bbox 326 1680 444 1708; x_wconf 85' lang='lat' dir='ltr'><strong>audiens</strong></span> <span class='ocrx_word' id='word_1_252' title='bbox 464 1681 583 1715; x_wconf 84' lang='lat' dir='ltr'><strong>papulus</strong></span> <span class='ocrx_word' id='word_1_253' title='bbox 606 1686 754 1714; x_wconf 80' lang='lat' dir='ltr'><strong>terreatur.</strong></span> <span class='ocrx_word' id='word_1_254' title='bbox 767 1688 806 1713; x_wconf 93' lang='lat' dir='ltr'><strong>et,</strong></span> <span class='ocrx_word' id='word_1_255' title='bbox 824 1686 882 1709; x_wconf 87' lang='lat' dir='ltr'><strong>acta</strong></span> <span class='ocrx_word' id='word_1_256' title='bbox 904 1683 993 1717; x_wconf 75' lang='lat' dir='ltr'><strong>paeni-</strong></span> 
     </span>
    </p>
   </div>
   <div class='ocr_carea' id='block_1_33' title="bbox 192 1726 991 1763">
    <p class='ocr_par' dir='ltr' id='par_1_33' title="bbox 192 1726 991 1763">
     <span class='ocr_line' id='line_1_33' title="bbox 192 1726 991 1763; baseline 0.004 -10"><span class='ocrx_word' id='word_1_257' title='bbox 192 1726 287 1759; x_wconf 88' lang='lat' dir='ltr'><strong>tentia,</strong></span> <span class='ocrx_word' id='word_1_258' title='bbox 304 1735 473 1762; x_wconf 81' lang='lat' dir='ltr'><strong>nequaquam</strong></span> <span class='ocrx_word' id='word_1_259' title='bbox 494 1729 627 1755; x_wconf 80' lang='lat' dir='ltr'><strong>sustineat</strong></span> <span class='ocrx_word' id='word_1_260' title='bbox 651 1737 711 1763; x_wconf 61' lang='lat' dir='ltr'><strong>quae</strong></span> <span class='ocrx_word' id='word_1_261' title='bbox 736 1729 876 1756; x_wconf 81' lang='lat' dir='ltr'><strong>formidat.</strong></span> <span class='ocrx_word' id='word_1_262' title='bbox 902 1730 991 1756; x_wconf 70' lang='lat' dir='ltr'><strong>Vat-ua</strong></span> 
     </span>
    </p>
   </div>
   <div class='ocr_carea' id='block_1_34' title="bbox 192 1773 991 1810">
    <p class='ocr_par' dir='ltr' id='par_1_34' title="bbox 192 1773 991 1810">
     <span class='ocr_line' id='line_1_34' title="bbox 192 1773 991 1810; baseline 0.004 -11"><span class='ocrx_word' id='word_1_263' title='bbox 192 1777 263 1800; x_wconf 87' lang='lat' dir='ltr'><strong>terra</strong></span> <span class='ocrx_word' id='word_1_264' title='bbox 275 1778 327 1806; x_wconf 86' lang='lat' dir='ltr'><strong>est,</strong></span> <span class='ocrx_word' id='word_1_265' title='bbox 341 1773 497 1801; x_wconf 74' lang='lat' dir='ltr'><strong>habitatore</strong></span> <span class='ocrx_word' id='word_1_266' title='bbox 509 1775 609 1802; x_wconf 84' lang='lat' dir='ltr'><strong>deleto.</strong></span> <span class='ocrx_word' id='word_1_267' title='bbox 620 1774 687 1802; x_wconf 70' lang='lat' dir='ltr'><strong>Coeli</strong></span> <span class='ocrx_word' id='word_1_268' title='bbox 702 1783 755 1802; x_wconf 91' lang='lat' dir='ltr'><strong>non</strong></span> <span class='ocrx_word' id='word_1_269' title='bbox 769 1776 871 1803; x_wconf 68' lang='lat' dir='ltr'><strong>habt-nt</strong></span> <span class='ocrx_word' id='word_1_270' title='bbox 887 1776 991 1810; x_wconf 85' lang='lat' dir='ltr'><strong>lumen,</strong></span> 
     </span>
    </p>
   </div>
   <div class='ocr_carea' id='block_1_35' title="bbox 194 1819 993 1856">
    <p class='ocr_par' dir='ltr' id='par_1_35' title="bbox 194 1819 993 1856">
     <span class='ocr_line' id='line_1_35' title="bbox 194 1819 993 1856; baseline 0.004 -11"><span class='ocrx_word' id='word_1_271' title='bbox 194 1820 307 1846; x_wconf 84' lang='lat' dir='ltr'><strong>terroris</strong></span> <span class='ocrx_word' id='word_1_272' title='bbox 321 1819 522 1854; x_wconf 81' lang='lat' dir='ltr'><strong>magnitudine,</strong></span> <span class='ocrx_word' id='word_1_273' title='bbox 537 1821 637 1856; x_wconf 86' lang='lat' dir='ltr'><strong>populo</strong></span> <span class='ocrx_word' id='word_1_274' title='bbox 650 1829 702 1847; x_wconf 82' lang='lat' dir='ltr'><strong>non</strong></span> <span class='ocrx_word' id='word_1_275' title='bbox 716 1821 834 1849; x_wconf 86' lang='lat' dir='ltr'><strong>vidente.</strong></span> <span class='ocrx_word' id='word_1_276' title='bbox 849 1822 900 1856; x_wconf 83' lang='lat' dir='ltr'><strong>Ipsi</strong></span> <span class='ocrx_word' id='word_1_277' title='bbox 917 1830 993 1849; x_wconf 90' lang='lat' dir='ltr'><strong>mon-</strong></span> 
     </span>
    </p>
   </div>
   <div class='ocr_carea' id='block_1_36' title="bbox 193 1865 993 1905">
    <p class='ocr_par' dir='ltr' id='par_1_36' title="bbox 193 1865 993 1905">
     <span class='ocr_line' id='line_1_36' title="bbox 193 1865 993 1905; baseline 0.006 -14"><span class='ocrx_word' id='word_1_278' title='bbox 193 1869 234 1892; x_wconf 85' lang='lat' dir='ltr'><strong>tes</strong></span> <span class='ocrx_word' id='word_1_279' title='bbox 249 1869 275 1892; x_wconf 89' lang='lat' dir='ltr'><strong>et</strong></span> <span class='ocrx_word' id='word_1_280' title='bbox 291 1865 376 1893; x_wconf 87' lang='lat' dir='ltr'><strong>colles</strong></span> <span class='ocrx_word' id='word_1_281' title='bbox 389 1867 475 1893; x_wconf 85' lang='lat' dir='ltr'><strong>intuta</strong></span> <span class='ocrx_word' id='word_1_282' title='bbox 491 1866 592 1894; x_wconf 90' lang='lat' dir='ltr'><strong>Itabent</strong></span> <span class='ocrx_word' id='word_1_283' title='bbox 606 1868 729 1899; x_wconf 81' lang='lat' dir='ltr'><strong>latibula,</strong></span> <span class='ocrx_word' id='word_1_284' title='bbox 747 1873 774 1895; x_wconf 89' lang='lat' dir='ltr'><strong>et</strong></span> <span class='ocrx_word' id='word_1_285' title='bbox 790 1876 838 1903; x_wconf 86' lang='lat' dir='ltr'><strong>per</strong></span> <span class='ocrx_word' id='word_1_286' title='bbox 850 1869 993 1905; x_wconf 64' lang='grc' dir='ltr'><strong>ὑπερϐολήν</strong></span> 
     </span>
    </p>
   </div>
   <div class='ocr_carea' id='block_1_37' title="bbox 196 1912 994 1948">
    <p class='ocr_par' dir='ltr' id='par_1_37' title="bbox 196 1912 994 1948">
     <span class='ocr_line' id='line_1_37' title="bbox 196 1912 994 1948; baseline 0.006 -10"><span class='ocrx_word' id='word_1_287' title='bbox 196 1913 299 1939; x_wconf 86' lang='lat' dir='ltr'><strong>moveri</strong></span> <span class='ocrx_word' id='word_1_288' title='bbox 319 1912 450 1940; x_wconf 88' lang='lat' dir='ltr'><strong>videntur</strong></span> <span class='ocrx_word' id='word_1_289' title='bbox 465 1918 547 1948; x_wconf 88' lang='lat' dir='ltr'><strong>atque</strong></span> <span class='ocrx_word' id='word_1_290' title='bbox 564 1915 680 1942; x_wconf 88' lang='lat' dir='ltr'><strong>tttrbari.</strong></span> <span class='ocrx_word' id='word_1_291' title='bbox 698 1915 814 1942; x_wconf 88' lang='lat' dir='ltr'><strong>Intuittts</strong></span> <span class='ocrx_word' id='word_1_292' title='bbox 831 1920 882 1947; x_wconf 87' lang='lat' dir='ltr'><strong>est,</strong></span> <span class='ocrx_word' id='word_1_293' title='bbox 899 1922 925 1942; x_wconf 89' lang='lat' dir='ltr'><strong>et</strong></span> <span class='ocrx_word' id='word_1_294' title='bbox 943 1917 994 1943; x_wconf 89' lang='lat' dir='ltr'><strong>huc</strong></span> 
     </span>
    </p>
   </div>
   <div class='ocr_carea' id='block_1_38' title="bbox 196 1958 993 1997">
    <p class='ocr_par' dir='ltr' id='par_1_38' title="bbox 196 1958 993 1997">
     <span class='ocr_line' id='line_1_38' title="bbox 196 1958 993 1997; baseline 0.004 -12"><span class='ocrx_word' id='word_1_295' title='bbox 196 1958 316 1993; x_wconf 88' lang='lat' dir='ltr'><strong>illucque</strong></span> <span class='ocrx_word' id='word_1_296' title='bbox 329 1959 539 1995; x_wconf 73' lang='lat' dir='ltr'><strong>circumspexit,</strong></span> <span class='ocrx_word' id='word_1_297' title='bbox 557 1965 583 1988; x_wconf 89' lang='lat' dir='ltr'><strong>et</strong></span> <span class='ocrx_word' id='word_1_298' title='bbox 599 1969 632 1988; x_wconf 89' lang='lat' dir='ltr'><strong>ne</strong></span> <span class='ocrx_word' id='word_1_299' title='bbox 649 1961 707 1988; x_wconf 88' lang='lat' dir='ltr'><strong>avis</strong></span> <span class='ocrx_word' id='word_1_300' title='bbox 723 1961 834 1997; x_wconf 87' lang='lat' dir='ltr'><strong>quidem</strong></span> <span class='ocrx_word' id='word_1_301' title='bbox 852 1963 939 1996; x_wconf 90' lang='lat' dir='ltr'><strong>potuit</strong></span> <span class='ocrx_word' id='word_1_302' title='bbox 952 1963 993 1989; x_wconf 89' lang='lat' dir='ltr'><strong>Ill—</strong></span> 
     </span>
    </p>
   </div>
   <div class='ocr_carea' id='block_1_39' title="bbox 193 2005 993 2042">
    <p class='ocr_par' dir='ltr' id='par_1_39' title="bbox 193 2005 993 2042">
     <span class='ocr_line' id='line_1_39' title="bbox 193 2005 993 2042; baseline 0.005 -10"><span class='ocrx_word' id='word_1_303' title='bbox 193 2005 292 2033; x_wconf 85' lang='lat' dir='ltr'><strong>veniri.</strong></span> <span class='ocrx_word' id='word_1_304' title='bbox 316 2006 385 2034; x_wconf 92' lang='lat' dir='ltr'><strong>Iram</strong></span> <span class='ocrx_word' id='word_1_305' title='bbox 403 2007 476 2034; x_wconf 90' lang='lat' dir='ltr'><strong>enim</strong></span> <span class='ocrx_word' id='word_1_306' title='bbox 495 2007 541 2035; x_wconf 89' lang='lat' dir='ltr'><strong>Dei</strong></span> <span class='ocrx_word' id='word_1_307' title='bbox 562 2013 590 2035; x_wconf 88' lang='lat' dir='ltr'><strong>et</strong></span> <span class='ocrx_word' id='word_1_308' title='bbox 611 2014 684 2036; x_wconf 90' lang='lat' dir='ltr'><strong>tnuta</strong></span> <span class='ocrx_word' id='word_1_309' title='bbox 705 2010 828 2037; x_wconf 89' lang='lat' dir='ltr'><strong>sentiunt</strong></span> <span class='ocrx_word' id='word_1_310' title='bbox 846 2010 993 2042; x_wconf 85' lang='lat' dir='ltr'><strong>elementa,</strong></span> 
     </span>
    </p>
   </div>
   <div class='ocr_carea' id='block_1_40' title="bbox 195 2052 993 2088">
    <p class='ocr_par' dir='ltr' id='par_1_40' title="bbox 195 2052 993 2088">
     <span class='ocr_line' id='line_1_40' title="bbox 195 2052 993 2088; baseline 0.005 -8"><span class='ocrx_word' id='word_1_311' title='bbox 195 2058 223 2080; x_wconf 89' lang='lat' dir='ltr'><strong>et</strong></span> <span class='ocrx_word' id='word_1_312' title='bbox 243 2052 411 2080; x_wconf 82' lang='lat' dir='ltr'><strong>irrationalia</strong></span> <span class='ocrx_word' id='word_1_313' title='bbox 433 2054 631 2088; x_wconf 88' lang='lat' dir='ltr'><strong>pertimescunt</strong></span> <span class='ocrx_word' id='word_1_314' title='bbox 653 2057 813 2084; x_wconf 83' lang='lat' dir='ltr'><strong>animantia.</strong></span> <span class='ocrx_word' id='word_1_315' title='bbox 830 2056 886 2084; x_wconf 89' lang='lat' dir='ltr'><strong>IIoc</strong></span> <span class='ocrx_word' id='word_1_316' title='bbox 900 2065 993 2084; x_wconf 77' lang='lat' dir='ltr'><strong>verum</strong></span> 
     </span>
    </p>
   </div>
   <div class='ocr_carea' id='block_1_41' title="bbox 196 2100 994 2135">
    <p class='ocr_par' dir='ltr' id='par_1_41' title="bbox 196 2100 994 2135">
     <span class='ocr_line' id='line_1_41' title="bbox 196 2100 994 2135; baseline 0.005 -9"><span class='ocrx_word' id='word_1_317' title='bbox 196 2106 268 2132; x_wconf 86' lang='lat' dir='ltr'><strong>esse,</strong></span> <span class='ocrx_word' id='word_1_318' title='bbox 284 2107 355 2127; x_wconf 91' lang='lat' dir='ltr'><strong>nunc</strong></span> <span class='ocrx_word' id='word_1_319' title='bbox 372 2104 444 2127; x_wconf 89' lang='lat' dir='ltr'><strong>totus</strong></span> <span class='ocrx_word' id='word_1_320' title='bbox 466 2100 541 2128; x_wconf 83' lang='lat' dir='ltr'><strong>orbis</strong></span> <span class='ocrx_word' id='word_1_321' title='bbox 566 2101 790 2135; x_wconf 86' lang='lat' dir='ltr'><strong>demonstrat,ut</strong></span> <span class='ocrx_word' id='word_1_322' title='bbox 811 2111 881 2130; x_wconf 70' lang='lat' dir='ltr'><strong>cmsa</strong></span> <span class='ocrx_word' id='word_1_323' title='bbox 905 2103 994 2130; x_wconf 89' lang='lat' dir='ltr'><strong>homi-</strong></span> 
     </span>
    </p>
   </div>
   <div class='ocr_carea' id='block_1_42' title="bbox 197 2146 993 2184">
    <p class='ocr_par' dir='ltr' id='par_1_42' title="bbox 197 2146 993 2184">
     <span class='ocr_line' id='line_1_42' title="bbox 197 2146 993 2184; baseline 0.005 -11"><span class='ocrx_word' id='word_1_324' title='bbox 197 2154 264 2173; x_wconf 86' lang='lat' dir='ltr'><strong>num</strong></span> <span class='ocrx_word' id='word_1_325' title='bbox 279 2146 464 2180; x_wconf 88' lang='lat' dir='ltr'><strong>multitudine,</strong></span> <span class='ocrx_word' id='word_1_326' title='bbox 482 2148 603 2176; x_wconf 80' lang='lat' dir='ltr'><strong>volatilia</strong></span> <span class='ocrx_word' id='word_1_327' title='bbox 614 2157 732 2184; x_wconf 87' lang='lat' dir='ltr'><strong>quoque,</strong></span> <span class='ocrx_word' id='word_1_328' title='bbox 745 2158 804 2184; x_wconf 72' lang='lat' dir='ltr'><strong>qua:</strong></span> <span class='ocrx_word' id='word_1_329' title='bbox 816 2150 907 2177; x_wconf 89' lang='lat' dir='ltr'><strong>solent</strong></span> <span class='ocrx_word' id='word_1_330' title='bbox 918 2150 993 2178; x_wconf 85' lang='lat' dir='ltr'><strong>habi-</strong></span> 
     </span>
    </p>
   </div>
   <div class='ocr_carea' id='block_1_43' title="bbox 198 2195 995 2234">
    <p class='ocr_par' dir='ltr' id='par_1_43' title="bbox 198 2195 995 2234">
     <span class='ocr_line' id='line_1_43' title="bbox 198 2195 995 2234; baseline 0.008 -15"><span class='ocrx_word' id='word_1_331' title='bbox 198 2197 301 2221; x_wconf 89' lang='lat' dir='ltr'><strong>tatores</strong></span> <span class='ocrx_word' id='word_1_332' title='bbox 316 2195 404 2229; x_wconf 87' lang='lat' dir='ltr'><strong>sequi,</strong></span> <span class='ocrx_word' id='word_1_333' title='bbox 414 2195 532 2222; x_wconf 89' lang='lat' dir='ltr'><strong>abierint</strong></span> <span class='ocrx_word' id='word_1_334' title='bbox 547 2202 571 2223; x_wconf 90' lang='lat' dir='ltr'><strong>et</strong></span> <span class='ocrx_word' id='word_1_335' title='bbox 584 2198 723 2231; x_wconf 90' lang='lat' dir='ltr'><strong>perierint.</strong></span> <span class='ocrx_word' id='word_1_336' title='bbox 740 2198 800 2231; x_wconf 69' lang='lat' dir='ltr'><strong>Ipse</strong></span> <span class='ocrx_word' id='word_1_337' title='bbox 813 2206 919 2234; x_wconf 81' lang='lat' dir='ltr'><strong>quoque</strong></span> <span class='ocrx_word' id='word_1_338' title='bbox 931 2199 995 2225; x_wconf 88' lang='lat' dir='ltr'><strong>Car-</strong></span> 
     </span>
    </p>
   </div>
   <div class='ocr_carea' id='block_1_44' title="bbox 200 2238 997 2278">
    <p class='ocr_par' dir='ltr' id='par_1_44' title="bbox 200 2238 997 2278">
     <span class='ocr_line' id='line_1_44' title="bbox 200 2238 997 2278; baseline 0.009 -14"><span class='ocrx_word' id='word_1_339' title='bbox 200 2238 288 2266; x_wconf 85' lang='lat' dir='ltr'><strong>melus</strong></span> <span class='ocrx_word' id='word_1_340' title='bbox 313 2239 358 2274; x_wconf 91' lang='lat' dir='ltr'><strong>qui</strong></span> <span class='ocrx_word' id='word_1_341' title='bbox 376 2240 444 2267; x_wconf 85' lang='lat' dir='ltr'><strong>mari</strong></span> <span class='ocrx_word' id='word_1_342' title='bbox 468 2240 591 2269; x_wconf 92' lang='lat' dir='ltr'><strong>imminet</strong></span> <span class='ocrx_word' id='word_1_343' title='bbox 613 2251 723 2278; x_wconf 85' lang='lat' dir='ltr'><strong>magno,</strong></span> <span class='ocrx_word' id='word_1_344' title='bbox 743 2243 813 2271; x_wconf 91' lang='lat' dir='ltr'><strong>oleis</strong></span> <span class='ocrx_word' id='word_1_345' title='bbox 835 2245 956 2271; x_wconf 74' lang='lat' dir='ltr'><strong>consitus</strong></span> <span class='ocrx_word' id='word_1_346' title='bbox 971 2249 997 2271; x_wconf 86' lang='lat' dir='ltr'><strong>et</strong></span> 
     </span>
    </p>
   </div>
   <div class='ocr_carea' id='block_1_45' title="bbox 200 2284 995 2322">
    <p class='ocr_par' dir='ltr' id='par_1_45' title="bbox 200 2284 995 2322">
     <span class='ocr_line' id='line_1_45' title="bbox 200 2284 995 2322; baseline 0.009 -12"><span class='ocrx_word' id='word_1_347' title='bbox 200 2284 330 2319; x_wconf 84' lang='lat' dir='ltr'><strong>arbustis,</strong></span> <span class='ocrx_word' id='word_1_348' title='bbox 347 2286 488 2322; x_wconf 84' lang='lat' dir='ltr'><strong>vineisque</strong></span> <span class='ocrx_word' id='word_1_349' title='bbox 502 2289 658 2316; x_wconf 90' lang='lat' dir='ltr'><strong>condensus</strong></span> <span class='ocrx_word' id='word_1_350' title='bbox 679 2289 712 2316; x_wconf 85' lang='lat' dir='ltr'><strong>ad</strong></span> <span class='ocrx_word' id='word_1_351' title='bbox 730 2294 832 2317; x_wconf 87' lang='lat' dir='ltr'><strong>tantam</strong></span> <span class='ocrx_word' id='word_1_352' title='bbox 849 2291 938 2317; x_wconf 86' lang='lat' dir='ltr'><strong>veniet</strong></span> <span class='ocrx_word' id='word_1_353' title='bbox 951 2299 995 2317; x_wconf 75' lang='lat' dir='ltr'><strong>s0-</strong></span> 
     </span>
    </p>
   </div>
   <div class='ocr_carea' id='block_1_46' title="bbox 198 2332 1035 2374">
    <p class='ocr_par' dir='ltr' id='par_1_46' title="bbox 198 2332 1035 2374">
     <span class='ocr_line' id='line_1_46' title="bbox 198 2332 1035 2374; baseline 0.008 -15"><span class='ocrx_word' id='word_1_354' title='bbox 198 2332 352 2365; x_wconf 85' lang='lat' dir='ltr'><strong>litudinem.</strong></span> <span class='ocrx_word' id='word_1_355' title='bbox 371 2339 400 2362; x_wconf 88' lang='lat' dir='ltr'><strong>ut</strong></span> <span class='ocrx_word' id='word_1_356' title='bbox 417 2336 502 2363; x_wconf 90' lang='lat' dir='ltr'><strong>eremi</strong></span> <span class='ocrx_word' id='word_1_357' title='bbox 517 2336 615 2364; x_wconf 87' lang='lat' dir='ltr'><strong>habeat</strong></span> <span class='ocrx_word' id='word_1_358' title='bbox 627 2338 793 2365; x_wconf 87' lang='lat' dir='ltr'><strong>vastitatem.</strong></span> <span class='ocrx_word' id='word_1_359' title='bbox 810 2338 912 2366; x_wconf 78' lang='lat' dir='ltr'><strong>Omnes</strong></span> <span class='ocrx_word' id='word_1_360' title='bbox 928 2346 995 2374; x_wconf 92' lang='lat' dir='ltr'><strong>quo-</strong></span> <span class='ocrx_word' id='word_1_361' title='bbox 1009 2333 1035 2361; x_wconf 88' lang='grc' dir='ltr'><strong>Ῑ)</strong></span> 
     </span>
    </p>
   </div>
   <div class='ocr_carea' id='block_1_47' title="bbox 200 2380 997 2415">
    <p class='ocr_par' dir='ltr' id='par_1_47' title="bbox 200 2380 997 2415">
     <span class='ocr_line' id='line_1_47' title="bbox 200 2380 997 2415; baseline 0.008 -9"><span class='ocrx_word' id='word_1_362' title='bbox 200 2387 253 2414; x_wconf 91' lang='lat' dir='ltr'><strong>que</strong></span> <span class='ocrx_word' id='word_1_363' title='bbox 269 2380 350 2408; x_wconf 90' lang='lat' dir='ltr'><strong>urbes</strong></span> <span class='ocrx_word' id='word_1_364' title='bbox 372 2380 488 2409; x_wconf 76' lang='lat' dir='ltr'><strong>deserta:</strong></span> <span class='ocrx_word' id='word_1_365' title='bbox 510 2383 585 2415; x_wconf 85' lang='lat' dir='ltr'><strong>ﬁent,</strong></span> <span class='ocrx_word' id='word_1_366' title='bbox 603 2389 631 2411; x_wconf 88' lang='lat' dir='ltr'><strong>et</strong></span> <span class='ocrx_word' id='word_1_367' title='bbox 655 2384 841 2412; x_wconf 83' lang='lat' dir='ltr'><strong>universorum</strong></span> <span class='ocrx_word' id='word_1_368' title='bbox 865 2385 997 2412; x_wconf 86' lang='lat' dir='ltr'><strong>malorum</strong></span> 
     </span>
    </p>
   </div>
   <div class='ocr_carea' id='block_1_48' title="bbox 201 2426 999 2466">
    <p class='ocr_par' dir='ltr' id='par_1_48' title="bbox 201 2426 999 2466">
     <span class='ocr_line' id='line_1_48' title="bbox 201 2426 999 2466; baseline 0.005 -12"><span class='ocrx_word' id='word_1_369' title='bbox 201 2426 259 2454; x_wconf 83' lang='lat' dir='ltr'><strong>haec</strong></span> <span class='ocrx_word' id='word_1_370' title='bbox 282 2434 363 2455; x_wconf 87' lang='lat' dir='ltr'><strong>causa</strong></span> <span class='ocrx_word' id='word_1_371' title='bbox 383 2434 443 2461; x_wconf 92' lang='lat' dir='ltr'><strong>est,</strong></span> <span class='ocrx_word' id='word_1_372' title='bbox 459 2430 530 2464; x_wconf 90' lang='lat' dir='ltr'><strong>quod</strong></span> <span class='ocrx_word' id='word_1_373' title='bbox 552 2430 616 2457; x_wconf 86' lang='lat' dir='ltr'><strong>vitio</strong></span> <span class='ocrx_word' id='word_1_374' title='bbox 638 2431 730 2466; x_wconf 88' lang='lat' dir='ltr'><strong>populi</strong></span> <span class='ocrx_word' id='word_1_375' title='bbox 755 2432 939 2466; x_wconf 76' lang='lat' dir='ltr'><strong>delinquentis</strong></span> <span class='ocrx_word' id='word_1_376' title='bbox 960 2432 999 2458; x_wconf 87' lang='lat' dir='ltr'><strong>ira</strong></span> 
     </span>
    </p>
   </div>
   <div class='ocr_carea' id='block_1_49' title="bbox 199 2475 997 2514">
    <p class='ocr_par' dir='ltr' id='par_1_49' title="bbox 199 2475 997 2514">
     <span class='ocr_line' id='line_1_49' title="bbox 199 2475 997 2514; baseline 0.005 -12"><span class='ocrx_word' id='word_1_377' title='bbox 199 2475 308 2503; x_wconf 86' lang='lat' dir='ltr'><strong>Domini</strong></span> <span class='ocrx_word' id='word_1_378' title='bbox 328 2477 463 2504; x_wconf 84' lang='lat' dir='ltr'><strong>concitata</strong></span> <span class='ocrx_word' id='word_1_379' title='bbox 492 2477 536 2504; x_wconf 89' lang='lat' dir='ltr'><strong>sit.</strong></span> <span class='ocrx_word' id='word_1_380' title='bbox 556 2478 692 2513; x_wconf 87' lang='lat' dir='ltr'><strong>Quidquid</strong></span> <span class='ocrx_word' id='word_1_381' title='bbox 708 2479 789 2514; x_wconf 78' lang='lat'><strong>871</strong></span> <span class='ocrx_word' id='word_1_382' title='bbox 808 2479 888 2513; x_wconf 84' lang='lat' dir='ltr'><strong>juxta</strong></span> <span class='ocrx_word' id='word_1_383' title='bbox 911 2479 997 2507; x_wconf 89' lang='lat' dir='ltr'><strong>Itisto-</strong></span> 
     </span>
    </p>
   </div>
   <div class='ocr_carea' id='block_1_50' title="bbox 199 2523 998 2557">
    <p class='ocr_par' dir='ltr' id='par_1_50' title="bbox 199 2523 998 2557">
     <span class='ocr_line' id='line_1_50' title="bbox 199 2523 998 2557; baseline 0.005 -8"><span class='ocrx_word' id='word_1_384' title='bbox 199 2523 267 2550; x_wconf 86' lang='lat' dir='ltr'><strong>riam</strong></span> <span class='ocrx_word' id='word_1_385' title='bbox 284 2523 317 2551; x_wconf 90' lang='lat' dir='ltr'><strong>de</strong></span> <span class='ocrx_word' id='word_1_386' title='bbox 330 2523 483 2552; x_wconf 83' lang='lat' dir='ltr'><strong>Jerusalem</strong></span> <span class='ocrx_word' id='word_1_387' title='bbox 497 2524 618 2552; x_wconf 82' lang='lat' dir='ltr'><strong>diximus</strong></span> <span class='ocrx_word' id='word_1_388' title='bbox 638 2530 665 2552; x_wconf 87' lang='lat' dir='ltr'><strong>et</strong></span> <span class='ocrx_word' id='word_1_389' title='bbox 681 2525 785 2557; x_wconf 67' lang='lat' dir='ltr'><strong>Jutlrca,</strong></span> <span class='ocrx_word' id='word_1_390' title='bbox 801 2526 950 2554; x_wconf 87' lang='lat' dir='ltr'><strong>referamus</strong></span> <span class='ocrx_word' id='word_1_391' title='bbox 965 2526 998 2554; x_wconf 91' lang='lat' dir='ltr'><strong>ad</strong></span> 
     </span>
    </p>
   </div>
   <div class='ocr_carea' id='block_1_51' title="bbox 199 2569 999 2605">
    <p class='ocr_par' dir='ltr' id='par_1_51' title="bbox 199 2569 999 2605">
     <span class='ocr_line' id='line_1_51' title="bbox 199 2569 999 2605; baseline 0.005 -9"><span class='ocrx_word' id='word_1_392' title='bbox 199 2569 351 2598; x_wconf 90' lang='lat' dir='ltr'><strong>Ecclesiam</strong></span> <span class='ocrx_word' id='word_1_393' title='bbox 374 2570 433 2604; x_wconf 91' lang='lat' dir='ltr'><strong>Dei,</strong></span> <span class='ocrx_word' id='word_1_394' title='bbox 450 2579 512 2599; x_wconf 89' lang='lat' dir='ltr'><strong>cum</strong></span> <span class='ocrx_word' id='word_1_395' title='bbox 536 2572 681 2599; x_wconf 81' lang='lat' dir='ltr'><strong>offenderit</strong></span> <span class='ocrx_word' id='word_1_396' title='bbox 698 2573 792 2605; x_wconf 84' lang='lat' dir='ltr'><strong>Deum,</strong></span> <span class='ocrx_word' id='word_1_397' title='bbox 808 2578 835 2600; x_wconf 90' lang='lat' dir='ltr'><strong>ct</strong></span> <span class='ocrx_word' id='word_1_398' title='bbox 860 2573 902 2600; x_wconf 88' lang='lat' dir='ltr'><strong>vel</strong></span> <span class='ocrx_word' id='word_1_399' title='bbox 928 2574 999 2600; x_wconf 85' lang='lat' dir='ltr'><strong>vitiis</strong></span> 
     </span>
    </p>
   </div>
   <div class='ocr_carea' id='block_1_52' title="bbox 200 2616 1000 2655">
    <p class='ocr_par' dir='ltr' id='par_1_52' title="bbox 200 2616 1000 2655">
     <span class='ocr_line' id='line_1_52' title="bbox 200 2616 1000 2655; baseline 0.005 -12"><span class='ocrx_word' id='word_1_400' title='bbox 200 2616 283 2644; x_wconf 89' lang='lat' dir='ltr'><strong>fuerit</strong></span> <span class='ocrx_word' id='word_1_401' title='bbox 293 2618 333 2645; x_wconf 91' lang='lat' dir='ltr'><strong>vel</strong></span> <span class='ocrx_word' id='word_1_402' title='bbox 346 2618 538 2653; x_wconf 78' lang='lat' dir='ltr'><strong>persecutione</strong></span> <span class='ocrx_word' id='word_1_403' title='bbox 551 2618 709 2654; x_wconf 34' lang='lat' dir='ltr'><strong>vastataﬁet</strong></span> <span class='ocrx_word' id='word_1_404' title='bbox 725 2619 768 2647; x_wconf 92' lang='lat' dir='ltr'><strong>ubi</strong></span> <span class='ocrx_word' id='word_1_405' title='bbox 787 2620 927 2655; x_wconf 82' lang='lat' dir='ltr'><strong>quondam</strong></span> <span class='ocrx_word' id='word_1_406' title='bbox 940 2625 1000 2647; x_wconf 87' lang='lat' dir='ltr'><strong>erat</strong></span> 
     </span>
    </p>
   </div>
   <div class='ocr_carea' id='block_1_53' title="bbox 198 2663 1000 2700">
    <p class='ocr_par' dir='ltr' id='par_1_53' title="bbox 198 2663 1000 2700">
     <span class='ocr_line' id='line_1_53' title="bbox 198 2663 1000 2700; baseline 0.006 -10"><span class='ocrx_word' id='word_1_407' title='bbox 198 2663 327 2692; x_wconf 91' lang='lat' dir='ltr'><strong>virtutum</strong></span> <span class='ocrx_word' id='word_1_408' title='bbox 347 2664 448 2692; x_wconf 90' lang='lat' dir='ltr'><strong>chorus</strong></span> <span class='ocrx_word' id='word_1_409' title='bbox 469 2669 551 2700; x_wconf 90' lang='lat' dir='ltr'><strong>atque</strong></span> <span class='ocrx_word' id='word_1_410' title='bbox 574 2665 686 2699; x_wconf 59' lang='lat' dir='ltr'><strong>laetitia,</strong></span> <span class='ocrx_word' id='word_1_411' title='bbox 706 2666 741 2694; x_wconf 92' lang='lat' dir='ltr'><strong>ibi</strong></span> <span class='ocrx_word' id='word_1_412' title='bbox 772 2671 944 2700; x_wconf 87' lang='lat' dir='ltr'><strong>peccatorum</strong></span> <span class='ocrx_word' id='word_1_413' title='bbox 973 2672 1000 2695; x_wconf 87' lang='lat' dir='ltr'><strong>et</strong></span> 
     </span>
    </p>
   </div>
   <div class='ocr_carea' id='block_1_54' title="bbox 202 2711 660 2740">
    <p class='ocr_par' dir='ltr' id='par_1_54' title="bbox 202 2711 660 2740">
     <span class='ocr_line' id='line_1_54' title="bbox 202 2711 660 2740; baseline 0.007 -3"><span class='ocrx_word' id='word_1_414' title='bbox 202 2716 349 2738; x_wconf 70' lang='lat' dir='ltr'><strong>moerorum</strong></span> <span class='ocrx_word' id='word_1_415' title='bbox 363 2711 509 2739; x_wconf 90' lang='lat' dir='ltr'><strong>multitudo</strong></span> <span class='ocrx_word' id='word_1_416' title='bbox 523 2717 660 2740; x_wconf 87' lang='lat' dir='ltr'><strong>versetur.</strong></span> 
     </span>
    </p>
   </div>
   <div class='ocr_carea' id='block_1_55' title="bbox 242 2824 675 2861">
    <p class='ocr_par' dir='ltr' id='par_1_55' title="bbox 242 2824 675 2861">
     <span class='ocr_line' id='line_1_55' title="bbox 242 2824 675 2861; baseline -0.002 -8"><span class='ocrx_word' id='word_1_417' title='bbox 242 2829 255 2861; x_wconf 59' lang='grc' dir='ltr'><strong>ξι</strong></span> <span class='ocrx_word' id='word_1_418' title='bbox 270 2824 328 2853; x_wconf 90' lang='lat' dir='ltr'><strong>Duo</strong></span> <span class='ocrx_word' id='word_1_419' title='bbox 343 2832 410 2852; x_wconf 82' lang='lat' dir='ltr'><strong>mss.</strong></span> <span class='ocrx_word' id='word_1_420' title='bbox 424 2825 446 2852; x_wconf 85' lang='grc' dir='ltr'><em>Α</em></span> <span class='ocrx_word' id='word_1_421' title='bbox 461 2833 520 2853; x_wconf 86' lang='lat' dir='ltr'><strong>voce</strong></span> <span class='ocrx_word' id='word_1_422' title='bbox 535 2826 675 2861; x_wconf 75' lang='lat' dir='ltr'><strong>equitatus.</strong></span> 
     </span>
    </p>
   </div>
   <div class='ocr_carea' id='block_1_56' title="bbox 243 2860 1005 2899">
    <p class='ocr_par' dir='ltr' id='par_1_56' title="bbox 243 2860 1005 2899">
     <span class='ocr_line' id='line_1_56' title="bbox 243 2860 1005 2899; baseline 0.001 -11"><span class='ocrx_word' id='word_1_423' title='bbox 243 2860 256 2879; x_wconf 62' lang='grc' dir='ltr'>δ</span> <span class='ocrx_word' id='word_1_424' title='bbox 272 2861 430 2899; x_wconf 78' lang='lat' dir='ltr'><strong>Addideriut</strong></span> <span class='ocrx_word' id='word_1_425' title='bbox 448 2861 528 2895; x_wconf 71' lang='lat' dir='ltr'><strong>LXX,</strong></span> <span class='ocrx_word' id='word_1_426' title='bbox 542 2860 583 2890; x_wconf 61' lang='lat' dir='ltr'><strong>mi</strong></span> <span class='ocrx_word' id='word_1_427' title='bbox 598 2864 634 2892; x_wconf 72' lang='grc' dir='ltr'><strong>εἰς</strong></span> <span class='ocrx_word' id='word_1_428' title='bbox 646 2863 678 2890; x_wconf 81' lang='grc' dir='ltr'><strong>τὰ</strong></span> <span class='ocrx_word' id='word_1_429' title='bbox 690 2861 754 2892; x_wconf 65' lang='grc' dir='ltr'><strong>ὅδπη</strong></span> <span class='ocrx_word' id='word_1_430' title='bbox 771 2862 926 2899; x_wconf 68' lang='grc' dir='ltr'><strong>ἔκρύϐησαν,</strong></span> <span class='ocrx_word' id='word_1_431' title='bbox 943 2869 965 2890; x_wconf 83' lang='lat' dir='ltr'><strong>ct</strong></span> <span class='ocrx_word' id='word_1_432' title='bbox 981 2864 1005 2890; x_wconf 79' lang='lat' dir='ltr'><strong>in</strong></span> 
     </span>
    </p>
   </div>
   <div class='ocr_carea' id='block_1_57' title="bbox 209 2897 1006 2927">
    <p class='ocr_par' dir='ltr' id='par_1_57' title="bbox 209 2897 1006 2927">
     <span class='ocr_line' id='line_1_57' title="bbox 209 2897 1006 2927; baseline 0.004 -4"><span class='ocrx_word' id='word_1_433' title='bbox 209 2897 355 2924; x_wconf 84' lang='lat' dir='ltr'><strong>nemoribus</strong></span> <span class='ocrx_word' id='word_1_434' title='bbox 377 2906 403 2924; x_wconf 77' lang='lat' dir='ltr'><strong>se</strong></span> <span class='ocrx_word' id='word_1_435' title='bbox 427 2899 625 2925; x_wconf 71' lang='lat' dir='ltr'><strong>absconderant.</strong></span> <span class='ocrx_word' id='word_1_436' title='bbox 643 2899 745 2926; x_wconf 61' lang='lat' dir='ltr'><strong>Caetera</strong></span> <span class='ocrx_word' id='word_1_437' title='bbox 768 2897 901 2927; x_wconf 82' lang='lat' dir='ltr'><strong>Ilebraico</strong></span> <span class='ocrx_word' id='word_1_438' title='bbox 920 2899 1006 2927; x_wconf 81' lang='lat' dir='ltr'><strong>textui</strong></span> 
     </span>
    </p>
   </div>
   <div class='ocr_carea' id='block_1_58' title="bbox 206 2933 1006 2971">
    <p class='ocr_par' dir='ltr' id='par_1_58' title="bbox 206 2933 1006 2971">
     <span class='ocr_line' id='line_1_58' title="bbox 206 2933 1006 2971; baseline 0.004 -10"><span class='ocrx_word' id='word_1_439' title='bbox 206 2933 383 2968; x_wconf 81' lang='lat' dir='ltr'><strong>respondent.</strong></span> <span class='ocrx_word' id='word_1_440' title='bbox 403 2933 498 2961; x_wconf 84' lang='lat' dir='ltr'><strong>Mirum</strong></span> <span class='ocrx_word' id='word_1_441' title='bbox 516 2934 722 2969; x_wconf 66' lang='lat' dir='ltr'><strong>vero,t_allcram</strong></span> <span class='ocrx_word' id='word_1_442' title='bbox 748 2934 817 2962; x_wconf 89' lang='lat' dir='ltr'><strong>hattc</strong></span> <span class='ocrx_word' id='word_1_443' title='bbox 830 2935 897 2971; x_wconf 24' lang='lat' dir='ltr'><strong>Vejus</strong></span> <span class='ocrx_word' id='word_1_444' title='bbox 919 2935 1006 2964; x_wconf 90' lang='lat' dir='ltr'><strong>versi-</strong></span> 
     </span>
    </p>
   </div>
   <div class='ocr_carea' id='block_1_59' title="bbox 795 171 1199 203">
    <p class='ocr_par' dir='ltr' id='par_1_59' title="bbox 795 171 1199 203">
     <span class='ocr_line' id='line_1_59' title="bbox 795 171 1199 203; baseline -0.002 0"><span class='ocrx_word' id='word_1_445' title='bbox 795 173 825 203; x_wconf 91' lang='lat' dir='ltr'><strong>S.</strong></span> <span class='ocrx_word' id='word_1_446' title='bbox 849 172 984 203; x_wconf 80' lang='lat' dir='ltr'><strong>EUSEBII</strong></span> <span class='ocrx_word' id='word_1_447' title='bbox 1006 171 1199 202; x_wconf 75' lang='lat' dir='ltr'><strong>HIERONYMI</strong></span> 
     </span>
    </p>
   </div>
   <div class='ocr_carea' id='block_1_60' title="bbox 170 231 1013 272">
    <p class='ocr_par' dir='ltr' id='par_1_60' title="bbox 170 231 1013 272">
     <span class='ocr_line' id='line_1_60' title="bbox 170 231 1013 272; baseline -0.005 -11"><span class='ocrx_word' id='word_1_448' title='bbox 170 234 257 272; x_wconf 79' lang='lat' dir='ltr'><strong>gnovit</strong></span> <span class='ocrx_word' id='word_1_449' title='bbox 266 241 275 261; x_wconf 71' lang='grc' dir='ltr'><strong><em>ε</em></strong></span> <span class='ocrx_word' id='word_1_450' title='bbox 281 233 331 269; x_wconf 82' lang='lat' dir='ltr'><strong>ﬁlii</strong></span> <span class='ocrx_word' id='word_1_451' title='bbox 343 232 494 269; x_wconf 75' lang='lat' dir='ltr'><strong>insipientes</strong></span> <span class='ocrx_word' id='word_1_452' title='bbox 507 235 567 259; x_wconf 82' lang='lat' dir='ltr'><strong>sunt</strong></span> <span class='ocrx_word' id='word_1_453' title='bbox 583 236 605 260; x_wconf 84' lang='lat' dir='ltr'><strong>et</strong></span> <span class='ocrx_word' id='word_1_454' title='bbox 618 232 749 259; x_wconf 82' lang='lat' dir='ltr'><strong>vecordes.</strong></span> <span class='ocrx_word' id='word_1_455' title='bbox 762 231 900 268; x_wconf 76' lang='lat' dir='ltr'><strong>Sapientes</strong></span> <span class='ocrx_word' id='word_1_456' title='bbox 913 235 974 259; x_wconf 86' lang='lat' dir='ltr'><strong>sunt</strong></span> <span class='ocrx_word' id='word_1_457' title='bbox 988 233 1013 264; x_wconf 75' lang='grc' dir='ltr'>Α</span> 
     </span>
    </p>
   </div>
   <div class='ocr_carea' id='block_1_61' title="bbox 1777 171 1825 200">
    <p class='ocr_par' dir='ltr' id='par_1_61' title="bbox 1777 171 1825 200">
     <span class='ocr_line' id='line_1_61' title="bbox 1777 171 1825 200; baseline 0.021 -1"><span class='ocrx_word' id='word_1_458' title='bbox 1777 171 1825 200; x_wconf 66' lang='lat'><strong>712</strong></span> 
     </span>
    </p>
   </div>
   <div class='ocr_carea' id='block_1_62' title="bbox 1063 229 1828 268">
    <p class='ocr_par' dir='ltr' id='par_1_62' title="bbox 1063 229 1828 268">
     <span class='ocr_line' id='line_1_62' title="bbox 1063 229 1828 268; baseline -0.004 -9"><span class='ocrx_word' id='word_1_459' title='bbox 1063 232 1155 268; x_wconf 76' lang='lat' dir='ltr'><strong>(Vers.</strong></span> <span class='ocrx_word' id='word_1_460' title='bbox 1172 231 1218 265; x_wconf 71' lang='lat'><strong>27,</strong></span> <span class='ocrx_word' id='word_1_461' title='bbox 1234 230 1295 268; x_wconf 77' lang='lat'><strong>28.)</strong></span> <span class='ocrx_word' id='word_1_462' title='bbox 1310 231 1375 259; x_wconf 67' lang='lat' dir='ltr'><strong>Haec</strong></span> <span class='ocrx_word' id='word_1_463' title='bbox 1392 232 1461 259; x_wconf 78' lang='lat' dir='ltr'><strong>enim</strong></span> <span class='ocrx_word' id='word_1_464' title='bbox 1479 231 1541 258; x_wconf 82' lang='lat' dir='ltr'><strong>dicit</strong></span> <span class='ocrx_word' id='word_1_465' title='bbox 1556 230 1684 258; x_wconf 86' lang='lat' dir='ltr'><strong>Dominus</strong></span> <span class='ocrx_word' id='word_1_466' title='bbox 1699 238 1709 258; x_wconf 78' lang='lat'><strong>.&#39;</strong></span> <span class='ocrx_word' id='word_1_467' title='bbox 1723 229 1828 258; x_wconf 77' lang='lat' dir='ltr'><strong>Deserta</strong></span> 
     </span>
    </p>
   </div>
   <div class='ocr_carea' id='block_1_63' title="bbox 1028 277 1828 315">
    <p class='ocr_par' dir='ltr' id='par_1_63' title="bbox 1028 277 1828 315">
     <span class='ocr_line' id='line_1_63' title="bbox 1028 277 1828 315; baseline -0.005 -8"><span class='ocrx_word' id='word_1_468' title='bbox 1028 280 1112 307; x_wconf 82' lang='lat' dir='ltr'><strong>omnis</strong></span> <span class='ocrx_word' id='word_1_469' title='bbox 1127 286 1206 315; x_wconf 79' lang='lat' dir='ltr'><strong>terra,</strong></span> <span class='ocrx_word' id='word_1_470' title='bbox 1219 279 1262 307; x_wconf 83' lang='lat' dir='ltr'><strong>sed</strong></span> <span class='ocrx_word' id='word_1_471' title='bbox 1280 284 1366 307; x_wconf 80' lang='lat' dir='ltr'><strong>tanien</strong></span> <span class='ocrx_word' id='word_1_472' title='bbox 1383 279 1632 307; x_wconf 79' lang='lat' dir='ltr'><strong>consummationem</strong></span> <span class='ocrx_word' id='word_1_473' title='bbox 1647 286 1699 305; x_wconf 88' lang='lat' dir='ltr'><strong>non</strong></span> <span class='ocrx_word' id='word_1_474' title='bbox 1714 277 1828 314; x_wconf 84' lang='lat' dir='ltr'><strong>faciant:</strong></span> 
     </span>
    </p>
   </div>
   <div class='ocr_carea' id='block_1_64' title="bbox 1027 324 1828 363">
    <p class='ocr_par' dir='ltr' id='par_1_64' title="bbox 1027 324 1828 363">
     <span class='ocr_line' id='line_1_64' title="bbox 1027 324 1828 363; baseline -0.002 -9"><span class='ocrx_word' id='word_1_475' title='bbox 1027 326 1124 363; x_wconf 81' lang='lat' dir='ltr'><strong>lugebit</strong></span> <span class='ocrx_word' id='word_1_476' title='bbox 1140 332 1209 354; x_wconf 84' lang='lat' dir='ltr'><strong>terra</strong></span> <span class='ocrx_word' id='word_1_477' title='bbox 1219 332 1243 354; x_wconf 88' lang='lat' dir='ltr'><strong>et</strong></span> <span class='ocrx_word' id='word_1_478' title='bbox 1257 328 1398 354; x_wconf 73' lang='lat' dir='ltr'><strong>tnwrcbunt</strong></span> <span class='ocrx_word' id='word_1_479' title='bbox 1408 325 1467 354; x_wconf 76' lang='lat' dir='ltr'><strong>caeli</strong></span> <span class='ocrx_word' id='word_1_480' title='bbox 1478 326 1598 363; x_wconf 81' lang='lat' dir='ltr'><strong>desuper,</strong></span> <span class='ocrx_word' id='word_1_481' title='bbox 1605 334 1635 352; x_wconf 91' lang='lat' dir='ltr'><strong>eo</strong></span> <span class='ocrx_word' id='word_1_482' title='bbox 1647 325 1718 360; x_wconf 82' lang='lat' dir='ltr'><strong>quod</strong></span> <span class='ocrx_word' id='word_1_483' title='bbox 1726 324 1828 352; x_wconf 84' lang='lat' dir='ltr'><strong>Iocatus</strong></span> 
     </span>
    </p>
   </div>
   <div class='ocr_carea' id='block_1_65' title="bbox 1027 372 1830 410">
    <p class='ocr_par' dir='ltr' id='par_1_65' title="bbox 1027 372 1830 410">
     <span class='ocr_line' id='line_1_65' title="bbox 1027 372 1830 410; baseline -0.002 -10"><span class='ocrx_word' id='word_1_484' title='bbox 1027 374 1077 400; x_wconf 84' lang='lat' dir='ltr'><strong>sint</strong></span> <span class='ocrx_word' id='word_1_485' title='bbox 1089 373 1145 409; x_wconf 75' lang='lat' dir='ltr'><strong>[AL</strong></span> <span class='ocrx_word' id='word_1_486' title='bbox 1161 373 1241 410; x_wconf 76' lang='lat' dir='ltr'><strong>sum].</strong></span> <span class='ocrx_word' id='word_1_487' title='bbox 1250 373 1380 409; x_wconf 80' lang='lat' dir='ltr'><strong>Cogitaui,</strong></span> <span class='ocrx_word' id='word_1_488' title='bbox 1394 378 1418 400; x_wconf 82' lang='lat' dir='ltr'><strong>et</strong></span> <span class='ocrx_word' id='word_1_489' title='bbox 1430 381 1480 400; x_wconf 88' lang='lat' dir='ltr'><strong>non</strong></span> <span class='ocrx_word' id='word_1_490' title='bbox 1495 372 1614 408; x_wconf 63' lang='lat' dir='ltr'><strong>paenituit</strong></span> <span class='ocrx_word' id='word_1_491' title='bbox 1626 380 1664 399; x_wconf 85' lang='lat' dir='ltr'><strong>me</strong></span> <span class='ocrx_word' id='word_1_492' title='bbox 1678 380 1744 405; x_wconf 87' lang='lat' dir='ltr'><strong>;nec</strong></span> <span class='ocrx_word' id='word_1_493' title='bbox 1758 379 1830 398; x_wconf 79' lang='lat' dir='ltr'><strong>auer-</strong></span> 
     </span>
    </p>
   </div>
   <div class='ocr_carea' id='block_1_66' title="bbox 1027 418 1832 452">
    <p class='ocr_par' dir='ltr' id='par_1_66' title="bbox 1027 418 1832 452">
     <span class='ocr_line' id='line_1_66' title="bbox 1027 418 1832 452; baseline -0.002 -5"><span class='ocrx_word' id='word_1_494' title='bbox 1027 428 1072 447; x_wconf 84' lang='lat' dir='ltr'><strong>sus</strong></span> <span class='ocrx_word' id='word_1_495' title='bbox 1085 428 1142 448; x_wconf 80' lang='lat' dir='ltr'><strong>sum</strong></span> <span class='ocrx_word' id='word_1_496' title='bbox 1170 421 1202 447; x_wconf 87' lang='lat' dir='ltr'><strong>ab</strong></span> <span class='ocrx_word' id='word_1_497' title='bbox 1215 429 1255 448; x_wconf 84' lang='lat' dir='ltr'><strong>eo.</strong></span> <span class='ocrx_word' id='word_1_498' title='bbox 1272 420 1354 448; x_wconf 80' lang='lat' dir='ltr'><strong>Mixta</strong></span> <span class='ocrx_word' id='word_1_499' title='bbox 1381 421 1430 448; x_wconf 63' lang='lat' dir='ltr'><strong>irae</strong></span> <span class='ocrx_word' id='word_1_500' title='bbox 1455 419 1642 447; x_wconf 89' lang='lat' dir='ltr'><strong>misericordia</strong></span> <span class='ocrx_word' id='word_1_501' title='bbox 1667 419 1728 452; x_wconf 87' lang='lat' dir='ltr'><strong>Dei,</strong></span> <span class='ocrx_word' id='word_1_502' title='bbox 1744 418 1832 446; x_wconf 90' lang='lat' dir='ltr'><strong>omnis</strong></span> 
     </span>
    </p>
   </div>
   <div class='ocr_carea' id='block_1_67' title="bbox 1029 464 1833 500">
    <p class='ocr_par' dir='ltr' id='par_1_67' title="bbox 1029 464 1833 500">
     <span class='ocr_line' id='line_1_67' title="bbox 1029 464 1833 500; baseline -0.002 -7"><span class='ocrx_word' id='word_1_503' title='bbox 1029 470 1103 494; x_wconf 86' lang='lat' dir='ltr'><strong>terra</strong></span> <span class='ocrx_word' id='word_1_504' title='bbox 1120 466 1270 500; x_wconf 85' lang='lat' dir='ltr'><strong>deseritur,</strong></span> <span class='ocrx_word' id='word_1_505' title='bbox 1283 466 1330 494; x_wconf 91' lang='lat' dir='ltr'><strong>sed</strong></span> <span class='ocrx_word' id='word_1_506' title='bbox 1347 474 1401 494; x_wconf 94' lang='lat' dir='ltr'><strong>non</strong></span> <span class='ocrx_word' id='word_1_507' title='bbox 1416 466 1443 493; x_wconf 91' lang='lat' dir='ltr'><strong>ﬁt</strong></span> <span class='ocrx_word' id='word_1_508' title='bbox 1455 466 1656 494; x_wconf 89' lang='lat' dir='ltr'><strong>consummatio</strong></span> <span class='ocrx_word' id='word_1_509' title='bbox 1673 470 1703 492; x_wconf 90' lang='lat' dir='ltr'><strong>ut</strong></span> <span class='ocrx_word' id='word_1_510' title='bbox 1719 465 1777 491; x_wconf 89' lang='lat' dir='ltr'><strong>sint.</strong></span> <span class='ocrx_word' id='word_1_511' title='bbox 1789 464 1833 499; x_wconf 91' lang='lat' dir='ltr'><strong>qui</strong></span> 
     </span>
    </p>
   </div>
   <div class='ocr_carea' id='block_1_68' title="bbox 1031 510 1830 548">
    <p class='ocr_par' dir='ltr' id='par_1_68' title="bbox 1031 510 1830 548">
     <span class='ocr_line' id='line_1_68' title="bbox 1031 510 1830 548; baseline -0.001 -9"><span class='ocrx_word' id='word_1_512' title='bbox 1031 512 1182 548; x_wconf 86' lang='lat' dir='ltr'><strong>intelligam</strong></span> <span class='ocrx_word' id='word_1_513' title='bbox 1206 513 1379 540; x_wconf 89' lang='lat' dir='ltr'><strong>clementiam</strong></span> <span class='ocrx_word' id='word_1_514' title='bbox 1406 512 1476 548; x_wconf 88' lang='lat' dir='ltr'><strong>ejus.</strong></span> <span class='ocrx_word' id='word_1_515' title='bbox 1493 511 1600 540; x_wconf 83' lang='lat' dir='ltr'><strong>Ccelum</strong></span> <span class='ocrx_word' id='word_1_516' title='bbox 1616 518 1727 546; x_wconf 88' lang='lat' dir='ltr'><strong>quoque</strong></span> <span class='ocrx_word' id='word_1_517' title='bbox 1753 510 1830 538; x_wconf 87' lang='lat' dir='ltr'><strong>triste</strong></span> 
     </span>
    </p>
   </div>
   <div class='ocr_carea' id='block_1_69' title="bbox 1030 558 1833 594">
    <p class='ocr_par' dir='ltr' id='par_1_69' title="bbox 1030 558 1833 594">
     <span class='ocr_line' id='line_1_69' title="bbox 1030 558 1833 594; baseline -0.002 -8"><span class='ocrx_word' id='word_1_518' title='bbox 1030 559 1167 587; x_wconf 87' lang='lat' dir='ltr'><strong>videbitur</strong></span> <span class='ocrx_word' id='word_1_519' title='bbox 1191 559 1323 594; x_wconf 88' lang='lat' dir='ltr'><strong>desuper,</strong></span> <span class='ocrx_word' id='word_1_520' title='bbox 1341 564 1367 587; x_wconf 93' lang='lat' dir='ltr'><strong>et</strong></span> <span class='ocrx_word' id='word_1_521' title='bbox 1392 559 1450 594; x_wconf 84' lang='lat' dir='ltr'><strong>ipsa</strong></span> <span class='ocrx_word' id='word_1_522' title='bbox 1476 563 1549 586; x_wconf 85' lang='lat' dir='ltr'><strong>terra</strong></span> <span class='ocrx_word' id='word_1_523' title='bbox 1569 558 1688 593; x_wconf 78' lang='lat' dir='ltr'><strong>lugebit,</strong></span> <span class='ocrx_word' id='word_1_524' title='bbox 1706 564 1743 585; x_wconf 91' lang='lat' dir='ltr'><strong>eo</strong></span> <span class='ocrx_word' id='word_1_525' title='bbox 1765 558 1833 593; x_wconf 89' lang='lat' dir='ltr'><strong>quod</strong></span> 
     </span>
    </p>
   </div>
   <div class='ocr_carea' id='block_1_70' title="bbox 1031 603 1834 639">
    <p class='ocr_par' dir='ltr' id='par_1_70' title="bbox 1031 603 1834 639">
     <span class='ocr_line' id='line_1_70' title="bbox 1031 603 1834 639; baseline -0.002 -7"><span class='ocrx_word' id='word_1_526' title='bbox 1031 605 1140 633; x_wconf 90' lang='lat' dir='ltr'><strong>Domini</strong></span> <span class='ocrx_word' id='word_1_527' title='bbox 1161 605 1297 633; x_wconf 86' lang='lat' dir='ltr'><strong>sententia</strong></span> <span class='ocrx_word' id='word_1_528' title='bbox 1318 604 1351 632; x_wconf 87' lang='lat' dir='ltr'><strong>ad</strong></span> <span class='ocrx_word' id='word_1_529' title='bbox 1375 605 1455 632; x_wconf 87' lang='lat' dir='ltr'><strong>tinem</strong></span> <span class='ocrx_word' id='word_1_530' title='bbox 1479 611 1566 639; x_wconf 84' lang='lat' dir='ltr'><strong>usque</strong></span> <span class='ocrx_word' id='word_1_531' title='bbox 1588 603 1762 638; x_wconf 87' lang='lat' dir='ltr'><strong>pervenerit,</strong></span> <span class='ocrx_word' id='word_1_532' title='bbox 1787 611 1834 631; x_wconf 90' lang='lat' dir='ltr'><strong>nec</strong></span> 
     </span>
    </p>
   </div>
   <div class='ocr_carea' id='block_1_71' title="bbox 1032 649 1835 686">
    <p class='ocr_par' dir='ltr' id='par_1_71' title="bbox 1032 649 1835 686">
     <span class='ocr_line' id='line_1_71' title="bbox 1032 649 1835 686; baseline -0.002 -7"><span class='ocrx_word' id='word_1_533' title='bbox 1032 651 1191 686; x_wconf 72' lang='lat' dir='ltr'><strong>ptenituerit</strong></span> <span class='ocrx_word' id='word_1_534' title='bbox 1204 659 1266 679; x_wconf 89' lang='lat' dir='ltr'><strong>eum</strong></span> <span class='ocrx_word' id='word_1_535' title='bbox 1290 659 1374 686; x_wconf 88' lang='lat' dir='ltr'><strong>super</strong></span> <span class='ocrx_word' id='word_1_536' title='bbox 1391 650 1433 678; x_wconf 87' lang='lat' dir='ltr'><strong>bis</strong></span> <span class='ocrx_word' id='word_1_537' title='bbox 1448 658 1510 686; x_wconf 75' lang='lat' dir='ltr'><strong>quae</strong></span> <span class='ocrx_word' id='word_1_538' title='bbox 1530 650 1696 685; x_wconf 75' lang='lat' dir='ltr'><strong>cogitaverit</strong></span> <span class='ocrx_word' id='word_1_539' title='bbox 1709 655 1739 677; x_wconf 87' lang='lat' dir='ltr'><strong>et</strong></span> <span class='ocrx_word' id='word_1_540' title='bbox 1761 649 1835 677; x_wconf 84' lang='lat' dir='ltr'><strong>loeu-</strong></span> 
     </span>
    </p>
   </div>
   <div class='ocr_carea' id='block_1_72' title="bbox 1033 696 1836 732">
    <p class='ocr_par' dir='ltr' id='par_1_72' title="bbox 1033 696 1836 732">
     <span class='ocr_line' id='line_1_72' title="bbox 1033 696 1836 732; baseline -0.001 -6"><span class='ocrx_word' id='word_1_541' title='bbox 1033 704 1076 726; x_wconf 92' lang='lat' dir='ltr'><strong>tus</strong></span> <span class='ocrx_word' id='word_1_542' title='bbox 1089 699 1134 726; x_wconf 92' lang='lat' dir='ltr'><strong>sit.</strong></span> <span class='ocrx_word' id='word_1_543' title='bbox 1148 697 1312 726; x_wconf 82' lang='lat' dir='ltr'><strong>Paenitentia</strong></span> <span class='ocrx_word' id='word_1_544' title='bbox 1325 702 1416 726; x_wconf 87' lang='lat' dir='ltr'><strong>autem</strong></span> <span class='ocrx_word' id='word_1_545' title='bbox 1431 697 1479 725; x_wconf 84' lang='lat' dir='ltr'><strong>Dei</strong></span> <span class='ocrx_word' id='word_1_546' title='bbox 1496 697 1608 730; x_wconf 89' lang='lat' dir='ltr'><strong>dicitur,</strong></span> <span class='ocrx_word' id='word_1_547' title='bbox 1622 696 1735 732; x_wconf 85' lang='lat' dir='ltr'><strong>quando</strong></span> <span class='ocrx_word' id='word_1_548' title='bbox 1747 696 1836 725; x_wconf 90' lang='lat' dir='ltr'><strong>aufer-</strong></span> 
     </span>
    </p>
   </div>
   <div class='ocr_carea' id='block_1_73' title="bbox 1033 743 1837 780">
    <p class='ocr_par' dir='ltr' id='par_1_73' title="bbox 1033 743 1837 780">
     <span class='ocr_line' id='line_1_73' title="bbox 1033 743 1837 780; baseline -0.002 -8"><span class='ocrx_word' id='word_1_549' title='bbox 1033 749 1078 773; x_wconf 87' lang='lat' dir='ltr'><strong>tur</strong></span> <span class='ocrx_word' id='word_1_550' title='bbox 1093 745 1222 780; x_wconf 70' lang='lat' dir='ltr'><strong>prtedicta</strong></span> <span class='ocrx_word' id='word_1_551' title='bbox 1236 744 1471 777; x_wconf 88' lang='lat' dir='ltr'><strong>sententia,etira</strong></span> <span class='ocrx_word' id='word_1_552' title='bbox 1482 743 1599 771; x_wconf 67' lang='lat' dir='ltr'><strong>saeviens</strong></span> <span class='ocrx_word' id='word_1_553' title='bbox 1611 743 1645 771; x_wconf 92' lang='lat' dir='ltr'><strong>ad</strong></span> <span class='ocrx_word' id='word_1_554' title='bbox 1658 743 1743 771; x_wconf 89' lang='lat' dir='ltr'><strong>ﬁnem</strong></span> <span class='ocrx_word' id='word_1_555' title='bbox 1755 750 1837 779; x_wconf 86' lang='lat' dir='ltr'><strong>usque</strong></span> 
     </span>
    </p>
   </div>
   <div class='ocr_carea' id='block_1_74' title="bbox 1034 790 1837 828">
    <p class='ocr_par' dir='ltr' id='par_1_74' title="bbox 1034 790 1837 828">
     <span class='ocr_line' id='line_1_74' title="bbox 1034 790 1837 828; baseline -0.005 -8"><span class='ocrx_word' id='word_1_556' title='bbox 1034 801 1088 820; x_wconf 91' lang='lat' dir='ltr'><strong>non</strong></span> <span class='ocrx_word' id='word_1_557' title='bbox 1104 792 1238 828; x_wconf 90' lang='lat' dir='ltr'><strong>pervenit.</strong></span> <span class='ocrx_word' id='word_1_558' title='bbox 1254 792 1371 819; x_wconf 80' lang='lat' dir='ltr'><strong>Minatus</strong></span> <span class='ocrx_word' id='word_1_559' title='bbox 1385 796 1426 819; x_wconf 77' lang='grc' dir='ltr'><strong>εει</strong></span> <span class='ocrx_word' id='word_1_560' title='bbox 1439 798 1487 826; x_wconf 89' lang='lat' dir='ltr'><strong>per</strong></span> <span class='ocrx_word' id='word_1_561' title='bbox 1500 791 1597 819; x_wconf 80' lang='lat' dir='ltr'><strong>Jonam</strong></span> <span class='ocrx_word' id='word_1_562' title='bbox 1615 799 1621 817; x_wconf 88' lang='lat'><strong>:</strong></span> <span class='ocrx_word' id='word_1_563' title='bbox 1636 790 1837 825; x_wconf 89' lang='lat' dir='ltr'><strong>etimpenden-</strong></span> 
     </span>
    </p>
   </div>
   <div class='ocr_carea' id='block_1_75' title="bbox 1036 836 1837 874">
    <p class='ocr_par' dir='ltr' id='par_1_75' title="bbox 1036 836 1837 874">
     <span class='ocr_line' id='line_1_75' title="bbox 1036 836 1837 874; baseline -0.001 -8"><span class='ocrx_word' id='word_1_564' title='bbox 1036 843 1089 866; x_wconf 91' lang='lat' dir='ltr'><strong>tem</strong></span> <span class='ocrx_word' id='word_1_565' title='bbox 1112 839 1232 874; x_wconf 78' lang='lat' dir='ltr'><strong>gladium</strong></span> <span class='ocrx_word' id='word_1_566' title='bbox 1252 838 1437 874; x_wconf 85' lang='lat' dir='ltr'><strong>lacrymarum</strong></span> <span class='ocrx_word' id='word_1_567' title='bbox 1467 842 1495 865; x_wconf 89' lang='lat' dir='ltr'><strong>et</strong></span> <span class='ocrx_word' id='word_1_568' title='bbox 1517 837 1667 873; x_wconf 87' lang='lat' dir='ltr'><strong>gemituum</strong></span> <span class='ocrx_word' id='word_1_569' title='bbox 1688 836 1837 865; x_wconf 87' lang='lat' dir='ltr'><strong>multitudo</strong></span> 
     </span>
    </p>
   </div>
   <div class='ocr_carea' id='block_1_76' title="bbox 1035 884 1349 922">
    <p class='ocr_par' dir='ltr' id='par_1_76' title="bbox 1035 884 1349 922">
     <span class='ocr_line' id='line_1_76' title="bbox 1035 884 1349 922; baseline -0.003 -8"><span class='ocrx_word' id='word_1_570' title='bbox 1035 887 1177 921; x_wconf 84' lang='lat' dir='ltr'><strong>superavit</strong></span> <span class='ocrx_word' id='word_1_571' title='bbox 1192 884 1283 922; x_wconf 84' lang='lat' dir='ltr'><strong>(Joan.</strong></span> <span class='ocrx_word' id='word_1_572' title='bbox 1298 886 1349 920; x_wconf 87' lang='lat' dir='ltr'><strong>Ill).</strong></span> 
     </span>
    </p>
   </div>
   <div class='ocr_carea' id='block_1_77' title="bbox 1073 930 1836 969">
    <p class='ocr_par' dir='ltr' id='par_1_77' title="bbox 1073 930 1836 969">
     <span class='ocr_line' id='line_1_77' title="bbox 1073 930 1836 969; baseline -0.004 -9"><span class='ocrx_word' id='word_1_573' title='bbox 1073 931 1236 969; x_wconf 71' lang='lat' dir='ltr'><strong>(Vers.29.)</strong></span> <span class='ocrx_word' id='word_1_574' title='bbox 1251 932 1272 959; x_wconf 83' lang='grc' dir='ltr'><em>Α</em></span> <span class='ocrx_word' id='word_1_575' title='bbox 1290 940 1350 959; x_wconf 85' lang='lat' dir='ltr'><strong>voce</strong></span> <span class='ocrx_word' id='word_1_576' title='bbox 1372 937 1383 950; x_wconf 73' lang='grc' dir='ltr'>υ</span> <span class='ocrx_word' id='word_1_577' title='bbox 1396 931 1498 966; x_wconf 86' lang='lat' dir='ltr'><strong>equitis,</strong></span> <span class='ocrx_word' id='word_1_578' title='bbox 1518 936 1541 958; x_wconf 79' lang='lat' dir='ltr'><strong>et</strong></span> <span class='ocrx_word' id='word_1_579' title='bbox 1561 931 1686 958; x_wconf 82' lang='lat' dir='ltr'><strong>mittentis</strong></span> <span class='ocrx_word' id='word_1_580' title='bbox 1710 930 1836 966; x_wconf 79' lang='lat' dir='ltr'><strong>sagittam</strong></span> 
     </span>
    </p>
   </div>
   <div class='ocr_carea' id='block_1_78' title="bbox 1039 977 1840 1015">
    <p class='ocr_par' dir='ltr' id='par_1_78' title="bbox 1039 977 1840 1015">
     <span class='ocr_line' id='line_1_78' title="bbox 1039 977 1840 1015; baseline -0.002 -9"><span class='ocrx_word' id='word_1_581' title='bbox 1039 980 1108 1015; x_wconf 84' lang='lat' dir='ltr'><strong>(sive</strong></span> <span class='ocrx_word' id='word_1_582' title='bbox 1129 979 1286 1007; x_wconf 79' lang='lat' dir='ltr'><strong>intendentis</strong></span> <span class='ocrx_word' id='word_1_583' title='bbox 1306 977 1408 1013; x_wconf 86' lang='lat' dir='ltr'><strong>arcum)</strong></span> <span class='ocrx_word' id='word_1_584' title='bbox 1420 978 1488 1014; x_wconf 84' lang='lat' dir='ltr'><strong>fugit</strong></span> <span class='ocrx_word' id='word_1_585' title='bbox 1507 979 1590 1005; x_wconf 83' lang='lat' dir='ltr'><strong>omnis</strong></span> <span class='ocrx_word' id='word_1_586' title='bbox 1612 978 1706 1005; x_wconf 73' lang='lat' dir='ltr'><strong>civitas</strong></span> <span class='ocrx_word' id='word_1_587' title='bbox 1721 978 1791 1013; x_wconf 82' lang='lat' dir='ltr'><strong>(sive</strong></span> <span class='ocrx_word' id='word_1_588' title='bbox 1801 986 1840 1004; x_wconf 80' lang='lat' dir='ltr'><strong>rc-</strong></span> 
     </span>
    </p>
   </div>
   <div class='ocr_carea' id='block_1_79' title="bbox 1037 1025 1841 1064">
    <p class='ocr_par' dir='ltr' id='par_1_79' title="bbox 1037 1025 1841 1064">
     <span class='ocr_line' id='line_1_79' title="bbox 1037 1025 1841 1064; baseline -0.002 -10"><span class='ocrx_word' id='word_1_589' title='bbox 1037 1028 1103 1064; x_wconf 87' lang='lat' dir='ltr'><strong>gio).</strong></span> <span class='ocrx_word' id='word_1_590' title='bbox 1118 1027 1233 1063; x_wconf 82' lang='lat' dir='ltr'><strong>Ingressi</strong></span> <span class='ocrx_word' id='word_1_591' title='bbox 1247 1031 1307 1054; x_wconf 83' lang='lat' dir='ltr'><strong>sunt</strong></span> <span class='ocrx_word' id='word_1_592' title='bbox 1320 1026 1413 1059; x_wconf 84' lang='lat' dir='ltr'><strong>ardua,</strong></span> <span class='ocrx_word' id='word_1_593' title='bbox 1428 1031 1450 1052; x_wconf 87' lang='lat' dir='ltr'><strong>et</strong></span> <span class='ocrx_word' id='word_1_594' title='bbox 1462 1026 1633 1053; x_wconf 77' lang='lat' dir='ltr'><strong>ascenderunt</strong></span> <span class='ocrx_word' id='word_1_595' title='bbox 1646 1034 1737 1061; x_wconf 81' lang='lat' dir='ltr'><strong>rupes.</strong></span> <span class='ocrx_word' id='word_1_596' title='bbox 1750 1025 1841 1060; x_wconf 81' lang='lat' dir='ltr'><strong>Quod-</strong></span> 
     </span>
    </p>
   </div>
   <div class='ocr_carea' id='block_1_80' title="bbox 1038 1070 1840 1110">
    <p class='ocr_par' dir='ltr' id='par_1_80' title="bbox 1038 1070 1840 1110">
     <span class='ocr_line' id='line_1_80' title="bbox 1038 1070 1840 1110; baseline -0.006 -7"><span class='ocrx_word' id='word_1_597' title='bbox 1038 1083 1090 1110; x_wconf 87' lang='lat' dir='ltr'><strong>que</strong></span> <span class='ocrx_word' id='word_1_598' title='bbox 1104 1074 1245 1109; x_wconf 84' lang='lat' dir='ltr'><strong>sequitur:</strong></span> <span class='ocrx_word' id='word_1_599' title='bbox 1261 1072 1295 1100; x_wconf 87' lang='lat' dir='ltr'><strong>Et</strong></span> <span class='ocrx_word' id='word_1_600' title='bbox 1306 1073 1416 1108; x_wconf 79' lang='lat' dir='ltr'><strong>ingrcssi</strong></span> <span class='ocrx_word' id='word_1_601' title='bbox 1429 1077 1489 1099; x_wconf 86' lang='lat' dir='ltr'><strong>sunt</strong></span> <span class='ocrx_word' id='word_1_602' title='bbox 1504 1073 1600 1104; x_wconf 83' lang='lat' dir='ltr'><strong>saltus,</strong></span> <span class='ocrx_word' id='word_1_603' title='bbox 1615 1072 1675 1099; x_wconf 79' lang='lat' dir='ltr'><strong>sive</strong></span> <span class='ocrx_word' id='word_1_604' title='bbox 1690 1070 1840 1107; x_wconf 79' lang='lat' dir='ltr'><strong>speluncas.</strong></span> 
     </span>
    </p>
   </div>
   <div class='ocr_carea' id='block_1_81' title="bbox 1038 1118 1840 1157">
    <p class='ocr_par' dir='ltr' id='par_1_81' title="bbox 1038 1118 1840 1157">
     <span class='ocr_line' id='line_1_81' title="bbox 1038 1118 1840 1157; baseline -0.007 -7"><span class='ocrx_word' id='word_1_605' title='bbox 1038 1130 1053 1153; x_wconf 68' lang='grc' dir='ltr'>θ</span> <span class='ocrx_word' id='word_1_606' title='bbox 1070 1121 1249 1157; x_wconf 76' lang='lat' dir='ltr'><strong>Septuaginta</strong></span> <span class='ocrx_word' id='word_1_607' title='bbox 1265 1119 1279 1139; x_wconf 74' lang='grc' dir='ltr'><strong>ι’</strong></span> <span class='ocrx_word' id='word_1_608' title='bbox 1295 1119 1415 1147; x_wconf 86' lang='lat' dir='ltr'><strong>additum</strong></span> <span class='ocrx_word' id='word_1_609' title='bbox 1428 1124 1479 1147; x_wconf 87' lang='lat' dir='ltr'><strong>est.</strong></span> <span class='ocrx_word' id='word_1_610' title='bbox 1497 1118 1632 1147; x_wconf 87' lang='lat' dir='ltr'><strong>Describit</strong></span> <span class='ocrx_word' id='word_1_611' title='bbox 1642 1123 1735 1146; x_wconf 88' lang='lat' dir='ltr'><strong>autem</strong></span> <span class='ocrx_word' id='word_1_612' title='bbox 1750 1125 1840 1145; x_wconf 89' lang='lat' dir='ltr'><strong>sermo</strong></span> 
     </span>
    </p>
   </div>
   <div class='ocr_carea' id='block_1_82' title="bbox 1038 1165 1840 1203">
    <p class='ocr_par' dir='ltr' id='par_1_82' title="bbox 1038 1165 1840 1203">
     <span class='ocr_line' id='line_1_82' title="bbox 1038 1165 1840 1203; baseline -0.005 -6"><span class='ocrx_word' id='word_1_613' title='bbox 1038 1169 1146 1197; x_wconf 89' lang='lat' dir='ltr'><strong>divinus</strong></span> <span class='ocrx_word' id='word_1_614' title='bbox 1169 1167 1312 1203; x_wconf 86' lang='lat' dir='ltr'><strong>BabyIOnii</strong></span> <span class='ocrx_word' id='word_1_615' title='bbox 1338 1166 1453 1194; x_wconf 90' lang='lat' dir='ltr'><strong>furentis</strong></span> <span class='ocrx_word' id='word_1_616' title='bbox 1478 1166 1643 1199; x_wconf 82' lang='lat' dir='ltr'><strong>exercitum,</strong></span> <span class='ocrx_word' id='word_1_617' title='bbox 1660 1165 1735 1201; x_wconf 91' lang='lat' dir='ltr'><strong>quod</strong></span> <span class='ocrx_word' id='word_1_618' title='bbox 1754 1173 1770 1193; x_wconf 88' lang='lat' dir='ltr'><strong>a</strong></span> <span class='ocrx_word' id='word_1_619' title='bbox 1788 1171 1840 1193; x_wconf 88' lang='lat' dir='ltr'><strong>tre-</strong></span> 
     </span>
    </p>
   </div>
   <div class='ocr_carea' id='block_1_83' title="bbox 1040 1214 1842 1252">
    <p class='ocr_par' dir='ltr' id='par_1_83' title="bbox 1040 1214 1842 1252">
     <span class='ocr_line' id='line_1_83' title="bbox 1040 1214 1842 1252; baseline -0.006 -7"><span class='ocrx_word' id='word_1_620' title='bbox 1040 1225 1115 1245; x_wconf 82' lang='lat' dir='ltr'><strong>more</strong></span> <span class='ocrx_word' id='word_1_621' title='bbox 1130 1216 1190 1252; x_wconf 84' lang='lat' dir='ltr'><strong>cjus</strong></span> <span class='ocrx_word' id='word_1_622' title='bbox 1203 1222 1317 1244; x_wconf 86' lang='lat' dir='ltr'><strong>cunctus</strong></span> <span class='ocrx_word' id='word_1_623' title='bbox 1331 1215 1447 1250; x_wconf 90' lang='lat' dir='ltr'><strong>populus</strong></span> <span class='ocrx_word' id='word_1_624' title='bbox 1458 1214 1804 1249; x_wconf 76' lang='lat' dir='ltr'><strong>dereliqueritcivitatem.</strong></span> <span class='ocrx_word' id='word_1_625' title='bbox 1814 1217 1842 1241; x_wconf 90' lang='lat' dir='ltr'><strong>et</strong></span> 
     </span>
    </p>
   </div>
   <div class='ocr_carea' id='block_1_84' title="bbox 1041 1259 1841 1299">
    <p class='ocr_par' dir='ltr' id='par_1_84' title="bbox 1041 1259 1841 1299">
     <span class='ocr_line' id='line_1_84' title="bbox 1041 1259 1841 1299; baseline -0.006 -7"><span class='ocrx_word' id='word_1_626' title='bbox 1041 1264 1127 1292; x_wconf 91' lang='lat' dir='ltr'><strong>ardua</strong></span> <span class='ocrx_word' id='word_1_627' title='bbox 1139 1270 1254 1299; x_wconf 71' lang='lat' dir='ltr'><strong>quaeque</strong></span> <span class='ocrx_word' id='word_1_628' title='bbox 1268 1261 1476 1294; x_wconf 88' lang='lat' dir='ltr'><strong>conscenderit;</strong></span> <span class='ocrx_word' id='word_1_629' title='bbox 1493 1266 1520 1288; x_wconf 91' lang='lat' dir='ltr'><strong>et</strong></span> <span class='ocrx_word' id='word_1_630' title='bbox 1541 1265 1632 1288; x_wconf 87' lang='lat' dir='ltr'><strong>tatnen</strong></span> <span class='ocrx_word' id='word_1_631' title='bbox 1648 1260 1717 1288; x_wconf 89' lang='lat' dir='ltr'><strong>iram</strong></span> <span class='ocrx_word' id='word_1_632' title='bbox 1734 1259 1841 1287; x_wconf 90' lang='lat' dir='ltr'><strong>Domini</strong></span> 
     </span>
    </p>
   </div>
   <div class='ocr_carea' id='block_1_85' title="bbox 1040 1307 1841 1346">
    <p class='ocr_par' dir='ltr' id='par_1_85' title="bbox 1040 1307 1841 1346">
     <span class='ocr_line' id='line_1_85' title="bbox 1040 1307 1841 1346; baseline -0.006 -7"><span class='ocrx_word' id='word_1_633' title='bbox 1040 1319 1095 1340; x_wconf 89' lang='lat' dir='ltr'><strong>non</strong></span> <span class='ocrx_word' id='word_1_634' title='bbox 1112 1311 1234 1346; x_wconf 86' lang='lat' dir='ltr'><strong>potuerit.</strong></span> <span class='ocrx_word' id='word_1_635' title='bbox 1253 1309 1405 1338; x_wconf 89' lang='lat' dir='ltr'><strong>declinare.</strong></span> <span class='ocrx_word' id='word_1_636' title='bbox 1430 1307 1569 1344; x_wconf 88' lang='lat' dir='ltr'><strong>Quidquid</strong></span> <span class='ocrx_word' id='word_1_637' title='bbox 1591 1313 1695 1340; x_wconf 86' lang='lat' dir='ltr'><strong>autem,</strong></span> <span class='ocrx_word' id='word_1_638' title='bbox 1712 1312 1742 1335; x_wconf 93' lang='lat' dir='ltr'><strong>ut</strong></span> <span class='ocrx_word' id='word_1_639' title='bbox 1762 1315 1841 1342; x_wconf 87' lang='lat' dir='ltr'><strong>supra</strong></span> 
     </span>
    </p>
   </div>
   <div class='ocr_carea' id='block_1_86' title="bbox 1040 1355 1840 1391">
    <p class='ocr_par' dir='ltr' id='par_1_86' title="bbox 1040 1355 1840 1391">
     <span class='ocr_line' id='line_1_86' title="bbox 1040 1355 1840 1391; baseline -0.006 -5"><span class='ocrx_word' id='word_1_640' title='bbox 1040 1359 1171 1391; x_wconf 87' lang='lat' dir='ltr'><strong>diximus,</strong></span> <span class='ocrx_word' id='word_1_641' title='bbox 1188 1359 1215 1385; x_wconf 93' lang='lat' dir='ltr'><strong>in</strong></span> <span class='ocrx_word' id='word_1_642' title='bbox 1235 1357 1350 1385; x_wconf 87' lang='lat' dir='ltr'><strong>historia</strong></span> <span class='ocrx_word' id='word_1_643' title='bbox 1372 1356 1535 1391; x_wconf 81' lang='lat' dir='ltr'><strong>intelligitur</strong></span> <span class='ocrx_word' id='word_1_644' title='bbox 1558 1360 1653 1383; x_wconf 91' lang='lat' dir='ltr'><strong>contra</strong></span> <span class='ocrx_word' id='word_1_645' title='bbox 1677 1355 1840 1387; x_wconf 73' lang='lat' dir='ltr'><strong>Jerusalem,</strong></span> 
     </span>
    </p>
   </div>
   <div class='ocr_carea' id='block_1_87' title="bbox 1041 1402 1843 1437">
    <p class='ocr_par' dir='ltr' id='par_1_87' title="bbox 1041 1402 1843 1437">
     <span class='ocr_line' id='line_1_87' title="bbox 1041 1402 1843 1437; baseline -0.006 -3"><span class='ocrx_word' id='word_1_646' title='bbox 1041 1406 1159 1434; x_wconf 83' lang='lat' dir='ltr'><strong>rcfertur</strong></span> <span class='ocrx_word' id='word_1_647' title='bbox 1174 1405 1206 1433; x_wconf 89' lang='lat' dir='ltr'><strong>ad</strong></span> <span class='ocrx_word' id='word_1_648' title='bbox 1223 1404 1384 1437; x_wconf 83' lang='lat' dir='ltr'><strong>Ecclesiam,</strong></span> <span class='ocrx_word' id='word_1_649' title='bbox 1399 1411 1461 1431; x_wconf 89' lang='lat' dir='ltr'><strong>cum</strong></span> <span class='ocrx_word' id='word_1_650' title='bbox 1475 1403 1623 1431; x_wconf 78' lang='lat' dir='ltr'><strong>oﬂ&#39;enderit</strong></span> <span class='ocrx_word' id='word_1_651' title='bbox 1636 1402 1735 1435; x_wconf 89' lang='lat' dir='ltr'><strong>Deum,</strong></span> <span class='ocrx_word' id='word_1_652' title='bbox 1751 1407 1780 1430; x_wconf 91' lang='lat' dir='ltr'><strong>et</strong></span> <span class='ocrx_word' id='word_1_653' title='bbox 1791 1407 1843 1430; x_wconf 85' lang='lat' dir='ltr'><strong>tra-</strong></span> 
     </span>
    </p>
   </div>
   <div class='ocr_carea' id='block_1_88' title="bbox 1041 1450 1843 1486">
    <p class='ocr_par' dir='ltr' id='par_1_88' title="bbox 1041 1450 1843 1486">
     <span class='ocr_line' id='line_1_88' title="bbox 1041 1450 1843 1486; baseline -0.006 -5"><span class='ocrx_word' id='word_1_654' title='bbox 1041 1453 1097 1481; x_wconf 91' lang='lat' dir='ltr'><strong>dita</strong></span> <span class='ocrx_word' id='word_1_655' title='bbox 1121 1453 1204 1480; x_wconf 90' lang='lat' dir='ltr'><strong>fuerit</strong></span> <span class='ocrx_word' id='word_1_656' title='bbox 1224 1450 1400 1484; x_wconf 84' lang='lat' dir='ltr'><strong>adversariis,</strong></span> <span class='ocrx_word' id='word_1_657' title='bbox 1416 1451 1460 1478; x_wconf 87' lang='lat' dir='ltr'><strong>vel</strong></span> <span class='ocrx_word' id='word_1_658' title='bbox 1482 1450 1686 1486; x_wconf 88' lang='lat' dir='ltr'><strong>persecutionis</strong></span> <span class='ocrx_word' id='word_1_659' title='bbox 1711 1455 1843 1485; x_wconf 86' lang='lat' dir='ltr'><strong>tempore,</strong></span> 
     </span>
    </p>
   </div>
   <div class='ocr_carea' id='block_1_89' title="bbox 1041 1498 1510 1534">
    <p class='ocr_par' dir='ltr' id='par_1_89' title="bbox 1041 1498 1510 1534">
     <span class='ocr_line' id='line_1_89' title="bbox 1041 1498 1510 1534; baseline -0.011 -5"><span class='ocrx_word' id='word_1_660' title='bbox 1041 1500 1084 1529; x_wconf 91' lang='lat' dir='ltr'><strong>vel</strong></span> <span class='ocrx_word' id='word_1_661' title='bbox 1098 1506 1175 1528; x_wconf 91' lang='lat' dir='ltr'><strong>certe</strong></span> <span class='ocrx_word' id='word_1_662' title='bbox 1187 1499 1264 1527; x_wconf 89' lang='lat' dir='ltr'><strong>vitiis</strong></span> <span class='ocrx_word' id='word_1_663' title='bbox 1283 1504 1365 1534; x_wconf 86' lang='lat' dir='ltr'><strong>atque</strong></span> <span class='ocrx_word' id='word_1_664' title='bbox 1381 1498 1510 1534; x_wconf 87' lang='lat' dir='ltr'><strong>peccatis.</strong></span> 
     </span>
    </p>
   </div>
   <div class='ocr_carea' id='block_1_90' title="bbox 1079 1543 1846 1583">
    <p class='ocr_par' dir='ltr' id='par_1_90' title="bbox 1079 1543 1846 1583">
     <span class='ocr_line' id='line_1_90' title="bbox 1079 1543 1846 1583; baseline -0.007 -9"><span class='ocrx_word' id='word_1_665' title='bbox 1079 1547 1170 1583; x_wconf 83' lang='lat' dir='ltr'><strong>(Vcrs.</strong></span> <span class='ocrx_word' id='word_1_666' title='bbox 1186 1546 1245 1581; x_wconf 79' lang='lat'><strong>&#39;50.)</strong></span> <span class='ocrx_word' id='word_1_667' title='bbox 1260 1544 1301 1573; x_wconf 88' lang='lat' dir='ltr'><strong>Tu</strong></span> <span class='ocrx_word' id='word_1_668' title='bbox 1319 1548 1406 1572; x_wconf 87' lang='lat' dir='ltr'><strong>autem</strong></span> <span class='ocrx_word' id='word_1_669' title='bbox 1420 1548 1520 1571; x_wconf 83' lang='lat' dir='ltr'><strong>uastata</strong></span> <span class='ocrx_word' id='word_1_670' title='bbox 1534 1543 1599 1579; x_wconf 74' lang='lat' dir='ltr'><strong>quid</strong></span> <span class='ocrx_word' id='word_1_671' title='bbox 1613 1543 1712 1578; x_wconf 82' lang='lat' dir='ltr'><strong>facies?</strong></span> <span class='ocrx_word' id='word_1_672' title='bbox 1723 1543 1777 1571; x_wconf 86' lang='lat' dir='ltr'><strong>Pro</strong></span> <span class='ocrx_word' id='word_1_673' title='bbox 1791 1551 1846 1570; x_wconf 78' lang='lat' dir='ltr'><strong>cas-</strong></span> 
     </span>
    </p>
   </div>
   <div class='ocr_carea' id='block_1_91' title="bbox 1044 1589 1846 1629">
    <p class='ocr_par' dir='ltr' id='par_1_91' title="bbox 1044 1589 1846 1629">
     <span class='ocr_line' id='line_1_91' title="bbox 1044 1589 1846 1629; baseline -0.006 -8"><span class='ocrx_word' id='word_1_674' title='bbox 1044 1599 1108 1627; x_wconf 88' lang='lat' dir='ltr'><strong>tata,</strong></span> <span class='ocrx_word' id='word_1_675' title='bbox 1123 1593 1193 1629; x_wconf 89' lang='lat' dir='ltr'><strong>quod</strong></span> <span class='ocrx_word' id='word_1_676' title='bbox 1211 1592 1344 1620; x_wconf 86' lang='lat' dir='ltr'><strong>Hebraice</strong></span> <span class='ocrx_word' id='word_1_677' title='bbox 1359 1591 1458 1619; x_wconf 88' lang='lat' dir='ltr'><strong>dicitur</strong></span> <span class='ocrx_word' id='word_1_678' title='bbox 1475 1598 1559 1618; x_wconf 68' lang='lat' dir='ltr'><strong>sanun</strong></span> <span class='ocrx_word' id='word_1_679' title='bbox 1571 1589 1757 1627; x_wconf 50' lang='grc' dir='ltr'><strong>(Ὑπαχαιωὰ</strong></span> <span class='ocrx_word' id='word_1_680' title='bbox 1773 1590 1846 1617; x_wconf 89' lang='lat' dir='ltr'><strong>solus</strong></span> 
     </span>
    </p>
   </div>
   <div class='ocr_carea' id='block_1_92' title="bbox 1046 1636 1846 1676">
    <p class='ocr_par' dir='ltr' id='par_1_92' title="bbox 1046 1636 1846 1676">
     <span class='ocr_line' id='line_1_92' title="bbox 1046 1636 1846 1676; baseline -0.009 -8"><span class='ocrx_word' id='word_1_681' title='bbox 1046 1641 1240 1676; x_wconf 86' lang='lat' dir='ltr'><strong>interpretatus</strong></span> <span class='ocrx_word' id='word_1_682' title='bbox 1255 1644 1295 1667; x_wconf 80' lang='lat' dir='ltr'><strong>est</strong></span> <span class='ocrx_word' id='word_1_683' title='bbox 1314 1638 1422 1674; x_wconf 76' lang='lat' dir='ltr'><strong>Aquila,</strong></span> <span class='ocrx_word' id='word_1_684' title='bbox 1435 1638 1481 1665; x_wconf 89' lang='lat' dir='ltr'><strong>alii</strong></span> <span class='ocrx_word' id='word_1_685' title='bbox 1498 1636 1710 1669; x_wconf 87' lang='lat' dir='ltr'><strong>transtulerunt,</strong></span> <span class='ocrx_word' id='word_1_686' title='bbox 1726 1636 1846 1662; x_wconf 78' lang='lat' dir='ltr'><strong>miserant</strong></span> 
     </span>
    </p>
   </div>
   <div class='ocr_carea' id='block_1_93' title="bbox 1045 1683 1849 1723">
    <p class='ocr_par' dir='ltr' id='par_1_93' title="bbox 1045 1683 1849 1723">
     <span class='ocr_line' id='line_1_93' title="bbox 1045 1683 1849 1723; baseline -0.005 -8"><span class='ocrx_word' id='word_1_687' title='bbox 1045 1694 1127 1723; x_wconf 86' lang='lat' dir='ltr'><strong>atque</strong></span> <span class='ocrx_word' id='word_1_688' title='bbox 1147 1687 1328 1719; x_wconf 80' lang='lat' dir='ltr'><strong>miserabilem,</strong></span> <span class='ocrx_word' id='word_1_689' title='bbox 1345 1687 1421 1721; x_wconf 84' lang='lat' dir='ltr'><strong>culpa</strong></span> <span class='ocrx_word' id='word_1_690' title='bbox 1437 1686 1489 1717; x_wconf 83' lang='lat' dir='ltr'><strong>sui,</strong></span> <span class='ocrx_word' id='word_1_691' title='bbox 1504 1693 1564 1720; x_wconf 73' lang='lat' dir='ltr'><strong>quae</strong></span> <span class='ocrx_word' id='word_1_692' title='bbox 1579 1685 1747 1712; x_wconf 79' lang='lat' dir='ltr'><strong>clementem</strong></span> <span class='ocrx_word' id='word_1_693' title='bbox 1763 1683 1849 1712; x_wconf 72' lang='lat' dir='ltr'><strong>offen-</strong></span> 
     </span>
    </p>
   </div>
   <div class='ocr_carea' id='block_1_94' title="bbox 1045 1733 1521 1769">
    <p class='ocr_par' dir='ltr' id='par_1_94' title="bbox 1045 1733 1521 1769">
     <span class='ocr_line' id='line_1_94' title="bbox 1045 1733 1521 1769; baseline -0.011 -5"><span class='ocrx_word' id='word_1_694' title='bbox 1045 1736 1116 1764; x_wconf 88' lang='lat' dir='ltr'><strong>tlcrit</strong></span> <span class='ocrx_word' id='word_1_695' title='bbox 1131 1736 1226 1763; x_wconf 83' lang='lat' dir='ltr'><strong>Deum.</strong></span> <span class='ocrx_word' id='word_1_696' title='bbox 1243 1735 1361 1769; x_wconf 80' lang='lat' dir='ltr'><strong>Denique</strong></span> <span class='ocrx_word' id='word_1_697' title='bbox 1378 1733 1500 1769; x_wconf 85' lang='lat' dir='ltr'><strong>sequitur</strong></span> <span class='ocrx_word' id='word_1_698' title='bbox 1516 1742 1521 1759; x_wconf 91' lang='lat'>:</span> 
     </span>
    </p>
   </div>
   <div class='ocr_carea' id='block_1_95' title="bbox 1082 1778 1848 1815">
    <p class='ocr_par' dir='ltr' id='par_1_95' title="bbox 1082 1778 1848 1815">
     <span class='ocr_line' id='line_1_95' title="bbox 1082 1778 1848 1815; baseline -0.007 -6"><span class='ocrx_word' id='word_1_699' title='bbox 1082 1785 1145 1810; x_wconf 84' lang='lat' dir='ltr'><strong>Cum</strong></span> <span class='ocrx_word' id='word_1_700' title='bbox 1172 1782 1285 1810; x_wconf 71' lang='lat' dir='ltr'><strong>vestieris</strong></span> <span class='ocrx_word' id='word_1_701' title='bbox 1301 1787 1324 1807; x_wconf 85' lang='lat' dir='ltr'><strong>te</strong></span> <span class='ocrx_word' id='word_1_702' title='bbox 1339 1781 1455 1813; x_wconf 68' lang='lat' dir='ltr'><strong>coccino,</strong></span> <span class='ocrx_word' id='word_1_703' title='bbox 1472 1785 1495 1806; x_wconf 90' lang='lat' dir='ltr'><strong>et</strong></span> <span class='ocrx_word' id='word_1_704' title='bbox 1511 1780 1565 1815; x_wconf 72' lang='lat' dir='ltr'><strong>(Al.</strong></span> <span class='ocrx_word' id='word_1_705' title='bbox 1577 1778 1646 1815; x_wconf 80' lang='lat' dir='ltr'><strong>cum]</strong></span> <span class='ocrx_word' id='word_1_706' title='bbox 1663 1783 1756 1806; x_wconf 90' lang='lat' dir='ltr'><strong>ornata</strong></span> <span class='ocrx_word' id='word_1_707' title='bbox 1768 1778 1848 1814; x_wconf 74' lang='lat' dir='ltr'><strong>{ueris</strong></span> 
     </span>
    </p>
   </div>
   <div class='ocr_carea' id='block_1_96' title="bbox 1046 1827 1849 1862">
    <p class='ocr_par' dir='ltr' id='par_1_96' title="bbox 1046 1827 1849 1862">
     <span class='ocr_line' id='line_1_96' title="bbox 1046 1827 1849 1862; baseline -0.007 -6"><span class='ocrx_word' id='word_1_708' title='bbox 1046 1830 1134 1856; x_wconf 87' lang='lat' dir='ltr'><strong>monili</strong></span> <span class='ocrx_word' id='word_1_709' title='bbox 1155 1838 1253 1861; x_wconf 70' lang='lat' dir='ltr'><strong>aureo,</strong></span> <span class='ocrx_word' id='word_1_710' title='bbox 1271 1833 1295 1854; x_wconf 84' lang='lat' dir='ltr'><strong>et</strong></span> <span class='ocrx_word' id='word_1_711' title='bbox 1318 1828 1432 1862; x_wconf 69' lang='lat' dir='ltr'><strong>pinxeris</strong></span> <span class='ocrx_word' id='word_1_712' title='bbox 1453 1827 1528 1853; x_wconf 77' lang='lat' dir='ltr'><strong>stibio</strong></span> <span class='ocrx_word' id='word_1_713' title='bbox 1548 1827 1635 1853; x_wconf 77' lang='lat' dir='ltr'><strong>oculos</strong></span> <span class='ocrx_word' id='word_1_714' title='bbox 1659 1831 1728 1858; x_wconf 83' lang='lat' dir='ltr'><strong>tuos,</strong></span> <span class='ocrx_word' id='word_1_715' title='bbox 1748 1827 1849 1860; x_wconf 74' lang='lat' dir='ltr'><strong>{rustra</strong></span> 
     </span>
    </p>
   </div>
   <div class='ocr_carea' id='block_1_97' title="bbox 1046 1873 1849 1911">
    <p class='ocr_par' dir='ltr' id='par_1_97' title="bbox 1046 1873 1849 1911">
     <span class='ocr_line' id='line_1_97' title="bbox 1046 1873 1849 1911; baseline -0.006 -8"><span class='ocrx_word' id='word_1_716' title='bbox 1046 1876 1204 1911; x_wconf 78' lang='lat' dir='ltr'><strong>componeris</strong></span> <span class='ocrx_word' id='word_1_717' title='bbox 1221 1884 1229 1901; x_wconf 91' lang='lat'><em>:</em></span> <span class='ocrx_word' id='word_1_718' title='bbox 1245 1879 1453 1909; x_wconf 60' lang='lat' dir='ltr'><strong>contempserunt</strong></span> <span class='ocrx_word' id='word_1_719' title='bbox 1466 1878 1488 1901; x_wconf 78' lang='lat' dir='ltr'><strong>te</strong></span> <span class='ocrx_word' id='word_1_720' title='bbox 1505 1878 1632 1900; x_wconf 81' lang='lat' dir='ltr'><strong>amatores</strong></span> <span class='ocrx_word' id='word_1_721' title='bbox 1655 1873 1692 1899; x_wconf 82' lang='lat' dir='ltr'><strong>tui</strong></span> <span class='ocrx_word' id='word_1_722' title='bbox 1708 1880 1719 1899; x_wconf 89' lang='lat'><em>:</em></span> <span class='ocrx_word' id='word_1_723' title='bbox 1733 1873 1849 1899; x_wconf 77' lang='lat' dir='ltr'><strong>animum</strong></span> 
     </span>
    </p>
   </div>
   <div class='ocr_carea' id='block_1_98' title="bbox 1046 1917 1848 1956">
    <p class='ocr_par' dir='ltr' id='par_1_98' title="bbox 1046 1917 1848 1956">
     <span class='ocr_line' id='line_1_98' title="bbox 1046 1917 1848 1956; baseline -0.005 -8"><span class='ocrx_word' id='word_1_724' title='bbox 1046 1927 1115 1949; x_wconf 84' lang='lat' dir='ltr'><strong>tuum</strong></span> <span class='ocrx_word' id='word_1_725' title='bbox 1126 1926 1254 1956; x_wconf 76' lang='lat' dir='ltr'><strong>quwrent.</strong></span> <span class='ocrx_word' id='word_1_726' title='bbox 1267 1921 1323 1947; x_wconf 86' lang='lat' dir='ltr'><strong>Sub</strong></span> <span class='ocrx_word' id='word_1_727' title='bbox 1336 1922 1418 1955; x_wconf 78' lang='lat' dir='ltr'><strong>figura</strong></span> <span class='ocrx_word' id='word_1_728' title='bbox 1433 1919 1558 1947; x_wconf 76' lang='lat' dir='ltr'><strong>mulieris</strong></span> <span class='ocrx_word' id='word_1_729' title='bbox 1571 1918 1705 1946; x_wconf 63' lang='lat' dir='ltr'><strong>adultera:</strong></span> <span class='ocrx_word' id='word_1_730' title='bbox 1718 1917 1848 1953; x_wconf 85' lang='lat' dir='ltr'><strong>loquitur:</strong></span> 
     </span>
    </p>
   </div>
   <div class='ocr_carea' id='block_1_99' title="bbox 1046 1965 1849 2001">
    <p class='ocr_par' dir='ltr' id='par_1_99' title="bbox 1046 1965 1849 2001">
     <span class='ocr_line' id='line_1_99' title="bbox 1046 1965 1849 2001; baseline -0.002 -8"><span class='ocrx_word' id='word_1_731' title='bbox 1046 1976 1106 1994; x_wconf 82' lang='lat' dir='ltr'><strong>cum</strong></span> <span class='ocrx_word' id='word_1_732' title='bbox 1128 1967 1213 1995; x_wconf 72' lang='lat' dir='ltr'><strong>semel</strong></span> <span class='ocrx_word' id='word_1_733' title='bbox 1236 1966 1384 1994; x_wconf 75' lang='lat' dir='ltr'><strong>uchnderis</strong></span> <span class='ocrx_word' id='word_1_734' title='bbox 1400 1966 1497 1997; x_wconf 88' lang='lat' dir='ltr'><strong>Dettm,</strong></span> <span class='ocrx_word' id='word_1_735' title='bbox 1513 1971 1540 1993; x_wconf 82' lang='lat' dir='ltr'><strong>et</strong></span> <span class='ocrx_word' id='word_1_736' title='bbox 1562 1965 1640 2001; x_wconf 87' lang='lat' dir='ltr'><strong>quasi</strong></span> <span class='ocrx_word' id='word_1_737' title='bbox 1661 1965 1749 1992; x_wconf 89' lang='lat' dir='ltr'><strong>virutn</strong></span> <span class='ocrx_word' id='word_1_738' title='bbox 1771 1969 1849 1991; x_wconf 86' lang='lat' dir='ltr'><strong>tuum</strong></span> 
     </span>
    </p>
   </div>
   <div class='ocr_carea' id='block_1_100' title="bbox 1047 2010 1849 2048">
    <p class='ocr_par' dir='ltr' id='par_1_100' title="bbox 1047 2010 1849 2048">
     <span class='ocr_line' id='line_1_100' title="bbox 1047 2010 1849 2048; baseline -0.004 -7"><span class='ocrx_word' id='word_1_739' title='bbox 1047 2013 1192 2048; x_wconf 73' lang='lat' dir='ltr'><strong>reliqueris</strong></span> <span class='ocrx_word' id='word_1_740' title='bbox 1207 2014 1378 2045; x_wconf 85' lang='lat' dir='ltr'><strong>Creatorem,</strong></span> <span class='ocrx_word' id='word_1_741' title='bbox 1397 2013 1497 2039; x_wconf 70' lang='lat' dir='ltr'><strong>frustra</strong></span> <span class='ocrx_word' id='word_1_742' title='bbox 1514 2016 1677 2039; x_wconf 89' lang='lat' dir='ltr'><strong>ornamenta</strong></span> <span class='ocrx_word' id='word_1_743' title='bbox 1700 2010 1849 2046; x_wconf 81' lang='lat' dir='ltr'><strong>perquiris.</strong></span> 
     </span>
    </p>
   </div>
   <div class='ocr_carea' id='block_1_101' title="bbox 1046 2058 1852 2096">
    <p class='ocr_par' dir='ltr' id='par_1_101' title="bbox 1046 2058 1852 2096">
     <span class='ocr_line' id='line_1_101' title="bbox 1046 2058 1852 2096; baseline -0.006 -7"><span class='ocrx_word' id='word_1_744' title='bbox 1046 2062 1273 2096; x_wconf 68' lang='lat' dir='ltr'><strong>Contempsernnt</strong></span> <span class='ocrx_word' id='word_1_745' title='bbox 1288 2066 1313 2087; x_wconf 88' lang='lat' dir='ltr'><strong>te</strong></span> <span class='ocrx_word' id='word_1_746' title='bbox 1329 2060 1469 2087; x_wconf 52' lang='lat' dir='ltr'><strong>daemones</strong></span> <span class='ocrx_word' id='word_1_747' title='bbox 1483 2063 1623 2086; x_wconf 84' lang='lat' dir='ltr'><strong>amatores</strong></span> <span class='ocrx_word' id='word_1_748' title='bbox 1639 2058 1688 2091; x_wconf 86' lang='lat' dir='ltr'><strong>tui,</strong></span> <span class='ocrx_word' id='word_1_749' title='bbox 1703 2062 1732 2085; x_wconf 90' lang='lat' dir='ltr'><strong>et</strong></span> <span class='ocrx_word' id='word_1_750' title='bbox 1748 2065 1852 2093; x_wconf 80' lang='lat' dir='ltr'><strong>nequa-</strong></span> 
     </span>
    </p>
   </div>
   <div class='ocr_carea' id='block_1_102' title="bbox 1047 2105 1852 2144">
    <p class='ocr_par' dir='ltr' id='par_1_102' title="bbox 1047 2105 1852 2144">
     <span class='ocr_line' id='line_1_102' title="bbox 1047 2105 1852 2144; baseline -0.005 -9"><span class='ocrx_word' id='word_1_751' title='bbox 1047 2117 1126 2144; x_wconf 86' lang='lat' dir='ltr'><strong>quam</strong></span> <span class='ocrx_word' id='word_1_752' title='bbox 1140 2109 1227 2142; x_wconf 89' lang='lat' dir='ltr'><strong>stupri</strong></span> <span class='ocrx_word' id='word_1_753' title='bbox 1245 2107 1457 2139; x_wconf 83' lang='lat' dir='ltr'><strong>inttnunditiatu,</strong></span> <span class='ocrx_word' id='word_1_754' title='bbox 1476 2105 1524 2133; x_wconf 82' lang='lat' dir='ltr'><strong>sed</strong></span> <span class='ocrx_word' id='word_1_755' title='bbox 1540 2105 1640 2132; x_wconf 60' lang='lat' dir='ltr'><strong>animus</strong></span> <span class='ocrx_word' id='word_1_756' title='bbox 1656 2110 1708 2132; x_wconf 72' lang='lat' dir='ltr'><strong>tua:</strong></span> <span class='ocrx_word' id='word_1_757' title='bbox 1724 2108 1852 2140; x_wconf 72' lang='lat' dir='ltr'><strong>quaerent</strong></span> 
     </span>
    </p>
   </div>
   <div class='ocr_carea' id='block_1_103' title="bbox 1049 2151 1853 2190">
    <p class='ocr_par' dir='ltr' id='par_1_103' title="bbox 1049 2151 1853 2190">
     <span class='ocr_line' id='line_1_103' title="bbox 1049 2151 1853 2190; baseline -0.002 -8"><span class='ocrx_word' id='word_1_758' title='bbox 1049 2156 1201 2183; x_wconf 87' lang='lat' dir='ltr'><strong>interitum.</strong></span> <span class='ocrx_word' id='word_1_759' title='bbox 1215 2155 1297 2190; x_wconf 77' lang='lat'><strong>872</strong></span> <span class='ocrx_word' id='word_1_760' title='bbox 1310 2154 1365 2181; x_wconf 87' lang='lat' dir='ltr'><strong>Hoc</strong></span> <span class='ocrx_word' id='word_1_761' title='bbox 1388 2154 1458 2181; x_wconf 86' lang='lat' dir='ltr'><strong>Idem</strong></span> <span class='ocrx_word' id='word_1_762' title='bbox 1475 2153 1682 2188; x_wconf 78' lang='lat' dir='ltr'><strong>intelligendum</strong></span> <span class='ocrx_word' id='word_1_763' title='bbox 1699 2151 1853 2187; x_wconf 82' lang='lat' dir='ltr'><strong>spirituali~</strong></span> 
     </span>
    </p>
   </div>
   <div class='ocr_carea' id='block_1_104' title="bbox 1049 2198 1852 2236">
    <p class='ocr_par' dir='ltr' id='par_1_104' title="bbox 1049 2198 1852 2236">
     <span class='ocr_line' id='line_1_104' title="bbox 1049 2198 1852 2236; baseline -0.005 -6"><span class='ocrx_word' id='word_1_764' title='bbox 1049 2209 1090 2230; x_wconf 89' lang='lat' dir='ltr'><strong>ter</strong></span> <span class='ocrx_word' id='word_1_765' title='bbox 1104 2207 1202 2230; x_wconf 88' lang='lat' dir='ltr'><strong>contra</strong></span> <span class='ocrx_word' id='word_1_766' title='bbox 1222 2210 1279 2234; x_wconf 84' lang='lat' dir='ltr'><strong>eos,</strong></span> <span class='ocrx_word' id='word_1_767' title='bbox 1296 2202 1341 2236; x_wconf 85' lang='lat' dir='ltr'><strong>qui</strong></span> <span class='ocrx_word' id='word_1_768' title='bbox 1363 2201 1520 2236; x_wconf 72' lang='lat' dir='ltr'><strong>coniugales</strong></span> <span class='ocrx_word' id='word_1_769' title='bbox 1535 2200 1649 2228; x_wconf 79' lang='lat' dir='ltr'><strong>aﬁ‘ectus</strong></span> <span class='ocrx_word' id='word_1_770' title='bbox 1661 2205 1689 2227; x_wconf 89' lang='lat' dir='ltr'><strong>ct</strong></span> <span class='ocrx_word' id='word_1_771' title='bbox 1702 2206 1774 2227; x_wconf 66' lang='lat' dir='ltr'><strong>vera:</strong></span> <span class='ocrx_word' id='word_1_772' title='bbox 1787 2198 1852 2227; x_wconf 86' lang='lat' dir='ltr'><strong>ﬁdei</strong></span> 
     </span>
    </p>
   </div>
   <div class='ocr_carea' id='block_1_105' title="bbox 1049 2246 1851 2285">
    <p class='ocr_par' dir='ltr' id='par_1_105' title="bbox 1049 2246 1851 2285">
     <span class='ocr_line' id='line_1_105' title="bbox 1049 2246 1851 2285; baseline -0.004 -8"><span class='ocrx_word' id='word_1_773' title='bbox 1049 2250 1208 2285; x_wconf 86' lang='lat' dir='ltr'><strong>pudicitiam</strong></span> <span class='ocrx_word' id='word_1_774' title='bbox 1225 2249 1410 2284; x_wconf 86' lang='lat' dir='ltr'><strong>perdtderunt.</strong></span> <span class='ocrx_word' id='word_1_775' title='bbox 1425 2248 1452 2276; x_wconf 86' lang='lat' dir='ltr'><strong>Si</strong></span> <span class='ocrx_word' id='word_1_776' title='bbox 1467 2254 1505 2280; x_wconf 81' lang='lat' dir='ltr'><strong>te,</strong></span> <span class='ocrx_word' id='word_1_777' title='bbox 1523 2248 1621 2283; x_wconf 83' lang='lat' dir='ltr'><strong>inquit,</strong></span> <span class='ocrx_word' id='word_1_778' title='bbox 1638 2246 1766 2275; x_wconf 87' lang='lat' dir='ltr'><strong>vestieris</strong></span> <span class='ocrx_word' id='word_1_779' title='bbox 1782 2253 1851 2274; x_wconf 85' lang='lat' dir='ltr'><strong>coc-</strong></span> 
     </span>
    </p>
   </div>
   <div class='ocr_carea' id='block_1_106' title="bbox 1050 2293 1851 2332">
    <p class='ocr_par' dir='ltr' id='par_1_106' title="bbox 1050 2293 1851 2332">
     <span class='ocr_line' id='line_1_106' title="bbox 1050 2293 1851 2332; baseline -0.004 -8"><span class='ocrx_word' id='word_1_780' title='bbox 1050 2298 1122 2331; x_wconf 86' lang='lat' dir='ltr'><strong>cino,</strong></span> <span class='ocrx_word' id='word_1_781' title='bbox 1141 2297 1167 2324; x_wconf 93' lang='lat' dir='ltr'><strong>id</strong></span> <span class='ocrx_word' id='word_1_782' title='bbox 1184 2302 1237 2329; x_wconf 85' lang='lat' dir='ltr'><strong>est,</strong></span> <span class='ocrx_word' id='word_1_783' title='bbox 1255 2297 1397 2332; x_wconf 81' lang='lat' dir='ltr'><strong>sanguinis</strong></span> <span class='ocrx_word' id='word_1_784' title='bbox 1412 2296 1515 2323; x_wconf 71' lang='lat' dir='ltr'><strong>Christi</strong></span> <span class='ocrx_word' id='word_1_785' title='bbox 1540 2294 1725 2330; x_wconf 86' lang='lat' dir='ltr'><strong>assumpseris</strong></span> <span class='ocrx_word' id='word_1_786' title='bbox 1745 2293 1851 2322; x_wconf 82' lang='lat' dir='ltr'><strong>ﬁdem:</strong></span> 
     </span>
    </p>
   </div>
   <div class='ocr_carea' id='block_1_107' title="bbox 1050 2340 1851 2374">
    <p class='ocr_par' dir='ltr' id='par_1_107' title="bbox 1050 2340 1851 2374">
     <span class='ocr_line' id='line_1_107' title="bbox 1050 2340 1851 2374; baseline -0.002 -5"><span class='ocrx_word' id='word_1_787' title='bbox 1050 2343 1071 2369; x_wconf 85' lang='lat' dir='ltr'><strong>si</strong></span> <span class='ocrx_word' id='word_1_788' title='bbox 1087 2342 1182 2369; x_wconf 88' lang='lat' dir='ltr'><strong>monili</strong></span> <span class='ocrx_word' id='word_1_789' title='bbox 1197 2343 1339 2370; x_wconf 86' lang='lat' dir='ltr'><strong>ornaveris</strong></span> <span class='ocrx_word' id='word_1_790' title='bbox 1354 2350 1449 2374; x_wconf 90' lang='lat' dir='ltr'><strong>aureo,</strong></span> <span class='ocrx_word' id='word_1_791' title='bbox 1466 2341 1492 2368; x_wconf 90' lang='lat' dir='ltr'><strong>id</strong></span> <span class='ocrx_word' id='word_1_792' title='bbox 1510 2345 1562 2373; x_wconf 81' lang='lat' dir='ltr'><strong>est,</strong></span> <span class='ocrx_word' id='word_1_793' title='bbox 1579 2340 1785 2368; x_wconf 84' lang='lat' dir='ltr'><strong>meditationem</strong></span> <span class='ocrx_word' id='word_1_794' title='bbox 1800 2340 1851 2368; x_wconf 78' lang='lat' dir='ltr'><strong>In-</strong></span> 
     </span>
    </p>
   </div>
   <div class='ocr_carea' id='block_1_108' title="bbox 1052 2386 1853 2423">
    <p class='ocr_par' dir='ltr' id='par_1_108' title="bbox 1052 2386 1853 2423">
     <span class='ocr_line' id='line_1_108' title="bbox 1052 2386 1853 2423; baseline -0.004 -7"><span class='ocrx_word' id='word_1_795' title='bbox 1052 2390 1143 2417; x_wconf 89' lang='lat' dir='ltr'><strong>bueris</strong></span> <span class='ocrx_word' id='word_1_796' title='bbox 1160 2397 1259 2416; x_wconf 82' lang='lat' dir='ltr'><strong>sensus</strong></span> <span class='ocrx_word' id='word_1_797' title='bbox 1274 2394 1300 2416; x_wconf 90' lang='lat' dir='ltr'><strong>et</strong></span> <span class='ocrx_word' id='word_1_798' title='bbox 1315 2388 1504 2423; x_wconf 69' lang='lat' dir='ltr'><strong>intelligentim</strong></span> <span class='ocrx_word' id='word_1_799' title='bbox 1524 2387 1679 2422; x_wconf 81' lang='lat' dir='ltr'><strong>spiritualis</strong></span> <span class='ocrx_word' id='word_1_800' title='bbox 1693 2394 1700 2413; x_wconf 88' lang='lat'>:</span> <span class='ocrx_word' id='word_1_801' title='bbox 1713 2391 1741 2414; x_wconf 91' lang='lat' dir='ltr'><strong>et</strong></span> <span class='ocrx_word' id='word_1_802' title='bbox 1753 2386 1853 2421; x_wconf 73' lang='lat' dir='ltr'><strong>pinxe-</strong></span> 
     </span>
    </p>
   </div>
   <div class='ocr_carea' id='block_1_109' title="bbox 1049 2432 1853 2469">
    <p class='ocr_par' dir='ltr' id='par_1_109' title="bbox 1049 2432 1853 2469">
     <span class='ocr_line' id='line_1_109' title="bbox 1049 2432 1853 2469; baseline -0.004 -6"><span class='ocrx_word' id='word_1_803' title='bbox 1049 2436 1085 2464; x_wconf 76' lang='lat' dir='ltr'><strong>ris</strong></span> <span class='ocrx_word' id='word_1_804' title='bbox 1101 2436 1194 2463; x_wconf 86' lang='lat' dir='ltr'><strong>oculos</strong></span> <span class='ocrx_word' id='word_1_805' title='bbox 1212 2440 1272 2462; x_wconf 88' lang='lat' dir='ltr'><strong>tuos</strong></span> <span class='ocrx_word' id='word_1_806' title='bbox 1288 2436 1383 2467; x_wconf 80' lang='lat' dir='ltr'><strong>stibio,</strong></span> <span class='ocrx_word' id='word_1_807' title='bbox 1404 2435 1430 2462; x_wconf 94' lang='lat' dir='ltr'><strong>id</strong></span> <span class='ocrx_word' id='word_1_808' title='bbox 1445 2440 1498 2468; x_wconf 87' lang='lat' dir='ltr'><strong>est,</strong></span> <span class='ocrx_word' id='word_1_809' title='bbox 1516 2434 1644 2462; x_wconf 87' lang='lat' dir='ltr'><strong>habueris</strong></span> <span class='ocrx_word' id='word_1_810' title='bbox 1655 2432 1777 2461; x_wconf 85' lang='lat' dir='ltr'><strong>studium</strong></span> <span class='ocrx_word' id='word_1_811' title='bbox 1793 2441 1853 2469; x_wconf 74' lang='lat' dir='ltr'><strong>my-</strong></span> 
     </span>
    </p>
   </div>
   <div class='ocr_carea' id='block_1_110' title="bbox 1050 2482 1854 2516">
    <p class='ocr_par' dir='ltr' id='par_1_110' title="bbox 1050 2482 1854 2516">
     <span class='ocr_line' id='line_1_110' title="bbox 1050 2482 1854 2516; baseline -0.002 -6"><span class='ocrx_word' id='word_1_812' title='bbox 1050 2484 1196 2512; x_wconf 64' lang='lat' dir='ltr'><strong>steriorum</strong></span> <span class='ocrx_word' id='word_1_813' title='bbox 1208 2489 1235 2511; x_wconf 89' lang='lat' dir='ltr'><strong>et</strong></span> <span class='ocrx_word' id='word_1_814' title='bbox 1251 2483 1297 2510; x_wconf 82' lang='lat' dir='ltr'><strong>Dt&#39;I</strong></span> <span class='ocrx_word' id='word_1_815' title='bbox 1309 2487 1414 2510; x_wconf 76' lang='lat' dir='ltr'><strong>secreta</strong></span> <span class='ocrx_word' id='word_1_816' title='bbox 1427 2482 1567 2515; x_wconf 84' lang='lat' dir='ltr'><strong>noscendi,</strong></span> <span class='ocrx_word' id='word_1_817' title='bbox 1584 2482 1686 2509; x_wconf 84' lang='lat' dir='ltr'><strong>frustra</strong></span> <span class='ocrx_word' id='word_1_818' title='bbox 1699 2487 1854 2516; x_wconf 80' lang='lat' dir='ltr'><strong>compone-</strong></span> 
     </span>
    </p>
   </div>
   <div class='ocr_carea' id='block_1_111' title="bbox 1053 2528 1856 2563">
    <p class='ocr_par' dir='ltr' id='par_1_111' title="bbox 1053 2528 1856 2563">
     <span class='ocr_line' id='line_1_111' title="bbox 1053 2528 1856 2563; baseline -0.002 -7"><span class='ocrx_word' id='word_1_819' title='bbox 1053 2530 1101 2557; x_wconf 88' lang='lat' dir='ltr'><strong>ris.</strong></span> <span class='ocrx_word' id='word_1_820' title='bbox 1115 2530 1178 2557; x_wconf 54' lang='lat' dir='ltr'><strong>llaec</strong></span> <span class='ocrx_word' id='word_1_821' title='bbox 1194 2530 1265 2557; x_wconf 90' lang='lat' dir='ltr'><strong>enim</strong></span> <span class='ocrx_word' id='word_1_822' title='bbox 1281 2530 1363 2556; x_wconf 90' lang='lat' dir='ltr'><strong>etiam</strong></span> <span class='ocrx_word' id='word_1_823' title='bbox 1375 2530 1428 2557; x_wconf 88' lang='lat' dir='ltr'><strong>tuis</strong></span> <span class='ocrx_word' id='word_1_824' title='bbox 1441 2528 1610 2556; x_wconf 87' lang='lat' dir='ltr'><strong>amatoribus</strong></span> <span class='ocrx_word' id='word_1_825' title='bbox 1623 2533 1814 2563; x_wconf 63' lang='lat' dir='ltr'><strong>praeparans;</strong></span> <span class='ocrx_word' id='word_1_826' title='bbox 1827 2531 1856 2554; x_wconf 84' lang='lat' dir='ltr'><strong>et</strong></span> 
     </span>
    </p>
   </div>
   <div class='ocr_carea' id='block_1_112' title="bbox 1051 2576 1853 2611">
    <p class='ocr_par' dir='ltr' id='par_1_112' title="bbox 1051 2576 1853 2611">
     <span class='ocr_line' id='line_1_112' title="bbox 1051 2576 1853 2611; baseline -0.002 -8"><span class='ocrx_word' id='word_1_827' title='bbox 1051 2576 1153 2603; x_wconf 86' lang='lat' dir='ltr'><strong>idcirco</strong></span> <span class='ocrx_word' id='word_1_828' title='bbox 1168 2576 1253 2603; x_wconf 86' lang='lat' dir='ltr'><strong>lectus</strong></span> <span class='ocrx_word' id='word_1_829' title='bbox 1266 2581 1399 2611; x_wconf 87' lang='lat' dir='ltr'><strong>angustus</strong></span> <span class='ocrx_word' id='word_1_830' title='bbox 1411 2581 1557 2611; x_wconf 91' lang='lat' dir='ltr'><strong>utrumque</strong></span> <span class='ocrx_word' id='word_1_831' title='bbox 1568 2582 1667 2610; x_wconf 88' lang='lat' dir='ltr'><strong>capere</strong></span> <span class='ocrx_word' id='word_1_832' title='bbox 1679 2582 1732 2602; x_wconf 86' lang='lat' dir='ltr'><strong>non</strong></span> <span class='ocrx_word' id='word_1_833' title='bbox 1745 2578 1853 2609; x_wconf 83' lang='lat' dir='ltr'><strong>potest,</strong></span> 
     </span>
    </p>
   </div>
   <div class='ocr_carea' id='block_1_113' title="bbox 1052 2621 1854 2658">
    <p class='ocr_par' dir='ltr' id='par_1_113' title="bbox 1052 2621 1854 2658">
     <span class='ocr_line' id='line_1_113' title="bbox 1052 2621 1854 2658; baseline -0.002 -8"><span class='ocrx_word' id='word_1_834' title='bbox 1052 2631 1102 2651; x_wconf 90' lang='lat' dir='ltr'><strong>nec</strong></span> <span class='ocrx_word' id='word_1_835' title='bbox 1118 2623 1214 2657; x_wconf 86' lang='lat' dir='ltr'><strong>recipit</strong></span> <span class='ocrx_word' id='word_1_836' title='bbox 1229 2627 1392 2651; x_wconf 85' lang='lat' dir='ltr'><strong>ornamenta</strong></span> <span class='ocrx_word' id='word_1_837' title='bbox 1408 2623 1492 2657; x_wconf 90' lang='lat' dir='ltr'><strong>Deus,</strong></span> <span class='ocrx_word' id='word_1_838' title='bbox 1505 2623 1603 2658; x_wconf 88' lang='lat' dir='ltr'><strong>quibus</strong></span> <span class='ocrx_word' id='word_1_839' title='bbox 1617 2621 1787 2650; x_wconf 83' lang='lat' dir='ltr'><strong>amatoribus</strong></span> <span class='ocrx_word' id='word_1_840' title='bbox 1799 2621 1854 2648; x_wconf 78' lang='lat' dir='ltr'><strong>tuis</strong></span> 
     </span>
    </p>
   </div>
   <div class='ocr_carea' id='block_1_114' title="bbox 1051 2669 1269 2704">
    <p class='ocr_par' dir='ltr' id='par_1_114' title="bbox 1051 2669 1269 2704">
     <span class='ocr_line' id='line_1_114' title="bbox 1051 2669 1269 2704; baseline 0 -8"><span class='ocrx_word' id='word_1_841' title='bbox 1051 2674 1115 2697; x_wconf 87' lang='lat' dir='ltr'><strong>ante</strong></span> <span class='ocrx_word' id='word_1_842' title='bbox 1132 2669 1269 2704; x_wconf 83' lang='lat' dir='ltr'><strong>placuisti.</strong></span> 
     </span>
    </p>
   </div>
   <div class='ocr_carea' id='block_1_115' title="bbox 1087 2714 1855 2752">
    <p class='ocr_par' dir='ltr' id='par_1_115' title="bbox 1087 2714 1855 2752">
     <span class='ocr_line' id='line_1_115' title="bbox 1087 2714 1855 2752; baseline 0.001 -8"><span class='ocrx_word' id='word_1_843' title='bbox 1087 2716 1179 2752; x_wconf 82' lang='lat' dir='ltr'><strong>(Vers.</strong></span> <span class='ocrx_word' id='word_1_844' title='bbox 1196 2716 1257 2750; x_wconf 80' lang='grc'><strong>51.)</strong></span> <span class='ocrx_word' id='word_1_845' title='bbox 1276 2716 1370 2744; x_wconf 90' lang='lat' dir='ltr'><strong>Vocem</strong></span> <span class='ocrx_word' id='word_1_846' title='bbox 1385 2717 1453 2744; x_wconf 85' lang='lat' dir='ltr'><strong>enim</strong></span> <span class='ocrx_word' id='word_1_847' title='bbox 1467 2716 1541 2751; x_wconf 87' lang='lat' dir='ltr'><strong>quasi</strong></span> <span class='ocrx_word' id='word_1_848' title='bbox 1555 2715 1724 2752; x_wconf 76' lang='lat' dir='ltr'><strong>parturientis</strong></span> <span class='ocrx_word' id='word_1_849' title='bbox 1737 2714 1830 2743; x_wconf 66' lang='lat' dir='ltr'><strong>audiui</strong></span> <span class='ocrx_word' id='word_1_850' title='bbox 1842 2722 1855 2745; x_wconf 73' lang='grc' dir='ltr'><strong><em>ἔ</em></strong></span> 
     </span>
    </p>
   </div>
   <div class='ocr_carea' id='block_1_116' title="bbox 1059 2827 1856 2864">
    <p class='ocr_par' dir='ltr' id='par_1_116' title="bbox 1059 2827 1856 2864">
     <span class='ocr_line' id='line_1_116' title="bbox 1059 2827 1856 2864; baseline 0.003 -10"><span class='ocrx_word' id='word_1_851' title='bbox 1059 2827 1113 2855; x_wconf 89' lang='lat' dir='ltr'><strong>culi</strong></span> <span class='ocrx_word' id='word_1_852' title='bbox 1128 2833 1244 2863; x_wconf 90' lang='lat' dir='ltr'><strong>partem,</strong></span> <span class='ocrx_word' id='word_1_853' title='bbox 1265 2828 1395 2857; x_wconf 75' lang='lat' dir='ltr'><strong>Universtc</strong></span> <span class='ocrx_word' id='word_1_854' title='bbox 1407 2830 1482 2857; x_wconf 84' lang='lat' dir='ltr'><strong>nrbes</strong></span> <span class='ocrx_word' id='word_1_855' title='bbox 1498 2829 1637 2864; x_wconf 62' lang='lat' dir='ltr'><strong>derelictio,</strong></span> <span class='ocrx_word' id='word_1_856' title='bbox 1652 2834 1677 2858; x_wconf 82' lang='lat' dir='ltr'><strong>et</strong></span> <span class='ocrx_word' id='word_1_857' title='bbox 1690 2837 1742 2857; x_wconf 79' lang='lat' dir='ltr'><strong>non</strong></span> <span class='ocrx_word' id='word_1_858' title='bbox 1756 2828 1856 2857; x_wconf 73' lang='lat' dir='ltr'><strong>habitet</strong></span> 
     </span>
    </p>
   </div>
   <div class='ocr_carea' id='block_1_117' title="bbox 1061 2864 1856 2900">
    <p class='ocr_par' dir='ltr' id='par_1_117' title="bbox 1061 2864 1856 2900">
     <span class='ocr_line' id='line_1_117' title="bbox 1061 2864 1856 2900; baseline 0.005 -10"><span class='ocrx_word' id='word_1_859' title='bbox 1061 2865 1087 2890; x_wconf 83' lang='lat' dir='ltr'><strong>in</strong></span> <span class='ocrx_word' id='word_1_860' title='bbox 1104 2865 1139 2891; x_wconf 83' lang='lat' dir='ltr'><strong>eis</strong></span> <span class='ocrx_word' id='word_1_861' title='bbox 1153 2864 1240 2898; x_wconf 81' lang='lat' dir='ltr'><strong>homo,</strong></span> <span class='ocrx_word' id='word_1_862' title='bbox 1255 2873 1339 2899; x_wconf 85' lang='lat' dir='ltr'><strong>penes</strong></span> <span class='ocrx_word' id='word_1_863' title='bbox 1364 2865 1515 2898; x_wconf 79' lang='lat' dir='ltr'><strong>Rabanum,</strong></span> <span class='ocrx_word' id='word_1_864' title='bbox 1529 2866 1654 2900; x_wconf 83' lang='lat' dir='ltr'><strong>duOSque</strong></span> <span class='ocrx_word' id='word_1_865' title='bbox 1665 2872 1731 2894; x_wconf 89' lang='lat' dir='ltr'><strong>mss.</strong></span> <span class='ocrx_word' id='word_1_866' title='bbox 1743 2865 1856 2894; x_wconf 77' lang='lat' dir='ltr'><strong>codices</strong></span> 
     </span>
    </p>
   </div>
   <div class='ocr_carea' id='block_1_118' title="bbox 1062 2901 1853 2936">
    <p class='ocr_par' dir='ltr' id='par_1_118' title="bbox 1062 2901 1853 2936">
     <span class='ocr_line' id='line_1_118' title="bbox 1062 2901 1853 2936; baseline 0.005 -10"><span class='ocrx_word' id='word_1_867' title='bbox 1062 2905 1190 2935; x_wconf 86' lang='lat' dir='ltr'><strong>tauquam</strong></span> <span class='ocrx_word' id='word_1_868' title='bbox 1206 2901 1243 2932; x_wconf 81' lang='lat' dir='ltr'><strong>id.</strong></span> <span class='ocrx_word' id='word_1_869' title='bbox 1260 2902 1333 2936; x_wconf 92' lang='lat' dir='ltr'><strong>quod</strong></span> <span class='ocrx_word' id='word_1_870' title='bbox 1355 2902 1389 2930; x_wconf 91' lang='lat' dir='ltr'><strong>de</strong></span> <span class='ocrx_word' id='word_1_871' title='bbox 1411 2908 1461 2930; x_wconf 90' lang='lat' dir='ltr'><strong>suo</strong></span> <span class='ocrx_word' id='word_1_872' title='bbox 1475 2901 1645 2930; x_wconf 81' lang='lat' dir='ltr'><strong>addidissent</strong></span> <span class='ocrx_word' id='word_1_873' title='bbox 1657 2901 1729 2930; x_wconf 75' lang='lat' dir='ltr'><strong>LXX</strong></span> <span class='ocrx_word' id='word_1_874' title='bbox 1742 2901 1853 2931; x_wconf 79' lang='lat' dir='ltr'><strong>adduci.</strong></span> 
     </span>
    </p>
   </div>
  </div>
