4084 6324
237 302 340 362 715

777 302 1454 377 ι(ΞΟΜΜΕΝἹἊΒΙΟΜΙΜ
1496 299 1562 361 1Ν
1603 297 1846 362 JEREMI

1990 297 2412 360 PROPIIETAM
2452 302 2580 360 LIB.
2624 305 2663 360 ι.
2705 301 2860 363 CAP.
2909 305 2970 361 V.

3433 307 3538 366 714

232 417 508 494 angustias
539 421 680 494 (sive
709 421 951 496 gemitus)
981 431 1036 475 ut
1060 435 1349 494 puerperae.
1388 417 1502 475 Vox
1529 419 1655 491 ﬁliae
1699 418 1830 474 Sion
1860 420 1908 479 Α
1940 411 2172 478 Domini,
2207 415 2467 484 judicium
2500 414 2728 489 Deigsui.
2759 416 2784 470 1
2794 417 2856 471 bo
2887 417 3043 489 igitur
3068 419 3137 472 ad
3167 420 3462 490 optimates,
3494 433 3542 475 et

232 519 260 552 ⁸
311 513 721 568 intermorientis
768 512 1210 584 expundeutisque
1259 529 1442 566 manus
1487 528 1612 566 suas
1661 527 1680 565 :
1743 508 1833 563 Va:

231 605 378 674 mihi,
404 608 536 678 quia
564 607 753 676 defecit
780 609 955 662 anima
987 625 1102 664 mea
1143 617 1353 682 propter
1403 608 1717 678 interfectos.
1749 605 1832 661 Ad

231 698 657 756 similitudinem
697 701 944 755 mulieris
991 715 1302 771 puerperae,
1337 699 1388 754 id
1420 709 1526 766 est,
1562 715 1681 769 quae
1715 697 1829 767 pri-

229 806 348 849 mos
374 793 524 864 parit
556 792 726 860 fetus,
749 792 1017 849 describit
1045 791 1234 848 urbem
1281 791 1588 847 Jerusalem
1623 789 1832 861 eiulan-

229 893 334 942 tem
376 896 543 958 atque
593 884 942 944 clamantem.
975 885 1262 955 Quomodo
1311 885 1458 941 enim
1506 884 1705 940 mulier
1736 895 1831 953 pa-

227 977 409 1045 riens,
447 988 505 1034 et
554 977 788 1033 necdum
842 976 1088 1033 dolorem
1143 976 1524 1048 partttritionis
1579 986 1828 1047 experta,

226 1070 255 1112 δ
286 1087 428 1144 pene
468 1072 727 1137 moritur,
759 1081 816 1129 et
857 1071 1141 1144 angustias
1186 1073 1485 1137 sustinens,
1517 1071 1604 1126 vix
1650 1079 1832 1141 potest

227 1165 528 1236 respirare,
561 1165 878 1238 sparsisque
902 1166 1156 1222 manibus
1179 1165 1504 1230 collabitur,
1534 1165 1612 1220 sic
1634 1176 1690 1220 et
1718 1163 1827 1219 ﬁlia

224 1257 380 1325 Sion,
411 1275 538 1316 cum
574 1275 705 1316 suos
743 1259 944 1316 viderit
988 1259 1192 1316 liberos
1233 1259 1576 1326 interfectos,
1613 1259 1664 1314 in
1711 1258 1829 1316 hare

224 1353 388 1409 verba
423 1364 766 1424 prorumpet,
800 1362 857 1409 et
897 1353 1044 1408 dicet
1074 1352 1180 1426 [AL
1214 1353 1524 1426 prorumpit
1544 1361 1602 1409 et
1630 1351 1783 1419 dicit]
1813 1371 1824 1406 :

234 1443 322 1502 Va:
347 1444 502 1513 mihi,
535 1448 660 1519 quia
688 1447 876 1518 defecit
922 1447 1097 1501 anima
1130 1464 1242 1502 mea
1268 1456 1480 1521 propter
1506 1447 1822 1516 interfectos.

223 1537 339 1594 Duo
361 1551 550 1594 autem
576 1541 826 1610 exempla
856 1538 911 1594 in
937 1555 1048 1595 uno
1073 1540 1314 1611 capitulo
1339 1547 1652 1610 comparata
1675 1549 1824 1607 sunt,

223 1633 586 1705 parturientis
629 1632 774 1687 ﬁlios
819 1641 875 1689 ct
922 1633 1206 1705 lugentis:
1239 1643 1298 1689 ut
1335 1633 1601 1706 quidquid
1627 1634 1826 1690 mulier

223 1725 428 1798 patitur
475 1725 534 1782 in
578 1728 712 1794 l’etu,
755 1728 844 1783 vel
898 1729 1172 1784 mortibus
1224 1727 1488 1796 ﬁliorum,
1517 1727 1823 1784 Jerusalem

225 1820 463 1891 patiatur
494 1821 548 1875 in
583 1820 817 1892 populis.

295 1914 454 1990 (Cap.
490 1915 642 1970 V.—
666 1915 830 1972 Vers.
864 1917 916 1984 1,
939 1917 1021 1986 2.)
1048 1915 1275 1974 Circuite
1305 1919 1416 1973 vias
1441 1915 1760 1985 Jerusalem,
1775 1927 1824 1973 et

224 2008 460 2080 aspicite,
487 2016 536 2061 et
583 2009 932 2074 considerate,
957 2019 1002 2063 et
1048 2011 1262 2081 qucrrite
1289 2010 1342 2064 in
1377 2011 1561 2083 plateis
1590 2015 1728 2085 ejus,
1755 2028 1825 2066 an

225 2100 501 2154 inveniatis
519 2102 709 2166 virum,
729 2101 818 2172 qui
845 2101 1006 2172 faciat
1027 2102 1310 2172 judicium,
1343 2112 1606 2174 etquwrat
1633 2102 1828 2173 ﬁdem:

227 2201 274 2248 et
293 2193 557 2266 propitius
583 2209 674 2249 ero
702 2195 770 2248 ei.
793 2194 946 2262 Quod
965 2195 1013 2248 si
1035 2195 1212 2262 etiam,
1238 2196 1358 2251 vivit
1387 2195 1665 2260 Dominus,
1682 2195 1830 2250 dixe-

228 2288 360 2354 rint,
383 2296 434 2342 et
465 2287 564 2343 hoc
595 2288 732 2360 falso
751 2288 1028 2362 jurabunt.
1059 2289 1295 2347 Grandis
1315 2306 1474 2346 amor
1494 2289 1745 2362 iustitiae,
1775 2299 1833 2346 ut

231 2397 575 2454 nequaquam
604 2384 760 2454 juxta
804 2383 1293 2455 interrogationem
1343 2384 1603 2451 Abrahae,
1649 2391 1706 2440 et
1743 2398 1828 2440 re-

235 2475 589 2546 sponsionem
616 2478 707 2532 Dei
731 2491 831 2550 pro
853 2475 1045 2532 decem
1067 2477 1200 2532 viris
1211 2477 1376 2548 justis
1400 2478 1546 2534 Deus
1566 2477 1834 2532 liberave-

235 2569 302 2625 rit
333 2568 447 2642 [ΑΙ.
474 2568 693 2643 liberet]
716 2571 1002 2626 civitatem
1027 2569 1243 2643 (Cenes.
1272 2573 1452 2642 xvttt);
1471 2569 1567 2625 sed
1597 2572 1643 2626 si
1667 2585 1834 2624 unum

237 2661 509 2720 invenerit
547 2661 883 2735 jamjamque
915 2664 1155 2732 peritura
1197 2663 1526 2731 Jerusalem,
1554 2662 1648 2735 qui
1677 2663 1838 2718 iaciat

235 2755 524 2828 judicium,
554 2765 612 2812 et
662 2768 872 2828 quaerat
927 2757 1090 2813 ﬁdem
1150 2757 1330 2830 (sive,
1364 2766 1424 2812 ut
1476 2755 1838 2830 Symmachus

239 2849 543 2917 transtulit,
563 2851 872 2920 veritatem),
895 2861 1076 2906 tamen
1100 2849 1244 2906 Deus
1269 2850 1594 2905 misereatur
1617 2849 1842 2904 Jerusa-

243 2942 373 3000 lem.
400 2943 466 2997 Et
491 2943 617 3012 quia
659 2951 874 3012 poterat
906 2942 1048 3010 ﬁeri,
1082 2951 1143 2997 ut
1178 2941 1344 3013 aliqui
1380 2942 1764 2997 invenirentur
1788 2942 1840 2998 in

243 3036 468 3107 populo,
499 3035 592 3106 qui
619 3035 949 3093 simularent
990 3035 1199 3091 cultum
1230 3035 1346 3103 Dei,
1372 3045 1428 3091 et
1451 3035 1705 3106 jurarent
1744 3049 1843 3105 per

245 3130 440 3199 Deum,
472 3130 578 3187 boc
621 3131 908 3202 praevenit,
932 3130 1079 3203 quod
1121 3145 1464 3202 nequaquam
1508 3131 1652 3186 Deus
1694 3128 1846 3184 vanis

1937 506 2119 577 loquar
2149 507 2221 562 eis
2251 524 2270 562 :
2299 509 2399 580 ipsi
2428 510 2565 563 enim
2595 522 2938 581 coynoverunt
2968 511 3103 564 viam
3127 509 3365 578 Domini,
3384 513 3538 586 judi-

1935 600 2072 654 cium
2104 598 2204 656 Dei
2232 603 2334 657 sai.
2360 602 2636 673 Pattperes
2671 604 2759 660 hic
2786 616 2839 660 et
2867 604 3178 675 Optimales,
3216 624 3323 664 non
3354 608 3535 680 inopia

1934 689 2068 747 dicit
2107 703 2161 747 et
2190 692 2417 761 divitiis,
2451 695 2544 750 sed
2577 697 2836 765 p0pulum
2869 698 3206 770 principibus
3232 711 3534 770 comparat.

1934 785 2001 841 Et
2027 797 2110 842 est
2139 802 2333 844 sensus
2363 807 2375 842 :
2405 788 2652 846 Cernens
2681 790 2916 846 inﬁdelis
2940 794 3119 864 populi
3154 795 3532 865 pertinaciam,

1933 887 1988 934 et
2032 880 2180 951 quod
2221 879 2472 937 indurata
2509 884 2644 939 facie
2671 925 2684 949 ,
2735 885 2972 940 noluerit
3011 891 3258 956 recipere
3297 887 3539 959 discipli-

1933 986 2080 1036 nam,
2130 974 2232 1028 boc
2271 989 2483 1030 mecum
2521 977 2733 1032 ratione
2765 978 3058 1034 tractabam
3094 997 3108 1034 :
3139 979 3390 1035 Forsitan
3418 981 3538 1036 vul-

1931 1080 2029 1135 gus
2066 1065 2307 1136 ignobile
2336 1068 2432 1123 Dei
2463 1083 2570 1124 non
2603 1079 2778 1140 potest
2811 1086 2974 1127 nosse
3003 1073 3334 1141 doctrinam,
3367 1084 3424 1130 et
3454 1073 3538 1130 id-

1931 1159 2077 1215 circo
2123 1162 2437 1220 excusabile
2478 1174 2594 1229 est,
2641 1165 2768 1235 quia
2817 1175 3038 1237 propter
3077 1168 3402 1239 imperitiam
3442 1170 3534 1226 Dei

1932 1268 2036 1306 nou
2066 1253 2212 1309 valet
2241 1257 2382 1311 scire
2410 1258 2687 1318 mandata.
2724 1259 2947 1329 Pergam
2986 1261 3150 1330 igitur
3186 1262 3250 1316 atl
3282 1262 3538 1318 sacerdo-

1931 1352 2034 1411 tes,
2075 1356 2128 1400 et
2169 1362 2263 1401 eos
2305 1349 2397 1418 qui
2441 1361 2682 1419 praesunt
2723 1351 2942 1421 populo,
2973 1363 3026 1406 et
3056 1353 3245 1423 loquar
3274 1355 3352 1409 eis
3384 1374 3399 1410 :
3429 1356 3534 1425 ipsi

1929 1439 2073 1493 enim
2110 1439 2442 1496 voluntatem
2480 1443 2691 1498 Domini
2733 1456 3126 1517 cognoverunt,
3158 1456 3216 1502 et
3245 1450 3420 1504 sciunt
3448 1450 3536 1520 ju-

1929 1532 2133 1588 dicium
2165 1535 2262 1590 Dei
2289 1537 2396 1592 sui.
2421 1537 2537 1593 [loc
2565 1550 2743 1594 autem
2773 1540 2906 1595 dicit
2932 1555 3184 1598 sermone
3210 1543 3535 1612 dubitantis,

1925 1625 2080 1697 juxta
2117 1627 2248 1684 illud
2295 1630 2685 1703 Evangelicum
2722 1651 2736 1686 :
2766 1633 2975 1690 Mittunt
3004 1637 3173 1705 ﬁlium
3205 1655 3392 1708 meum,
3425 1641 3535 1710 for-

1926 1723 2063 1776 sitan
2089 1723 2262 1791 ipsunt
2289 1725 2652 1781 reverebantur
2685 1725 2900 1797 (Matth.
2937 1745 3049 1796 xxt,
3080 1730 3199 1800 '57).
3242 1742 3301 1786 ut
3326 1746 3391 1788 ex
3424 1747 3542 1788 am-

1855 1824 1900 1885 Β
1929 1813 2194 1886 biguitate
2233 1817 2544 1880 sententiae,
2579 1828 2635 1875 et
2665 1821 3025 1890 suspensione
3058 1823 3376 1891 verborum,
3407 1826 3541 1883 libe-

1929 1923 2046 1963 rum
2075 1908 2311 1965 hominis
2337 1921 2739 1968 monstraretur
2765 1913 3070 1970 arbitrium.

2001 2003 2181 2076 (Vers.
2219 2006 2299 2076 6.)
2334 2004 2403 2060 Et
2441 2023 2554 2062 ecce
2585 2008 2748 2079 magis
2779 2009 2833 2062 hi
2862 2010 3020 2064 simul
3048 2011 3418 2083 confregerunt
3440 2018 3536 2088 ju-

1929 2116 2053 2171 gum
2094 2116 2113 2153 :
2140 2110 2391 2172 ruperunt
2421 2100 2630 2156 vincula
2655 2148 2668 2171 ,
2703 2103 2896 2158 idcirco
2941 2107 3193 2176 percussit
3233 2123 3317 2161 eos
3358 2105 3438 2162 leo
3479 2110 3544 2164 de

1927 2192 2082 2262 silva,
2120 2193 2276 2262 lupus
2315 2193 2386 2247 ad
2414 2211 2678 2265 vesperam
2710 2198 2925 2250 vastavit
2971 2213 3076 2265 eos,
3104 2199 3296 2271 pardus
3324 2201 3542 2274 vigilans

1932 2303 2086 2358 super
2125 2289 2356 2343 civitates
2397 2303 2606 2356 earum;
2633 2291 2799 2344 omnis
2824 2293 2911 2362 qui
2937 2309 3167 2364 egressus
3197 2294 3353 2363 fuerit
3383 2312 3446 2350 ex
3476 2297 3548 2351 eis

1936 2381 2186 2451 capietur.
2227 2380 2366 2448 Quia
2408 2383 2768 2454 multiplicata:
2805 2396 2926 2439 sunt
2973 2387 3420 2457 prtevaricatioues
3460 2407 3546 2446 eo-

1937 2490 2072 2542 rum,
2118 2474 2422 2544 confortatte
2460 2485 2579 2530 sunt
2618 2480 2910 2532 aversiones
2949 2495 3140 2534 eorum.
3187 2481 3335 2550 Quos
3377 2485 3545 2556 magi-

1936 2575 2084 2622 stros
2126 2567 2406 2636 putabam,
2447 2568 2653 2622 inventi
2684 2580 2813 2624 sunt
2847 2569 3060 2640 pejores
3088 2587 3210 2628 esse
3235 2573 3542 2646 discipulis,

1938 2667 1992 2714 et
2025 2669 2232 2729 quanto
2262 2656 2314 2712 in
2347 2657 2608 2714 divitibus
2636 2659 2811 2731 major
2838 2662 3159 2733 auctoritas,
3189 2675 3338 2720 tanto
3369 2667 3545 2736 major

1941 2750 2233 2805 insolentia
2287 2761 2655 2821 peccatorum.
2713 2751 3113 2826 Coniregeruut
3161 2758 3305 2814 enim
3350 2761 3542 2833 jugum

1943 2841 2123 2912 Legis,
2171 2841 2384 2898 dicente
2429 2843 2692 2913 Apostolo
2743 2859 2762 2898 :
2808 2844 2966 2901 Nunc
3014 2867 3134 2922 ergo
3177 2853 3302 2920 quid
3340 2857 3548 2909 tentatis

1946 2934 2136 2999 Deum,
2175 2937 2440 3006 imponere
2468 2939 2656 3008 iugum
2679 2955 2832 3010 super
2857 2942 3100 2996 cervicem
3125 2943 3294 3019 8⁷η,
3321 2949 3550 3021 discipu-

1945 3033 2134 3096 lorum,
2157 3029 2296 3100 quod
2322 3045 2484 3099 neque
2509 3040 2681 3100 patres
2706 3033 2891 3099 nostri,
2923 3051 3084 3106 neque
3111 3054 3203 3092 nos
3225 3047 3432 3108 portare
3453 3060 3548 3113 po—

1947 3121 2176 3175 tuimus?
2193 3120 2282 3175 sed
2301 3138 2392 3193 per
2409 3125 2635 3196 gratiam
2659 3123 2868 3181 Domini
2890 3127 2924 3182 J
2931 3146 3020 3184 esu
3047 3132 3306 3189 credimus
3333 3136 3547 3204 salvari,

245 3225 612 3291 sermonibus,
634 3224 733 3281 sed
767 3224 1002 3282 veritate
1042 3223 1170 3281 ﬁdei
1214 3224 1540 3289 delectetur,
1565 3233 1621 3280 et
1665 3221 1797 3278 dicit
1823 3239 1839 3275 :
1869 3222 1914 3284 C
1945 3214 2378 3285 quemadmodum
2405 3226 2450 3270 el
2473 3218 2553 3272 illi
2582 3219 2721 3291 (Act.
2747 3235 2836 3288 xv,
2871 3221 2960 3290 10,
2991 3223 3080 3295 11)
3124 3245 3136 3281 :
3177 3241 3553 3303 ruperuntquc

247 3317 361 3374 Non
389 3335 488 3375 eos
512 3318 711 3388 diligo,
732 3319 824 3389 qui
849 3317 1044 3389 jurant
1073 3331 1169 3387 per
1196 3333 1306 3386 me,
1330 3317 1591 3388 etjurant
1621 3317 1672 3371 in
1697 3331 1849 3370 men-

248 3412 427 3482 dacio,
456 3413 553 3469 sed
579 3426 811 3485 quorum
843 3411 1011 3468 corda
1046 3411 1302 3478 labiaque
1327 3411 1704 3468 consentiunt.

317 3506 504 3577 (Vera.
540 3506 621 3578 ὅ.)
647 3503 888 3570 Domine,
919 3503 1057 3559 oculi
1085 3505 1163 3559 tui
1187 3505 1472 3578 respiciunt
1498 3504 1655 3573 fidem
1685 3519 1702 3557 :
1733 3519 1854 3572 per-

253 3600 456 3655 cussisti
478 3616 589 3667 eos,
613 3599 778 3672 873
811 3609 857 3653 et
881 3614 985 3653 non
1011 3598 1325 3664 doluerunt;
1351 3597 1596 3652 attrivisti
1634 3596 1778 3662 illos,
1808 3606 1855 3652 et

251 3703 531 3751 renuerunt
570 3693 808 3764 accipere
851 3691 1208 3762 disciplinam.
1259 3689 1651 3745 Induraverunt
1695 3689 1855 3760 facies

251 3805 367 3844 suas
406 3802 568 3861 super
605 3797 827 3856 petram,
857 3795 907 3841 et
955 3785 1234 3840 noluerunt
1278 3783 1486 3838 reverti.
1519 3783 1653 3838 Post
1691 3783 1857 3838 verba

253 3881 502 3951 Domini,
539 3882 742 3954 quibus
785 3881 1161 3951 imperaverat
1207 3878 1402 3935 dicens
1439 3896 1453 3932 ε
1487 3877 1713 3933 Circuite
1749 3879 1860 3934 vias

254 3978 568 4047 Jerusalem,
600 3988 657 4035 et
701 3987 922 4047 cmtera,
949 3976 1224 4048 Propheta
1266 3973 1510 4046 loquitur
1554 3972 1620 4027 ad
1671 3971 1861 4026 Domi-

258 4089 382 4129 num
401 4092 414 4128 :
432 4071 675 4140 Domine,
702 4071 842 4126 oculi
860 4071 936 4125 tui
951 4069 1237 4140 respiciunt
1263 4069 1440 4139 ﬁdem,
1455 4081 1576 4138 quae
1595 4063 1862 4122 Hebraice

257 4167 462 4225 dicitur
478 4182 661 4224 suum
689 4162 936 4238 (mins):
964 4179 1072 4219 non
1101 4178 1266 4233 opera
1295 4159 1635 4224 Judatorum,
1657 4159 1710 4214 in
1742 4159 1864 4230 qui-

258 4264 359 4320 bus
385 4264 542 4333 juxta
573 4261 734 4332 Legis
767 4258 1129 4316 caeremonias
1160 4255 1540 4320 exsultabant;
1570 4252 1668 4310 sed
1698 4252 1860 4309 ﬁdem

259 4354 720 4422 Christianorum,
746 4370 844 4426 per
888 4368 1050 4425 quam
1089 4351 1260 4425 gratia
1310 4351 1443 4407 salvi
1485 4348 1613 4404 tacti
1651 4362 1860 4404 sumus.

263 4453 376 4508 llnc
400 4461 588 4508 autem
613 4448 860 4520 capitulo
880 4448 1163 4513 discimus,
1193 4446 1400 4503 idcirco
1423 4443 1612 4501 inferri
1649 4443 1862 4515 suppli-

262 4548 367 4616 cia,
402 4555 462 4602 ut
491 4545 621 4600 vitia
646 4545 1010 4614 corrigantur.
1034 4541 1275 4614 Denique
1299 4543 1399 4610 ait,
1428 4540 1726 4614 percussisti
1750 4556 1859 4607 eos,

263 4650 310 4696 et
339 4657 442 4696 non
471 4637 749 4694 doluerunt
776 4652 797 4703 ,°
822 4637 1066 4691 attrivisti
1101 4653 1207 4702 eos,
1233 4645 1282 4690 et
1311 4643 1600 4690 renuerunt
1632 4635 1864 4704 accipere

268 4732 620 4806 disciplinam.
643 4732 748 4787 Per
771 4731 953 4786 omnia
985 4729 1130 4784 enim
1158 4735 1428 4785 tormenta
1463 4738 1626 4796 atque
1653 4727 1867 4798 ﬂagella

267 4825 590 4882 emendatur
619 4823 950 4889 Jerusalem,
975 4831 1030 4878 et
1050 4837 1216 4893 super
1244 4822 1363 4878 haec
1393 4819 1652 4877 universa
1686 4837 1755 4876 ne
1780 4836 1871 4877 ve-

270 4918 590 4975 recundiam
635 4919 862 4989 quidem
909 4931 1132 4971 suorum
1165 4915 1405 4972 habuere
1450 4915 1738 4979 vitiorum;
1773 4913 1869 4970 sed

270 5012 447 5068 instar
477 5020 648 5082 petrae.
677 5011 1001 5066 indurautes
1030 5019 1052 5048 ε
1089 5007 1290 5066 frontis
1326 5007 1746 5081 impudentiam,
1775 5023 1874 5063 no-

271 5105 495 5163 luerunt
514 5105 581 5161 atl
616 5106 849 5162 meliora
869 5105 1137 5160 converti.

342 5199 528 5270 (Vere.
568 5199 623 5259 4.
651 5197 732 5270 5.)
776 5199 890 5272 Ego
931 5207 1103 5254 autem
1141 5197 1251 5254 dixi
1290 5214 1309 5253 :
1347 5196 1595 5254 Forsitan
1622 5211 1874 5271 pauperes

274 5305 396 5353 sunt
432 5305 482 5352 et
521 5296 666 5351 stulti
693 5294 837 5368 (sive
875 5293 901 5333 ά
942 5313 1047 5352 non
1088 5294 1390 5368 patuerunt)
1420 5295 1716 5370 ignorantes
1742 5294 1877 5348 viam

350 5515 376 5543 ι
409 5502 778 5560 Restituimus
798 5503 1201 5558 intermorientis
1222 5517 1334 5558 uno
1359 5499 1551 5568 verbo,
1581 5499 1878 5572 expanden-

283 5579 468 5644 tisque,
501 5575 646 5646 quod
669 5586 727 5628 et
763 5575 1015 5630 Martian.
1046 5577 1112 5632 ad
1145 5575 1272 5631 libri
1315 5588 1468 5629 oram
1501 5581 1791 5628 auuotarat
1811 5587 1878 5628 ex

281 5649 504 5718 Vulgat.
530 5661 630 5717 pro
659 5646 857 5717 quibus
883 5657 1042 5704 antea
1073 5656 1193 5706 erat
1220 5647 1636 5712 intermorientes
1663 5659 1883 5701 exscan-

286 5723 586 5792 dentesque.

355 5791 384 5832 b
413 5791 572 5863 5133.,
603 5799 814 5863 experta
836 5792 1215 5848 intermoritur.

365 5875 386 5905 ο
415 5862 652 5931 Victum,
671 5862 874 5931 frontes
903 5865 1244 5936 impudentia.

577 5957 855 6020 ΡΑτιιοι..
903 5959 1142 6022 XXIV.

1953 3307 2167 3363 vincula
2205 3320 2600 3381 praeceptorum
2643 3314 2763 3383 Dei,
2807 3325 2862 3372 et
2889 3333 2996 3372 non
3028 3317 3452 3390 Pharisaaorum,
3484 3325 3552 3381 de

1954 3400 2153 3472 quibus
2179 3401 2234 3457 in
2261 3404 2505 3461 secundo
2534 3407 2742 3476 psalmo
2765 3409 2966 3466 dicitur
2997 3428 3010 3467 :
3041 3411 3415 3487 Dirumpamus
3446 3420 3556 3474 vin-

1954 3493 2073 3547 cula
2115 3511 2326 3563 eorum,
2375 3504 2421 3549 et
2466 3499 2805 3570 projiciamus
2847 3518 2880 3553 a
2923 3502 3068 3558 nobis
3095 3506 3288 3578 jugum
3328 3511 3558 3582 ipsorum

1957 3584 2134 3659 (Psal.
2158 3603 2215 3654 tt,
2242 3588 2318 3660 '5).
2343 3589 2476 3656 Quia
2500 3589 2662 3662 igitur
2679 3592 2782 3649 ista
2806 3593 3074 3663 fecerunt,
3096 3604 3346 3670 percussit
3365 3621 3450 3660 eos
3480 3604 3558 3660 leo

1958 3681 2020 3736 de
2041 3683 2189 3752 silva,
2218 3700 2442 3756 regnum
2466 3686 2718 3744 videlicet
2749 3689 3140 3762 Babylonium;
3175 3695 3329 3768 lupus
3351 3699 3420 3752 ad
3449 3716 3560 3755 ves-

1959 3801 2139 3856 peram
2157 3787 2368 3842 vastavit
2388 3803 2496 3854 eos,
2519 3787 2726 3855 Medos,
2751 3789 3055 3863 Persasque
3077 3794 3398 3865 signiﬁcans
3421 3817 3436 3855 :
3462 3816 3561 3869 pro

1959 3895 2067 3952 quo
2107 3882 2161 3936 in
2201 3881 2426 3939 Visione
2465 3883 2730 3950 Danielis,
2773 3901 2894 3942 ursa
2925 3888 3162 3958 ponitur,
3193 3892 3351 3963 cujus
3378 3895 3434 3950 in
3466 3913 3563 3954 ore

1959 3984 2072 4031 tres
2101 3986 2255 4031 erant
2297 3977 2516 4033 ordines
2547 3976 2778 4051 (Daniel.
2813 3978 2913 4052 vn)
2949 3997 2962 4034 :
2995 3986 3189 4054 pardus
3220 3986 3446 4060 uigilans
3476 4008 3563 4044 su-

1962 4085 2052 4140 per
2075 4071 2530 4138 civitates-eorum,
2555 4072 2853 4129 Alexandri
2887 4073 3152 4147 impetum
3180 4080 3562 4152 praeﬁgurans,

1963 4171 2013 4216 et
2045 4161 2290 4218 velocem
2320 4162 2390 4219 de
2415 4163 2713 4221 Occidente
2742 4181 2916 4237 usque
2948 4168 3016 4222 ad
3048 4169 3252 4226 Indiam
3286 4183 3310 4210 ε·
3339 4188 3566 4244 percur-

1963 4253 2194 4311 sionem.
2231 4255 2464 4312 Pardum
2497 4267 2678 4314 autem
2709 4270 2867 4316 vocat
2893 4261 2965 4317 ob
2995 4263 3336 4333 varietatem,
3365 4281 3418 4324 et
3439 4272 3563 4341 quia

1963 4346 2213 4418 plurimis
2239 4348 2344 4404 sibi
2371 4348 2609 4406 subditis
2631 4351 2886 4421 gentibus
2914 4365 3106 4411 contra
3131 4355 3314 4414 Medos
3339 4359 3565 4418 dimica-

1965 4441 2043 4496 vit
2069 4452 2124 4498 et
2151 4442 2367 4499 Persas.
2397 4443 2464 4500 Et
2490 4453 2744 4515 quatuor,
2778 4445 2975 4520 inquit,
3006 4462 3163 4508 erant
3188 4455 3363 4525 capita
3395 4457 3447 4512 in
3475 4458 3569 4514 be-

1967 4537 2094 4604 stia,
2134 4547 2193 4594 et
2235 4547 2478 4610 potestas
2513 4540 2637 4597 data
2678 4551 2762 4598 est
2801 4542 2875 4598 ei.
2905 4543 2975 4598 Et
3001 4546 3125 4616 quia
3156 4565 3263 4604 non
3290 4549 3359 4606 de
3387 4551 3570 4610 t'uturo

1969 4631 2332 4699 vaticinatur,
2373 4634 2468 4690 sed
2511 4634 2579 4690 de
2620 4636 2937 4706 praeterito,
2989 4636 3008 4676 τ
3056 4641 3203 4697 velut
3237 4643 3570 4718 jamjamque

1968 4726 2212 4781 venturis
2259 4726 2392 4780 texit
2432 4726 2740 4794 historiam,
2785 4728 2990 4786 idcirco
3027 4732 3097 4790 de
3141 4731 3394 4793 Romano
3431 4751 3576 4797 tacet

1971 4819 2224 4889 imperio,
2253 4819 2322 4876 de
2351 4836 2460 4893 quo
2490 4820 2719 4878 forsitan
2753 4823 2950 4878 dicitur
2980 4842 2993 4879 :
3030 4825 3212 4884 Omnis
3234 4832 3323 4902 qui
3343 4847 3576 4905 egressus

1973 4914 2128 4985 fuerit
2149 4931 2212 4970 ea:
2241 4915 2334 4979 eis,
2367 4917 2617 4986 capie‘ur.
2654 4915 2966 4991 Cansasqne
2993 4921 3173 4978 reddit
3197 4939 3297 4980 cur
3323 4925 3423 4980 ista
3455 4943 3578 4997 per-

1976 5009 2118 5079 pessi
2148 5008 2258 5064 sint
2287 5025 2299 5061 :
2333 5008 2470 5074 Quia
2497 5008 2857 5078 multiplicata:
2881 5023 3000 5067 sunt
3022 5018 3473 5088 praevaricationes
3493 5037 3580 5078 eo-

1980 5118 2115 5168 rum,
2157 5111 2214 5159 et
2245 5117 2731 5173 perseveraveruut
2760 5106 2812 5160 in
2845 5109 3386 5179 transgressionibus.
3425 5111 3581 5173 Unde

1982 5198 2183 5254 dicitur
2223 5215 2238 5252 ε
2281 5197 2349 5252 Et
2387 5199 2695 5269 confortatus
2734 5210 2856 5256 sunt
2893 5205 3184 5259 eversiones
3217 5221 3413 5259 eorum.
3445 5207 3582 5264 lllttd

1986 5291 2133 5362 quod
2187 5290 2472 5364 posuimus
2531 5292 2586 5349 in
2635 5294 2948 5366 principio,
2986 5297 3214 5354 verbum
3261 5296 3592 5359 Hebraicum

2057 5497 2085 5537 ά
2115 5499 2297 5574 Yerba
2329 5515 2434 5556 non
2458 5509 2755 5574 potuerunt,
2785 5501 2959 5557 nostri
2984 5517 3118 5558 mss.
3151 5503 3425 5574 ignorant.

2062 5582 2086 5609 ο
2116 5571 2372 5644 Legimus
2395 5588 2517 5628 cum
2544 5573 2750 5629 Victor.
2781 5571 3192 5641 percursionem,
3212 5591 3280 5630 ex
3306 5580 3449 5636 serie
3469 5597 3594 5642 ora-

1992 5644 2154 5700 tionis
2197 5655 2256 5701 et
2299 5660 2432 5702 mss.
2477 5644 2882 5702 Brixiensibus.
2923 5644 3100 5702 Antea
3139 5658 3258 5704 erat
3299 5656 3593 5720 percussio.

1992 5731 2130 5771 nem.

2069 5787 2180 5873 illa
2210 5789 2440 5873 Cisterc.
2475 5803 2578 5873 ms.
2612 5803 2676 5846 ac
2703 5801 2874 5860 penes
2903 5787 3136 5857 Dabam,
3171 5791 3249 5849 vel
3277 5797 3597 5873 iantjamquc

1996 5870 2262 5917 venturam
2284 5860 2439 5929 dixit,
2467 5869 2576 5917 etc.

2967 5960 3045 6024 23
