1930 3774
217 199 270 227 719
864 194 893 224 S.
915 193 1049 225 EL'SEBII

215 266 270 287 non
298 257 385 285 solum
413 256 585 289 contemnit;
611 255 659 283 sed
685 259 714 283 et
738 254 847 282 dulcem
873 258 1060 295 exasperatA

216 305 313 332 Deum.
332 304 529 337 Recesserunt,
546 302 594 336 ait,
611 311 624 327 ει
641 310 694 334 me,
709 305 736 329 et
751 301 815 328 mihi
839 305 913 335 terga
928 306 1019 328 verte-

215 355 290 383 runt,
316 354 344 377 et
365 349 476 377 concito
508 348 634 376 abierunt
656 347 764 384 gradu;
790 355 840 374 nec
864 348 944 374 tacita
972 354 1019 374 eos

215 398 332 425 retraxit
359 396 538 430 conscientia,
557 401 585 422 ιιι
600 395 724 423 dicereut
749 394 774 421 in
791 394 919 421 cordibus
941 394 1017 421 suis:

215 443 363 471 Metuamus
374 452 443 475 eum,
458 444 503 479 qui
517 445 561 469 dat
574 443 647 469 nobis
663 443 778 477 pluviam
793 447 986 478 temporaneam
996 446 1019 468 et

213 491 364 518 serotinum.
379 491 430 518 Per
441 499 501 526 quae
513 489 603 517 omnia
619 489 739 516 ostendit.
755 489 852 516 bonam
867 488 921 525 [ΑΙ.
938 488 1018 525 bona]

215 538 415 572 plenitudinem
427 545 524 565 annum
540 538 646 571 me~sis,
660 545 708 571 pro
720 544 773 572 quo
789 537 895 572 Aquila:
906 542 917 555 ιι
931 539 1017 571 prima

215 584 310 617 editio,
326 592 352 612 et
367 584 563 621 Symmachus,
579 584 755 611 hebdomadas
767 584 1018 617 interpretatisunt.

211 631 242 658 In
258 631 373 658 llebmo
384 634 458 658 enim
471 639 509 658 sc.
518 630 603 664 iplnm
618 637 659 658 (εει
672 637 791 658 smoru
803 630 931 665 (nimo),
943 630 1016 665 quod

210 684 261 712 pro
275 678 455 712 ambiguitate
480 678 568 710 verbi,
595 681 624 704 et
647 677 805 712 septimanos
829 676 977 711 signilicat,
993 681 1019 704 et

215 723 408 760 plenitudinem
422 724 448 751 δ.

249 771 341 808 (Vers.
355 772 415 807 ‘25.)
431 771 585 806 lniquitates
598 775 688 798 vestrae
700 771 897 798 declinaverunt
913 771 980 804 h'arc,
997 776 1021 798 et

212 824 317 853 peccata
340 824 425 846 vestra
437 819 625 854 prohibuerunt
652 818 746 845 bonum
768 827 784 844 a
807 819 887 845 vobis.
905 819 977 853 Ergo
997 819 1019 845 si

212 865 324 900 quando
336 871 362 892 et
379 872 455 891 mare
469 864 635 891 transcendit
649 865 782 891 terminos
794 871 869 898 suos,
888 868 914 891 et
929 864 1018 899 pluvia

214 913 376 946 retrahitur,
402 919 571 946 nequaquam
586 911 670 947 880
684 910 840 938 abbreviata
866 916 908 938 est
923 918 1020 937 manus

214 959 336 993 Domini,
349 959 439 985 ntista
450 967 501 985 non
519 958 614 984 iaciat:
626 957 674 985 sed
688 963 798 992 peccata
815 962 910 984 nostra
921 957 1017 984 limcad
1035 970 1058 1000 Β

213 1014 265 1034 nos
280 1005 417 1033 venientia
432 1005 618 1036 declinarunt,
637 1009 666 1032 ut
678 1005 711 1031 ad
726 1005 794 1032 alios
815 1011 957 1040 pergerent
974 1005 1019 1039 qui

213 1061 268 1080 non
277 1053 508 1087 peccaveruntJ‘Zt
518 1052 726 1087 prohibuerunt.
735 1052 834 1087 inquit,
842 1052 897 1087 jam
907 1052 1020 1080 veniens

216 1100 249 1126 ad
266 1107 316 1126 nos
336 1099 450 1132 bonum,
464 1098 539 1133 jn\la
562 1098 628 1125 illud
643 1098 715 1133 quod
732 1099 882 1126 secundum
901 1099 1018 1126 litteram

214 1147 348 1182 scriptqu
361 1152 401 1173 est
414 1155 421 1173 :
439 1145 573 1172 Mundabo
587 1145 706 1177 nubibus,
724 1154 756 1172 ne
771 1145 862 1181 pluunt
873 1154 950 1181 super
963 1154 1019 1173 eam

213 1193 318 1220 imbrem
330 1191 398 1228 (Isa.
416 1200 441 1226 ι’,
458 1192 497 1228 6).
514 1193 662 1219 Ριιεμιιιιιιιδ
676 1196 768 1219 antem
783 1192 897 1220 imbrem
914 1197 1020 1226 tempo—

211 1245 359 1268 raneumet
371 1239 645 1274 serotinum,Legem
655 1239 780 1274 accipere
792 1245 818 1267 et
829 1239 1017 1274 Erangelinm,

212 1291 240 1315 et
253 1286 377 1314 diversas
393 1285 553 1313 vocationes
568 1293 583 1312 a
597 1286 685 1320 prima
701 1285 768 1312 hora
786 1293 871 1320 usque
884 1285 917 1312 ad
935 1285 1019 1312 unde-

211 1334 323 1368 cimam,
338 1333 365 1360 in
377 1333 478 1368 quibus
488 1333 622 1367 operariis
636 1332 723 1360 vinea:
739 1341 821 1360 unum
832 1339 943 1360 aeterna:
955 1333 1019 1360 vitae

211 1379 355 1415 praemium
373 1379 518 1413 pollicetur
534 1378 643 1415 (Matth.
670 1379 729 1414 xx).

250 1427 343 1462 (Vers.
358 1426 417 1455 26.)
436 1426 504 1459 Quia
523 1426 619 1452 inventi
634 1431 692 1452 sunt
706 1426 732 1452 in
753 1425 849 1461 popqu
867 1434 923 1452 meo
944 1425 1018 1459 impii

210 1472 366 1500 insidiante:
381 1472 456 1507 quasi
467 1480 579 1507 aucupet
590 1479 599 1498 :
610 1471 718 1506 laqueos
730 1478 864 1505 ponentes,
878 1476 901 1497 et
912 1471 1018 1507 pedicas

212 1519 247 1547 ad
263 1519 402 1554 capiendos
418 1519 503 1545 viros:
526 1519 593 1545 sicut
616 1518 738 1553 decipula
758 1519 836 1552 plena
858 1518 959 1551 avibus,
982 1518 1019 1545 sic

212 1567 304 1593 damus
319 1574 409 1592 eorum
425 1565 507 1598 plenae
520 1564 590 1591 dolo.
603 1564 659 1592 Cur
673 1570 684 1583 ε
700 1564 852 1592 declinaret
867 1565 902 1592 ab
913 1565 953 1592 eis
968 1564 1019 1591 itit-

212 1613 262 1640 ber
280 1617 473 1646 temporaneus
497 1616 525 1638 et
540 1613 691 1644 serotinus,
716 1616 743 1638 et
766 1611 836 1638 bona
855 1611 947 1638 omnia
964 1619 1017 1638 non

212 1659 354 1693 venirent,
372 1666 462 1685 causa:
477 1658 659 1693 subjiciuntur
673 1667 679 1684 :
706 1658 767 1692 quia
784 1658 887 1686 inventi
911 1664 975 1686 sunt
989 1659 1016 1687 in
1030 1671 1053 1703 ρ

212 1706 314 1742 populo
328 1706 389 1741 ejus
405 1705 492 1740 impii.
515 1704 573 1732 Non
590 1705 670 1738 dixit,
691 1706 798 1740 iniquos
814 1710 841 1732 et
856 1710 1016 1741 peccatores

211 1752 259 1789 (ιιι
276 1760 347 1779 nova
362 1753 419 1780 vult
434 1751 574 1786 haeresis),
590 1752 637 1778 sed
650 1751 760 1786 impios.
778 1751 906 1786 Impietas
921 1757 1016 1786 aperte

212 1805 294 1836 negat
307 1800 410 1827 Deum:
430 1799 558 1833 iniquitas
572 1804 655 1833 atque
665 1804 805 1834 peccatum
817 1800 838 1827 si
851 1799 1016 1827 conﬁteatur

212 1854 347 1881 errorem,
358 1846 437 1874 facile
449 1846 483 1873 ad
496 1846 711 1873 misericordiam
723 1845 806 1874 ﬂectit
820 1846 915 1873 Deum.
925 1846 1015 1880 Quod-

211 1901 265 1928 que
280 1901 330 1920 nos
353 1892 496 1920 diximus:
523 1891 682 1919 lusidiantes
696 1893 770 1927 quasi
793 1901 919 1927 aucupes,
939 1897 967 1921 et
989 1893 1016 1920 in

214 1940 286 1968 LXX
305 1949 357 1967 non
375 1939 500 1971 habetur,
517 1939 613 1974 Aquila
629 1945 657 1966 et
670 1939 852 1975 Syunnaclius
868 1940 1016 1967 transtule-

209 1993 275 2016 runt
284 1986 296 2005 ά
308 1995 380 2015 usrn
391 1986 494 2022 (νων).
506 1986 581 2022 quasi
592 1991 645 2013 rete
657 1987 777 2021 aucupis,
791 1987 863 2022 quod
878 1987 958 2014 etiam
972 1988 1018 2022 qui

209 2035 298 2062 bonus
310 2034 381 2062 inter
394 2041 442 2061 eos
455 2033 565 2060 videtur
576 2038 604 2061 et
618 2040 721 2068 rectus,
738 2034 824 2060 instar
834 2034 946 2068 aucupis
959 2038 1017 2061 ten-

210 2083 257 2110 dat
277 2081 401 2115 insidias,
418 2081 482 2108 dtnn
499 2081 616 2108 invicem
633 2088 662 2108 se
679 2087 813 2109 venantur
830 2081 863 2108 ad
886 2087 1014 2115 mortem,

210 2134 237 2157 et
252 2129 366 2156 aliorum
392 2128 500 2155 damnis
515 2132 599 2161 atque
613 2127 777 2162 dispendiis,
794 2136 857 2155 snas
876 2124 1015 2162 complent

209 2179 316 2210 domos,
330 2181 358 2202 ul
372 2176 519 2209 impleatur
534 2179 545 2192 ο
562 2174 786 2209 philosophorum
798 2174 843 2202 illa
857 2175 1011 2203 sententia:

208 2224 305 2253 Omnis
321 2223 399 2250 dives
423 2228 468 2249 aut
486 2222 605 2257 iniquus,
623 2227 670 2249 aut
694 2223 784 2250 hzeres
809 2223 904 2257 iniqui.
923 2224 1012 2259 Atque

205 2272 311 2299 utinam
327 2270 360 2298 ab
376 2269 418 2297 his
433 2274 538 2297 tantum
555 2269 631 2302 ﬁant,
647 2269 692 2305 qni
708 2270 837 2297 videntur
854 2269 921 2298 foris
936 2278 1009 2304 esse,

244 2368 257 2382 ⁸
281 2362 394 2390 Constat
419 2361 541 2396 Aquilam
565 2360 608 2388 bis
634 2361 660 2387 in
682 2360 779 2390 Griece
803 2361 1008 2396 interpretanda
1023 2364 1050 2395 1)

209 2399 348 2430 Scriptura
365 2404 475 2431 operam
491 2405 567 2425 suam
591 2397 726 2430 posuisse,
750 2398 821 2432 qtiod
838 2403 932 2425 noster
946 2406 1008 2425 cum

207 2434 303 2471 primis
319 2434 391 2471 Ilier.
410 2437 526 2471 testatur
541 2434 567 2471 in
583 2433 709 2471 Ezechiel
726 2441 786 2471 cap.
805 2442 834 2467 it,
859 2434 902 2461 ubi
919 2443 1010 2461 secun-

208 2468 268 2499 dum
280 2470 380 2509 Aquila:
391 2469 529 2509 editionem
544 2469 645 2509 laudat,
658 2478 735 2500 quam
744 2468 851 2509 Hebrafi
865 2471 929 2509 uasti:
939 2471 1009 2509 ᾁκρὶ-

208 2509 276 2536 Gmw
285 2503 547 2541 nominaliantFaIso
555 2504 644 2539 itaque
653 2513 717 2532 mss.
727 2512 749 2531 et
757 2507 854 2533 vocula
866 2503 1006 2541 inter-jet'ta

207 2544 311 2577 legunt,
327 2539 421 2575 Aquila
432 2546 456 2566 et
471 2541 657 2577 primaeditio.

242 2579 256 2599 ἲ)
272 2579 300 2606 In
315 2582 429 2611 utroque
454 2584 519 2603 mss.
546 2575 633 2612 Vatic.
657 2581 684 2603 et
704 2575 821 2605 Cisterc.
851 2578 1004 2612 hnjusmodi

202 2615 337 2650 glossema
357 2612 398 2639 hie
414 2613 562 2650 attexitnr:
581 2611 734 2650 Notandum
749 2621 808 2643 qna,-
821 2613 853 2640 de
877 2611 1005 2641 liwreticis

203 2648 284 2679 dicat,
297 2650 340 2683 qui
357 2648 452 2674 nostris
466 2651 565 2674 tantum
581 2648 701 2675 insidiari
713 2655 852 2679 conantur.
866 2655 889 2676 et
902 2650 1003 2682 dicunt,

202 2686 362 2722 lniquitates
374 2691 468 2722 nostrw
476 2684 670 2722 declinat‘rruttt
681 2685 745 2716 Ita’c,
762 2690 785 2711 et
799 2691 905 2719 peccata
916 2690 1005 2713 nostra

201 2719 500 2758 prohibuerunthonum
513 2727 529 2745 [ι
545 2720 628 2758 (illitis.

239 2763 249 2777 ε
268 2757 379 2783 Veteres
395 2755 454 2782 libri
471 2763 532 2782 cum
549 2755 672 2788 liabano,
691 2755 726 2783 Ut
738 2756 889 2791 declinaret,
902 2762 929 2785 et
941 2765 1003 2785 mox

200 2802 251 2821 non
265 2792 419 2819 invenirent.

234 2828 247 2847 '1
263 2828 379 2855 Codices
404 2826 526 2860 plerique
541 2834 638 2854 omnes
655 2831 711 2854 tum
736 2828 834 2859 nostri,
862 2834 916 2855 tum
933 2837 1001 2862 quos

197 2864 369 2893 Bettetlicliui
393 2863 604 2896 cumulat-runt,
631 2869 795 2898 pra'ponnnt
820 2864 862 2892 bic
885 2867 999 2898 verbum,

198 2900 270 2936 quod
285 2907 347 2925 cum
364 2903 470 2925 veteres
483 2906 594 2936 quoque
611 2899 745 2936 editiones
762 2901 907 2935 retineant,
926 2902 950 2928 in
966 2909 999 2929 eo

195 2933 330 2971 pne-terea
347 2939 482 2971 νει-(τιυὶἱ
489 2935 561 2971 quod
577 2933 656 2961 Jasur
670 2943 702 2962 ex
715 2933 911 2964 Massoretbico
924 2943 997 2965 textu

195 2969 247 3012 pro
262 2969 335 2998 Jacir
349 2970 452 3005 legunt.
471 2970 585 2997 Drusius
598 2974 634 3007 τῷ
647 2971 750 2998 verbum
763 2979 911 3008 expuncto,
923 2973 995 3009 quod

1069 196 1259 225 HIEROAYMI
1789 199 1827 228 720

1073 260 1100 283 et
1114 263 1182 291 quos
1196 255 1329 284 Dominus
1341 255 1449 291 judicat
1462 264 1469 288 ;
1485 260 1512 283 et
1526 262 1580 282 non
1597 255 1623 282 in
1637 255 1726 283 nostris
1738 264 1830 284 conven-

1072 302 1164 330 ticulis
1176 303 1351 339 impleantur,
1364 310 1433 336 quos
1443 301 1646 337 possidetradix
1656 302 1830 331 omniumntalo—

1070 359 1131 377 rtnn
1138 351 1253 378 avaritia
1264 350 1376 386 (Coloss.
1386 349 1438 386 in),
1448 350 1484 377 ita
1498 354 1528 377 ut
1538 349 1781 383 venientiutnadnos
1790 359 1830 379 non

1070 405 1117 425 ora
1133 397 1362 431 contemplemur,
1380 396 1426 424 Sed
1442 404 1548 423 manus.

1107 444 1197 479 (Vers.
1211 444 1245 471 27
1256 443 1346 479 seqq.)
1359 443 1424 471 Ideo
1436 444 1599 479 magniﬁcati
1611 449 1669 470 sunt
1679 449 1702 472 et
1713 444 1791 472 ditati:
1803 445 1833 471 in-

1071 493 1178 519 crassati
1196 498 1255 519 sunt
1268 498 1291 519 et
1312 492 1479 529 impinguati,
1500 497 1523 519 et
1540 494 1712 526 praeterierunt
1729 501 1832 520 sermones

1072 547 1139 565 meos
1152 540 1280 574 pessime:
1305 547 1412 565 causam
1436 537 1444 556 ί
1470 546 1523 565 non
1537 538 1731 574 judicauerunt:
1751 547 1835 565 causam

1070 584 1140 621 (sive
1149 586 1293 621 judicium)
1308 586 1401 621 pupilli
1417 593 1468 612 non
1485 585 1634 611 direxerant
1649 584 1699 621 [AL
1715 584 1833 620 dimetati]:

1065 630 1199 666 judicium
1223 640 1365 667 pauperum
1387 630 1461 667 (siut
1476 630 1576 665 viduw)
1602 638 1653 657 non
1672 630 1836 665 judicoretunt.

1072 676 1206 712 Numquid
1219 685 1295 713 super
1307 677 1348 704 his
1359 685 1410 703 non
1427 677 1545 711 visitabo,
1558 677 1641 712 881
1654 676 1711 703 dicit
1720 676 1837 703 Domitius:

1071 728 1116 751 aut
1138 732 1213 760 super
1228 729 1329 760 gentem
1353 724 1530 756 hujuscemodi
1550 732 1600 750 non
1622 723 1751 750 ulciscetur
1769 725 1839 749 animo

1071 772 1148 798 mea?
1163 772 1192 798 Si
1212 772 1324 799 voluero
1344 776 1477 799 annotare
1494 779 1542 806 per
1555 770 1659 806 singula
1674 778 1730 805 qua:
1747 770 1770 797 in
1784 769 1838 797 LXX

1071 818 1190 846 editione
1203 818 1385 853 prietermiSsa
1397 823 1472 850 sunt,
1487 818 1597 853 longum
1611 819 1668 845 liet.
1679 818 1726 851 Qui
1738 816 1840 849 tendunt,

1071 865 1119 897 ait,
1135 864 1260 899 insidias,
1276 870 1303 892 et
1317 864 1433 892 aliorum
1449 865 1571 892 nuditate
1585 864 1721 895 helantttl‘,
1734 864 1785 891 ideo
1799 871 1842 890 ma-

1071 911 1192 946 gnilicati
1206 916 1270 939 sunt
1291 916 1318 938 et
1332 912 1420 943 dilati,
1437 911 1498 946 quia
1518 912 1659 945 superiora
1677 911 1793 938 iecerunt.
1808 909 1843 936 ln-

1071 960 1183 985 crassati
1194 963 1253 985 sunt
1264 963 1288 985 et
1302 959 1468 993 impinguali,
1481 958 1559 992 juxta
1572 957 1637 986 illud
1651 958 1720 993 quod
1735 957 1841 991 scriptum

1071 1011 1110 1033 est
1122 1014 1128 1032 :
1142 1004 1305 1032 Incrassatus
1320 1010 1343 1032 et
1359 1006 1534 1041 impinguatus
1548 1010 1595 1038 est,
1611 1009 1636 1032 et
1647 1004 1803 1032 recalcitrat-it
1814 1004 1843 1030 tli-

1071 1052 1151 1079 lectus
1173 1051 1269 1087 (Deut.
1293 1060 1377 1085 χχχιι,
1400 1053 1463 1087 l5).
1490 1052 1524 1079 Et
1545 1052 1722 1086 prwterierunt
1740 1059 1844 1078 sermones

1071 1108 1151 1133 meos,
1164 1100 1226 1134 quia
1241 1099 1398 1127 divitiarum
1420 1099 1589 1126 conscientia
1605 1099 1673 1126 illud
1692 1099 1805 1126 dixerunt
1820 1097 1845 1125 de

1072 1146 1236 1180 Evangelio:
1253 1146 1357 1178 Anima,
1381 1145 1457 1172 habes
1471 1147 1552 1172 multa
1570 1146 1637 1172 bona
1650 1146 1730 1180 posita
1747 1146 1770 1172 in
1781 1152 1845 1171 annos

1071 1194 1186 1220 multos:
1211 1193 1340 1227 requiesce
1353 1214 1360 1225 ,
1386 1192 1500 1226 rameie,
1523 1193 1588 1225 bibe,
1603 1192 1710 1229 epulare
1726 1192 1792 1226 (Luc.
1808 1198 1846 1224 xu,

1071 1238 1127 1274 19).
1153 1239 1350 1266 l’rzcteriernnt
1373 1244 1463 1266 autem
1476 1239 1503 1265 in
1519 1239 1620 1266 malum
1637 1239 1690 1271 sui,
1706 1244 1847 1272 cunctosque

1071 1284 1196 1313 homines
1212 1290 1223 1309 ε
1240 1285 1423 1320 despicientes
1441 1292 1494 1312 non
1516 1290 1668 1319 posuerunt.
1681 1285 1725 1312 Dei
1739 1284 1849 1319 judicium

1070 1335 1133 1359 ante
1155 1331 1249 1359 oculos
1265 1338 1339 1358 suos.
1357 1331 1490 1366 Popillum
1505 1335 1533 1358 et
1553 1338 1690 1365 pauperes
1703 1335 1850 1364 contempse—

1070 1383 1134 1405 runt
1144 1386 1150 1404 :
1162 1386 1208 1413 pro
1216 1385 1269 1413 quo
1276 1376 1347 1404 LXX
1356 1377 1500 1409 dixerunt,
1511 1377 1615 1410 viduas,
1624 1377 1730 1412 quodin
1740 1375 1851 1404 Heluaioo

1071 1433 1124 1453 non
1142 1425 1273 1457 habetur;
1289 1432 1396 1452 ennium
1418 1426 1558 1458 (minus)
1572 1424 1677 1459 quippe
1688 1423 1790 1459 proprie
1802 1430 1851 1456 pau-

1070 1480 1153 1506 peres,
1171 1480 1224 1498 non
1240 1471 1328 1498 viduas
1340 1477 1428 1499 sonat.
1441 1471 1518 1504 Quod
1533 1477 1626 1499 autem
1640 1472 1772 1507 sequitur,
1786 1469 1853 1497 Nunt-

1070 1518 1132 1553 quid
1150 1525 1226 1553 super
1237 1517 1276 1544 Itis
1291 1526 1342 1544 non
1359 1517 1477 1551 visitabo,
1490 1517 1554 1544 dicit
1566 1516 1718 1545 Dominus:
1733 1521 1774 1543 aut
1792 1523 1852 1551 super

1070 1569 1170 1600 gentem
1191 1563 1370 1596 huiuscemodi
1385 1572 1436 1591 non
1459 1564 1595 1591 ulciscetur
1618 1564 1710 1591 anima
1728 1562 1853 1597 mea?j:tm

1070 1618 1150 1646 supra
1162 1610 1309 1637 disserlum
1322 1616 1375 1637 est.

1107 1657 1202 1692 (Vcrs.
1217 1656 1263 1691 50,
1281 1657 1339 1693 51.)
1358 1657 1456 1693 Stupor
1475 1662 1498 1684 et
1526 1658 1662 1685 mirabilia
1679 1659 1749 1695 facta
1763 1661 1814 1685 sunt
1833 1656 1853 1682 in

1070 1709 1147 1731 terra.
1160 1703 1300 1738 Prop/telae
1315 1703 1501 1740 prophetabant
1518 1705 1685 1732 mendacium
1713 1704 1722 1741 (
1735 1705 1790 1732 sire
1811 1702 1852 1729 ini-

1069 1760 1119 1787 qua
1131 1751 1140 1787 )
1154 1757 1176 1778 rt
1203 1752 1347 1778 sacerdotes
1358 1751 1550 1787 appluulebant
1564 1753 1690 1779 manibus
1700 1752 1753 1779 suis
1768 1759 1776 1778 ε
1790 1755 1810 1777 et
1819 1757 1856 1785 po-

1069 1799 1146 1834 pulus
1158 1806 1228 1825 meus
1242 1798 1331 1825 dilexit
1342 1798 1405 1824 talia
1414 1807 1423 1825 :
1437 1799 1501 1834 quid
1513 1807 1572 1834 ergo
1585 1800 1691 1834 facietis
1703 1799 1728 1825 in
1738 1798 1855 1825 novissima

1070 1844 1164 1881 [Vulg.
1180 1845 1223 1880 ﬁet
1239 1846 1265 1872 in
1281 1846 1421 1872 novissimo
1434 1844 1509 1882 ejus]
1521 1846 1597 1881 (sive
1609 1850 1670 1882 post
1688 1845 1773 1880 Iuro)?
1785 1844 1856 1877 Supra

1067 1891 1172 1919 dixerat
1187 1901 1193 1918 :
1211 1892 1257 1919 lbo
1280 1891 1313 1919 ad
1331 1891 1487 1925 optimates,
1505 1897 1532 1919 et
1556 1892 1658 1926 loquar
1684 1892 1746 1920 eis?
1761 1891 1856 1918 lor~itan

1067 1937 1119 1973 ipsi
1134 1942 1320 1971 cognoverunt
1333 1937 1403 1965 viam
1420 1937 1538 1969 Domini,
1555 1943 1584 1965 et
1598 1946 1668 1966 ecce
1684 1939 1711 1966 hi
1729 1937 1808 1973 magis
1818 1943 1858 1972 pa-

1067 1986 1133 2013 riter
1144 1985 1455 2020 confregeruntjngum,
1482 1991 1615 2019 ruperunt
1643 1986 1777 2013 vincula:
1800 1991 1858 2011 nunc

1065 2032 1253 2066 deseribitqui
1275 2032 1331 2059 sint
1352 2031 1507 2066 optimates,
1533 2033 1682 2067 propheta:
1707 2032 1828 2061 videlicet
1839 2035 1861 2058 et

1066 2079 1243 2107 sacerdotes:
1260 2087 1375 2113 quorum
1388 2079 1433 2105 alii
1459 2079 1548 2106 futura
1578 2080 1749 2115 pra'dicuut,
1775 2080 1816 2106 alii
1831 2086 1859 2104 rx

1066 2126 1125 2161 lege
1140 2125 1259 2153 iacienda
1282 2125 1442 2152 decernunt.
1468 2125 1500 2153 Et
1514 2133 1588 2160 ecce,
1606 2127 1715 2163 inquit,
1730 2127 1783 2155 illis
1796 2133 1860 2154 men-

1064 2175 1170 2203 dacium
1186 2174 1425 2209 proplietantibus,
1439 2174 1599 2202 sacerdotes
1615 2177 1751 2204 manibus
1763 2175 1861 2210 applau-

1063 2226 1171 2249 sernnt.
1188 2221 1221 2248 Et
1229 2226 1258 2248 ut
1268 2221 1432 2248 ttslelldallﬂ'
1442 2228 1492 2249 nec
1507 2222 1627 2256 populus
1635 2230 1702 2251 esse
1712 2223 1774 2250 sine
1784 2221 1861 2255 culpa,

1062 2269 1136 2305 quia
1154 2268 1254 2296 talibus
1276 2268 1437 2302 abducatur,
1454 2270 1587 2304 scriptum
1609 2275 1656 2298 est
1675 2279 1682 2296 :
1707 2270 1743 2297 Et
1764 2268 1862 2305 populat

1064 2369 1205 2396 perperam
1216 2361 1348 2389 intrusum
1360 2361 1505 2389 manifesto
1516 2366 1585 2394 erat.
1599 2371 1655 2396 pro
1663 2362 1861 2393 Jruirllebmo,

1062 2398 1189 2426 Latitnnn
1207 2398 1266 2430 ejus
1283 2397 1356 2424 vocis
1370 2398 1532 2424 Vocabulum
1548 2398 1717 2431 Substituit,
1732 2404 1824 2427 rectus.
1837 2398 1865 2425 At

1062 2435 1149 2467 ipsum
1167 2434 1374 2467 interpretatum
1390 2432 1463 2460 Jasir
1488 2434 1605 2469 positum
1623 2435 1663 2463 ab
1682 2436 1781 2468 Aquila
1797 2435 1865 2468 Synt-

1061 2470 1233 2511 machoque:
1248 2469 1430 2511 Hieronymus
1441 2469 1541 2511 docet:
1568 2477 1637 2511 puta
1656 2471 1755 2511 Ἰασὶρ,
1818 2469 1863 2498 δίκ-

1061 2518 1121 2534 τυον
1135 2507 1247 2539 Egeo-ros.
1271 2504 1354 2536 Jasir.
1370 2506 1445 2540 quasi
1461 2511 1512 2533 rete
1526 2508 1666 2540 aucupis;
1692 2504 1801 2535 tainetsi
1822 2514 1865 2533 rux

1061 2543 1117 2573 illa,
1141 2551 1200 2577 qun-
1215 2550 1229 2569 a
1244 2543 1294 2569 Ἴων
1309 2541 1462 2578 derivatur,
1484 2543 1633 2570 commode
1661 2550 1764 2571 rectum
1780 2542 1864 2578 appel-

1058 2578 1140 2605 lativc
1161 2585 1259 2605 sonare
1282 2579 1424 2612 potuisset.
1442 2577 1609 2611 Impressam
1631 2579 1798 2611 lectionem.
1813 2584 1866 2614 qua:

1059 2615 1170 2651 propior
1185 2614 1218 2641 ad
1235 2614 1320 2651 itidem
1337 2618 1437 2651 esttnt
1452 2622 1483 2640 ex
1509 2614 1565 2648 ipsa
1583 2614 1813 2651 llieronymiana
1827 2623 1866 2642 ex-

1059 2650 1197 2690 positione
1222 2650 1318 2685 liquet,
1335 2657 1368 2677 ex
1391 2650 1599 2685 Sancygiranno
1618 2660 1677 2679 IIIS.
1696 2650 1865 2679 Martinam-us

1057 2690 1184 2713 aSSé‘l'lllL

1095 2727 1106 2739 υ
1128 2722 1348 2756 Philosophorum
1363 2722 1411 2749 illa
1424 2722 1561 2749 sententia.
1578 2722 1609 2750 In
1629 2723 1763 2757 Epismla
1774 2724 1806 2750 ad
1821 2723 1866 2750 lle-

1057 2757 1170 2794 diltiam,
1185 2765 1282 2791 quam.
1307 2759 1333 2788 l,
1347 2757 1421 2786 Unde
1436 2763 1459 2784 et
1475 2758 1521 2784 illa
1535 2759 1649 2794 tiu/gata
1666 2760 1799 2787 sententia
1811 2757 1866 2785 mihi

1056 2793 1156 2831 ridetur
1168 2802 1224 2831 esse
1238 2794 1370 2821 t-erissima
1382 2802 1392 2821 :
1420 2794 1499 2821 Dives
1510 2799 1555 2821 aut
1571 2793 1710 2831 iniquus,
1727 2804 1774 2824 aut
1789 2795 1866 2831 iniqui

1054 2828 1151 2856 ψει-νε.
1167 2829 1305 2857 Maurum.

1091 2864 1100 2884 ί
1116 2865 1227 2893 Addunt
1249 2871 1305 2893 tres
1326 2873 1393 2894 mss.
1409 2866 1502 2900 vidum,
1518 2873 1600 2895 sacro
1618 2872 1721 2897 tamen
1736 2874 1813 2898 textu
1826 2875 1867 2897 re-

1048 2901 1181 2937 fragatur.

1086 2942 1099 2961 ε
1117 2938 1198 2965 Iidem
1214 2945 1294 2971 mss,
1308 2939 1473 2974 decipientes,
1491 2947 1540 2974 pro
1553 2939 1754 2975 despiciemus.
