  <div class='ocr_page' id='page_1' title='image "/cluster/home/n/w/nwhite01/storage/ocr_20150623/24/hvd.32044015471386/366.png"; bbox 0 0 4084 6324; ppageno 0'>
   <div class='ocr_carea' id='block_1_1' title="bbox 301 347 398 404">
    <p class='ocr_par' dir='ltr' id='par_1_1' title="bbox 301 347 398 404">
     <span class='ocr_line' id='line_1_1' title="bbox 301 347 398 404; baseline 0 0"><span class='ocrx_word' id='word_1_1' title='bbox 301 347 398 404; x_wconf 67' lang='lat' dir='ltr'><strong>HI</strong></span> 
     </span>
    </p>
   </div>
   <div class='ocr_carea' id='block_1_2' title="bbox 841 347 3020 408">
    <p class='ocr_par' dir='ltr' id='par_1_2' title="bbox 841 347 3020 408">
     <span class='ocr_line' id='line_1_2' title="bbox 841 347 3020 408; baseline 0 -2"><span class='ocrx_word' id='word_1_2' title='bbox 841 347 1482 407; x_wconf 68' lang='lat' dir='ltr'><strong>COMMENTARIORUM</strong></span> <span class='ocrx_word' id='word_1_3' title='bbox 1522 349 1588 407; x_wconf 87' lang='lat' dir='ltr'><strong>IN</strong></span> <span class='ocrx_word' id='word_1_4' title='bbox 1626 349 1979 407; x_wconf 78' lang='lat' dir='ltr'><strong>JEREMIAM</strong></span> <span class='ocrx_word' id='word_1_5' title='bbox 2019 349 2444 407; x_wconf 78' lang='lat' dir='ltr'><strong>PROPHETAM</strong></span> <span class='ocrx_word' id='word_1_6' title='bbox 2480 349 2612 408; x_wconf 78' lang='lat' dir='ltr'><strong>LIB.</strong></span> <span class='ocrx_word' id='word_1_7' title='bbox 2655 350 2720 406; x_wconf 92' lang='lat' dir='ltr'><strong>II.</strong></span> <span class='ocrx_word' id='word_1_8' title='bbox 2759 349 2917 408; x_wconf 78' lang='lat' dir='ltr'><strong>CAP.</strong></span> <span class='ocrx_word' id='word_1_9' title='bbox 2953 351 3020 407; x_wconf 78' lang='grc' dir='ltr'><strong>γ.</strong></span> 
     </span>
    </p>
   </div>
   <div class='ocr_carea' id='block_1_3' title="bbox 3492 349 3601 406">
    <p class='ocr_par' dir='ltr' id='par_1_3' title="bbox 3492 349 3601 406">
     <span class='ocr_line' id='line_1_3' title="bbox 3492 349 3601 406; baseline -0.009 0"><span class='ocrx_word' id='word_1_10' title='bbox 3492 349 3601 406; x_wconf 70' lang='lat'><strong>7!!</strong></span> 
     </span>
    </p>
   </div>
   <div class='ocr_carea' id='block_1_4' title="bbox 301 466 3602 543">
    <p class='ocr_par' dir='ltr' id='par_1_4' title="bbox 301 466 3602 543">
     <span class='ocr_line' id='line_1_4' title="bbox 301 466 3602 543; baseline -0 -22"><span class='ocrx_word' id='word_1_11' title='bbox 301 482 445 522; x_wconf 86' lang='lat' dir='ltr'><strong>meus</strong></span> <span class='ocrx_word' id='word_1_12' title='bbox 473 466 657 523; x_wconf 67' lang='lat' dir='ltr'><strong>dilexit</strong></span> <span class='ocrx_word' id='word_1_13' title='bbox 711 467 837 522; x_wconf 88' lang='lat' dir='ltr'><strong>talia</strong></span> <span class='ocrx_word' id='word_1_14' title='bbox 875 484 893 523; x_wconf 91' lang='lat'><strong><em>:</em></strong></span> <span class='ocrx_word' id='word_1_15' title='bbox 932 467 1204 538; x_wconf 87' lang='lat' dir='ltr'><strong>quondam</strong></span> <span class='ocrx_word' id='word_1_16' title='bbox 1261 484 1455 535; x_wconf 83' lang='lat' dir='ltr'><strong>meus;</strong></span> <span class='ocrx_word' id='word_1_17' title='bbox 1495 468 1589 526; x_wconf 90' lang='lat' dir='ltr'><strong>sed</strong></span> <span class='ocrx_word' id='word_1_18' title='bbox 1643 467 1760 543; x_wconf 83' lang='grc' dir='ltr'><strong>[ΑΙ.</strong></span> <span class='ocrx_word' id='word_1_19' title='bbox 1801 466 1895 542; x_wconf 88' lang='lat' dir='ltr'><strong>et]</strong></span> <span class='ocrx_word' id='word_1_20' title='bbox 1925 469 1972 530; x_wconf 83' lang='lat' dir='ltr'><strong>A</strong></span> <span class='ocrx_word' id='word_1_21' title='bbox 1999 485 2093 542; x_wconf 86' lang='lat' dir='ltr'><strong>per</strong></span> <span class='ocrx_word' id='word_1_22' title='bbox 2115 467 2406 524; x_wconf 73' lang='lat' dir='ltr'><strong><em>Jerusalem</em></strong></span> <span class='ocrx_word' id='word_1_23' title='bbox 2436 468 2670 526; x_wconf 90' lang='lat' dir='ltr'><strong>bellum:</strong></span> <span class='ocrx_word' id='word_1_24' title='bbox 2712 468 2926 524; x_wconf 94' lang='lat' dir='ltr'><strong>Domini</strong></span> <span class='ocrx_word' id='word_1_25' title='bbox 2956 468 3100 525; x_wconf 87' lang='lat' dir='ltr'><strong>enim</strong></span> <span class='ocrx_word' id='word_1_26' title='bbox 3152 466 3443 540; x_wconf 84' lang='lat' dir='ltr'><strong>Imperium</strong></span> <span class='ocrx_word' id='word_1_27' title='bbox 3493 471 3602 520; x_wconf 88' lang='lat' dir='ltr'><strong>est.</strong></span> 
     </span>
    </p>
   </div>
   <div class='ocr_carea' id='block_1_5' title="bbox 300 562 1892 634">
    <p class='ocr_par' dir='ltr' id='par_1_5' title="bbox 300 562 1892 634">
     <span class='ocr_line' id='line_1_5' title="bbox 300 562 1892 634; baseline 0 -18"><span class='ocrx_word' id='word_1_28' title='bbox 300 573 588 634; x_wconf 91' lang='lat' dir='ltr'><strong>postquam</strong></span> <span class='ocrx_word' id='word_1_29' title='bbox 610 563 802 619; x_wconf 77' lang='lat' dir='ltr'><strong>dilexit</strong></span> <span class='ocrx_word' id='word_1_30' title='bbox 829 573 856 601; x_wconf 75' lang='grc' dir='ltr'><strong>ι</strong></span> <span class='ocrx_word' id='word_1_31' title='bbox 883 564 1032 632; x_wconf 83' lang='lat' dir='ltr'><strong>talia,</strong></span> <span class='ocrx_word' id='word_1_32' title='bbox 1055 579 1210 618; x_wconf 90' lang='lat' dir='ltr'><strong>meus</strong></span> <span class='ocrx_word' id='word_1_33' title='bbox 1235 565 1595 620; x_wconf 83' lang='lat' dir='ltr'><strong>essedesivit.</strong></span> <span class='ocrx_word' id='word_1_34' title='bbox 1627 562 1764 632; x_wconf 86' lang='lat' dir='ltr'><strong>Quid</strong></span> <span class='ocrx_word' id='word_1_35' title='bbox 1793 563 1892 633; x_wconf 84' lang='lat' dir='ltr'><strong>igi-</strong></span> 
     </span>
    </p>
   </div>
   <div class='ocr_carea' id='block_1_6' title="bbox 299 655 1892 726">
    <p class='ocr_par' dir='ltr' id='par_1_6' title="bbox 299 655 1892 726">
     <span class='ocr_line' id='line_1_6' title="bbox 299 655 1892 726; baseline 0.001 -16"><span class='ocrx_word' id='word_1_36' title='bbox 299 663 387 710; x_wconf 89' lang='lat' dir='ltr'><strong>tur</strong></span> <span class='ocrx_word' id='word_1_37' title='bbox 439 655 664 719; x_wconf 86' lang='lat' dir='ltr'><strong>facient.</strong></span> <span class='ocrx_word' id='word_1_38' title='bbox 711 672 834 711; x_wconf 92' lang='lat' dir='ltr'><strong>cum</strong></span> <span class='ocrx_word' id='word_1_39' title='bbox 879 657 1235 711; x_wconf 65' lang='lat' dir='ltr'><strong>novissimum</strong></span> <span class='ocrx_word' id='word_1_40' title='bbox 1262 656 1456 726; x_wconf 87' lang='lat' dir='ltr'><strong>judicii</strong></span> <span class='ocrx_word' id='word_1_41' title='bbox 1491 668 1706 721; x_wconf 84' lang='lat' dir='ltr'><strong>tempus</strong></span> <span class='ocrx_word' id='word_1_42' title='bbox 1729 655 1892 711; x_wconf 85' lang='lat' dir='ltr'><strong>adve-</strong></span> 
     </span>
    </p>
   </div>
   <div class='ocr_carea' id='block_1_7' title="bbox 298 749 1898 820">
    <p class='ocr_par' dir='ltr' id='par_1_7' title="bbox 298 749 1898 820">
     <span class='ocr_line' id='line_1_7' title="bbox 298 749 1898 820; baseline 0 -14"><span class='ocrx_word' id='word_1_43' title='bbox 298 750 467 817; x_wconf 90' lang='lat' dir='ltr'><strong>nerit,</strong></span> <span class='ocrx_word' id='word_1_44' title='bbox 519 751 637 806; x_wconf 87' lang='lat' dir='ltr'><strong>sive</strong></span> <span class='ocrx_word' id='word_1_45' title='bbox 685 749 1018 820; x_wconf 72' lang='lat' dir='ltr'><strong>captivitatis</strong></span> <span class='ocrx_word' id='word_1_46' title='bbox 1067 752 1370 807; x_wconf 78' lang='lat' dir='ltr'><strong>necessitas</strong></span> <span class='ocrx_word' id='word_1_47' title='bbox 1392 751 1416 806; x_wconf 64' lang='grc' dir='ltr'><strong><em>ἲ</em></strong></span> <span class='ocrx_word' id='word_1_48' title='bbox 1441 750 1594 808; x_wconf 86' lang='lat' dir='ltr'><strong>Unde</strong></span> <span class='ocrx_word' id='word_1_49' title='bbox 1623 763 1815 820; x_wconf 87' lang='lat' dir='ltr'><strong>stupor</strong></span> <span class='ocrx_word' id='word_1_50' title='bbox 1843 760 1898 806; x_wconf 92' lang='lat' dir='ltr'><strong>et</strong></span> 
     </span>
    </p>
   </div>
   <div class='ocr_carea' id='block_1_8' title="bbox 298 844 1897 917">
    <p class='ocr_par' dir='ltr' id='par_1_8' title="bbox 298 844 1897 917">
     <span class='ocr_line' id='line_1_8' title="bbox 298 844 1897 917; baseline 0.001 -18"><span class='ocrx_word' id='word_1_51' title='bbox 298 844 572 899; x_wconf 77' lang='lat' dir='ltr'><strong>mirabilia</strong></span> <span class='ocrx_word' id='word_1_52' title='bbox 601 853 747 900; x_wconf 88' lang='lat' dir='ltr'><strong>sunt.</strong></span> <span class='ocrx_word' id='word_1_53' title='bbox 777 844 919 916; x_wconf 91' lang='lat' dir='ltr'><strong>quod</strong></span> <span class='ocrx_word' id='word_1_54' title='bbox 954 860 1054 901; x_wconf 90' lang='lat' dir='ltr'><strong>nec</strong></span> <span class='ocrx_word' id='word_1_55' title='bbox 1105 847 1157 901; x_wconf 93' lang='lat' dir='ltr'><strong>in</strong></span> <span class='ocrx_word' id='word_1_56' title='bbox 1195 847 1548 917; x_wconf 88' lang='lat' dir='ltr'><strong>principibus,</strong></span> <span class='ocrx_word' id='word_1_57' title='bbox 1583 862 1684 903; x_wconf 91' lang='lat' dir='ltr'><strong>nec</strong></span> <span class='ocrx_word' id='word_1_58' title='bbox 1714 845 1768 902; x_wconf 91' lang='lat' dir='ltr'><strong>in</strong></span> <span class='ocrx_word' id='word_1_59' title='bbox 1804 863 1897 917; x_wconf 82' lang='lat' dir='ltr'><strong>p0-</strong></span> 
     </span>
    </p>
   </div>
   <div class='ocr_carea' id='block_1_9' title="bbox 297 934 1423 1008">
    <p class='ocr_par' dir='ltr' id='par_1_9' title="bbox 297 934 1423 1008">
     <span class='ocr_line' id='line_1_9' title="bbox 297 934 1423 1008; baseline 0.003 -18"><span class='ocrx_word' id='word_1_60' title='bbox 297 935 426 1006; x_wconf 90' lang='lat' dir='ltr'><strong>pulo</strong></span> <span class='ocrx_word' id='word_1_61' title='bbox 457 934 712 992; x_wconf 90' lang='lat' dir='ltr'><strong>inventus</strong></span> <span class='ocrx_word' id='word_1_62' title='bbox 742 938 815 992; x_wconf 88' lang='lat' dir='ltr'><strong>sit</strong></span> <span class='ocrx_word' id='word_1_63' title='bbox 859 937 950 1008; x_wconf 88' lang='lat' dir='ltr'><strong>qui</strong></span> <span class='ocrx_word' id='word_1_64' title='bbox 998 947 1142 994; x_wconf 87' lang='lat' dir='ltr'><strong>recta</strong></span> <span class='ocrx_word' id='word_1_65' title='bbox 1175 939 1423 995; x_wconf 84' lang='lat' dir='ltr'><strong>sentiret.</strong></span> 
     </span>
    </p>
   </div>
   <div class='ocr_carea' id='block_1_10' title="bbox 371 1027 1892 1101">
    <p class='ocr_par' dir='ltr' id='par_1_10' title="bbox 371 1027 1892 1101">
     <span class='ocr_line' id='line_1_10' title="bbox 371 1027 1892 1101; baseline 0.001 -17"><span class='ocrx_word' id='word_1_66' title='bbox 371 1028 532 1100; x_wconf 87' lang='lat' dir='ltr'><strong>(Cap.</strong></span> <span class='ocrx_word' id='word_1_67' title='bbox 564 1027 650 1084; x_wconf 80' lang='lat' dir='ltr'><strong>Vl.</strong></span> <span class='ocrx_word' id='word_1_68' title='bbox 670 1055 742 1071; x_wconf 64' lang='lat'>-</span> <span class='ocrx_word' id='word_1_69' title='bbox 761 1029 918 1085; x_wconf 82' lang='lat' dir='ltr'><strong>Vers.</strong></span> <span class='ocrx_word' id='word_1_70' title='bbox 947 1029 1024 1101; x_wconf 81' lang='lat' dir='ltr'><strong>l.)</strong></span> <span class='ocrx_word' id='word_1_71' title='bbox 1051 1030 1454 1101; x_wconf 72' lang='lat' dir='ltr'><strong>Cortfortamini,</strong></span> <span class='ocrx_word' id='word_1_72' title='bbox 1480 1031 1579 1101; x_wconf 74' lang='lat' dir='ltr'><strong>ﬁlii</strong></span> <span class='ocrx_word' id='word_1_73' title='bbox 1595 1030 1892 1100; x_wconf 77' lang='lat' dir='ltr'><strong>Beniamin,</strong></span> 
     </span>
    </p>
   </div>
   <div class='ocr_carea' id='block_1_11' title="bbox 299 1121 1896 1199">
    <p class='ocr_par' dir='ltr' id='par_1_11' title="bbox 299 1121 1896 1199">
     <span class='ocr_line' id='line_1_11' title="bbox 299 1121 1896 1199; baseline 0.003 -24"><span class='ocrx_word' id='word_1_74' title='bbox 299 1122 350 1175; x_wconf 89' lang='lat' dir='ltr'><strong>in</strong></span> <span class='ocrx_word' id='word_1_75' title='bbox 381 1123 556 1176; x_wconf 78' lang='lat' dir='ltr'><strong>taedio</strong></span> <span class='ocrx_word' id='word_1_76' title='bbox 590 1121 916 1189; x_wconf 87' lang='lat' dir='ltr'><strong>Jesnsalem;</strong></span> <span class='ocrx_word' id='word_1_77' title='bbox 965 1132 1014 1176; x_wconf 84' lang='lat' dir='ltr'><strong>et</strong></span> <span class='ocrx_word' id='word_1_78' title='bbox 1062 1123 1116 1177; x_wconf 87' lang='lat' dir='ltr'><strong>in</strong></span> <span class='ocrx_word' id='word_1_79' title='bbox 1143 1122 1352 1179; x_wconf 81' lang='lat' dir='ltr'><strong>Thecua</strong></span> <span class='ocrx_word' id='word_1_80' title='bbox 1382 1125 1605 1199; x_wconf 86' lang='lat' dir='ltr'><strong>clangite</strong></span> <span class='ocrx_word' id='word_1_81' title='bbox 1639 1125 1896 1192; x_wconf 86' lang='lat' dir='ltr'><strong>buccina;</strong></span> 
     </span>
    </p>
   </div>
   <div class='ocr_carea' id='block_1_12' title="bbox 299 1212 1890 1290">
    <p class='ocr_par' dir='ltr' id='par_1_12' title="bbox 299 1212 1890 1290">
     <span class='ocr_line' id='line_1_12' title="bbox 299 1212 1890 1290; baseline 0.002 -24"><span class='ocrx_word' id='word_1_82' title='bbox 299 1222 345 1266; x_wconf 83' lang='lat' dir='ltr'><strong>ct</strong></span> <span class='ocrx_word' id='word_1_83' title='bbox 371 1230 530 1286; x_wconf 85' lang='lat' dir='ltr'><strong>super</strong></span> <span class='ocrx_word' id='word_1_84' title='bbox 555 1212 927 1269; x_wconf 76' lang='lat' dir='ltr'><strong>Betltaclterem</strong></span> <span class='ocrx_word' id='word_1_85' title='bbox 956 1215 1120 1270; x_wconf 81' lang='lat' dir='ltr'><strong>levate</strong></span> <span class='ocrx_word' id='word_1_86' title='bbox 1163 1219 1369 1289; x_wconf 88' lang='lat' dir='ltr'><strong>signum</strong></span> <span class='ocrx_word' id='word_1_87' title='bbox 1400 1216 1420 1290; x_wconf 92' lang='lat'><strong>(</strong></span> <span class='ocrx_word' id='word_1_88' title='bbox 1449 1219 1564 1273; x_wconf 91' lang='lat' dir='ltr'><strong>sive</strong></span> <span class='ocrx_word' id='word_1_89' title='bbox 1602 1217 1890 1289; x_wconf 73' lang='lat' dir='ltr'><strong>vexillum),</strong></span> 
     </span>
    </p>
   </div>
   <div class='ocr_carea' id='block_1_13' title="bbox 298 1306 1897 1382">
    <p class='ocr_par' dir='ltr' id='par_1_13' title="bbox 298 1306 1897 1382">
     <span class='ocr_line' id='line_1_13' title="bbox 298 1306 1897 1382; baseline 0.004 -24"><span class='ocrx_word' id='word_1_90' title='bbox 298 1306 420 1377; x_wconf 90' lang='lat' dir='ltr'><strong>quia</strong></span> <span class='ocrx_word' id='word_1_91' title='bbox 451 1306 649 1361; x_wconf 90' lang='lat' dir='ltr'><strong>malum</strong></span> <span class='ocrx_word' id='word_1_92' title='bbox 679 1307 845 1362; x_wconf 83' lang='lat' dir='ltr'><strong>visum</strong></span> <span class='ocrx_word' id='word_1_93' title='bbox 871 1316 945 1362; x_wconf 86' lang='lat' dir='ltr'><strong>est</strong></span> <span class='ocrx_word' id='word_1_94' title='bbox 969 1308 1120 1376; x_wconf 90' lang='lat' dir='ltr'><strong>(sive</strong></span> <span class='ocrx_word' id='word_1_95' title='bbox 1148 1310 1428 1382; x_wconf 77' lang='lat' dir='ltr'><strong>apparuit)</strong></span> <span class='ocrx_word' id='word_1_96' title='bbox 1449 1310 1513 1365; x_wconf 88' lang='lat' dir='ltr'><strong>ab</strong></span> <span class='ocrx_word' id='word_1_97' title='bbox 1557 1311 1811 1381; x_wconf 76' lang='lat' dir='ltr'><strong>Aquilone</strong></span> <span class='ocrx_word' id='word_1_98' title='bbox 1850 1319 1897 1366; x_wconf 88' lang='lat' dir='ltr'><strong>et</strong></span> 
     </span>
    </p>
   </div>
   <div class='ocr_carea' id='block_1_14' title="bbox 299 1399 1894 1474">
    <p class='ocr_par' dir='ltr' id='par_1_14' title="bbox 299 1399 1894 1474">
     <span class='ocr_line' id='line_1_14' title="bbox 299 1399 1894 1474; baseline 0.004 -22"><span class='ocrx_word' id='word_1_99' title='bbox 299 1399 545 1453; x_wconf 78' lang='lat' dir='ltr'><strong>contritio</strong></span> <span class='ocrx_word' id='word_1_100' title='bbox 597 1416 806 1470; x_wconf 86' lang='lat' dir='ltr'><strong>magna.</strong></span> <span class='ocrx_word' id='word_1_101' title='bbox 839 1400 1144 1457; x_wconf 80' lang='lat' dir='ltr'><strong><em>Jerusalem</em></strong></span> <span class='ocrx_word' id='word_1_102' title='bbox 1202 1403 1258 1457; x_wconf 90' lang='lat' dir='ltr'><strong>in</strong></span> <span class='ocrx_word' id='word_1_103' title='bbox 1299 1402 1442 1457; x_wconf 85' lang='lat' dir='ltr'><strong>tribu</strong></span> <span class='ocrx_word' id='word_1_104' title='bbox 1488 1403 1773 1474; x_wconf 73' lang='lat' dir='ltr'><strong>Beniamin</strong></span> <span class='ocrx_word' id='word_1_105' title='bbox 1823 1405 1894 1459; x_wconf 85' lang='lat' dir='ltr'><strong>si-</strong></span> 
     </span>
    </p>
   </div>
   <div class='ocr_carea' id='block_1_15' title="bbox 300 1493 1898 1569">
    <p class='ocr_par' dir='ltr' id='par_1_15' title="bbox 300 1493 1898 1569">
     <span class='ocr_line' id='line_1_15' title="bbox 300 1493 1898 1569; baseline 0.008 -25"><span class='ocrx_word' id='word_1_106' title='bbox 300 1499 408 1545; x_wconf 85' lang='lat' dir='ltr'><strong>tam</strong></span> <span class='ocrx_word' id='word_1_107' title='bbox 441 1493 623 1547; x_wconf 91' lang='lat' dir='ltr'><strong>nullus</strong></span> <span class='ocrx_word' id='word_1_108' title='bbox 672 1494 901 1565; x_wconf 80' lang='lat' dir='ltr'><strong>ignorat.</strong></span> <span class='ocrx_word' id='word_1_109' title='bbox 935 1494 1210 1552; x_wconf 84' lang='lat' dir='ltr'><strong>Tltecuam</strong></span> <span class='ocrx_word' id='word_1_110' title='bbox 1257 1512 1474 1569; x_wconf 88' lang='lat' dir='ltr'><strong>quoque</strong></span> <span class='ocrx_word' id='word_1_111' title='bbox 1504 1499 1741 1554; x_wconf 76' lang='lat' dir='ltr'><strong>Vlt‘lllttm</strong></span> <span class='ocrx_word' id='word_1_112' title='bbox 1774 1513 1898 1556; x_wconf 89' lang='lat' dir='ltr'><strong>esse</strong></span> 
     </span>
    </p>
   </div>
   <div class='ocr_carea' id='block_1_16' title="bbox 298 1585 1898 1666">
    <p class='ocr_par' dir='ltr' id='par_1_16' title="bbox 298 1585 1898 1666">
     <span class='ocr_line' id='line_1_16' title="bbox 298 1585 1898 1666; baseline 0.005 -25"><span class='ocrx_word' id='word_1_113' title='bbox 298 1585 352 1642; x_wconf 92' lang='lat' dir='ltr'><strong>in</strong></span> <span class='ocrx_word' id='word_1_114' title='bbox 404 1596 596 1643; x_wconf 91' lang='lat' dir='ltr'><strong>monte</strong></span> <span class='ocrx_word' id='word_1_115' title='bbox 639 1589 831 1658; x_wconf 90' lang='lat' dir='ltr'><strong>situm,</strong></span> <span class='ocrx_word' id='word_1_116' title='bbox 871 1599 928 1645; x_wconf 91' lang='lat' dir='ltr'><strong>et</strong></span> <span class='ocrx_word' id='word_1_117' title='bbox 991 1589 1278 1648; x_wconf 86' lang='lat' dir='ltr'><strong>duodecim</strong></span> <span class='ocrx_word' id='word_1_118' title='bbox 1339 1592 1577 1648; x_wconf 81' lang='lat' dir='ltr'><strong>millibus</strong></span> <span class='ocrx_word' id='word_1_119' title='bbox 1625 1594 1793 1666; x_wconf 73' lang='lat'><strong>882</strong></span> <span class='ocrx_word' id='word_1_120' title='bbox 1828 1595 1898 1649; x_wconf 86' lang='lat' dir='ltr'><strong>ab</strong></span> 
     </span>
    </p>
   </div>
   <div class='ocr_carea' id='block_1_17' title="bbox 298 1678 1890 1756">
    <p class='ocr_par' dir='ltr' id='par_1_17' title="bbox 298 1678 1890 1756">
     <span class='ocr_line' id='line_1_17' title="bbox 298 1678 1890 1756; baseline 0.004 -20"><span class='ocrx_word' id='word_1_121' title='bbox 298 1678 696 1754; x_wconf 79' lang='lat' dir='ltr'><strong>Hierosolymis</strong></span> <span class='ocrx_word' id='word_1_122' title='bbox 719 1691 1056 1754; x_wconf 79' lang='lat' dir='ltr'><strong>separatum,</strong></span> <span class='ocrx_word' id='word_1_123' title='bbox 1090 1685 1338 1756; x_wconf 80' lang='lat' dir='ltr'><strong>quotidie</strong></span> <span class='ocrx_word' id='word_1_124' title='bbox 1369 1685 1547 1742; x_wconf 88' lang='lat' dir='ltr'><strong>oculis</strong></span> <span class='ocrx_word' id='word_1_125' title='bbox 1591 1701 1890 1743; x_wconf 88' lang='lat' dir='ltr'><strong>cernuuus.</strong></span> 
     </span>
    </p>
   </div>
   <div class='ocr_carea' id='block_1_18' title="bbox 297 1774 1898 1851">
    <p class='ocr_par' dir='ltr' id='par_1_18' title="bbox 297 1774 1898 1851">
     <span class='ocr_line' id='line_1_18' title="bbox 297 1774 1898 1851; baseline 0.004 -22"><span class='ocrx_word' id='word_1_126' title='bbox 297 1774 453 1830; x_wconf 84' lang='lat' dir='ltr'><strong>Inter</strong></span> <span class='ocrx_word' id='word_1_127' title='bbox 500 1774 602 1829; x_wconf 88' lang='lat' dir='ltr'><strong>hos</strong></span> <span class='ocrx_word' id='word_1_128' title='bbox 630 1774 769 1830; x_wconf 89' lang='lat' dir='ltr'><strong>alius</strong></span> <span class='ocrx_word' id='word_1_129' title='bbox 800 1777 950 1833; x_wconf 86' lang='lat' dir='ltr'><strong>vicus</strong></span> <span class='ocrx_word' id='word_1_130' title='bbox 981 1787 1086 1843; x_wconf 89' lang='lat' dir='ltr'><strong>est,</strong></span> <span class='ocrx_word' id='word_1_131' title='bbox 1113 1776 1205 1848; x_wconf 90' lang='lat' dir='ltr'><strong>qui</strong></span> <span class='ocrx_word' id='word_1_132' title='bbox 1238 1777 1420 1850; x_wconf 78' lang='lat' dir='ltr'><strong>lingua</strong></span> <span class='ocrx_word' id='word_1_133' title='bbox 1465 1778 1602 1851; x_wconf 88' lang='lat' dir='ltr'><strong>Syra</strong></span> <span class='ocrx_word' id='word_1_134' title='bbox 1634 1775 1662 1815; x_wconf 74' lang='grc' dir='ltr'>δ</span> <span class='ocrx_word' id='word_1_135' title='bbox 1702 1787 1760 1834; x_wconf 87' lang='lat' dir='ltr'><strong>et</strong></span> <span class='ocrx_word' id='word_1_136' title='bbox 1793 1779 1898 1835; x_wconf 88' lang='lat' dir='ltr'><strong>He-</strong></span> 
     </span>
    </p>
   </div>
   <div class='ocr_carea' id='block_1_19' title="bbox 1999 561 3603 638">
    <p class='ocr_par' dir='ltr' id='par_1_19' title="bbox 1999 561 3603 638">
     <span class='ocr_line' id='line_1_19' title="bbox 1999 561 3603 638; baseline -0.002 -20"><span class='ocrx_word' id='word_1_137' title='bbox 1999 561 2326 638; x_wconf 85' lang='lat' dir='ltr'><strong>Consurgite.</strong></span> <span class='ocrx_word' id='word_1_138' title='bbox 2357 573 2402 619; x_wconf 89' lang='lat' dir='ltr'><strong>et</strong></span> <span class='ocrx_word' id='word_1_139' title='bbox 2431 566 2770 620; x_wconf 84' lang='lat' dir='ltr'><strong>ascendamus</strong></span> <span class='ocrx_word' id='word_1_140' title='bbox 2801 567 2855 619; x_wconf 92' lang='lat' dir='ltr'><strong>in</strong></span> <span class='ocrx_word' id='word_1_141' title='bbox 2881 565 3143 618; x_wconf 84' lang='lat' dir='ltr'><strong>meridiem</strong></span> <span class='ocrx_word' id='word_1_142' title='bbox 3171 580 3191 619; x_wconf 91' lang='lat'><strong><em>:</em></strong></span> <span class='ocrx_word' id='word_1_143' title='bbox 3217 581 3325 618; x_wconf 88' lang='lat' dir='ltr'><strong>non</strong></span> <span class='ocrx_word' id='word_1_144' title='bbox 3352 577 3445 634; x_wconf 87' lang='lat' dir='ltr'><strong>per</strong></span> <span class='ocrx_word' id='word_1_145' title='bbox 3472 573 3603 614; x_wconf 88' lang='lat' dir='ltr'><strong>noc-</strong></span> 
     </span>
    </p>
   </div>
   <div class='ocr_carea' id='block_1_20' title="bbox 1998 653 3601 729">
    <p class='ocr_par' dir='ltr' id='par_1_20' title="bbox 1998 653 3601 729">
     <span class='ocr_line' id='line_1_20' title="bbox 1998 653 3601 729; baseline -0.001 -19"><span class='ocrx_word' id='word_1_146' title='bbox 1998 664 2105 710; x_wconf 87' lang='lat' dir='ltr'><strong>tem</strong></span> <span class='ocrx_word' id='word_1_147' title='bbox 2147 666 2200 712; x_wconf 91' lang='lat' dir='ltr'><strong>et</strong></span> <span class='ocrx_word' id='word_1_148' title='bbox 2229 658 2497 723; x_wconf 85' lang='lat' dir='ltr'><strong>insidias;</strong></span> <span class='ocrx_word' id='word_1_149' title='bbox 2541 658 2637 712; x_wconf 92' lang='lat' dir='ltr'><strong>sed</strong></span> <span class='ocrx_word' id='word_1_150' title='bbox 2670 657 2827 726; x_wconf 88' lang='lat' dir='ltr'><strong>plena</strong></span> <span class='ocrx_word' id='word_1_151' title='bbox 2877 656 2996 712; x_wconf 87' lang='lat' dir='ltr'><strong>luce</strong></span> <span class='ocrx_word' id='word_1_152' title='bbox 3026 671 3332 729; x_wconf 74' lang='lat' dir='ltr'><strong>pugnemus</strong></span> <span class='ocrx_word' id='word_1_153' title='bbox 3363 673 3377 710; x_wconf 92' lang='lat'><strong>:</strong></span> <span class='ocrx_word' id='word_1_154' title='bbox 3418 653 3601 710; x_wconf 85' lang='lat' dir='ltr'><strong>nullus</strong></span> 
     </span>
    </p>
   </div>
   <div class='ocr_carea' id='block_1_21' title="bbox 1997 750 2849 821">
    <p class='ocr_par' dir='ltr' id='par_1_21' title="bbox 1997 750 2849 821">
     <span class='ocr_line' id='line_1_21' title="bbox 1997 750 2849 821; baseline 0.002 -17"><span class='ocrx_word' id='word_1_155' title='bbox 1997 750 2143 804; x_wconf 89' lang='lat' dir='ltr'><strong>enim</strong></span> <span class='ocrx_word' id='word_1_156' title='bbox 2178 751 2334 805; x_wconf 88' lang='lat' dir='ltr'><strong>nobis</strong></span> <span class='ocrx_word' id='word_1_157' title='bbox 2361 761 2542 821; x_wconf 87' lang='lat' dir='ltr'><strong>potest</strong></span> <span class='ocrx_word' id='word_1_158' title='bbox 2567 752 2849 808; x_wconf 86' lang='lat' dir='ltr'><strong>resistere.</strong></span> 
     </span>
    </p>
   </div>
   <div class='ocr_carea' id='block_1_22' title="bbox 2073 843 3600 918">
    <p class='ocr_par' dir='ltr' id='par_1_22' title="bbox 2073 843 3600 918">
     <span class='ocr_line' id='line_1_22' title="bbox 2073 843 3600 918; baseline -0.001 -20"><span class='ocrx_word' id='word_1_159' title='bbox 2073 843 2262 914; x_wconf 82' lang='lat' dir='ltr'><strong>(Vcrs.</strong></span> <span class='ocrx_word' id='word_1_160' title='bbox 2296 846 2349 913; x_wconf 58' lang='lat' dir='ltr'><strong>Al,</strong></span> <span class='ocrx_word' id='word_1_161' title='bbox 2383 843 2483 917; x_wconf 86' lang='lat'><strong>5.)</strong></span> <span class='ocrx_word' id='word_1_162' title='bbox 2521 845 2612 901; x_wconf 78' lang='grc' dir='ltr'><strong>γω</strong></span> <span class='ocrx_word' id='word_1_163' title='bbox 2647 845 2817 910; x_wconf 85' lang='lat' dir='ltr'><strong>nobis,</strong></span> <span class='ocrx_word' id='word_1_164' title='bbox 2859 846 2984 918; x_wconf 86' lang='lat' dir='ltr'><strong>quia</strong></span> <span class='ocrx_word' id='word_1_165' title='bbox 3009 845 3289 901; x_wconf 80' lang='lat' dir='ltr'><strong>declinavit</strong></span> <span class='ocrx_word' id='word_1_166' title='bbox 3320 846 3451 906; x_wconf 85' lang='lat' dir='ltr'><strong>dies,</strong></span> <span class='ocrx_word' id='word_1_167' title='bbox 3474 845 3600 916; x_wconf 88' lang='lat' dir='ltr'><strong>quia</strong></span> 
     </span>
    </p>
   </div>
   <div class='ocr_carea' id='block_1_23' title="bbox 1997 937 3599 1012">
    <p class='ocr_par' dir='ltr' id='par_1_23' title="bbox 1997 937 3599 1012">
     <span class='ocr_line' id='line_1_23' title="bbox 1997 937 3599 1012; baseline -0.001 -20"><span class='ocrx_word' id='word_1_168' title='bbox 1997 937 2253 1011; x_wconf 79' lang='lat' dir='ltr'><strong>longiores</strong></span> <span class='ocrx_word' id='word_1_169' title='bbox 2282 940 2435 1010; x_wconf 71' lang='lat' dir='ltr'><strong>[astte</strong></span> <span class='ocrx_word' id='word_1_170' title='bbox 2454 948 2574 994; x_wconf 88' lang='lat' dir='ltr'><strong>sunt</strong></span> <span class='ocrx_word' id='word_1_171' title='bbox 2598 939 2616 1011; x_wconf 92' lang='lat'><strong>(</strong></span> <span class='ocrx_word' id='word_1_172' title='bbox 2635 940 2751 996; x_wconf 90' lang='lat' dir='ltr'><strong>sive</strong></span> <span class='ocrx_word' id='word_1_173' title='bbox 2799 941 3096 1012; x_wconf 76' lang='lat' dir='ltr'><strong>defecerunt</strong></span> <span class='ocrx_word' id='word_1_174' title='bbox 3119 940 3138 1012; x_wconf 95' lang='lat'><strong>)</strong></span> <span class='ocrx_word' id='word_1_175' title='bbox 3165 941 3360 996; x_wconf 68' lang='lat' dir='ltr'><strong>umbra:</strong></span> <span class='ocrx_word' id='word_1_176' title='bbox 3381 937 3599 1011; x_wconf 78' lang='lat' dir='ltr'><strong>vesperi.</strong></span> 
     </span>
    </p>
   </div>
   <div class='ocr_carea' id='block_1_24' title="bbox 2000 1033 3601 1108">
    <p class='ocr_par' dir='ltr' id='par_1_24' title="bbox 2000 1033 3601 1108">
     <span class='ocr_line' id='line_1_24' title="bbox 2000 1033 3601 1108; baseline -0.002 -18"><span class='ocrx_word' id='word_1_177' title='bbox 2000 1035 2208 1108; x_wconf 85' lang='lat' dir='ltr'><strong>Surgite</strong></span> <span class='ocrx_word' id='word_1_178' title='bbox 2237 1043 2283 1089; x_wconf 81' lang='lat' dir='ltr'><strong>et</strong></span> <span class='ocrx_word' id='word_1_179' title='bbox 2311 1035 2647 1090; x_wconf 85' lang='lat' dir='ltr'><strong>ascendamus</strong></span> <span class='ocrx_word' id='word_1_180' title='bbox 2676 1035 2729 1089; x_wconf 90' lang='lat' dir='ltr'><strong>in</strong></span> <span class='ocrx_word' id='word_1_181' title='bbox 2782 1045 2950 1099; x_wconf 87' lang='lat' dir='ltr'><strong>nocte,</strong></span> <span class='ocrx_word' id='word_1_182' title='bbox 2982 1044 3028 1087; x_wconf 80' lang='lat' dir='ltr'><strong>ct</strong></span> <span class='ocrx_word' id='word_1_183' title='bbox 3071 1035 3379 1107; x_wconf 69' lang='lat' dir='ltr'><strong>dissipentus</strong></span> <span class='ocrx_word' id='word_1_184' title='bbox 3419 1033 3601 1086; x_wconf 88' lang='lat' dir='ltr'><strong>domas</strong></span> 
     </span>
    </p>
   </div>
   <div class='ocr_carea' id='block_1_25' title="bbox 1997 1124 3600 1200">
    <p class='ocr_par' dir='ltr' id='par_1_25' title="bbox 1997 1124 3600 1200">
     <span class='ocr_line' id='line_1_25' title="bbox 1997 1124 3600 1200; baseline -0.003 -17"><span class='ocrx_word' id='word_1_185' title='bbox 1997 1130 2110 1193; x_wconf 86' lang='lat' dir='ltr'><strong>eius</strong></span> <span class='ocrx_word' id='word_1_186' title='bbox 2146 1128 2308 1198; x_wconf 88' lang='lat' dir='ltr'><strong>(sive</strong></span> <span class='ocrx_word' id='word_1_187' title='bbox 2337 1129 2680 1198; x_wconf 82' lang='lat' dir='ltr'><strong>fundamenta</strong></span> <span class='ocrx_word' id='word_1_188' title='bbox 2719 1128 2920 1200; x_wconf 90' lang='lat' dir='ltr'><strong>illius).</strong></span> <span class='ocrx_word' id='word_1_189' title='bbox 2967 1127 3046 1182; x_wconf 91' lang='lat' dir='ltr'><strong>Illi</strong></span> <span class='ocrx_word' id='word_1_190' title='bbox 3097 1127 3291 1183; x_wconf 89' lang='lat' dir='ltr'><strong>dicunt</strong></span> <span class='ocrx_word' id='word_1_191' title='bbox 3318 1142 3338 1181; x_wconf 90' lang='lat'><strong><em>:</em></strong></span> <span class='ocrx_word' id='word_1_192' title='bbox 3365 1124 3600 1195; x_wconf 84' lang='lat' dir='ltr'><strong>Surgite,</strong></span> 
     </span>
    </p>
   </div>
   <div class='ocr_carea' id='block_1_26' title="bbox 1999 1219 3603 1287">
    <p class='ocr_par' dir='ltr' id='par_1_26' title="bbox 1999 1219 3603 1287">
     <span class='ocr_line' id='line_1_26' title="bbox 1999 1219 3603 1287; baseline -0.004 -11"><span class='ocrx_word' id='word_1_193' title='bbox 1999 1231 2046 1276; x_wconf 90' lang='lat' dir='ltr'><strong>et</strong></span> <span class='ocrx_word' id='word_1_194' title='bbox 2073 1223 2413 1276; x_wconf 86' lang='lat' dir='ltr'><strong>ascendamns</strong></span> <span class='ocrx_word' id='word_1_195' title='bbox 2461 1222 2517 1275; x_wconf 89' lang='lat' dir='ltr'><strong>in</strong></span> <span class='ocrx_word' id='word_1_196' title='bbox 2564 1219 2779 1275; x_wconf 85' lang='lat' dir='ltr'><strong>meridie</strong></span> <span class='ocrx_word' id='word_1_197' title='bbox 2799 1261 2814 1285; x_wconf 90' lang='lat'><strong>,</strong></span> <span class='ocrx_word' id='word_1_198' title='bbox 2843 1228 2900 1275; x_wconf 92' lang='lat' dir='ltr'><strong>et</strong></span> <span class='ocrx_word' id='word_1_199' title='bbox 2945 1221 3088 1275; x_wconf 87' lang='lat' dir='ltr'><strong>clara</strong></span> <span class='ocrx_word' id='word_1_200' title='bbox 3121 1219 3242 1274; x_wconf 90' lang='lat' dir='ltr'><strong>luce</strong></span> <span class='ocrx_word' id='word_1_201' title='bbox 3273 1231 3603 1287; x_wconf 79' lang='lat' dir='ltr'><strong>pugnemus.</strong></span> 
     </span>
    </p>
   </div>
   <div class='ocr_carea' id='block_1_27' title="bbox 1997 1311 3599 1385">
    <p class='ocr_par' dir='ltr' id='par_1_27' title="bbox 1997 1311 3599 1385">
     <span class='ocr_line' id='line_1_27' title="bbox 1997 1311 3599 1385; baseline -0.005 -15"><span class='ocrx_word' id='word_1_202' title='bbox 1997 1313 2452 1384; x_wconf 75' lang='lat' dir='ltr'><strong>Istirespondent</strong></span> <span class='ocrx_word' id='word_1_203' title='bbox 2479 1331 2492 1367; x_wconf 89' lang='lat'><strong>:</strong></span> <span class='ocrx_word' id='word_1_204' title='bbox 2537 1311 2626 1368; x_wconf 76' lang='grc' dir='ltr'><strong>γω</strong></span> <span class='ocrx_word' id='word_1_205' title='bbox 2651 1314 2817 1381; x_wconf 89' lang='lat' dir='ltr'><strong>nobis,</strong></span> <span class='ocrx_word' id='word_1_206' title='bbox 2849 1313 2970 1382; x_wconf 87' lang='lat' dir='ltr'><strong>quia</strong></span> <span class='ocrx_word' id='word_1_207' title='bbox 2995 1313 3251 1385; x_wconf 80' lang='lat' dir='ltr'><strong>longiores</strong></span> <span class='ocrx_word' id='word_1_208' title='bbox 3277 1313 3430 1384; x_wconf 66' lang='lat' dir='ltr'><strong>facta</strong></span> <span class='ocrx_word' id='word_1_209' title='bbox 3473 1317 3599 1364; x_wconf 84' lang='lat' dir='ltr'><strong>sunt</strong></span> 
     </span>
    </p>
   </div>
   <div class='ocr_carea' id='block_1_28' title="bbox 1998 1402 3598 1480">
    <p class='ocr_par' dir='ltr' id='par_1_28' title="bbox 1998 1402 3598 1480">
     <span class='ocr_line' id='line_1_28' title="bbox 1998 1402 3598 1480; baseline -0.003 -17"><span class='ocrx_word' id='word_1_210' title='bbox 1998 1407 2194 1464; x_wconf 76' lang='lat' dir='ltr'><strong>umbra:</strong></span> <span class='ocrx_word' id='word_1_211' title='bbox 2210 1407 2766 1480; x_wconf 67' lang='lat' dir='ltr'><strong>vesperteSccundum</strong></span> <span class='ocrx_word' id='word_1_212' title='bbox 2783 1407 2915 1462; x_wconf 89' lang='lat' dir='ltr'><strong>illttd</strong></span> <span class='ocrx_word' id='word_1_213' title='bbox 2931 1403 3516 1478; x_wconf 78' lang='lat' dir='ltr'><strong>Virgilianttm(Eclog.</strong></span> <span class='ocrx_word' id='word_1_214' title='bbox 3531 1402 3598 1474; x_wconf 86' lang='lat' dir='ltr'><strong>t):</strong></span> 
     </span>
    </p>
   </div>
   <div class='ocr_carea' id='block_1_29' title="bbox 2092 1537 3410 1606">
    <p class='ocr_par' dir='ltr' id='par_1_29' title="bbox 2092 1537 3410 1606">
     <span class='ocr_line' id='line_1_29' title="bbox 2092 1537 3410 1606; baseline -0.006 -13"><span class='ocrx_word' id='word_1_215' title='bbox 2092 1541 2153 1593; x_wconf 81' lang='lat' dir='ltr'><strong>Et</strong></span> <span class='ocrx_word' id='word_1_216' title='bbox 2172 1544 2268 1606; x_wconf 87' lang='lat' dir='ltr'><strong>jam</strong></span> <span class='ocrx_word' id='word_1_217' title='bbox 2299 1555 2484 1591; x_wconf 91' lang='lat' dir='ltr'><strong>summa</strong></span> <span class='ocrx_word' id='word_1_218' title='bbox 2509 1541 2676 1606; x_wconf 87' lang='lat' dir='ltr'><strong>procul</strong></span> <span class='ocrx_word' id='word_1_219' title='bbox 2699 1541 2920 1606; x_wconf 78' lang='lat' dir='ltr'><strong>villarum</strong></span> <span class='ocrx_word' id='word_1_220' title='bbox 2944 1539 3158 1606; x_wconf 87' lang='lat' dir='ltr'><strong>culmina</strong></span> <span class='ocrx_word' id='word_1_221' title='bbox 3183 1537 3372 1606; x_wconf 80' lang='lat' dir='ltr'><strong>fumant</strong></span> <span class='ocrx_word' id='word_1_222' title='bbox 3397 1551 3410 1585; x_wconf 89' lang='lat'>:</span> 
     </span>
    </p>
   </div>
   <div class='ocr_carea' id='block_1_30' title="bbox 2094 1603 3339 1669">
    <p class='ocr_par' dir='ltr' id='par_1_30' title="bbox 2094 1603 3339 1669">
     <span class='ocr_line' id='line_1_30' title="bbox 2094 1603 3339 1669; baseline -0.006 -13"><span class='ocrx_word' id='word_1_223' title='bbox 2094 1603 2407 1669; x_wconf 74' lang='lat' dir='ltr'><strong>Maioresque</strong></span> <span class='ocrx_word' id='word_1_224' title='bbox 2430 1603 2613 1654; x_wconf 87' lang='lat' dir='ltr'><strong>cadunt</strong></span> <span class='ocrx_word' id='word_1_225' title='bbox 2635 1607 2750 1655; x_wconf 89' lang='lat' dir='ltr'><strong>altls</strong></span> <span class='ocrx_word' id='word_1_226' title='bbox 2771 1605 2834 1654; x_wconf 88' lang='lat' dir='ltr'><strong>de</strong></span> <span class='ocrx_word' id='word_1_227' title='bbox 2860 1605 3112 1654; x_wconf 86' lang='lat' dir='ltr'><strong>montibus</strong></span> <span class='ocrx_word' id='word_1_228' title='bbox 3131 1603 3339 1652; x_wconf 67' lang='lat' dir='ltr'><strong>umbrae.</strong></span> 
     </span>
    </p>
   </div>
   <div class='ocr_carea' id='block_1_31' title="bbox 1996 1703 3607 1782">
    <p class='ocr_par' dir='ltr' id='par_1_31' title="bbox 1996 1703 3607 1782">
     <span class='ocr_line' id='line_1_31' title="bbox 1996 1703 3607 1782; baseline -0.003 -18"><span class='ocrx_word' id='word_1_229' title='bbox 1996 1708 2165 1782; x_wconf 78' lang='grc'>883</span> <span class='ocrx_word' id='word_1_230' title='bbox 2195 1708 2261 1763; x_wconf 84' lang='lat' dir='ltr'><strong>Et</strong></span> <span class='ocrx_word' id='word_1_231' title='bbox 2288 1717 2371 1763; x_wconf 91' lang='lat' dir='ltr'><strong>est</strong></span> <span class='ocrx_word' id='word_1_232' title='bbox 2399 1723 2624 1763; x_wconf 86' lang='lat' dir='ltr'><strong>sensus:</strong></span> <span class='ocrx_word' id='word_1_233' title='bbox 2661 1707 2720 1764; x_wconf 91' lang='lat' dir='ltr'><strong>Si</strong></span> <span class='ocrx_word' id='word_1_234' title='bbox 2751 1723 2850 1778; x_wconf 92' lang='lat' dir='ltr'><strong>per</strong></span> <span class='ocrx_word' id='word_1_235' title='bbox 2875 1707 3018 1762; x_wconf 84' lang='lat' dir='ltr'><strong>diem</strong></span> <span class='ocrx_word' id='word_1_236' title='bbox 3047 1707 3161 1761; x_wconf 49' lang='lat' dir='ltr'><strong>bare</strong></span> <span class='ocrx_word' id='word_1_237' title='bbox 3191 1706 3451 1777; x_wconf 86' lang='lat' dir='ltr'><strong>patimur,</strong></span> <span class='ocrx_word' id='word_1_238' title='bbox 3477 1703 3607 1776; x_wconf 89' lang='lat' dir='ltr'><strong>quid</strong></span> 
     </span>
    </p>
   </div>
   <div class='ocr_carea' id='block_1_32' title="bbox 2002 1797 3604 1872">
    <p class='ocr_par' dir='ltr' id='par_1_32' title="bbox 2002 1797 3604 1872">
     <span class='ocr_line' id='line_1_32' title="bbox 2002 1797 3604 1872; baseline -0.001 -20"><span class='ocrx_word' id='word_1_239' title='bbox 2002 1803 2272 1872; x_wconf 86' lang='lat' dir='ltr'><strong>patiemur</strong></span> <span class='ocrx_word' id='word_1_240' title='bbox 2301 1802 2354 1855; x_wconf 95' lang='lat' dir='ltr'><strong>in</strong></span> <span class='ocrx_word' id='word_1_241' title='bbox 2390 1800 2586 1856; x_wconf 90' lang='lat' dir='ltr'><strong>nocte?</strong></span> <span class='ocrx_word' id='word_1_242' title='bbox 2618 1800 2969 1870; x_wconf 82' lang='lat' dir='ltr'><strong>Rursumque</strong></span> <span class='ocrx_word' id='word_1_243' title='bbox 2996 1799 3088 1870; x_wconf 91' lang='lat' dir='ltr'><strong>qui</strong></span> <span class='ocrx_word' id='word_1_244' title='bbox 3119 1812 3280 1866; x_wconf 84' lang='lat' dir='ltr'><strong>supra</strong></span> <span class='ocrx_word' id='word_1_245' title='bbox 3309 1797 3565 1852; x_wconf 79' lang='lat' dir='ltr'><strong>dixerant</strong></span> <span class='ocrx_word' id='word_1_246' title='bbox 3590 1813 3604 1850; x_wconf 90' lang='lat'>:</span> 
     </span>
    </p>
   </div>
   <div class='ocr_carea' id='block_1_33' title="bbox 301 1865 1901 1966">
    <p class='ocr_par' dir='ltr' id='par_1_33' title="bbox 301 1865 1898 1943">
     <span class='ocr_line' id='line_1_33' title="bbox 301 1865 1898 1943; baseline 0.006 -23"><span class='ocrx_word' id='word_1_247' title='bbox 301 1865 482 1922; x_wconf 89' lang='lat' dir='ltr'><strong>braica</strong></span> <span class='ocrx_word' id='word_1_248' title='bbox 508 1883 907 1926; x_wconf 74' lang='lat' dir='ltr'><strong>BETIIACBABIA</strong></span> <span class='ocrx_word' id='word_1_249' title='bbox 934 1870 1270 1942; x_wconf 85' lang='lat' dir='ltr'><strong>nominatur,</strong></span> <span class='ocrx_word' id='word_1_250' title='bbox 1300 1883 1356 1927; x_wconf 89' lang='lat' dir='ltr'><strong>et</strong></span> <span class='ocrx_word' id='word_1_251' title='bbox 1384 1873 1498 1942; x_wconf 82' lang='lat' dir='ltr'><strong>ipse</strong></span> <span class='ocrx_word' id='word_1_252' title='bbox 1523 1874 1573 1927; x_wconf 90' lang='lat' dir='ltr'><strong>itt</strong></span> <span class='ocrx_word' id='word_1_253' title='bbox 1600 1884 1780 1930; x_wconf 87' lang='lat' dir='ltr'><strong>monte</strong></span> <span class='ocrx_word' id='word_1_254' title='bbox 1805 1890 1898 1943; x_wconf 54' lang='lat' dir='ltr'><strong>po-</strong></span> 
     </span>
    </p>
   </div>
   <div class='ocr_carea' id='block_1_34' title="bbox 2007 1865 3607 1966">
    <p class='ocr_par' dir='ltr' id='par_1_34' title="bbox 2007 1865 3607 1966">
     <span class='ocr_line' id='line_1_34' title="bbox 2007 1865 3607 1966; baseline -0.004 -16"><span class='ocrx_word' id='word_1_255' title='bbox 2007 1865 2344 1964; x_wconf 81' lang='lat' dir='ltr'><strong>Sancti/icate</strong></span> <span class='ocrx_word' id='word_1_256' title='bbox 2367 1911 2520 1966; x_wconf 90' lang='lat' dir='ltr'><strong>super</strong></span> <span class='ocrx_word' id='word_1_257' title='bbox 2551 1909 2662 1946; x_wconf 89' lang='lat' dir='ltr'><strong>eam</strong></span> <span class='ocrx_word' id='word_1_258' title='bbox 2692 1865 2905 1957; x_wconf 62' lang='lat' dir='ltr'><strong>bellum,</strong></span> <span class='ocrx_word' id='word_1_259' title='bbox 2937 1865 3090 1956; x_wconf 77' lang='lat' dir='ltr'><strong>atque</strong></span> <span class='ocrx_word' id='word_1_260' title='bbox 3119 1865 3436 1960; x_wconf 87' lang='lat' dir='ltr'><strong>consurgite,</strong></span> <span class='ocrx_word' id='word_1_261' title='bbox 3461 1904 3607 1944; x_wconf 86' lang='lat' dir='ltr'><strong>nunc</strong></span> 
     </span>
    </p>
   </div>
   <div class='ocr_carea' id='block_1_35' title="bbox 299 1959 1895 2038">
    <p class='ocr_par' dir='ltr' id='par_1_35' title="bbox 299 1959 1895 2038">
     <span class='ocr_line' id='line_1_35' title="bbox 299 1959 1895 2038; baseline 0.006 -25"><span class='ocrx_word' id='word_1_262' title='bbox 299 1959 435 2014; x_wconf 75' lang='lat' dir='ltr'><strong>situs</strong></span> <span class='ocrx_word' id='word_1_263' title='bbox 465 1961 485 2033; x_wconf 95' lang='lat'><strong>(</strong></span> <span class='ocrx_word' id='word_1_264' title='bbox 517 1969 822 2022; x_wconf 59' lang='lat' dir='ltr'><strong>umnam:</strong></span> <span class='ocrx_word' id='word_1_265' title='bbox 853 1961 894 2031; x_wconf 94' lang='lat'><strong>).</strong></span> <span class='ocrx_word' id='word_1_266' title='bbox 929 1962 1082 2032; x_wconf 89' lang='lat' dir='ltr'><strong>Quod</strong></span> <span class='ocrx_word' id='word_1_267' title='bbox 1105 1979 1238 2035; x_wconf 88' lang='lat' dir='ltr'><strong>ergo</strong></span> <span class='ocrx_word' id='word_1_268' title='bbox 1280 1963 1435 2030; x_wconf 90' lang='lat' dir='ltr'><strong>dicit,</strong></span> <span class='ocrx_word' id='word_1_269' title='bbox 1472 1967 1574 2022; x_wconf 88' lang='lat' dir='ltr'><strong>hoc</strong></span> <span class='ocrx_word' id='word_1_270' title='bbox 1615 1977 1700 2022; x_wconf 88' lang='lat' dir='ltr'><strong>est</strong></span> <span class='ocrx_word' id='word_1_271' title='bbox 1728 1985 1742 2021; x_wconf 93' lang='lat'><strong>:</strong></span> <span class='ocrx_word' id='word_1_272' title='bbox 1771 1969 1895 2038; x_wconf 90' lang='lat' dir='ltr'><strong>quia</strong></span> 
     </span>
    </p>
   </div>
   <div class='ocr_carea' id='block_1_36' title="bbox 298 2052 1895 2128">
    <p class='ocr_par' dir='ltr' id='par_1_36' title="bbox 298 2052 1895 2128">
     <span class='ocr_line' id='line_1_36' title="bbox 298 2052 1895 2128; baseline 0.006 -19"><span class='ocrx_word' id='word_1_273' title='bbox 298 2052 367 2110; x_wconf 83' lang='lat' dir='ltr'><strong>ab</strong></span> <span class='ocrx_word' id='word_1_274' title='bbox 397 2055 674 2127; x_wconf 81' lang='lat' dir='ltr'><strong>Aquilone</strong></span> <span class='ocrx_word' id='word_1_275' title='bbox 697 2056 1036 2128; x_wconf 86' lang='lat' dir='ltr'><strong>jamjamque</strong></span> <span class='ocrx_word' id='word_1_276' title='bbox 1063 2067 1322 2115; x_wconf 89' lang='lat' dir='ltr'><strong>venturus</strong></span> <span class='ocrx_word' id='word_1_277' title='bbox 1347 2070 1430 2116; x_wconf 91' lang='lat' dir='ltr'><strong>est</strong></span> <span class='ocrx_word' id='word_1_278' title='bbox 1453 2059 1895 2118; x_wconf 83' lang='lat' dir='ltr'><strong>Nabuchodono-</strong></span> 
     </span>
    </p>
   </div>
   <div class='ocr_carea' id='block_1_37' title="bbox 297 2150 1898 2226">
    <p class='ocr_par' dir='ltr' id='par_1_37' title="bbox 297 2150 1898 2226">
     <span class='ocr_line' id='line_1_37' title="bbox 297 2150 1898 2226; baseline 0.006 -24"><span class='ocrx_word' id='word_1_279' title='bbox 297 2163 412 2211; x_wconf 86' lang='lat' dir='ltr'><strong>sor,</strong></span> <span class='ocrx_word' id='word_1_280' title='bbox 443 2160 502 2205; x_wconf 87' lang='lat' dir='ltr'><strong>et</strong></span> <span class='ocrx_word' id='word_1_281' title='bbox 530 2150 779 2207; x_wconf 89' lang='lat' dir='ltr'><strong>imminet</strong></span> <span class='ocrx_word' id='word_1_282' title='bbox 818 2152 992 2207; x_wconf 89' lang='lat' dir='ltr'><strong>vicina</strong></span> <span class='ocrx_word' id='word_1_283' title='bbox 1024 2155 1335 2226; x_wconf 81' lang='lat' dir='ltr'><strong>captivitas,</strong></span> <span class='ocrx_word' id='word_1_284' title='bbox 1381 2171 1414 2208; x_wconf 94' lang='grc' dir='ltr'>ο</span> <span class='ocrx_word' id='word_1_285' title='bbox 1443 2155 1780 2213; x_wconf 84' lang='lat' dir='ltr'><strong>habitatores</strong></span> <span class='ocrx_word' id='word_1_286' title='bbox 1809 2156 1898 2213; x_wconf 87' lang='lat' dir='ltr'><strong>Je-</strong></span> 
     </span>
    </p>
   </div>
   <div class='ocr_carea' id='block_1_38' title="bbox 298 2242 1895 2311">
    <p class='ocr_par' dir='ltr' id='par_1_38' title="bbox 298 2242 1895 2311">
     <span class='ocr_line' id='line_1_38' title="bbox 298 2242 1895 2311; baseline 0.007 -15"><span class='ocrx_word' id='word_1_287' title='bbox 298 2242 560 2311; x_wconf 86' lang='lat' dir='ltr'><strong>rusalem,</strong></span> <span class='ocrx_word' id='word_1_288' title='bbox 585 2259 735 2300; x_wconf 89' lang='lat' dir='ltr'><strong>arma</strong></span> <span class='ocrx_word' id='word_1_289' title='bbox 765 2245 1047 2311; x_wconf 87' lang='lat' dir='ltr'><strong>corripite,</strong></span> <span class='ocrx_word' id='word_1_290' title='bbox 1082 2259 1138 2302; x_wconf 90' lang='lat' dir='ltr'><strong>et</strong></span> <span class='ocrx_word' id='word_1_291' title='bbox 1166 2247 1219 2302; x_wconf 94' lang='lat' dir='ltr'><strong>in</strong></span> <span class='ocrx_word' id='word_1_292' title='bbox 1251 2247 1467 2304; x_wconf 85' lang='lat' dir='ltr'><strong>&#39;l‘hecua</strong></span> <span class='ocrx_word' id='word_1_293' title='bbox 1504 2249 1728 2306; x_wconf 88' lang='lat' dir='ltr'><strong>buccina</strong></span> <span class='ocrx_word' id='word_1_294' title='bbox 1760 2267 1895 2307; x_wconf 93' lang='lat' dir='ltr'><strong>con-</strong></span> 
     </span>
    </p>
   </div>
   <div class='ocr_carea' id='block_1_39' title="bbox 295 2335 1898 2410">
    <p class='ocr_par' dir='ltr' id='par_1_39' title="bbox 295 2335 1898 2410">
     <span class='ocr_line' id='line_1_39' title="bbox 295 2335 1898 2410; baseline 0.009 -22"><span class='ocrx_word' id='word_1_295' title='bbox 295 2347 549 2405; x_wconf 84' lang='lat' dir='ltr'><strong>crepate;</strong></span> <span class='ocrx_word' id='word_1_296' title='bbox 592 2344 641 2390; x_wconf 89' lang='lat' dir='ltr'><strong>et</strong></span> <span class='ocrx_word' id='word_1_297' title='bbox 679 2337 733 2391; x_wconf 90' lang='lat' dir='ltr'><strong>in</strong></span> <span class='ocrx_word' id='word_1_298' title='bbox 773 2335 1139 2393; x_wconf 77' lang='lat' dir='ltr'><strong>Betltaclterem</strong></span> <span class='ocrx_word' id='word_1_299' title='bbox 1196 2339 1356 2395; x_wconf 75' lang='lat' dir='ltr'><strong>levate</strong></span> <span class='ocrx_word' id='word_1_300' title='bbox 1395 2341 1661 2410; x_wconf 69' lang='lat' dir='ltr'><strong>vexillum,</strong></span> <span class='ocrx_word' id='word_1_301' title='bbox 1712 2344 1810 2408; x_wconf 91' lang='lat' dir='ltr'><strong>ait,</strong></span> <span class='ocrx_word' id='word_1_302' title='bbox 1839 2357 1898 2402; x_wconf 90' lang='lat' dir='ltr'><strong>ut</strong></span> 
     </span>
    </p>
   </div>
   <div class='ocr_carea' id='block_1_40' title="bbox 295 2431 1896 2509">
    <p class='ocr_par' dir='ltr' id='par_1_40' title="bbox 295 2431 1896 2509">
     <span class='ocr_line' id='line_1_40' title="bbox 295 2431 1896 2509; baseline 0.007 -24"><span class='ocrx_word' id='word_1_303' title='bbox 295 2441 487 2488; x_wconf 78' lang='lat' dir='ltr'><strong>eontra</strong></span> <span class='ocrx_word' id='word_1_304' title='bbox 523 2431 710 2488; x_wconf 86' lang='lat' dir='ltr'><strong>hostes</strong></span> <span class='ocrx_word' id='word_1_305' title='bbox 740 2432 965 2488; x_wconf 80' lang='lat' dir='ltr'><strong>valeatis</strong></span> <span class='ocrx_word' id='word_1_306' title='bbox 993 2436 1271 2491; x_wconf 89' lang='lat' dir='ltr'><strong>resistere.</strong></span> <span class='ocrx_word' id='word_1_307' title='bbox 1316 2435 1595 2507; x_wconf 84' lang='lat' dir='ltr'><strong>Benjamin</strong></span> <span class='ocrx_word' id='word_1_308' title='bbox 1627 2439 1896 2509; x_wconf 75' lang='lat' dir='ltr'><strong>interpre-</strong></span> 
     </span>
    </p>
   </div>
   <div class='ocr_carea' id='block_1_41' title="bbox 296 2523 1894 2600">
    <p class='ocr_par' dir='ltr' id='par_1_41' title="bbox 296 2523 1894 2600">
     <span class='ocr_line' id='line_1_41' title="bbox 296 2523 1894 2600; baseline 0.004 -20"><span class='ocrx_word' id='word_1_309' title='bbox 296 2533 445 2583; x_wconf 81' lang='lat' dir='ltr'><strong>tatur</strong></span> <span class='ocrx_word' id='word_1_310' title='bbox 490 2525 634 2596; x_wconf 79' lang='lat' dir='ltr'><strong>[ilius</strong></span> <span class='ocrx_word' id='word_1_311' title='bbox 682 2525 907 2581; x_wconf 69' lang='lat' dir='ltr'><strong>dexteris</strong></span> <span class='ocrx_word' id='word_1_312' title='bbox 945 2523 965 2582; x_wconf 71' lang='grc' dir='ltr'><em>ἓ</em></span> <span class='ocrx_word' id='word_1_313' title='bbox 995 2525 1239 2594; x_wconf 85' lang='lat' dir='ltr'><strong>Tltecua,</strong></span> <span class='ocrx_word' id='word_1_314' title='bbox 1273 2531 1395 2584; x_wconf 86' lang='lat' dir='ltr'><strong>tuba</strong></span> <span class='ocrx_word' id='word_1_315' title='bbox 1428 2547 1441 2583; x_wconf 89' lang='lat'><strong>:</strong></span> <span class='ocrx_word' id='word_1_316' title='bbox 1476 2530 1894 2600; x_wconf 79' lang='lat' dir='ltr'><strong>Bethacherem,</strong></span> 
     </span>
    </p>
   </div>
   <div class='ocr_carea' id='block_1_42' title="bbox 294 2620 1900 2681">
    <p class='ocr_par' dir='ltr' id='par_1_42' title="bbox 294 2620 1900 2681">
     <span class='ocr_line' id='line_1_42' title="bbox 294 2620 1900 2681; baseline 0.005 -8"><span class='ocrx_word' id='word_1_317' title='bbox 294 2620 426 2676; x_wconf 77' lang='lat' dir='ltr'><strong>uilla</strong></span> <span class='ocrx_word' id='word_1_318' title='bbox 448 2627 628 2676; x_wconf 70' lang='lat' dir='ltr'><strong>uinea.</strong></span> <span class='ocrx_word' id='word_1_319' title='bbox 661 2620 785 2676; x_wconf 66' lang='lat' dir='ltr'><strong>Haec</strong></span> <span class='ocrx_word' id='word_1_320' title='bbox 812 2621 991 2676; x_wconf 87' lang='lat' dir='ltr'><strong>omnia</strong></span> <span class='ocrx_word' id='word_1_321' title='bbox 1020 2620 1324 2679; x_wconf 86' lang='lat' dir='ltr'><strong>referamus</strong></span> <span class='ocrx_word' id='word_1_322' title='bbox 1353 2623 1419 2678; x_wconf 90' lang='lat' dir='ltr'><strong>ad</strong></span> <span class='ocrx_word' id='word_1_323' title='bbox 1467 2623 1768 2680; x_wconf 86' lang='lat' dir='ltr'><strong>Ecclesiam</strong></span> <span class='ocrx_word' id='word_1_324' title='bbox 1794 2642 1807 2678; x_wconf 89' lang='lat'><strong>:</strong></span> <span class='ocrx_word' id='word_1_325' title='bbox 1842 2634 1900 2681; x_wconf 92' lang='grc' dir='ltr'><strong>ιιι</strong></span> 
     </span>
    </p>
   </div>
   <div class='ocr_carea' id='block_1_43' title="bbox 297 2712 1899 2789">
    <p class='ocr_par' dir='ltr' id='par_1_43' title="bbox 297 2712 1899 2789">
     <span class='ocr_line' id='line_1_43' title="bbox 297 2712 1899 2789; baseline 0.006 -23"><span class='ocrx_word' id='word_1_326' title='bbox 297 2713 343 2767; x_wconf 93' lang='lat' dir='ltr'><strong>si</strong></span> <span class='ocrx_word' id='word_1_327' title='bbox 368 2712 687 2784; x_wconf 89' lang='lat' dir='ltr'><strong>deliquerit,</strong></span> <span class='ocrx_word' id='word_1_328' title='bbox 713 2723 770 2768; x_wconf 90' lang='lat' dir='ltr'><strong>et</strong></span> <span class='ocrx_word' id='word_1_329' title='bbox 796 2714 1192 2782; x_wconf 84' lang='lat' dir='ltr'><strong>persecutionis</strong></span> <span class='ocrx_word' id='word_1_330' title='bbox 1211 2714 1446 2786; x_wconf 87' lang='lat' dir='ltr'><strong>impetus</strong></span> <span class='ocrx_word' id='word_1_331' title='bbox 1470 2717 1653 2784; x_wconf 88' lang='lat' dir='ltr'><strong>fuerit,</strong></span> <span class='ocrx_word' id='word_1_332' title='bbox 1673 2733 1732 2774; x_wconf 92' lang='lat' dir='ltr'><strong>se</strong></span> <span class='ocrx_word' id='word_1_333' title='bbox 1761 2735 1899 2789; x_wconf 67' lang='lat' dir='ltr'><strong>pra:-</strong></span> 
     </span>
    </p>
   </div>
   <div class='ocr_carea' id='block_1_44' title="bbox 302 2805 962 2876">
    <p class='ocr_par' dir='ltr' id='par_1_44' title="bbox 302 2805 962 2876">
     <span class='ocr_line' id='line_1_44' title="bbox 302 2805 962 2876; baseline 0.005 -18"><span class='ocrx_word' id='word_1_334' title='bbox 302 2815 457 2876; x_wconf 88' lang='lat' dir='ltr'><strong>paret</strong></span> <span class='ocrx_word' id='word_1_335' title='bbox 484 2805 551 2861; x_wconf 89' lang='lat' dir='ltr'><strong>ad</strong></span> <span class='ocrx_word' id='word_1_336' title='bbox 573 2805 962 2862; x_wconf 86' lang='lat' dir='ltr'><strong>resistendum.</strong></span> 
     </span>
    </p>
   </div>
   <div class='ocr_carea' id='block_1_45' title="bbox 369 2899 1898 2974">
    <p class='ocr_par' dir='ltr' id='par_1_45' title="bbox 369 2899 1898 2974">
     <span class='ocr_line' id='line_1_45' title="bbox 369 2899 1898 2974; baseline 0.001 -18"><span class='ocrx_word' id='word_1_337' title='bbox 369 2899 564 2974; x_wconf 73' lang='lat' dir='ltr'><strong>(Vere.</strong></span> <span class='ocrx_word' id='word_1_338' title='bbox 591 2899 649 2966; x_wconf 73' lang='lat'><strong>2,</strong></span> <span class='ocrx_word' id='word_1_339' title='bbox 677 2900 761 2972; x_wconf 80' lang='grc'><strong>5.)</strong></span> <span class='ocrx_word' id='word_1_340' title='bbox 791 2901 1053 2974; x_wconf 67' lang='lat' dir='ltr'><strong>Speciosat</strong></span> <span class='ocrx_word' id='word_1_341' title='bbox 1077 2911 1124 2956; x_wconf 91' lang='lat' dir='ltr'><strong>et</strong></span> <span class='ocrx_word' id='word_1_342' title='bbox 1153 2902 1391 2957; x_wconf 69' lang='lat' dir='ltr'><strong>delicata:</strong></span> <span class='ocrx_word' id='word_1_343' title='bbox 1416 2904 1702 2958; x_wconf 86' lang='lat' dir='ltr'><strong>assimilavi</strong></span> <span class='ocrx_word' id='word_1_344' title='bbox 1734 2905 1898 2972; x_wconf 82' lang='lat' dir='ltr'><strong>ﬁliam</strong></span> 
     </span>
    </p>
   </div>
   <div class='ocr_carea' id='block_1_46' title="bbox 301 2993 1899 3070">
    <p class='ocr_par' dir='ltr' id='par_1_46' title="bbox 301 2993 1899 3070">
     <span class='ocr_line' id='line_1_46' title="bbox 301 2993 1899 3070; baseline 0.004 -22"><span class='ocrx_word' id='word_1_345' title='bbox 301 2994 435 3049; x_wconf 85' lang='lat' dir='ltr'><strong>Sion</strong></span> <span class='ocrx_word' id='word_1_346' title='bbox 470 3011 489 3048; x_wconf 92' lang='lat'><strong><em>:</em></strong></span> <span class='ocrx_word' id='word_1_347' title='bbox 535 3002 581 3048; x_wconf 90' lang='lat' dir='ltr'><strong>et</strong></span> <span class='ocrx_word' id='word_1_348' title='bbox 607 2993 676 3047; x_wconf 87' lang='lat' dir='ltr'><strong>ad</strong></span> <span class='ocrx_word' id='word_1_349' title='bbox 696 3010 810 3048; x_wconf 88' lang='lat' dir='ltr'><strong>eam</strong></span> <span class='ocrx_word' id='word_1_350' title='bbox 850 2995 1050 3049; x_wconf 81' lang='lat' dir='ltr'><strong>venient</strong></span> <span class='ocrx_word' id='word_1_351' title='bbox 1079 3003 1332 3067; x_wconf 80' lang='lat' dir='ltr'><strong>pastores,</strong></span> <span class='ocrx_word' id='word_1_352' title='bbox 1373 3005 1422 3049; x_wconf 86' lang='lat' dir='ltr'><strong>et</strong></span> <span class='ocrx_word' id='word_1_353' title='bbox 1458 3013 1635 3070; x_wconf 77' lang='lat' dir='ltr'><strong>greges</strong></span> <span class='ocrx_word' id='word_1_354' title='bbox 1675 3013 1853 3051; x_wconf 89' lang='lat' dir='ltr'><strong>eorum</strong></span> <span class='ocrx_word' id='word_1_355' title='bbox 1880 3015 1899 3054; x_wconf 89' lang='lat'><strong><em>:</em></strong></span> 
     </span>
    </p>
   </div>
   <div class='ocr_carea' id='block_1_47' title="bbox 301 3087 1900 3163">
    <p class='ocr_par' dir='ltr' id='par_1_47' title="bbox 301 3087 1900 3163">
     <span class='ocr_line' id='line_1_47' title="bbox 301 3087 1900 3163; baseline 0 -19"><span class='ocrx_word' id='word_1_356' title='bbox 301 3089 528 3159; x_wconf 74' lang='lat' dir='ltr'><strong>ﬁxerunt</strong></span> <span class='ocrx_word' id='word_1_357' title='bbox 553 3087 710 3160; x_wconf 89' lang='lat' dir='ltr'><strong>(sive</strong></span> <span class='ocrx_word' id='word_1_358' title='bbox 738 3088 894 3162; x_wconf 79' lang='lat' dir='ltr'><strong>ﬁgent</strong></span> <span class='ocrx_word' id='word_1_359' title='bbox 920 3089 938 3156; x_wconf 99' lang='lat'><strong>)</strong></span> <span class='ocrx_word' id='word_1_360' title='bbox 965 3089 1018 3142; x_wconf 89' lang='lat' dir='ltr'><strong>iu</strong></span> <span class='ocrx_word' id='word_1_361' title='bbox 1045 3105 1104 3142; x_wconf 86' lang='lat' dir='ltr'><strong>ea</strong></span> <span class='ocrx_word' id='word_1_362' title='bbox 1125 3090 1346 3143; x_wconf 89' lang='lat' dir='ltr'><strong>tentoria</strong></span> <span class='ocrx_word' id='word_1_363' title='bbox 1375 3089 1428 3142; x_wconf 86' lang='lat' dir='ltr'><strong>in</strong></span> <span class='ocrx_word' id='word_1_364' title='bbox 1455 3091 1706 3144; x_wconf 83' lang='lat' dir='ltr'><strong>circuitu:</strong></span> <span class='ocrx_word' id='word_1_365' title='bbox 1728 3100 1900 3163; x_wconf 85' lang='lat' dir='ltr'><strong>pascet</strong></span> 
     </span>
    </p>
   </div>
   <div class='ocr_carea' id='block_1_48' title="bbox 299 3184 1904 3256">
    <p class='ocr_par' dir='ltr' id='par_1_48' title="bbox 299 3184 1904 3256">
     <span class='ocr_line' id='line_1_48' title="bbox 299 3184 1904 3256; baseline 0.002 -19"><span class='ocrx_word' id='word_1_366' title='bbox 299 3187 654 3256; x_wconf 80' lang='lat' dir='ltr'><strong>unusquisque</strong></span> <span class='ocrx_word' id='word_1_367' title='bbox 707 3201 792 3238; x_wconf 89' lang='lat' dir='ltr'><strong>eos</strong></span> <span class='ocrx_word' id='word_1_368' title='bbox 842 3185 932 3256; x_wconf 88' lang='lat' dir='ltr'><strong>qui</strong></span> <span class='ocrx_word' id='word_1_369' title='bbox 953 3184 1047 3238; x_wconf 89' lang='lat' dir='ltr'><strong>sub</strong></span> <span class='ocrx_word' id='word_1_370' title='bbox 1080 3201 1242 3238; x_wconf 88' lang='lat' dir='ltr'><strong>manu</strong></span> <span class='ocrx_word' id='word_1_371' title='bbox 1265 3201 1362 3238; x_wconf 89' lang='lat' dir='ltr'><strong>sua</strong></span> <span class='ocrx_word' id='word_1_372' title='bbox 1389 3194 1526 3239; x_wconf 88' lang='lat' dir='ltr'><strong>sunt.</strong></span> <span class='ocrx_word' id='word_1_373' title='bbox 1565 3185 1904 3256; x_wconf 78' lang='lat' dir='ltr'><strong>Sancti/icate</strong></span> 
     </span>
    </p>
   </div>
   <div class='ocr_carea' id='block_1_49' title="bbox 2002 1981 3607 2058">
    <p class='ocr_par' dir='ltr' id='par_1_49' title="bbox 2002 1981 3607 2058">
     <span class='ocr_line' id='line_1_49' title="bbox 2002 1981 3607 2058; baseline -0.004 -16"><span class='ocrx_word' id='word_1_374' title='bbox 2002 1987 2102 2058; x_wconf 90' lang='lat' dir='ltr'><strong>ipsi</strong></span> <span class='ocrx_word' id='word_1_375' title='bbox 2150 2001 2210 2041; x_wconf 91' lang='lat' dir='ltr'><strong>se</strong></span> <span class='ocrx_word' id='word_1_376' title='bbox 2264 1995 2565 2056; x_wconf 86' lang='lat' dir='ltr'><strong>provocant</strong></span> <span class='ocrx_word' id='word_1_377' title='bbox 2592 1986 2658 2040; x_wconf 91' lang='lat' dir='ltr'><strong>ad</strong></span> <span class='ocrx_word' id='word_1_378' title='bbox 2693 1985 3022 2053; x_wconf 87' lang='lat' dir='ltr'><strong>bellandum,</strong></span> <span class='ocrx_word' id='word_1_379' title='bbox 3057 1983 3340 2038; x_wconf 86' lang='lat' dir='ltr'><strong>dicentes:</strong></span> <span class='ocrx_word' id='word_1_380' title='bbox 3375 1981 3607 2052; x_wconf 83' lang='lat' dir='ltr'><strong>Surgite,</strong></span> 
     </span>
    </p>
   </div>
   <div class='ocr_carea' id='block_1_50' title="bbox 2000 2073 3607 2142">
    <p class='ocr_par' dir='ltr' id='par_1_50' title="bbox 2000 2073 3607 2142">
     <span class='ocr_line' id='line_1_50' title="bbox 2000 2073 3607 2142; baseline -0.005 -8"><span class='ocrx_word' id='word_1_381' title='bbox 2000 2090 2047 2136; x_wconf 88' lang='lat' dir='ltr'><strong>et</strong></span> <span class='ocrx_word' id='word_1_382' title='bbox 2079 2081 2421 2134; x_wconf 85' lang='lat' dir='ltr'><strong>ascendamus</strong></span> <span class='ocrx_word' id='word_1_383' title='bbox 2459 2081 2514 2142; x_wconf 81' lang='lat' dir='ltr'><strong>in</strong></span> <span class='ocrx_word' id='word_1_384' title='bbox 2541 2088 2690 2132; x_wconf 89' lang='lat' dir='ltr'><strong>nocte</strong></span> <span class='ocrx_word' id='word_1_385' title='bbox 2726 2095 2744 2131; x_wconf 91' lang='lat'><strong><em>:</em></strong></span> <span class='ocrx_word' id='word_1_386' title='bbox 2786 2086 2846 2132; x_wconf 89' lang='lat' dir='ltr'><strong>ut</strong></span> <span class='ocrx_word' id='word_1_387' title='bbox 2894 2078 3070 2132; x_wconf 84' lang='lat' dir='ltr'><strong>sciant</strong></span> <span class='ocrx_word' id='word_1_388' title='bbox 3122 2073 3447 2139; x_wconf 66' lang='lat' dir='ltr'><strong>adversarii,</strong></span> <span class='ocrx_word' id='word_1_389' title='bbox 3498 2086 3607 2127; x_wconf 92' lang='lat' dir='ltr'><strong>non</strong></span> 
     </span>
    </p>
   </div>
   <div class='ocr_carea' id='block_1_51' title="bbox 1999 2166 3613 2244">
    <p class='ocr_par' dir='ltr' id='par_1_51' title="bbox 1999 2166 3613 2244">
     <span class='ocr_line' id='line_1_51' title="bbox 1999 2166 3613 2244; baseline -0.007 -14"><span class='ocrx_word' id='word_1_390' title='bbox 1999 2175 2262 2244; x_wconf 89' lang='lat' dir='ltr'><strong>temporis</strong></span> <span class='ocrx_word' id='word_1_391' title='bbox 2287 2173 2571 2228; x_wconf 84' lang='lat' dir='ltr'><strong>victoriam</strong></span> <span class='ocrx_word' id='word_1_392' title='bbox 2602 2187 2750 2236; x_wconf 84' lang='lat' dir='ltr'><strong>esse,</strong></span> <span class='ocrx_word' id='word_1_393' title='bbox 2783 2170 2878 2227; x_wconf 90' lang='lat' dir='ltr'><strong>sed</strong></span> <span class='ocrx_word' id='word_1_394' title='bbox 2917 2171 3113 2224; x_wconf 90' lang='lat' dir='ltr'><strong>virium</strong></span> <span class='ocrx_word' id='word_1_395' title='bbox 3154 2186 3166 2223; x_wconf 91' lang='lat'><strong>:</strong></span> <span class='ocrx_word' id='word_1_396' title='bbox 3197 2176 3254 2224; x_wconf 85' lang='lat' dir='ltr'><strong>et.</strong></span> <span class='ocrx_word' id='word_1_397' title='bbox 3281 2166 3613 2234; x_wconf 85' lang='lat' dir='ltr'><strong>dissipemus</strong></span> 
     </span>
    </p>
   </div>
   <div class='ocr_carea' id='block_1_52' title="bbox 1999 2261 3516 2338">
    <p class='ocr_par' dir='ltr' id='par_1_52' title="bbox 1999 2261 3516 2338">
     <span class='ocr_line' id='line_1_52' title="bbox 1999 2261 3516 2338; baseline -0.007 -14"><span class='ocrx_word' id='word_1_398' title='bbox 1999 2267 2213 2334; x_wconf 88' lang='lat' dir='ltr'><strong>domos,</strong></span> <span class='ocrx_word' id='word_1_399' title='bbox 2236 2283 2356 2338; x_wconf 77' lang='lat' dir='ltr'><strong>quae</strong></span> <span class='ocrx_word' id='word_1_400' title='bbox 2389 2265 2584 2321; x_wconf 89' lang='lat' dir='ltr'><strong>frustra</strong></span> <span class='ocrx_word' id='word_1_401' title='bbox 2615 2281 2894 2320; x_wconf 87' lang='lat' dir='ltr'><strong>murorum</strong></span> <span class='ocrx_word' id='word_1_402' title='bbox 2929 2263 3192 2318; x_wconf 88' lang='lat' dir='ltr'><strong>firmitate</strong></span> <span class='ocrx_word' id='word_1_403' title='bbox 3221 2261 3516 2315; x_wconf 83' lang='lat' dir='ltr'><strong>vallantur.</strong></span> 
     </span>
    </p>
   </div>
   <div class='ocr_carea' id='block_1_53' title="bbox 2073 2353 3614 2436">
    <p class='ocr_par' dir='ltr' id='par_1_53' title="bbox 2073 2353 3614 2436">
     <span class='ocr_line' id='line_1_53' title="bbox 2073 2353 3614 2436; baseline -0.007 -19"><span class='ocrx_word' id='word_1_404' title='bbox 2073 2363 2093 2436; x_wconf 95' lang='lat'><strong>(</strong></span> <span class='ocrx_word' id='word_1_405' title='bbox 2117 2362 2279 2417; x_wconf 81' lang='lat' dir='ltr'><strong>Vers.</strong></span> <span class='ocrx_word' id='word_1_406' title='bbox 2309 2361 2362 2417; x_wconf 87' lang='lat'><strong>6.</strong></span> <span class='ocrx_word' id='word_1_407' title='bbox 2392 2360 2410 2432; x_wconf 96' lang='lat'><strong>)</strong></span> <span class='ocrx_word' id='word_1_408' title='bbox 2456 2359 2594 2426; x_wconf 85' lang='lat' dir='ltr'><strong>Quia</strong></span> <span class='ocrx_word' id='word_1_409' title='bbox 2644 2358 2754 2414; x_wconf 75' lang='lat' dir='ltr'><strong>[uec</strong></span> <span class='ocrx_word' id='word_1_410' title='bbox 2777 2359 2903 2412; x_wconf 88' lang='lat' dir='ltr'><strong>dicit</strong></span> <span class='ocrx_word' id='word_1_411' title='bbox 2949 2355 3206 2410; x_wconf 81' lang='lat' dir='ltr'><strong>Dominus</strong></span> <span class='ocrx_word' id='word_1_412' title='bbox 3260 2353 3573 2408; x_wconf 75' lang='lat' dir='ltr'><strong>exercituum</strong></span> <span class='ocrx_word' id='word_1_413' title='bbox 3593 2365 3614 2406; x_wconf 86' lang='lat'><strong>.&#39;</strong></span> 
     </span>
    </p>
   </div>
   <div class='ocr_carea' id='block_1_54' title="bbox 2000 2443 3598 2526">
    <p class='ocr_par' dir='ltr' id='par_1_54' title="bbox 2000 2443 3598 2526">
     <span class='ocr_line' id='line_1_54' title="bbox 2000 2443 3598 2526; baseline -0.009 -15"><span class='ocrx_word' id='word_1_414' title='bbox 2000 2455 2194 2511; x_wconf 64' lang='lat' dir='ltr'><strong>Credite</strong></span> <span class='ocrx_word' id='word_1_415' title='bbox 2219 2457 2419 2526; x_wconf 82' lang='lat' dir='ltr'><strong>lignum</strong></span> <span class='ocrx_word' id='word_1_416' title='bbox 2443 2452 2593 2524; x_wconf 88' lang='lat' dir='ltr'><strong>(sive</strong></span> <span class='ocrx_word' id='word_1_417' title='bbox 2633 2453 2774 2523; x_wconf 89' lang='lat' dir='ltr'><strong>ligna</strong></span> <span class='ocrx_word' id='word_1_418' title='bbox 2814 2450 2970 2521; x_wconf 84' lang='lat' dir='ltr'><strong>ejus)</strong></span> <span class='ocrx_word' id='word_1_419' title='bbox 3009 2458 3054 2502; x_wconf 90' lang='lat' dir='ltr'><strong>et</strong></span> <span class='ocrx_word' id='word_1_420' title='bbox 3106 2446 3359 2515; x_wconf 68' lang='lat' dir='ltr'><strong>effundite</strong></span> <span class='ocrx_word' id='word_1_421' title='bbox 3394 2443 3598 2517; x_wconf 84' lang='lat' dir='ltr'><strong>[ang.</strong></span> 
     </span>
    </p>
   </div>
   <div class='ocr_carea' id='block_1_55' title="bbox 2000 2540 3605 2621">
    <p class='ocr_par' dir='ltr' id='par_1_55' title="bbox 2000 2540 3605 2621">
     <span class='ocr_line' id='line_1_55' title="bbox 2000 2540 3605 2621; baseline -0.007 -18"><span class='ocrx_word' id='word_1_422' title='bbox 2000 2546 2240 2621; x_wconf 69' lang='lat' dir='ltr'><strong>fundite]</strong></span> <span class='ocrx_word' id='word_1_423' title='bbox 2270 2549 2289 2618; x_wconf 95' lang='lat'><strong>(</strong></span> <span class='ocrx_word' id='word_1_424' title='bbox 2311 2550 2431 2601; x_wconf 91' lang='lat' dir='ltr'><strong>sive</strong></span> <span class='ocrx_word' id='word_1_425' title='bbox 2457 2551 2774 2617; x_wconf 90' lang='lat' dir='ltr'><strong>comportate</strong></span> <span class='ocrx_word' id='word_1_426' title='bbox 2796 2541 2816 2616; x_wconf 93' lang='lat'><strong>)</strong></span> <span class='ocrx_word' id='word_1_427' title='bbox 2839 2543 2974 2596; x_wconf 83' lang='lat' dir='ltr'><strong>circa</strong></span> <span class='ocrx_word' id='word_1_428' title='bbox 3023 2540 3319 2594; x_wconf 81' lang='lat' dir='ltr'><strong>Jerusalem</strong></span> <span class='ocrx_word' id='word_1_429' title='bbox 3343 2553 3605 2612; x_wconf 85' lang='lat' dir='ltr'><strong>aggerem.</strong></span> 
     </span>
    </p>
   </div>
   <div class='ocr_carea' id='block_1_56' title="bbox 2001 2630 3609 2708">
    <p class='ocr_par' dir='ltr' id='par_1_56' title="bbox 2001 2630 3609 2708">
     <span class='ocr_line' id='line_1_56' title="bbox 2001 2630 3609 2708; baseline -0.005 -14"><span class='ocrx_word' id='word_1_430' title='bbox 2001 2639 2230 2702; x_wconf 80' lang='lat' dir='ltr'><strong>Idcirco,</strong></span> <span class='ocrx_word' id='word_1_431' title='bbox 2271 2638 2543 2708; x_wconf 86' lang='lat' dir='ltr'><strong>inquiunt,</strong></span> <span class='ocrx_word' id='word_1_432' title='bbox 2592 2635 2662 2690; x_wconf 91' lang='lat' dir='ltr'><strong>de</strong></span> <span class='ocrx_word' id='word_1_433' title='bbox 2713 2635 2942 2690; x_wconf 87' lang='lat' dir='ltr'><strong>victoria</strong></span> <span class='ocrx_word' id='word_1_434' title='bbox 2989 2631 3172 2688; x_wconf 89' lang='lat' dir='ltr'><strong>securi</strong></span> <span class='ocrx_word' id='word_1_435' title='bbox 3219 2645 3427 2696; x_wconf 81' lang='lat' dir='ltr'><strong>sumus,</strong></span> <span class='ocrx_word' id='word_1_436' title='bbox 3480 2630 3609 2699; x_wconf 81' lang='lat' dir='ltr'><strong>quia</strong></span> 
     </span>
    </p>
   </div>
   <div class='ocr_carea' id='block_1_57' title="bbox 2001 2722 3604 2804">
    <p class='ocr_par' dir='ltr' id='par_1_57' title="bbox 2001 2722 3604 2804">
     <span class='ocr_line' id='line_1_57' title="bbox 2001 2722 3604 2804; baseline -0.006 -18"><span class='ocrx_word' id='word_1_437' title='bbox 2001 2741 2327 2804; x_wconf 66' lang='lat' dir='ltr'><strong>praeceptum</strong></span> <span class='ocrx_word' id='word_1_438' title='bbox 2363 2729 2572 2784; x_wconf 89' lang='lat' dir='ltr'><strong>Domini</strong></span> <span class='ocrx_word' id='word_1_439' title='bbox 2622 2736 2707 2784; x_wconf 88' lang='lat' dir='ltr'><strong>est</strong></span> <span class='ocrx_word' id='word_1_440' title='bbox 2741 2725 3060 2794; x_wconf 84' lang='lat' dir='ltr'><strong>imperantis</strong></span> <span class='ocrx_word' id='word_1_441' title='bbox 3106 2723 3418 2780; x_wconf 69' lang='lat' dir='ltr'><strong>Chaldu-is:</strong></span> <span class='ocrx_word' id='word_1_442' title='bbox 3461 2722 3604 2792; x_wconf 86' lang='lat' dir='ltr'><strong>ligna</strong></span> 
     </span>
    </p>
   </div>
   <div class='ocr_carea' id='block_1_58' title="bbox 2000 2817 3606 2891">
    <p class='ocr_par' dir='ltr' id='par_1_58' title="bbox 2000 2817 3606 2891">
     <span class='ocr_line' id='line_1_58' title="bbox 2000 2817 3606 2891; baseline -0.007 -12"><span class='ocrx_word' id='word_1_443' title='bbox 2000 2823 2282 2891; x_wconf 71' lang='lat' dir='ltr'><strong>suat-idite,</strong></span> <span class='ocrx_word' id='word_1_444' title='bbox 2308 2831 2366 2877; x_wconf 93' lang='lat' dir='ltr'><strong>et</strong></span> <span class='ocrx_word' id='word_1_445' title='bbox 2414 2821 2614 2876; x_wconf 89' lang='lat' dir='ltr'><strong>futuris</strong></span> <span class='ocrx_word' id='word_1_446' title='bbox 2645 2817 3040 2875; x_wconf 87' lang='lat' dir='ltr'><strong>munitionibus</strong></span> <span class='ocrx_word' id='word_1_447' title='bbox 3070 2831 3323 2887; x_wconf 80' lang='lat' dir='ltr'><strong>aggerem</strong></span> <span class='ocrx_word' id='word_1_448' title='bbox 3350 2828 3606 2884; x_wconf 63' lang='lat' dir='ltr'><strong>comparo</strong></span> 
     </span>
    </p>
   </div>
   <div class='ocr_carea' id='block_1_59' title="bbox 2001 2907 3604 2986">
    <p class='ocr_par' dir='ltr' id='par_1_59' title="bbox 2001 2907 3604 2986">
     <span class='ocr_line' id='line_1_59' title="bbox 2001 2907 3604 2986; baseline -0.006 -16"><span class='ocrx_word' id='word_1_449' title='bbox 2001 2924 2133 2970; x_wconf 89' lang='lat' dir='ltr'><strong>tate.</strong></span> <span class='ocrx_word' id='word_1_450' title='bbox 2158 2915 2263 2970; x_wconf 87' lang='lat' dir='ltr'><strong>Per</strong></span> <span class='ocrx_word' id='word_1_451' title='bbox 2289 2929 2412 2986; x_wconf 68' lang='lat' dir='ltr'><strong>quae</strong></span> <span class='ocrx_word' id='word_1_452' title='bbox 2461 2911 2771 2967; x_wconf 87' lang='lat' dir='ltr'><strong>ostenditur</strong></span> <span class='ocrx_word' id='word_1_453' title='bbox 2815 2919 3108 2980; x_wconf 76' lang='lat' dir='ltr'><strong>antequam</strong></span> <span class='ocrx_word' id='word_1_454' title='bbox 3147 2907 3332 2964; x_wconf 85' lang='lat' dir='ltr'><strong>veniat</strong></span> <span class='ocrx_word' id='word_1_455' title='bbox 3377 2921 3604 2970; x_wconf 89' lang='lat' dir='ltr'><strong>corona,</strong></span> 
     </span>
    </p>
   </div>
   <div class='ocr_carea' id='block_1_60' title="bbox 2001 2997 3604 3072">
    <p class='ocr_par' dir='ltr' id='par_1_60' title="bbox 2001 2997 3604 3072">
     <span class='ocr_line' id='line_1_60' title="bbox 2001 2997 3604 3072; baseline -0.007 -10"><span class='ocrx_word' id='word_1_456' title='bbox 2001 3022 2110 3062; x_wconf 91' lang='lat' dir='ltr'><strong>non</strong></span> <span class='ocrx_word' id='word_1_457' title='bbox 2144 3007 2324 3060; x_wconf 87' lang='lat' dir='ltr'><strong>statim</strong></span> <span class='ocrx_word' id='word_1_458' title='bbox 2349 3003 2536 3058; x_wconf 89' lang='lat' dir='ltr'><strong>urbem</strong></span> <span class='ocrx_word' id='word_1_459' title='bbox 2565 3016 2689 3057; x_wconf 91' lang='lat' dir='ltr'><strong>esse</strong></span> <span class='ocrx_word' id='word_1_460' title='bbox 2717 3001 3042 3070; x_wconf 87' lang='lat' dir='ltr'><strong>capiendam</strong></span> <span class='ocrx_word' id='word_1_461' title='bbox 3070 3018 3085 3054; x_wconf 89' lang='lat'><strong>:</strong></span> <span class='ocrx_word' id='word_1_462' title='bbox 3118 3003 3218 3072; x_wconf 79' lang='lat' dir='ltr'><strong>sed</strong></span> <span class='ocrx_word' id='word_1_463' title='bbox 3249 3000 3409 3070; x_wconf 90' lang='lat' dir='ltr'><strong>longa</strong></span> <span class='ocrx_word' id='word_1_464' title='bbox 3450 2997 3604 3053; x_wconf 88' lang='lat' dir='ltr'><strong>obsi-</strong></span> 
     </span>
    </p>
   </div>
   <div class='ocr_carea' id='block_1_61' title="bbox 2001 3095 2778 3166">
    <p class='ocr_par' dir='ltr' id='par_1_61' title="bbox 2001 3095 2778 3166">
     <span class='ocr_line' id='line_1_61' title="bbox 2001 3095 2778 3166; baseline -0.005 -12"><span class='ocrx_word' id='word_1_465' title='bbox 2001 3100 2188 3166; x_wconf 90' lang='lat' dir='ltr'><strong>dione,</strong></span> <span class='ocrx_word' id='word_1_466' title='bbox 2219 3107 2278 3153; x_wconf 91' lang='lat' dir='ltr'><strong>ttt</strong></span> <span class='ocrx_word' id='word_1_467' title='bbox 2307 3107 2494 3164; x_wconf 81' lang='lat' dir='ltr'><strong>postea</strong></span> <span class='ocrx_word' id='word_1_468' title='bbox 2526 3095 2778 3165; x_wconf 83' lang='lat' dir='ltr'><strong>legimus.</strong></span> 
     </span>
    </p>
   </div>
   <div class='ocr_carea' id='block_1_62' title="bbox 2073 3183 3604 3260">
    <p class='ocr_par' dir='ltr' id='par_1_62' title="bbox 2073 3183 3604 3260">
     <span class='ocr_line' id='line_1_62' title="bbox 2073 3183 3604 3260; baseline -0.004 -16"><span class='ocrx_word' id='word_1_469' title='bbox 2073 3191 2256 3260; x_wconf 89' lang='lat' dir='ltr'><strong>(Vers.</strong></span> <span class='ocrx_word' id='word_1_470' title='bbox 2284 3191 2362 3255; x_wconf 93' lang='lat'><strong>7.)</strong></span> <span class='ocrx_word' id='word_1_471' title='bbox 2387 3187 2516 3242; x_wconf 72' lang='lat' dir='ltr'><strong><em>Han:</em></strong></span> <span class='ocrx_word' id='word_1_472' title='bbox 2537 3195 2612 3242; x_wconf 87' lang='lat' dir='ltr'><strong>est</strong></span> <span class='ocrx_word' id='word_1_473' title='bbox 2631 3187 2810 3240; x_wconf 81' lang='lat' dir='ltr'><strong>ciuitas</strong></span> <span class='ocrx_word' id='word_1_474' title='bbox 2837 3186 3148 3241; x_wconf 78' lang='lat' dir='ltr'><strong>uisitationis</strong></span> <span class='ocrx_word' id='word_1_475' title='bbox 3173 3183 3313 3256; x_wconf 86' lang='lat' dir='ltr'><strong>(sive</strong></span> <span class='ocrx_word' id='word_1_476' title='bbox 3335 3183 3604 3255; x_wconf 74' lang='lat' dir='ltr'><strong>mendax),</strong></span> 
     </span>
    </p>
   </div>
   <div class='ocr_carea' id='block_1_63' title="bbox 299 3260 3609 3354">
    <p class='ocr_par' dir='ltr' id='par_1_63' title="bbox 299 3260 3609 3354">
     <span class='ocr_line' id='line_1_63' title="bbox 299 3260 3609 3354; baseline -0.004 -12"><span class='ocrx_word' id='word_1_477' title='bbox 299 3277 319 3350; x_wconf 88' lang='lat'><strong>(</strong></span> <span class='ocrx_word' id='word_1_478' title='bbox 345 3279 463 3333; x_wconf 63' lang='lat' dir='ltr'><strong>Sive</strong></span> <span class='ocrx_word' id='word_1_479' title='bbox 502 3277 722 3346; x_wconf 72' lang='lat' dir='ltr'><strong>parate)</strong></span> <span class='ocrx_word' id='word_1_480' title='bbox 766 3293 920 3349; x_wconf 71' lang='grc' dir='ltr'><strong>εαρετ</strong></span> <span class='ocrx_word' id='word_1_481' title='bbox 947 3293 1058 3331; x_wconf 68' lang='lat' dir='ltr'><strong>eam</strong></span> <span class='ocrx_word' id='word_1_482' title='bbox 1085 3276 1277 3332; x_wconf 64' lang='grc' dir='ltr'><strong>ὕθηαηι</strong></span> <span class='ocrx_word' id='word_1_483' title='bbox 1321 3293 1340 3331; x_wconf 82' lang='lat'><strong>-&#39;</strong></span> <span class='ocrx_word' id='word_1_484' title='bbox 1379 3279 1669 3348; x_wconf 70' lang='lat' dir='ltr'><strong>consurg&#39;te</strong></span> <span class='ocrx_word' id='word_1_485' title='bbox 1712 3287 1760 3331; x_wconf 75' lang='grc' dir='ltr'><strong>ϐε</strong></span> <span class='ocrx_word' id='word_1_486' title='bbox 1813 3294 1897 3331; x_wconf 75' lang='grc' dir='ltr'><strong>αε-</strong></span> <span class='ocrx_word' id='word_1_487' title='bbox 1926 3260 1973 3324; x_wconf 80' lang='lat' dir='ltr'>C</span> <span class='ocrx_word' id='word_1_488' title='bbox 2003 3287 2171 3340; x_wconf 91' lang='lat' dir='ltr'><strong>omnis</strong></span> <span class='ocrx_word' id='word_1_489' title='bbox 2191 3283 2455 3336; x_wconf 85' lang='lat' dir='ltr'><strong>calumnia</strong></span> <span class='ocrx_word' id='word_1_490' title='bbox 2477 3281 2625 3354; x_wconf 87' lang='lat' dir='ltr'><strong>(sive</strong></span> <span class='ocrx_word' id='word_1_491' title='bbox 2663 3277 2972 3352; x_wconf 86' lang='lat' dir='ltr'><strong>oppressio)</strong></span> <span class='ocrx_word' id='word_1_492' title='bbox 3015 3279 3068 3332; x_wconf 89' lang='lat' dir='ltr'><strong>in</strong></span> <span class='ocrx_word' id='word_1_493' title='bbox 3099 3277 3267 3332; x_wconf 90' lang='lat' dir='ltr'><strong>medio</strong></span> <span class='ocrx_word' id='word_1_494' title='bbox 3294 3279 3429 3347; x_wconf 85' lang='lat' dir='ltr'><strong>ejus.</strong></span> <span class='ocrx_word' id='word_1_495' title='bbox 3455 3275 3609 3333; x_wconf 85' lang='lat' dir='ltr'><strong>Sicut</strong></span> 
     </span>
    </p>
   </div>
   <div class='ocr_carea' id='block_1_64' title="bbox 301 3371 1901 3442">
    <p class='ocr_par' dir='ltr' id='par_1_64' title="bbox 301 3371 1901 3442">
     <span class='ocr_line' id='line_1_64' title="bbox 301 3371 1901 3442; baseline 0 -16"><span class='ocrx_word' id='word_1_496' title='bbox 301 3373 582 3428; x_wconf 89' lang='lat' dir='ltr'><strong>cendamus</strong></span> <span class='ocrx_word' id='word_1_497' title='bbox 611 3373 664 3426; x_wconf 87' lang='lat' dir='ltr'><strong>in</strong></span> <span class='ocrx_word' id='word_1_498' title='bbox 691 3373 926 3428; x_wconf 84' lang='lat' dir='ltr'><strong>meridie.</strong></span> <span class='ocrx_word' id='word_1_499' title='bbox 953 3372 1286 3427; x_wconf 84' lang='lat' dir='ltr'><strong>Describitur</strong></span> <span class='ocrx_word' id='word_1_500' title='bbox 1311 3371 1652 3442; x_wconf 83' lang='lat' dir='ltr'><strong>pulchritudo</strong></span> <span class='ocrx_word' id='word_1_501' title='bbox 1678 3371 1901 3428; x_wconf 85' lang='lat' dir='ltr'><strong>Jerusa-</strong></span> 
     </span>
    </p>
   </div>
   <div class='ocr_carea' id='block_1_65' title="bbox 302 3463 1896 3537">
    <p class='ocr_par' dir='ltr' id='par_1_65' title="bbox 302 3463 1896 3537">
     <span class='ocr_line' id='line_1_65' title="bbox 302 3463 1896 3537; baseline -0.001 -17"><span class='ocrx_word' id='word_1_502' title='bbox 302 3465 436 3530; x_wconf 91' lang='lat' dir='ltr'><strong>lem,</strong></span> <span class='ocrx_word' id='word_1_503' title='bbox 479 3481 603 3537; x_wconf 76' lang='lat' dir='ltr'><strong>quae</strong></span> <span class='ocrx_word' id='word_1_504' title='bbox 649 3476 733 3521; x_wconf 84' lang='lat' dir='ltr'><strong>est</strong></span> <span class='ocrx_word' id='word_1_505' title='bbox 773 3467 885 3536; x_wconf 88' lang='lat' dir='ltr'><strong>ipsa</strong></span> <span class='ocrx_word' id='word_1_506' title='bbox 946 3464 1113 3520; x_wconf 88' lang='lat' dir='ltr'><strong>Sion:</strong></span> <span class='ocrx_word' id='word_1_507' title='bbox 1160 3474 1220 3519; x_wconf 92' lang='lat' dir='ltr'><strong>ut</strong></span> <span class='ocrx_word' id='word_1_508' title='bbox 1257 3474 1279 3504; x_wconf 81' lang='grc' dir='ltr'><strong>ο</strong></span> <span class='ocrx_word' id='word_1_509' title='bbox 1311 3463 1458 3519; x_wconf 90' lang='lat' dir='ltr'><strong>aliud</strong></span> <span class='ocrx_word' id='word_1_510' title='bbox 1484 3475 1652 3520; x_wconf 81' lang='lat' dir='ltr'><strong>tatam</strong></span> <span class='ocrx_word' id='word_1_511' title='bbox 1682 3464 1896 3532; x_wconf 81' lang='lat' dir='ltr'><strong>urbem,</strong></span> 
     </span>
    </p>
   </div>
   <div class='ocr_carea' id='block_1_66' title="bbox 301 3554 1901 3629">
    <p class='ocr_par' dir='ltr' id='par_1_66' title="bbox 301 3554 1901 3629">
     <span class='ocr_line' id='line_1_66' title="bbox 301 3554 1901 3629; baseline -0.003 -15"><span class='ocrx_word' id='word_1_512' title='bbox 301 3559 448 3615; x_wconf 89' lang='lat' dir='ltr'><strong>aliud</strong></span> <span class='ocrx_word' id='word_1_513' title='bbox 478 3575 658 3615; x_wconf 82' lang='lat' dir='ltr'><strong>arcem</strong></span> <span class='ocrx_word' id='word_1_514' title='bbox 683 3559 834 3615; x_wconf 90' lang='lat' dir='ltr'><strong>urbis</strong></span> <span class='ocrx_word' id='word_1_515' title='bbox 861 3559 1100 3615; x_wconf 89' lang='lat' dir='ltr'><strong>insinuet</strong></span> <span class='ocrx_word' id='word_1_516' title='bbox 1122 3573 1264 3615; x_wconf 91' lang='lat' dir='ltr'><strong>esse.</strong></span> <span class='ocrx_word' id='word_1_517' title='bbox 1301 3558 1430 3614; x_wconf 91' lang='lat' dir='ltr'><strong>Sion</strong></span> <span class='ocrx_word' id='word_1_518' title='bbox 1465 3558 1609 3612; x_wconf 86' lang='lat' dir='ltr'><strong>enim</strong></span> <span class='ocrx_word' id='word_1_519' title='bbox 1634 3554 1660 3593; x_wconf 70' lang='grc'><strong>(³</strong></span> <span class='ocrx_word' id='word_1_520' title='bbox 1691 3558 1901 3629; x_wconf 84' lang='lat' dir='ltr'><strong>specula</strong></span> 
     </span>
    </p>
   </div>
   <div class='ocr_carea' id='block_1_67' title="bbox 301 3652 1902 3724">
    <p class='ocr_par' dir='ltr' id='par_1_67' title="bbox 301 3652 1902 3724">
     <span class='ocr_line' id='line_1_67' title="bbox 301 3652 1902 3724; baseline -0.003 -15"><span class='ocrx_word' id='word_1_521' title='bbox 301 3653 720 3720; x_wconf 86' lang='lat' dir='ltr'><strong>interpretatur,</strong></span> <span class='ocrx_word' id='word_1_522' title='bbox 753 3661 811 3708; x_wconf 89' lang='lat' dir='ltr'><strong>et</strong></span> <span class='ocrx_word' id='word_1_523' title='bbox 860 3653 1123 3724; x_wconf 71' lang='lat' dir='ltr'><strong>spt-ciosm</strong></span> <span class='ocrx_word' id='word_1_524' title='bbox 1152 3652 1365 3707; x_wconf 88' lang='lat' dir='ltr'><strong>mulieri</strong></span> <span class='ocrx_word' id='word_1_525' title='bbox 1417 3661 1763 3718; x_wconf 82' lang='lat' dir='ltr'><strong>comparatur</strong></span> <span class='ocrx_word' id='word_1_526' title='bbox 1800 3667 1812 3704; x_wconf 91' lang='lat'><strong>:</strong></span> <span class='ocrx_word' id='word_1_527' title='bbox 1847 3660 1902 3705; x_wconf 91' lang='lat' dir='ltr'><strong>et</strong></span> 
     </span>
    </p>
   </div>
   <div class='ocr_carea' id='block_1_68' title="bbox 303 3744 1900 3820">
    <p class='ocr_par' dir='ltr' id='par_1_68' title="bbox 303 3744 1900 3820">
     <span class='ocr_line' id='line_1_68' title="bbox 303 3744 1900 3820; baseline -0.001 -21"><span class='ocrx_word' id='word_1_528' title='bbox 303 3747 580 3820; x_wconf 89' lang='lat' dir='ltr'><strong>quomodo</strong></span> <span class='ocrx_word' id='word_1_529' title='bbox 607 3746 672 3801; x_wconf 93' lang='lat' dir='ltr'><strong>ad</strong></span> <span class='ocrx_word' id='word_1_530' title='bbox 710 3747 854 3802; x_wconf 88' lang='lat' dir='ltr'><strong>illam</strong></span> <span class='ocrx_word' id='word_1_531' title='bbox 908 3757 1209 3806; x_wconf 87' lang='lat' dir='ltr'><strong>amatores.</strong></span> <span class='ocrx_word' id='word_1_532' title='bbox 1249 3745 1328 3799; x_wconf 91' lang='lat' dir='ltr'><strong>sic</strong></span> <span class='ocrx_word' id='word_1_533' title='bbox 1356 3744 1425 3799; x_wconf 91' lang='lat' dir='ltr'><strong>ad</strong></span> <span class='ocrx_word' id='word_1_534' title='bbox 1465 3744 1622 3798; x_wconf 89' lang='lat' dir='ltr'><strong>istam</strong></span> <span class='ocrx_word' id='word_1_535' title='bbox 1654 3751 1900 3814; x_wconf 88' lang='lat' dir='ltr'><strong>pastores</strong></span> 
     </span>
    </p>
   </div>
   <div class='ocr_carea' id='block_1_69' title="bbox 303 3836 1902 3908">
    <p class='ocr_par' dir='ltr' id='par_1_69' title="bbox 303 3836 1902 3908">
     <span class='ocr_line' id='line_1_69' title="bbox 303 3836 1902 3908; baseline -0.003 -12"><span class='ocrx_word' id='word_1_536' title='bbox 303 3841 600 3896; x_wconf 78' lang='lat' dir='ltr'><strong>convenire</strong></span> <span class='ocrx_word' id='word_1_537' title='bbox 629 3839 906 3895; x_wconf 88' lang='lat' dir='ltr'><strong>dicuntur.</strong></span> <span class='ocrx_word' id='word_1_538' title='bbox 948 3837 1198 3908; x_wconf 84' lang='lat' dir='ltr'><strong>Satisque</strong></span> <span class='ocrx_word' id='word_1_539' title='bbox 1238 3837 1520 3908; x_wconf 78' lang='lat' dir='ltr'><strong>eleganter</strong></span> <span class='ocrx_word' id='word_1_540' title='bbox 1569 3836 1622 3890; x_wconf 92' lang='lat' dir='ltr'><strong>in</strong></span> <span class='ocrx_word' id='word_1_541' title='bbox 1672 3836 1902 3892; x_wconf 72' lang='lat' dir='ltr'><strong>llebrzeo</strong></span> 
     </span>
    </p>
   </div>
   <div class='ocr_carea' id='block_1_70' title="bbox 303 3930 1898 4005">
    <p class='ocr_par' dir='ltr' id='par_1_70' title="bbox 303 3930 1898 4005">
     <span class='ocr_line' id='line_1_70' title="bbox 303 3930 1898 4005; baseline 0.001 -21"><span class='ocrx_word' id='word_1_542' title='bbox 303 3933 529 3989; x_wconf 85' lang='lat' dir='ltr'><strong>verbum</strong></span> <span class='ocrx_word' id='word_1_543' title='bbox 581 3932 724 4004; x_wconf 90' lang='lat' dir='ltr'><strong>quod</strong></span> <span class='ocrx_word' id='word_1_544' title='bbox 773 3941 1013 4005; x_wconf 89' lang='lat' dir='ltr'><strong>quatuor</strong></span> <span class='ocrx_word' id='word_1_545' title='bbox 1063 3933 1255 3987; x_wconf 78' lang='lat' dir='ltr'><strong>litteris</strong></span> <span class='ocrx_word' id='word_1_546' title='bbox 1302 3930 1578 3999; x_wconf 86' lang='lat' dir='ltr'><strong>scribitur,</strong></span> <span class='ocrx_word' id='word_1_547' title='bbox 1622 3947 1742 3997; x_wconf 77' lang='lat' dir='ltr'><strong>nes,</strong></span> <span class='ocrx_word' id='word_1_548' title='bbox 1790 3947 1898 3999; x_wconf 59' lang='lat' dir='ltr'><strong>aut,</strong></span> 
     </span>
    </p>
   </div>
   <div class='ocr_carea' id='block_1_71' title="bbox 305 4027 1901 4101">
    <p class='ocr_par' dir='ltr' id='par_1_71' title="bbox 305 4027 1901 4101">
     <span class='ocr_line' id='line_1_71' title="bbox 305 4027 1901 4101; baseline -0.004 -15"><span class='ocrx_word' id='word_1_549' title='bbox 305 4045 422 4088; x_wconf 73' lang='lat' dir='ltr'><strong>ton.</strong></span> <span class='ocrx_word' id='word_1_550' title='bbox 457 4047 592 4098; x_wconf 72' lang='lat' dir='ltr'><strong>usu,</strong></span> <span class='ocrx_word' id='word_1_551' title='bbox 625 4030 670 4085; x_wconf 87' lang='lat' dir='ltr'><strong>si</strong></span> <span class='ocrx_word' id='word_1_552' title='bbox 718 4031 925 4100; x_wconf 77' lang='lat' dir='ltr'><strong>legatur</strong></span> <span class='ocrx_word' id='word_1_553' title='bbox 957 4044 1085 4084; x_wconf 78' lang='lat' dir='ltr'><strong>neut</strong></span> <span class='ocrx_word' id='word_1_554' title='bbox 1112 4028 1272 4101; x_wconf 60' lang='lat' dir='ltr'><strong>(nun</strong></span> <span class='ocrx_word' id='word_1_555' title='bbox 1302 4034 1347 4097; x_wconf 86' lang='lat'><strong>),</strong></span> <span class='ocrx_word' id='word_1_556' title='bbox 1371 4038 1648 4093; x_wconf 87' lang='lat' dir='ltr'><strong>amatores,</strong></span> <span class='ocrx_word' id='word_1_557' title='bbox 1685 4027 1729 4080; x_wconf 87' lang='lat' dir='ltr'><strong>si</strong></span> <span class='ocrx_word' id='word_1_558' title='bbox 1772 4039 1901 4080; x_wconf 83' lang='lat' dir='ltr'><strong>nout</strong></span> 
     </span>
    </p>
   </div>
   <div class='ocr_carea' id='block_1_72' title="bbox 306 4121 1899 4195">
    <p class='ocr_par' dir='ltr' id='par_1_72' title="bbox 306 4121 1899 4195">
     <span class='ocr_line' id='line_1_72' title="bbox 306 4121 1899 4195; baseline -0.006 -11"><span class='ocrx_word' id='word_1_559' title='bbox 306 4123 453 4194; x_wconf 68' lang='lat' dir='ltr'><strong>(tam</strong></span> <span class='ocrx_word' id='word_1_560' title='bbox 476 4131 518 4194; x_wconf 91' lang='lat'><strong>),</strong></span> <span class='ocrx_word' id='word_1_561' title='bbox 559 4133 790 4195; x_wconf 85' lang='lat' dir='ltr'><strong>pastores</strong></span> <span class='ocrx_word' id='word_1_562' title='bbox 824 4123 1114 4193; x_wconf 76' lang='lat' dir='ltr'><strong>signitlt-at,</strong></span> <span class='ocrx_word' id='word_1_563' title='bbox 1144 4132 1201 4177; x_wconf 93' lang='lat' dir='ltr'><strong>ut</strong></span> <span class='ocrx_word' id='word_1_564' title='bbox 1221 4121 1304 4176; x_wconf 91' lang='lat' dir='ltr'><strong>vel</strong></span> <span class='ocrx_word' id='word_1_565' title='bbox 1327 4121 1478 4188; x_wconf 81' lang='lat' dir='ltr'><strong>juxta</strong></span> <span class='ocrx_word' id='word_1_566' title='bbox 1504 4121 1899 4189; x_wconf 86' lang='lat' dir='ltr'><strong>metaphoram,</strong></span> 
     </span>
    </p>
   </div>
   <div class='ocr_carea' id='block_1_73' title="bbox 306 4213 1900 4289">
    <p class='ocr_par' dir='ltr' id='par_1_73' title="bbox 306 4213 1900 4289">
     <span class='ocr_line' id='line_1_73' title="bbox 306 4213 1900 4289; baseline 0 -19"><span class='ocrx_word' id='word_1_567' title='bbox 306 4216 550 4289; x_wconf 78' lang='lat' dir='ltr'><strong>pulchra:</strong></span> <span class='ocrx_word' id='word_1_568' title='bbox 598 4215 841 4272; x_wconf 80' lang='lat' dir='ltr'><strong>mulieris</strong></span> <span class='ocrx_word' id='word_1_569' title='bbox 893 4227 1186 4280; x_wconf 84' lang='lat' dir='ltr'><strong>amatores,</strong></span> <span class='ocrx_word' id='word_1_570' title='bbox 1235 4214 1318 4269; x_wconf 91' lang='lat' dir='ltr'><strong>vel</strong></span> <span class='ocrx_word' id='word_1_571' title='bbox 1349 4213 1503 4284; x_wconf 78' lang='lat' dir='ltr'><strong>juxta</strong></span> <span class='ocrx_word' id='word_1_572' title='bbox 1554 4215 1900 4270; x_wconf 83' lang='lat' dir='ltr'><strong>eversionem</strong></span> 
     </span>
    </p>
   </div>
   <div class='ocr_carea' id='block_1_74' title="bbox 306 4309 1902 4380">
    <p class='ocr_par' dir='ltr' id='par_1_74' title="bbox 306 4309 1902 4380">
     <span class='ocr_line' id='line_1_74' title="bbox 306 4309 1902 4380; baseline 0 -16"><span class='ocrx_word' id='word_1_573' title='bbox 306 4310 478 4380; x_wconf 88' lang='lat' dir='ltr'><strong>urbis,</strong></span> <span class='ocrx_word' id='word_1_574' title='bbox 518 4320 761 4379; x_wconf 65' lang='lat' dir='ltr'><strong>pastores</strong></span> <span class='ocrx_word' id='word_1_575' title='bbox 793 4310 1166 4380; x_wconf 88' lang='lat' dir='ltr'><strong>intelligantur</strong></span> <span class='ocrx_word' id='word_1_576' title='bbox 1211 4325 1224 4362; x_wconf 91' lang='lat'><strong>:</strong></span> <span class='ocrx_word' id='word_1_577' title='bbox 1257 4323 1487 4380; x_wconf 69' lang='lat' dir='ltr'><strong>quorum</strong></span> <span class='ocrx_word' id='word_1_578' title='bbox 1529 4309 1618 4361; x_wconf 89' lang='lat' dir='ltr'><strong>alii</strong></span> <span class='ocrx_word' id='word_1_579' title='bbox 1663 4316 1902 4364; x_wconf 88' lang='lat' dir='ltr'><strong>scortum</strong></span> 
     </span>
    </p>
   </div>
   <div class='ocr_carea' id='block_1_75' title="bbox 309 4400 1904 4473">
    <p class='ocr_par' dir='ltr' id='par_1_75' title="bbox 309 4400 1904 4473">
     <span class='ocr_line' id='line_1_75' title="bbox 309 4400 1904 4473; baseline 0.002 -18"><span class='ocrx_word' id='word_1_580' title='bbox 309 4403 554 4473; x_wconf 84' lang='lat' dir='ltr'><strong>polluere</strong></span> <span class='ocrx_word' id='word_1_581' title='bbox 585 4401 865 4467; x_wconf 84' lang='lat' dir='ltr'><strong>festinant,</strong></span> <span class='ocrx_word' id='word_1_582' title='bbox 921 4403 1012 4457; x_wconf 89' lang='lat' dir='ltr'><strong>alii</strong></span> <span class='ocrx_word' id='word_1_583' title='bbox 1041 4400 1296 4458; x_wconf 88' lang='lat' dir='ltr'><strong>obsidere</strong></span> <span class='ocrx_word' id='word_1_584' title='bbox 1327 4409 1382 4456; x_wconf 90' lang='lat' dir='ltr'><strong>et</strong></span> <span class='ocrx_word' id='word_1_585' title='bbox 1412 4401 1732 4456; x_wconf 86' lang='lat' dir='ltr'><strong>subvertere</strong></span> <span class='ocrx_word' id='word_1_586' title='bbox 1770 4403 1904 4458; x_wconf 84' lang='lat' dir='ltr'><strong>civi-</strong></span> 
     </span>
    </p>
   </div>
   <div class='ocr_carea' id='block_1_76' title="bbox 310 4495 1904 4566">
    <p class='ocr_par' dir='ltr' id='par_1_76' title="bbox 310 4495 1904 4566">
     <span class='ocr_line' id='line_1_76' title="bbox 310 4495 1904 4566; baseline 0.001 -16"><span class='ocrx_word' id='word_1_587' title='bbox 310 4505 497 4551; x_wconf 82' lang='lat' dir='ltr'><strong>tatem.</strong></span> <span class='ocrx_word' id='word_1_588' title='bbox 529 4496 586 4552; x_wconf 86' lang='lat' dir='ltr'><strong>In</strong></span> <span class='ocrx_word' id='word_1_589' title='bbox 627 4495 933 4566; x_wconf 82' lang='lat' dir='ltr'><strong>pastoribus</strong></span> <span class='ocrx_word' id='word_1_590' title='bbox 982 4507 1038 4552; x_wconf 87' lang='lat' dir='ltr'><strong>et</strong></span> <span class='ocrx_word' id='word_1_591' title='bbox 1082 4495 1336 4566; x_wconf 78' lang='lat' dir='ltr'><strong>gregibus</strong></span> <span class='ocrx_word' id='word_1_592' title='bbox 1381 4510 1596 4562; x_wconf 88' lang='lat' dir='ltr'><strong>eorum,</strong></span> <span class='ocrx_word' id='word_1_593' title='bbox 1631 4495 1904 4564; x_wconf 79' lang='lat' dir='ltr'><strong>print-ipes</strong></span> 
     </span>
    </p>
   </div>
   <div class='ocr_carea' id='block_1_77' title="bbox 309 4586 1898 4659">
    <p class='ocr_par' dir='ltr' id='par_1_77' title="bbox 309 4586 1898 4659">
     <span class='ocr_line' id='line_1_77' title="bbox 309 4586 1898 4659; baseline 0 -17"><span class='ocrx_word' id='word_1_594' title='bbox 309 4589 630 4652; x_wconf 82' lang='lat' dir='ltr'><strong>sentiamus,</strong></span> <span class='ocrx_word' id='word_1_595' title='bbox 662 4598 714 4643; x_wconf 90' lang='lat' dir='ltr'><strong>et</strong></span> <span class='ocrx_word' id='word_1_596' title='bbox 747 4588 1022 4643; x_wconf 82' lang='lat' dir='ltr'><strong>exercitus</strong></span> <span class='ocrx_word' id='word_1_597' title='bbox 1061 4586 1464 4642; x_wconf 66' lang='lat' dir='ltr'><strong>Chaldaeorum.</strong></span> <span class='ocrx_word' id='word_1_598' title='bbox 1493 4586 1687 4659; x_wconf 82' lang='lat' dir='ltr'><strong>Figent</strong></span> <span class='ocrx_word' id='word_1_599' title='bbox 1717 4599 1898 4644; x_wconf 90' lang='lat' dir='ltr'><strong>autem</strong></span> 
     </span>
    </p>
   </div>
   <div class='ocr_carea' id='block_1_78' title="bbox 1968 3371 3609 3449">
    <p class='ocr_par' dir='ltr' id='par_1_78' title="bbox 1968 3371 3609 3449">
     <span class='ocr_line' id='line_1_78' title="bbox 1968 3371 3609 3449; baseline -0.004 -18"><span class='ocrx_word' id='word_1_600' title='bbox 1968 3405 1974 3412; x_wconf 73' lang='grc' dir='ltr'><strong><em>ο</em></strong></span> <span class='ocrx_word' id='word_1_601' title='bbox 2002 3378 2253 3449; x_wconf 80' lang='lat' dir='ltr'><strong>frigidam</strong></span> <span class='ocrx_word' id='word_1_602' title='bbox 2278 3376 2404 3446; x_wconf 76' lang='lat' dir='ltr'><strong>facit</strong></span> <span class='ocrx_word' id='word_1_603' title='bbox 2431 3375 2656 3428; x_wconf 88' lang='lat' dir='ltr'><strong>cisterna</strong></span> <span class='ocrx_word' id='word_1_604' title='bbox 2685 3371 2810 3446; x_wconf 85' lang='lat' dir='ltr'><strong>(vel</strong></span> <span class='ocrx_word' id='word_1_605' title='bbox 2853 3371 3035 3438; x_wconf 83' lang='lat' dir='ltr'><strong>lacus)</strong></span> <span class='ocrx_word' id='word_1_606' title='bbox 3076 3387 3266 3442; x_wconf 90' lang='lat' dir='ltr'><strong>aquam</strong></span> <span class='ocrx_word' id='word_1_607' title='bbox 3300 3386 3450 3424; x_wconf 86' lang='lat' dir='ltr'><strong>suam</strong></span> <span class='ocrx_word' id='word_1_608' title='bbox 3488 3385 3510 3424; x_wconf 91' lang='lat'><strong><em>:</em></strong></span> <span class='ocrx_word' id='word_1_609' title='bbox 3532 3371 3609 3424; x_wconf 88' lang='lat' dir='ltr'><strong>sic</strong></span> 
     </span>
    </p>
   </div>
   <div class='ocr_carea' id='block_1_79' title="bbox 2001 3465 3608 3546">
    <p class='ocr_par' dir='ltr' id='par_1_79' title="bbox 2001 3465 3608 3546">
     <span class='ocr_line' id='line_1_79' title="bbox 2001 3465 3608 3546; baseline -0.004 -20"><span class='ocrx_word' id='word_1_610' title='bbox 2001 3471 2252 3546; x_wconf 76' lang='lat' dir='ltr'><strong>frigidam</strong></span> <span class='ocrx_word' id='word_1_611' title='bbox 2282 3471 2400 3543; x_wconf 75' lang='lat' dir='ltr'><strong>fecit</strong></span> <span class='ocrx_word' id='word_1_612' title='bbox 2428 3469 2679 3522; x_wconf 87' lang='lat' dir='ltr'><strong>malitiam</strong></span> <span class='ocrx_word' id='word_1_613' title='bbox 2717 3483 2884 3520; x_wconf 87' lang='lat' dir='ltr'><strong>suam.</strong></span> <span class='ocrx_word' id='word_1_614' title='bbox 2931 3465 3200 3535; x_wconf 70' lang='lat' dir='ltr'><strong>Praecepit</strong></span> <span class='ocrx_word' id='word_1_615' title='bbox 3244 3465 3507 3518; x_wconf 89' lang='lat' dir='ltr'><strong>Dominus</strong></span> <span class='ocrx_word' id='word_1_616' title='bbox 3547 3473 3608 3519; x_wconf 89' lang='lat' dir='ltr'><strong>ut</strong></span> 
     </span>
    </p>
   </div>
   <div class='ocr_carea' id='block_1_80' title="bbox 2001 3559 3608 3630">
    <p class='ocr_par' dir='ltr' id='par_1_80' title="bbox 2001 3559 3608 3630">
     <span class='ocr_line' id='line_1_80' title="bbox 2001 3559 3608 3630; baseline -0.004 -10"><span class='ocrx_word' id='word_1_617' title='bbox 2001 3568 2234 3621; x_wconf 87' lang='lat' dir='ltr'><strong>arbores</strong></span> <span class='ocrx_word' id='word_1_618' title='bbox 2260 3563 2634 3627; x_wconf 85' lang='lat' dir='ltr'><strong>succidantur,</strong></span> <span class='ocrx_word' id='word_1_619' title='bbox 2668 3572 2723 3618; x_wconf 90' lang='lat' dir='ltr'><strong>et</strong></span> <span class='ocrx_word' id='word_1_620' title='bbox 2752 3571 2812 3616; x_wconf 93' lang='lat' dir='ltr'><strong>ut</strong></span> <span class='ocrx_word' id='word_1_621' title='bbox 2858 3561 3150 3616; x_wconf 88' lang='lat' dir='ltr'><strong>fundantur</strong></span> <span class='ocrx_word' id='word_1_622' title='bbox 3178 3574 3278 3630; x_wconf 92' lang='lat' dir='ltr'><strong>per</strong></span> <span class='ocrx_word' id='word_1_623' title='bbox 3321 3559 3608 3614; x_wconf 84' lang='lat' dir='ltr'><strong>circuitum</strong></span> 
     </span>
    </p>
   </div>
   <div class='ocr_carea' id='block_1_81' title="bbox 2003 3653 3609 3729">
    <p class='ocr_par' dir='ltr' id='par_1_81' title="bbox 2003 3653 3609 3729">
     <span class='ocr_line' id='line_1_81' title="bbox 2003 3653 3609 3729; baseline -0.003 -16"><span class='ocrx_word' id='word_1_624' title='bbox 2003 3673 2230 3729; x_wconf 78' lang='lat' dir='ltr'><strong>aggeres</strong></span> <span class='ocrx_word' id='word_1_625' title='bbox 2261 3675 2275 3710; x_wconf 86' lang='lat'><strong>:</strong></span> <span class='ocrx_word' id='word_1_626' title='bbox 2307 3657 2432 3728; x_wconf 89' lang='lat' dir='ltr'><strong>quia</strong></span> <span class='ocrx_word' id='word_1_627' title='bbox 2458 3666 2670 3727; x_wconf 86' lang='lat' dir='ltr'><strong>tempus</strong></span> <span class='ocrx_word' id='word_1_628' title='bbox 2693 3654 3026 3710; x_wconf 87' lang='lat' dir='ltr'><strong>visitationis</strong></span> <span class='ocrx_word' id='word_1_629' title='bbox 3052 3655 3174 3721; x_wconf 86' lang='lat' dir='ltr'><strong>ejus</strong></span> <span class='ocrx_word' id='word_1_630' title='bbox 3202 3653 3506 3722; x_wconf 86' lang='lat' dir='ltr'><strong>advenerit,</strong></span> <span class='ocrx_word' id='word_1_631' title='bbox 3549 3663 3609 3708; x_wconf 88' lang='lat' dir='ltr'><strong>ut</strong></span> 
     </span>
    </p>
   </div>
   <div class='ocr_carea' id='block_1_82' title="bbox 2004 3747 3608 3824">
    <p class='ocr_par' dir='ltr' id='par_1_82' title="bbox 2004 3747 3608 3824">
     <span class='ocr_line' id='line_1_82' title="bbox 2004 3747 3608 3824; baseline -0.004 -16"><span class='ocrx_word' id='word_1_632' title='bbox 2004 3753 2234 3824; x_wconf 75' lang='lat' dir='ltr'><strong>recipiat</strong></span> <span class='ocrx_word' id='word_1_633' title='bbox 2277 3768 2374 3819; x_wconf 84' lang='lat' dir='ltr'><strong>pro</strong></span> <span class='ocrx_word' id='word_1_634' title='bbox 2427 3750 2668 3821; x_wconf 87' lang='lat' dir='ltr'><strong>peccatis</strong></span> <span class='ocrx_word' id='word_1_635' title='bbox 2721 3748 2836 3803; x_wconf 90' lang='lat' dir='ltr'><strong>suis</strong></span> <span class='ocrx_word' id='word_1_636' title='bbox 2879 3765 2894 3803; x_wconf 91' lang='lat'><strong>:</strong></span> <span class='ocrx_word' id='word_1_637' title='bbox 2929 3763 3163 3818; x_wconf 89' lang='lat' dir='ltr'><strong>quorum</strong></span> <span class='ocrx_word' id='word_1_638' title='bbox 3198 3747 3491 3802; x_wconf 76' lang='lat' dir='ltr'><strong>maximum</strong></span> <span class='ocrx_word' id='word_1_639' title='bbox 3521 3755 3608 3801; x_wconf 88' lang='lat' dir='ltr'><strong>est</strong></span> 
     </span>
    </p>
   </div>
   <div class='ocr_carea' id='block_1_83' title="bbox 2007 3841 3600 3920">
    <p class='ocr_par' dir='ltr' id='par_1_83' title="bbox 2007 3841 3600 3920">
     <span class='ocr_line' id='line_1_83' title="bbox 2007 3841 3600 3920; baseline -0.004 -17"><span class='ocrx_word' id='word_1_640' title='bbox 2007 3847 2318 3920; x_wconf 75' lang='grc' dir='ltr'><strong>συκοφαντία</strong></span> <span class='ocrx_word' id='word_1_641' title='bbox 2337 3883 2350 3905; x_wconf 89' lang='grc'><em>,</em></span> <span class='ocrx_word' id='word_1_642' title='bbox 2376 3854 2437 3897; x_wconf 80' lang='grc' dir='ltr'><strong>ιιι</strong></span> <span class='ocrx_word' id='word_1_643' title='bbox 2463 3844 2808 3897; x_wconf 88' lang='lat' dir='ltr'><strong>innocentem</strong></span> <span class='ocrx_word' id='word_1_644' title='bbox 2832 3845 3105 3911; x_wconf 88' lang='lat' dir='ltr'><strong>opprimat</strong></span> <span class='ocrx_word' id='word_1_645' title='bbox 3129 3856 3224 3910; x_wconf 86' lang='lat' dir='ltr'><strong>per</strong></span> <span class='ocrx_word' id='word_1_646' title='bbox 3251 3841 3600 3896; x_wconf 85' lang='lat' dir='ltr'><strong>calumniam.</strong></span> 
     </span>
    </p>
   </div>
   <div class='ocr_carea' id='block_1_84' title="bbox 2004 3934 3616 4006">
    <p class='ocr_par' dir='ltr' id='par_1_84' title="bbox 2004 3934 3616 4006">
     <span class='ocr_line' id='line_1_84' title="bbox 2004 3934 3616 4006; baseline -0.002 -14"><span class='ocrx_word' id='word_1_647' title='bbox 2004 3937 2293 4006; x_wconf 86' lang='lat' dir='ltr'><strong>Quomodo</strong></span> <span class='ocrx_word' id='word_1_648' title='bbox 2339 3951 2473 4006; x_wconf 86' lang='lat' dir='ltr'><strong>ergo</strong></span> <span class='ocrx_word' id='word_1_649' title='bbox 2523 3935 2790 4003; x_wconf 87' lang='lat' dir='ltr'><strong>cisterna,</strong></span> <span class='ocrx_word' id='word_1_650' title='bbox 2864 3935 2948 3988; x_wconf 87' lang='lat' dir='ltr'><strong>vel</strong></span> <span class='ocrx_word' id='word_1_651' title='bbox 3007 3935 3157 3990; x_wconf 87' lang='lat' dir='ltr'><strong>lacus</strong></span> <span class='ocrx_word' id='word_1_652' title='bbox 3195 3934 3442 4006; x_wconf 89' lang='lat' dir='ltr'><strong>frigidam</strong></span> <span class='ocrx_word' id='word_1_653' title='bbox 3486 3934 3616 3989; x_wconf 79' lang='lat' dir='ltr'><strong>iacit</strong></span> 
     </span>
    </p>
   </div>
   <div class='ocr_carea' id='block_1_85' title="bbox 2005 4026 3608 4102">
    <p class='ocr_par' dir='ltr' id='par_1_85' title="bbox 2005 4026 3608 4102">
     <span class='ocr_line' id='line_1_85' title="bbox 2005 4026 3608 4102; baseline -0.002 -17"><span class='ocrx_word' id='word_1_654' title='bbox 2005 4045 2198 4102; x_wconf 88' lang='lat' dir='ltr'><strong>aquam</strong></span> <span class='ocrx_word' id='word_1_655' title='bbox 2227 4045 2380 4084; x_wconf 92' lang='lat' dir='ltr'><strong>suam</strong></span> <span class='ocrx_word' id='word_1_656' title='bbox 2414 4046 2428 4083; x_wconf 90' lang='lat'><strong>:</strong></span> <span class='ocrx_word' id='word_1_657' title='bbox 2459 4027 2540 4083; x_wconf 90' lang='lat' dir='ltr'><strong>sic</strong></span> <span class='ocrx_word' id='word_1_658' title='bbox 2572 4027 2626 4081; x_wconf 92' lang='lat' dir='ltr'><strong>in</strong></span> <span class='ocrx_word' id='word_1_659' title='bbox 2673 4026 2858 4081; x_wconf 87' lang='lat' dir='ltr'><strong>medio</strong></span> <span class='ocrx_word' id='word_1_660' title='bbox 2887 4026 3216 4094; x_wconf 79' lang='lat' dir='ltr'><strong>Jerusalem,</strong></span> <span class='ocrx_word' id='word_1_661' title='bbox 3257 4026 3462 4081; x_wconf 88' lang='lat' dir='ltr'><strong>malitia</strong></span> <span class='ocrx_word' id='word_1_662' title='bbox 3485 4042 3608 4098; x_wconf 71' lang='lat' dir='ltr'><strong>qua:</strong></span> 
     </span>
    </p>
   </div>
   <div class='ocr_carea' id='block_1_86' title="bbox 2003 4118 3608 4186">
    <p class='ocr_par' dir='ltr' id='par_1_86' title="bbox 2003 4118 3608 4186">
     <span class='ocr_line' id='line_1_86' title="bbox 2003 4118 3608 4186; baseline -0.002 -9"><span class='ocrx_word' id='word_1_663' title='bbox 2003 4122 2058 4178; x_wconf 89' lang='lat' dir='ltr'><strong>in</strong></span> <span class='ocrx_word' id='word_1_664' title='bbox 2089 4138 2151 4177; x_wconf 86' lang='lat' dir='ltr'><strong>ea</strong></span> <span class='ocrx_word' id='word_1_665' title='bbox 2177 4130 2282 4185; x_wconf 90' lang='lat' dir='ltr'><strong>est,</strong></span> <span class='ocrx_word' id='word_1_666' title='bbox 2311 4135 2532 4174; x_wconf 89' lang='lat' dir='ltr'><strong>omnem</strong></span> <span class='ocrx_word' id='word_1_667' title='bbox 2563 4118 2798 4173; x_wconf 89' lang='lat' dir='ltr'><strong>calorem</strong></span> <span class='ocrx_word' id='word_1_668' title='bbox 2835 4118 3072 4186; x_wconf 88' lang='lat' dir='ltr'><strong>perdidit</strong></span> <span class='ocrx_word' id='word_1_669' title='bbox 3103 4121 3250 4174; x_wconf 65' lang='lat' dir='ltr'><strong>vitae.</strong></span> <span class='ocrx_word' id='word_1_670' title='bbox 3285 4119 3350 4174; x_wconf 88' lang='lat' dir='ltr'><strong>Et</strong></span> <span class='ocrx_word' id='word_1_671' title='bbox 3381 4118 3484 4174; x_wconf 89' lang='lat' dir='ltr'><strong>hoc</strong></span> <span class='ocrx_word' id='word_1_672' title='bbox 3507 4133 3608 4174; x_wconf 88' lang='lat' dir='ltr'><strong>no-</strong></span> 
     </span>
    </p>
   </div>
   <div class='ocr_carea' id='block_1_87' title="bbox 2005 4211 3607 4284">
    <p class='ocr_par' dir='ltr' id='par_1_87' title="bbox 2005 4211 3607 4284">
     <span class='ocr_line' id='line_1_87' title="bbox 2005 4211 3607 4284; baseline -0.003 -12"><span class='ocrx_word' id='word_1_673' title='bbox 2005 4216 2253 4278; x_wconf 88' lang='lat' dir='ltr'><strong>tandum,</strong></span> <span class='ocrx_word' id='word_1_674' title='bbox 2282 4212 2426 4284; x_wconf 90' lang='lat' dir='ltr'><strong>quod</strong></span> <span class='ocrx_word' id='word_1_675' title='bbox 2451 4222 2642 4266; x_wconf 89' lang='lat' dir='ltr'><strong>sancto</strong></span> <span class='ocrx_word' id='word_1_676' title='bbox 2669 4211 2875 4282; x_wconf 91' lang='lat' dir='ltr'><strong>Spiritu</strong></span> <span class='ocrx_word' id='word_1_677' title='bbox 2923 4213 3160 4278; x_wconf 87' lang='lat' dir='ltr'><strong>accensi,</strong></span> <span class='ocrx_word' id='word_1_678' title='bbox 3198 4213 3468 4269; x_wconf 80' lang='lat' dir='ltr'><strong>ferventes</strong></span> <span class='ocrx_word' id='word_1_679' title='bbox 3507 4230 3607 4281; x_wconf 87' lang='lat' dir='ltr'><strong>ap-</strong></span> 
     </span>
    </p>
   </div>
   <div class='ocr_carea' id='block_1_88' title="bbox 2008 4303 3611 4378">
    <p class='ocr_par' dir='ltr' id='par_1_88' title="bbox 2008 4303 3611 4378">
     <span class='ocr_line' id='line_1_88' title="bbox 2008 4303 3611 4378; baseline -0.001 -16"><span class='ocrx_word' id='word_1_680' title='bbox 2008 4305 2316 4378; x_wconf 89' lang='lat' dir='ltr'><strong>pellentur:</strong></span> <span class='ocrx_word' id='word_1_681' title='bbox 2350 4303 2488 4359; x_wconf 86' lang='lat' dir='ltr'><strong>mala</strong></span> <span class='ocrx_word' id='word_1_682' title='bbox 2521 4313 2701 4359; x_wconf 88' lang='lat' dir='ltr'><strong>autem</strong></span> <span class='ocrx_word' id='word_1_683' title='bbox 2757 4304 2949 4376; x_wconf 90' lang='lat' dir='ltr'><strong>frigida</strong></span> <span class='ocrx_word' id='word_1_684' title='bbox 2996 4307 3126 4360; x_wconf 90' lang='lat' dir='ltr'><strong>sint.</strong></span> <span class='ocrx_word' id='word_1_685' title='bbox 3177 4305 3329 4360; x_wconf 80' lang='lat' dir='ltr'><strong>Unde</strong></span> <span class='ocrx_word' id='word_1_686' title='bbox 3379 4316 3437 4362; x_wconf 90' lang='lat' dir='ltr'><strong>et</strong></span> <span class='ocrx_word' id='word_1_687' title='bbox 3479 4307 3611 4361; x_wconf 92' lang='lat' dir='ltr'><strong>illud</strong></span> 
     </span>
    </p>
   </div>
   <div class='ocr_carea' id='block_1_89' title="bbox 2007 4394 3612 4470">
    <p class='ocr_par' dir='ltr' id='par_1_89' title="bbox 2007 4394 3612 4470">
     <span class='ocr_line' id='line_1_89' title="bbox 2007 4394 3612 4470; baseline 0 -15"><span class='ocrx_word' id='word_1_688' title='bbox 2007 4401 2272 4470; x_wconf 90' lang='lat' dir='ltr'><strong>scriptum</strong></span> <span class='ocrx_word' id='word_1_689' title='bbox 2293 4405 2378 4454; x_wconf 88' lang='lat' dir='ltr'><strong>est</strong></span> <span class='ocrx_word' id='word_1_690' title='bbox 2406 4394 2637 4468; x_wconf 79' lang='lat' dir='ltr'><strong>(Matth.</strong></span> <span class='ocrx_word' id='word_1_691' title='bbox 2675 4412 2802 4452; x_wconf 78' lang='lat' dir='ltr'><strong>xstv</strong></span> <span class='ocrx_word' id='word_1_692' title='bbox 2821 4397 2862 4468; x_wconf 87' lang='lat'><strong>),</strong></span> <span class='ocrx_word' id='word_1_693' title='bbox 2888 4397 3032 4468; x_wconf 89' lang='lat' dir='ltr'><strong>quod</strong></span> <span class='ocrx_word' id='word_1_694' title='bbox 3066 4397 3118 4452; x_wconf 90' lang='lat' dir='ltr'><strong>iu</strong></span> <span class='ocrx_word' id='word_1_695' title='bbox 3154 4399 3470 4454; x_wconf 80' lang='lat' dir='ltr'><strong>novissimis</strong></span> <span class='ocrx_word' id='word_1_696' title='bbox 3494 4399 3612 4455; x_wconf 83' lang='lat' dir='ltr'><strong>die-</strong></span> 
     </span>
    </p>
   </div>
   <div class='ocr_carea' id='block_1_90' title="bbox 2007 4491 3611 4566">
    <p class='ocr_par' dir='ltr' id='par_1_90' title="bbox 2007 4491 3611 4566">
     <span class='ocr_line' id='line_1_90' title="bbox 2007 4491 3611 4566; baseline 0.002 -17"><span class='ocrx_word' id='word_1_697' title='bbox 2007 4494 2130 4563; x_wconf 90' lang='lat' dir='ltr'><strong>bus,</strong></span> <span class='ocrx_word' id='word_1_698' title='bbox 2153 4493 2371 4566; x_wconf 87' lang='lat' dir='ltr'><strong>quando</strong></span> <span class='ocrx_word' id='word_1_699' title='bbox 2399 4491 2754 4562; x_wconf 88' lang='lat' dir='ltr'><strong>multiplicata</strong></span> <span class='ocrx_word' id='word_1_700' title='bbox 2784 4491 2953 4547; x_wconf 90' lang='lat' dir='ltr'><strong>fuerit</strong></span> <span class='ocrx_word' id='word_1_701' title='bbox 2982 4493 3262 4563; x_wconf 76' lang='lat' dir='ltr'><strong>iniquitas,</strong></span> <span class='ocrx_word' id='word_1_702' title='bbox 3291 4494 3611 4566; x_wconf 79' lang='lat' dir='ltr'><strong>refrigescet</strong></span> 
     </span>
    </p>
   </div>
   <div class='ocr_carea' id='block_1_91' title="bbox 2010 4584 3611 4654">
    <p class='ocr_par' dir='ltr' id='par_1_91' title="bbox 2010 4584 3611 4654">
     <span class='ocr_line' id='line_1_91' title="bbox 2010 4584 3611 4654; baseline 0 -10"><span class='ocrx_word' id='word_1_703' title='bbox 2010 4588 2250 4644; x_wconf 89' lang='lat' dir='ltr'><strong>charitas</strong></span> <span class='ocrx_word' id='word_1_704' title='bbox 2281 4587 2592 4641; x_wconf 89' lang='lat' dir='ltr'><strong>multorum.</strong></span> <span class='ocrx_word' id='word_1_705' title='bbox 2624 4584 2781 4654; x_wconf 86' lang='lat' dir='ltr'><strong>Quod</strong></span> <span class='ocrx_word' id='word_1_706' title='bbox 2830 4596 2958 4653; x_wconf 88' lang='lat' dir='ltr'><strong>puto</strong></span> <span class='ocrx_word' id='word_1_707' title='bbox 2987 4595 3045 4641; x_wconf 91' lang='lat' dir='ltr'><strong>et</strong></span> <span class='ocrx_word' id='word_1_708' title='bbox 3077 4586 3208 4640; x_wconf 84' lang='lat' dir='ltr'><strong>illud</strong></span> <span class='ocrx_word' id='word_1_709' title='bbox 3239 4601 3440 4644; x_wconf 88' lang='lat' dir='ltr'><strong>sonare</strong></span> <span class='ocrx_word' id='word_1_710' title='bbox 3467 4604 3481 4643; x_wconf 90' lang='lat'>:</span> <span class='ocrx_word' id='word_1_711' title='bbox 3511 4591 3611 4644; x_wconf 81' lang='lat' dir='ltr'><strong>As—</strong></span> 
     </span>
    </p>
   </div>
   <div class='ocr_carea' id='block_1_92' title="bbox 309 4654 3616 4755">
    <p class='ocr_par' dir='ltr' id='par_1_92' title="bbox 309 4654 3616 4755">
     <span class='ocr_line' id='line_1_92' title="bbox 309 4654 3616 4755; baseline 0 -19"><span class='ocrx_word' id='word_1_712' title='bbox 309 4681 541 4737; x_wconf 87' lang='lat' dir='ltr'><strong>tentoria</strong></span> <span class='ocrx_word' id='word_1_713' title='bbox 567 4697 660 4736; x_wconf 91' lang='lat' dir='ltr'><strong>sua</strong></span> <span class='ocrx_word' id='word_1_714' title='bbox 694 4682 745 4736; x_wconf 93' lang='lat' dir='ltr'><strong>in</strong></span> <span class='ocrx_word' id='word_1_715' title='bbox 778 4681 1059 4737; x_wconf 72' lang='lat' dir='ltr'><strong>obsidione</strong></span> <span class='ocrx_word' id='word_1_716' title='bbox 1089 4679 1236 4734; x_wconf 86' lang='lat' dir='ltr'><strong>urbis</strong></span> <span class='ocrx_word' id='word_1_717' title='bbox 1286 4680 1338 4734; x_wconf 93' lang='lat' dir='ltr'><strong>in</strong></span> <span class='ocrx_word' id='word_1_718' title='bbox 1362 4654 1628 4736; x_wconf 78' lang='lat' dir='ltr'><strong>circuitu:</strong></span> <span class='ocrx_word' id='word_1_719' title='bbox 1661 4691 1707 4735; x_wconf 89' lang='lat' dir='ltr'><strong>et</strong></span> <span class='ocrx_word' id='word_1_720' title='bbox 1733 4692 1907 4755; x_wconf 87' lang='lat' dir='ltr'><strong>pascet</strong></span> <span class='ocrx_word' id='word_1_721' title='bbox 1936 4654 1989 4714; x_wconf 68' lang='grc' dir='ltr'><strong>Β</strong></span> <span class='ocrx_word' id='word_1_722' title='bbox 2011 4681 2266 4736; x_wconf 86' lang='lat' dir='ltr'><strong>simitatus</strong></span> <span class='ocrx_word' id='word_1_723' title='bbox 2285 4695 2401 4732; x_wconf 88' lang='lat' dir='ltr'><strong>sum</strong></span> <span class='ocrx_word' id='word_1_724' title='bbox 2429 4677 2856 4732; x_wconf 81' lang='lat' dir='ltr'><strong>descendentibus</strong></span> <span class='ocrx_word' id='word_1_725' title='bbox 2881 4679 2932 4730; x_wconf 86' lang='lat' dir='ltr'><strong>in</strong></span> <span class='ocrx_word' id='word_1_726' title='bbox 2955 4678 3125 4732; x_wconf 89' lang='lat' dir='ltr'><strong>lacum</strong></span> <span class='ocrx_word' id='word_1_727' title='bbox 3155 4678 3328 4752; x_wconf 75' lang='lat' dir='ltr'><strong>(Psal.</strong></span> <span class='ocrx_word' id='word_1_728' title='bbox 3350 4695 3516 4746; x_wconf 79' lang='lat' dir='ltr'><strong>xxv&quot;,</strong></span> <span class='ocrx_word' id='word_1_729' title='bbox 3535 4680 3616 4752; x_wconf 80' lang='grc'><strong>1).</strong></span> 
     </span>
    </p>
   </div>
   <div class='ocr_carea' id='block_1_93' title="bbox 313 4777 1909 4850">
    <p class='ocr_par' dir='ltr' id='par_1_93' title="bbox 313 4777 1909 4850">
     <span class='ocr_line' id='line_1_93' title="bbox 313 4777 1909 4850; baseline 0.002 -20"><span class='ocrx_word' id='word_1_730' title='bbox 313 4779 658 4850; x_wconf 79' lang='lat' dir='ltr'><strong>unusquisque</strong></span> <span class='ocrx_word' id='word_1_731' title='bbox 681 4793 765 4831; x_wconf 87' lang='lat' dir='ltr'><strong>eos</strong></span> <span class='ocrx_word' id='word_1_732' title='bbox 790 4778 877 4848; x_wconf 86' lang='lat' dir='ltr'><strong>qui</strong></span> <span class='ocrx_word' id='word_1_733' title='bbox 896 4778 989 4831; x_wconf 85' lang='lat' dir='ltr'><strong>sub</strong></span> <span class='ocrx_word' id='word_1_734' title='bbox 1012 4793 1171 4830; x_wconf 86' lang='lat' dir='ltr'><strong>manu</strong></span> <span class='ocrx_word' id='word_1_735' title='bbox 1197 4793 1290 4830; x_wconf 92' lang='lat' dir='ltr'><strong>sua</strong></span> <span class='ocrx_word' id='word_1_736' title='bbox 1317 4784 1436 4830; x_wconf 89' lang='lat' dir='ltr'><strong>sunt</strong></span> <span class='ocrx_word' id='word_1_737' title='bbox 1461 4795 1480 4844; x_wconf 87' lang='lat'><em>;</em></span> <span class='ocrx_word' id='word_1_738' title='bbox 1506 4791 1634 4832; x_wconf 84' lang='lat' dir='ltr'><strong>suas</strong></span> <span class='ocrx_word' id='word_1_739' title='bbox 1655 4777 1909 4834; x_wconf 85' lang='lat' dir='ltr'><strong>videlicet</strong></span> 
     </span>
    </p>
   </div>
   <div class='ocr_carea' id='block_1_94' title="bbox 311 4867 1902 4942">
    <p class='ocr_par' dir='ltr' id='par_1_94' title="bbox 311 4867 1902 4942">
     <span class='ocr_line' id='line_1_94' title="bbox 311 4867 1902 4942; baseline -0.001 -15"><span class='ocrx_word' id='word_1_740' title='bbox 311 4881 518 4927; x_wconf 85' lang='lat' dir='ltr'><strong>turmas</strong></span> <span class='ocrx_word' id='word_1_741' title='bbox 551 4882 604 4925; x_wconf 90' lang='lat' dir='ltr'><strong>et</strong></span> <span class='ocrx_word' id='word_1_742' title='bbox 637 4885 895 4924; x_wconf 89' lang='lat' dir='ltr'><strong>nmneros</strong></span> <span class='ocrx_word' id='word_1_743' title='bbox 923 4867 1040 4942; x_wconf 79' lang='grc' dir='ltr'><strong>[ΑΙ.</strong></span> <span class='ocrx_word' id='word_1_744' title='bbox 1073 4867 1436 4942; x_wconf 83' lang='lat' dir='ltr'><strong>innumeros].</strong></span> <span class='ocrx_word' id='word_1_745' title='bbox 1465 4867 1568 4936; x_wconf 82' lang='lat' dir='ltr'><strong>Qui</strong></span> <span class='ocrx_word' id='word_1_746' title='bbox 1603 4870 1902 4941; x_wconf 90' lang='lat' dir='ltr'><strong>principes,</strong></span> 
     </span>
    </p>
   </div>
   <div class='ocr_carea' id='block_1_95' title="bbox 312 4960 1908 5035">
    <p class='ocr_par' dir='ltr' id='par_1_95' title="bbox 312 4960 1908 5035">
     <span class='ocr_line' id='line_1_95' title="bbox 312 4960 1908 5035; baseline -0.001 -17"><span class='ocrx_word' id='word_1_747' title='bbox 312 4965 432 5020; x_wconf 89' lang='lat' dir='ltr'><strong>sive</strong></span> <span class='ocrx_word' id='word_1_748' title='bbox 461 4972 728 5035; x_wconf 89' lang='lat' dir='ltr'><strong>pastores,</strong></span> <span class='ocrx_word' id='word_1_749' title='bbox 761 4961 945 5018; x_wconf 91' lang='lat' dir='ltr'><strong>dicent</strong></span> <span class='ocrx_word' id='word_1_750' title='bbox 973 4962 1228 5034; x_wconf 84' lang='lat' dir='ltr'><strong>gregibus</strong></span> <span class='ocrx_word' id='word_1_751' title='bbox 1258 4963 1376 5019; x_wconf 89' lang='lat' dir='ltr'><strong>suis</strong></span> <span class='ocrx_word' id='word_1_752' title='bbox 1408 4980 1425 5017; x_wconf 90' lang='lat'><strong>:</strong></span> <span class='ocrx_word' id='word_1_753' title='bbox 1455 4960 1794 5033; x_wconf 78' lang='lat' dir='ltr'><strong>Sauctiﬁcate</strong></span> <span class='ocrx_word' id='word_1_754' title='bbox 1818 4980 1908 5017; x_wconf 87' lang='lat' dir='ltr'><strong>su-</strong></span> 
     </span>
    </p>
   </div>
   <div class='ocr_carea' id='block_1_96' title="bbox 383 5170 1902 5242">
    <p class='ocr_par' dir='ltr' id='par_1_96' title="bbox 383 5170 1902 5242">
     <span class='ocr_line' id='line_1_96' title="bbox 383 5170 1902 5242; baseline -0.003 -10"><span class='ocrx_word' id='word_1_755' title='bbox 383 5189 410 5217; x_wconf 75' lang='grc' dir='ltr'><strong>ι</strong></span> <span class='ocrx_word' id='word_1_756' title='bbox 447 5173 769 5232; x_wconf 81' lang='lat' dir='ltr'><strong>Sutl&#39;ecimus</strong></span> <span class='ocrx_word' id='word_1_757' title='bbox 799 5187 988 5228; x_wconf 86' lang='lat' dir='ltr'><strong>vocem</strong></span> <span class='ocrx_word' id='word_1_758' title='bbox 1019 5171 1147 5225; x_wconf 89' lang='lat' dir='ltr'><strong>talia</strong></span> <span class='ocrx_word' id='word_1_759' title='bbox 1169 5186 1302 5226; x_wconf 89' lang='lat' dir='ltr'><strong>mss.</strong></span> <span class='ocrx_word' id='word_1_760' title='bbox 1329 5170 1568 5242; x_wconf 90' lang='lat' dir='ltr'><strong>plurium</strong></span> <span class='ocrx_word' id='word_1_761' title='bbox 1599 5170 1744 5242; x_wconf 89' lang='lat' dir='ltr'><strong>apud</strong></span> <span class='ocrx_word' id='word_1_762' title='bbox 1778 5170 1902 5227; x_wconf 85' lang='lat' dir='ltr'><strong>Vic-</strong></span> 
     </span>
    </p>
   </div>
   <div class='ocr_carea' id='block_1_97' title="bbox 304 5245 794 5306">
    <p class='ocr_par' dir='ltr' id='par_1_97' title="bbox 304 5245 794 5306">
     <span class='ocr_line' id='line_1_97' title="bbox 304 5245 794 5306; baseline -0.016 0"><span class='ocrx_word' id='word_1_763' title='bbox 304 5261 419 5306; x_wconf 87' lang='lat' dir='ltr'><strong>tor.</strong></span> <span class='ocrx_word' id='word_1_764' title='bbox 451 5245 794 5304; x_wconf 83' lang='lat' dir='ltr'><strong>auctoritate.</strong></span> 
     </span>
    </p>
   </div>
   <div class='ocr_carea' id='block_1_98' title="bbox 384 5313 1912 5376">
    <p class='ocr_par' dir='ltr' id='par_1_98' title="bbox 384 5313 1912 5376">
     <span class='ocr_line' id='line_1_98' title="bbox 384 5313 1912 5376; baseline -0.007 2"><span class='ocrx_word' id='word_1_765' title='bbox 384 5321 412 5362; x_wconf 71' lang='lat' dir='ltr'><strong>b</strong></span> <span class='ocrx_word' id='word_1_766' title='bbox 457 5322 524 5376; x_wconf 80' lang='lat' dir='ltr'><strong>Et</strong></span> <span class='ocrx_word' id='word_1_767' title='bbox 575 5318 834 5374; x_wconf 83' lang='lat' dir='ltr'><strong>Hebraica</strong></span> <span class='ocrx_word' id='word_1_768' title='bbox 876 5315 1258 5370; x_wconf 81' lang='lat' dir='ltr'><strong>Betltacltarma</strong></span> <span class='ocrx_word' id='word_1_769' title='bbox 1306 5317 1620 5370; x_wconf 86' lang='lat' dir='ltr'><strong>nominatur.</strong></span> <span class='ocrx_word' id='word_1_770' title='bbox 1657 5313 1768 5370; x_wconf 86' lang='lat' dir='ltr'><strong>Hoc</strong></span> <span class='ocrx_word' id='word_1_771' title='bbox 1795 5314 1912 5369; x_wconf 72' lang='lat' dir='ltr'><strong>lno-</strong></span> 
     </span>
    </p>
   </div>
   <div class='ocr_carea' id='block_1_99' title="bbox 316 5385 1914 5454">
    <p class='ocr_par' dir='ltr' id='par_1_99' title="bbox 316 5385 1914 5454">
     <span class='ocr_line' id='line_1_99' title="bbox 316 5385 1914 5454; baseline -0.006 -4"><span class='ocrx_word' id='word_1_772' title='bbox 316 5411 440 5450; x_wconf 90' lang='lat' dir='ltr'><strong>tnen</strong></span> <span class='ocrx_word' id='word_1_773' title='bbox 463 5393 688 5449; x_wconf 75' lang='lat' dir='ltr'><strong>diverse</strong></span> <span class='ocrx_word' id='word_1_774' title='bbox 719 5391 914 5454; x_wconf 61' lang='lat' dir='ltr'><strong>legitur</strong></span> <span class='ocrx_word' id='word_1_775' title='bbox 942 5389 994 5440; x_wconf 91' lang='lat' dir='ltr'><strong>in</strong></span> <span class='ocrx_word' id='word_1_776' title='bbox 1021 5389 1423 5454; x_wconf 74' lang='lat' dir='ltr'><strong>t-xetttplarihus</strong></span> <span class='ocrx_word' id='word_1_777' title='bbox 1454 5387 1660 5442; x_wconf 65' lang='lat' dir='ltr'><strong>Grmcis</strong></span> <span class='ocrx_word' id='word_1_778' title='bbox 1683 5398 1740 5440; x_wconf 91' lang='lat' dir='ltr'><strong>et</strong></span> <span class='ocrx_word' id='word_1_779' title='bbox 1774 5385 1914 5441; x_wconf 81' lang='lat' dir='ltr'><strong>Lati-</strong></span> 
     </span>
    </p>
   </div>
   <div class='ocr_carea' id='block_1_100' title="bbox 317 5457 1917 5538">
    <p class='ocr_par' dir='ltr' id='par_1_100' title="bbox 317 5457 1917 5538">
     <span class='ocr_line' id='line_1_100' title="bbox 317 5457 1917 5538; baseline -0.008 -18"><span class='ocrx_word' id='word_1_780' title='bbox 317 5468 429 5526; x_wconf 84' lang='lat' dir='ltr'><strong>nis:</strong></span> <span class='ocrx_word' id='word_1_781' title='bbox 461 5463 601 5538; x_wconf 57' lang='lat' dir='ltr'><strong>apud</strong></span> <span class='ocrx_word' id='word_1_782' title='bbox 632 5459 813 5538; x_wconf 79' lang='lat' dir='ltr'><strong>_L_XX_.</strong></span> <span class='ocrx_word' id='word_1_783' title='bbox 846 5460 1195 5538; x_wconf 55' lang='grc' dir='ltr'><strong>Βαιθαχαρμτά</strong></span> <span class='ocrx_word' id='word_1_784' title='bbox 1243 5457 1642 5538; x_wconf 71' lang='lat' dir='ltr'><strong>Bethacharma,</strong></span> <span class='ocrx_word' id='word_1_785' title='bbox 1691 5472 1744 5513; x_wconf 88' lang='lat' dir='ltr'><strong>et</strong></span> <span class='ocrx_word' id='word_1_786' title='bbox 1788 5459 1917 5538; x_wconf 59' lang='grc' dir='ltr'><strong>ιξηθ-</strong></span> 
     </span>
    </p>
   </div>
   <div class='ocr_carea' id='block_1_101' title="bbox 315 5530 1918 5613">
    <p class='ocr_par' dir='ltr' id='par_1_101' title="bbox 315 5530 1918 5613">
     <span class='ocr_line' id='line_1_101' title="bbox 315 5530 1918 5613; baseline -0.002 -25"><span class='ocrx_word' id='word_1_787' title='bbox 315 5530 906 5613; x_wconf 56' lang='grc' dir='ltr'><strong>θαχάρΒειΙιιΙιηε-ίισειςς</strong></span> <span class='ocrx_word' id='word_1_788' title='bbox 939 5530 1495 5613; x_wconf 57' lang='grc' dir='ltr'>εινίιιιᾙιειςοιιγιιιιιιῃ</span> <span class='ocrx_word' id='word_1_789' title='bbox 1525 5531 1709 5613; x_wconf 66' lang='lat' dir='ltr'><strong>intus.</strong></span> <span class='ocrx_word' id='word_1_790' title='bbox 1729 5530 1918 5613; x_wconf 73' lang='lat' dir='ltr'><strong>codice</strong></span> 
     </span>
    </p>
   </div>
   <div class='ocr_carea' id='block_1_102' title="bbox 317 5600 1918 5680">
    <p class='ocr_par' dir='ltr' id='par_1_102' title="bbox 317 5600 1918 5680">
     <span class='ocr_line' id='line_1_102' title="bbox 317 5600 1918 5680; baseline -0.008 -15"><span class='ocrx_word' id='word_1_791' title='bbox 317 5600 1171 5680; x_wconf 58' lang='lat' dir='ltr'><strong>Sa&#39;t&#39;vc&#39;ygiranuo_BetItacharem;</strong></span> <span class='ocrx_word' id='word_1_792' title='bbox 1198 5605 1273 5680; x_wconf 80' lang='lat' dir='ltr'><strong>_in</strong></span> <span class='ocrx_word' id='word_1_793' title='bbox 1293 5618 1416 5680; x_wconf 85' lang='lat' dir='ltr'><strong>_uuo</strong></span> <span class='ocrx_word' id='word_1_794' title='bbox 1449 5601 1630 5680; x_wconf 75' lang='lat' dir='ltr'><strong>Ilegio</strong></span> <span class='ocrx_word' id='word_1_795' title='bbox 1661 5610 1718 5654; x_wconf 92' lang='lat' dir='ltr'><strong>et</strong></span> <span class='ocrx_word' id='word_1_796' title='bbox 1741 5600 1918 5680; x_wconf 83' lang='lat' dir='ltr'><strong>altero</strong></span> 
     </span>
    </p>
   </div>
   <div class='ocr_carea' id='block_1_103' title="bbox 317 5673 1919 5743">
    <p class='ocr_par' dir='ltr' id='par_1_103' title="bbox 317 5673 1919 5743">
     <span class='ocr_line' id='line_1_103' title="bbox 317 5673 1919 5743; baseline -0.003 -12"><span class='ocrx_word' id='word_1_797' title='bbox 317 5673 668 5737; x_wconf 75' lang='lat' dir='ltr'><strong>Cluniacensi</strong></span> <span class='ocrx_word' id='word_1_798' title='bbox 719 5673 1132 5740; x_wconf 65' lang='lat' dir='ltr'><strong>Belitae/turma,-</strong></span> <span class='ocrx_word' id='word_1_799' title='bbox 1181 5674 1416 5743; x_wconf 86' lang='lat' dir='ltr'><strong>denique</strong></span> <span class='ocrx_word' id='word_1_800' title='bbox 1449 5677 1501 5728; x_wconf 93' lang='lat' dir='ltr'><strong>in</strong></span> <span class='ocrx_word' id='word_1_801' title='bbox 1548 5683 1735 5728; x_wconf 86' lang='lat' dir='ltr'><strong>nostro</strong></span> <span class='ocrx_word' id='word_1_802' title='bbox 1783 5677 1919 5726; x_wconf 68' lang='lat' dir='ltr'><strong>San-</strong></span> 
     </span>
    </p>
   </div>
   <div class='ocr_carea' id='block_1_104' title="bbox 322 5743 1920 5818">
    <p class='ocr_par' dir='ltr' id='par_1_104' title="bbox 322 5743 1920 5818">
     <span class='ocr_line' id='line_1_104' title="bbox 322 5743 1920 5818; baseline -0.005 -10"><span class='ocrx_word' id='word_1_803' title='bbox 322 5749 706 5818; x_wconf 65' lang='lat' dir='ltr'><strong>Germane-nsi,</strong></span> <span class='ocrx_word' id='word_1_804' title='bbox 744 5761 916 5818; x_wconf 86' lang='lat' dir='ltr'><strong>pruna</strong></span> <span class='ocrx_word' id='word_1_805' title='bbox 962 5761 1124 5799; x_wconf 89' lang='lat' dir='ltr'><strong>manu</strong></span> <span class='ocrx_word' id='word_1_806' title='bbox 1155 5743 1562 5818; x_wconf 83' lang='lat' dir='ltr'><strong>Bethncltarem,</strong></span> <span class='ocrx_word' id='word_1_807' title='bbox 1611 5744 1920 5818; x_wconf 68' lang='lat' dir='ltr'><strong>posmrinre</strong></span> 
     </span>
    </p>
   </div>
   <div class='ocr_carea' id='block_1_105' title="bbox 327 5815 1918 5888">
    <p class='ocr_par' dir='ltr' id='par_1_105' title="bbox 327 5815 1918 5888">
     <span class='ocr_line' id='line_1_105' title="bbox 327 5815 1918 5888; baseline -0.006 -8"><span class='ocrx_word' id='word_1_808' title='bbox 327 5815 713 5879; x_wconf 81' lang='lat' dir='ltr'><strong>Bethacltarim.</strong></span> <span class='ocrx_word' id='word_1_809' title='bbox 747 5815 907 5888; x_wconf 78' lang='lat' dir='ltr'><strong>Bene</strong></span> <span class='ocrx_word' id='word_1_810' title='bbox 939 5826 1131 5888; x_wconf 87' lang='lat' dir='ltr'><strong>tamen</strong></span> <span class='ocrx_word' id='word_1_811' title='bbox 1166 5831 1347 5872; x_wconf 87' lang='lat' dir='ltr'><strong>monet</strong></span> <span class='ocrx_word' id='word_1_812' title='bbox 1378 5817 1741 5888; x_wconf 82' lang='lat' dir='ltr'><strong>lliero_nymus</strong></span> <span class='ocrx_word' id='word_1_813' title='bbox 1783 5815 1918 5870; x_wconf 86' lang='lat' dir='ltr'><strong>illud</strong></span> 
     </span>
    </p>
   </div>
   <div class='ocr_carea' id='block_1_106' title="bbox 328 5886 1922 5962">
    <p class='ocr_par' dir='ltr' id='par_1_106' title="bbox 328 5886 1922 5962">
     <span class='ocr_line' id='line_1_106' title="bbox 328 5886 1922 5962; baseline -0.008 -10"><span class='ocrx_word' id='word_1_814' title='bbox 328 5910 529 5952; x_wconf 85' lang='lat' dir='ltr'><strong>nomen</strong></span> <span class='ocrx_word' id='word_1_815' title='bbox 560 5891 739 5962; x_wconf 79' lang='lat' dir='ltr'><strong>lingua</strong></span> <span class='ocrx_word' id='word_1_816' title='bbox 777 5887 916 5959; x_wconf 64' lang='lat' dir='ltr'><strong>Syra</strong></span> <span class='ocrx_word' id='word_1_817' title='bbox 969 5893 1023 5942; x_wconf 78' lang='lat' dir='ltr'><strong>et</strong></span> <span class='ocrx_word' id='word_1_818' title='bbox 1078 5887 1340 5944; x_wconf 75' lang='lat' dir='ltr'><strong>Hebraica</strong></span> <span class='ocrx_word' id='word_1_819' title='bbox 1363 5889 1469 5946; x_wconf 91' lang='lat' dir='ltr'><strong>dici</strong></span> <span class='ocrx_word' id='word_1_820' title='bbox 1523 5886 1922 5950; x_wconf 58' lang='lat' dir='ltr'><strong>Bethacharma,</strong></span> 
     </span>
    </p>
   </div>
   <div class='ocr_carea' id='block_1_107' title="bbox 2016 4771 3624 4840">
    <p class='ocr_par' dir='ltr' id='par_1_107' title="bbox 2016 4771 3624 4840">
     <span class='ocr_line' id='line_1_107' title="bbox 2016 4771 3624 4840; baseline 0 -10"><span class='ocrx_word' id='word_1_821' title='bbox 2016 4775 2128 4831; x_wconf 88' lang='lat' dir='ltr'><strong>Hoc</strong></span> <span class='ocrx_word' id='word_1_822' title='bbox 2149 4782 2328 4829; x_wconf 89' lang='lat' dir='ltr'><strong>autem</strong></span> <span class='ocrx_word' id='word_1_823' title='bbox 2355 4773 2582 4828; x_wconf 83' lang='lat' dir='ltr'><strong>Latinus</strong></span> <span class='ocrx_word' id='word_1_824' title='bbox 2607 4771 2777 4826; x_wconf 91' lang='lat' dir='ltr'><strong>lector</strong></span> <span class='ocrx_word' id='word_1_825' title='bbox 2805 4771 3098 4840; x_wconf 78' lang='lat' dir='ltr'><strong>intelligat,</strong></span> <span class='ocrx_word' id='word_1_826' title='bbox 3132 4782 3190 4828; x_wconf 87' lang='grc' dir='ltr'><strong>ιιι</strong></span> <span class='ocrx_word' id='word_1_827' title='bbox 3218 4776 3384 4830; x_wconf 80' lang='lat' dir='ltr'><strong>semel</strong></span> <span class='ocrx_word' id='word_1_828' title='bbox 3411 4773 3624 4830; x_wconf 76' lang='lat' dir='ltr'><strong>dixisse</strong></span> 
     </span>
    </p>
   </div>
   <div class='ocr_carea' id='block_1_108' title="bbox 2013 4867 3624 4937">
    <p class='ocr_par' dir='ltr' id='par_1_108' title="bbox 2013 4867 3624 4937">
     <span class='ocr_line' id='line_1_108' title="bbox 2013 4867 3624 4937; baseline -0.001 -11"><span class='ocrx_word' id='word_1_829' title='bbox 2013 4868 2274 4931; x_wconf 86' lang='lat' dir='ltr'><strong>sufficiat,</strong></span> <span class='ocrx_word' id='word_1_830' title='bbox 2307 4869 2498 4935; x_wconf 85' lang='lat' dir='ltr'><strong>lacum,</strong></span> <span class='ocrx_word' id='word_1_831' title='bbox 2525 4879 2632 4920; x_wconf 90' lang='lat' dir='ltr'><strong>non</strong></span> <span class='ocrx_word' id='word_1_832' title='bbox 2662 4874 2906 4937; x_wconf 88' lang='lat' dir='ltr'><strong>stagnum</strong></span> <span class='ocrx_word' id='word_1_833' title='bbox 2937 4881 3137 4923; x_wconf 88' lang='lat' dir='ltr'><strong>sonare</strong></span> <span class='ocrx_word' id='word_1_834' title='bbox 3183 4869 3336 4936; x_wconf 83' lang='lat' dir='ltr'><strong>juxta</strong></span> <span class='ocrx_word' id='word_1_835' title='bbox 3377 4867 3624 4937; x_wconf 79' lang='lat' dir='ltr'><strong>Cra-cos,</strong></span> 
     </span>
    </p>
   </div>
   <div class='ocr_carea' id='block_1_109' title="bbox 2014 4957 3624 5030">
    <p class='ocr_par' dir='ltr' id='par_1_109' title="bbox 2014 4957 3624 5030">
     <span class='ocr_line' id='line_1_109' title="bbox 2014 4957 3624 5030; baseline -0.001 -12"><span class='ocrx_word' id='word_1_836' title='bbox 2014 4962 2111 5018; x_wconf 88' lang='lat' dir='ltr'><strong>sed</strong></span> <span class='ocrx_word' id='word_1_837' title='bbox 2135 4961 2433 5024; x_wconf 85' lang='lat' dir='ltr'><strong>cisternam,</strong></span> <span class='ocrx_word' id='word_1_838' title='bbox 2455 4973 2574 5028; x_wconf 62' lang='lat' dir='ltr'><strong>quae</strong></span> <span class='ocrx_word' id='word_1_839' title='bbox 2598 4972 2858 5013; x_wconf 88' lang='lat' dir='ltr'><strong>sermone</strong></span> <span class='ocrx_word' id='word_1_840' title='bbox 2879 4957 3021 5030; x_wconf 82' lang='lat' dir='ltr'><strong>Syro</strong></span> <span class='ocrx_word' id='word_1_841' title='bbox 3044 4969 3102 5015; x_wconf 91' lang='lat' dir='ltr'><strong>et</strong></span> <span class='ocrx_word' id='word_1_842' title='bbox 3124 4958 3392 5015; x_wconf 80' lang='lat' dir='ltr'><strong>Hebraico</strong></span> <span class='ocrx_word' id='word_1_843' title='bbox 3408 4967 3430 4996; x_wconf 74' lang='grc' dir='ltr'><strong>ε</strong></span> <span class='ocrx_word' id='word_1_844' title='bbox 3453 4973 3624 5016; x_wconf 72' lang='lat' dir='ltr'><strong>ouans</strong></span> 
     </span>
    </p>
   </div>
   <div class='ocr_carea' id='block_1_110' title="bbox 2013 5159 3626 5238">
    <p class='ocr_par' dir='ltr' id='par_1_110' title="bbox 2013 5159 3626 5238">
     <span class='ocr_line' id='line_1_110' title="bbox 2013 5159 3626 5238; baseline -0.001 -17"><span class='ocrx_word' id='word_1_845' title='bbox 2013 5171 2136 5232; x_wconf 82' lang='lat' dir='ltr'><strong>quia</strong></span> <span class='ocrx_word' id='word_1_846' title='bbox 2161 5169 2306 5223; x_wconf 78' lang='lat' dir='ltr'><strong>vinea</strong></span> <span class='ocrx_word' id='word_1_847' title='bbox 2331 5175 2562 5237; x_wconf 88' lang='lat' dir='ltr'><strong>utraque</strong></span> <span class='ocrx_word' id='word_1_848' title='bbox 2610 5167 2793 5238; x_wconf 87' lang='lat' dir='ltr'><strong>lingua</strong></span> <span class='ocrx_word' id='word_1_849' title='bbox 2832 5166 3030 5223; x_wconf 90' lang='lat' dir='ltr'><strong>dicitur</strong></span> <span class='ocrx_word' id='word_1_850' title='bbox 3083 5175 3242 5224; x_wconf 64' lang='lat' dir='ltr'><strong>tum:</strong></span> <span class='ocrx_word' id='word_1_851' title='bbox 3289 5159 3506 5229; x_wconf 82' lang='lat' dir='ltr'><strong>Karma,</strong></span> <span class='ocrx_word' id='word_1_852' title='bbox 3539 5163 3626 5220; x_wconf 86' lang='lat' dir='ltr'><strong>vel</strong></span> 
     </span>
    </p>
   </div>
   <div class='ocr_carea' id='block_1_111' title="bbox 2019 5239 2547 5298">
    <p class='ocr_par' dir='ltr' id='par_1_111' title="bbox 2019 5239 2547 5298">
     <span class='ocr_line' id='line_1_111' title="bbox 2019 5239 2547 5298; baseline -0.011 0"><span class='ocrx_word' id='word_1_853' title='bbox 2019 5242 2236 5298; x_wconf 86' lang='lat' dir='ltr'><strong>Karmo.</strong></span> <span class='ocrx_word' id='word_1_854' title='bbox 2270 5239 2547 5295; x_wconf 64' lang='lat' dir='ltr'><strong>Maurum.</strong></span> 
     </span>
    </p>
   </div>
   <div class='ocr_carea' id='block_1_112' title="bbox 2096 5307 3630 5398">
    <p class='ocr_par' dir='ltr' id='par_1_112' title="bbox 2096 5307 3630 5398">
     <span class='ocr_line' id='line_1_112' title="bbox 2096 5307 3630 5398; baseline -0.005 -30"><span class='ocrx_word' id='word_1_855' title='bbox 2096 5312 2307 5398; x_wconf 45' lang='grc' dir='ltr'><strong>εγω..</strong></span> <span class='ocrx_word' id='word_1_856' title='bbox 2340 5327 2396 5365; x_wconf 88' lang='lat' dir='ltr'><strong>ut</strong></span> <span class='ocrx_word' id='word_1_857' title='bbox 2423 5310 2518 5366; x_wconf 85' lang='lat' dir='ltr'><strong>alii</strong></span> <span class='ocrx_word' id='word_1_858' title='bbox 2567 5320 2730 5366; x_wconf 86' lang='lat' dir='ltr'><strong>totam</strong></span> <span class='ocrx_word' id='word_1_859' title='bbox 2765 5309 2976 5379; x_wconf 85' lang='lat' dir='ltr'><strong>urbem,</strong></span> <span class='ocrx_word' id='word_1_860' title='bbox 3029 5307 3123 5362; x_wconf 89' lang='lat' dir='ltr'><strong>alii</strong></span> <span class='ocrx_word' id='word_1_861' title='bbox 3165 5322 3338 5362; x_wconf 87' lang='lat' dir='ltr'><strong>arcem</strong></span> <span class='ocrx_word' id='word_1_862' title='bbox 3377 5315 3630 5378; x_wconf 84' lang='lat' dir='ltr'><strong>occupent</strong></span> 
     </span>
    </p>
   </div>
   <div class='ocr_carea' id='block_1_113' title="bbox 2023 5385 3626 5524">
    <p class='ocr_par' dir='ltr' id='par_1_113' title="bbox 2023 5385 3626 5524">
     <span class='ocr_line' id='line_1_113' title="bbox 2023 5385 3626 5524; baseline -0.003 -13"><span class='ocrx_word' id='word_1_863' title='bbox 2023 5385 2325 5512; x_wconf 41' lang='lat' dir='ltr'><strong>“Tit-utea</strong></span> <span class='ocrx_word' id='word_1_864' title='bbox 2349 5454 2659 5511; x_wconf 89' lang='lat' dir='ltr'><strong>addebatur</strong></span> <span class='ocrx_word' id='word_1_865' title='bbox 2699 5469 2816 5517; x_wconf 75' lang='lat' dir='ltr'><strong>arx,</strong></span> <span class='ocrx_word' id='word_1_866' title='bbox 2840 5466 3001 5524; x_wconf 89' lang='lat' dir='ltr'><strong>quam</strong></span> <span class='ocrx_word' id='word_1_867' title='bbox 3026 5463 3214 5504; x_wconf 89' lang='lat' dir='ltr'><strong>vocem</strong></span> <span class='ocrx_word' id='word_1_868' title='bbox 3241 5447 3444 5504; x_wconf 76' lang='lat' dir='ltr'><strong>rectius</strong></span> <span class='ocrx_word' id='word_1_869' title='bbox 3467 5447 3626 5521; x_wconf 86' lang='lat' dir='ltr'><strong>igno-</strong></span> 
     </span>
    </p>
   </div>
   <div class='ocr_carea' id='block_1_114' title="bbox 2019 5541 2328 5585">
    <p class='ocr_par' dir='ltr' id='par_1_114' title="bbox 2019 5541 2328 5585">
     <span class='ocr_line' id='line_1_114' title="bbox 2019 5541 2328 5585; baseline -0.016 0"><span class='ocrx_word' id='word_1_870' title='bbox 2019 5541 2149 5585; x_wconf 81' lang='lat' dir='ltr'><strong>rant</strong></span> <span class='ocrx_word' id='word_1_871' title='bbox 2195 5545 2328 5581; x_wconf 77' lang='lat' dir='ltr'><strong>mss.</strong></span> 
     </span>
    </p>
   </div>
   <div class='ocr_carea' id='block_1_115' title="bbox 2096 5591 3627 5666">
    <p class='ocr_par' dir='ltr' id='par_1_115' title="bbox 2096 5591 3627 5666">
     <span class='ocr_line' id='line_1_115' title="bbox 2096 5591 3627 5666; baseline -0.003 -13"><span class='ocrx_word' id='word_1_872' title='bbox 2096 5612 2119 5639; x_wconf 74' lang='grc' dir='ltr'>ε</span> <span class='ocrx_word' id='word_1_873' title='bbox 2166 5599 2230 5653; x_wconf 78' lang='lat' dir='ltr'><strong>Et</strong></span> <span class='ocrx_word' id='word_1_874' title='bbox 2261 5598 2520 5654; x_wconf 87' lang='lat' dir='ltr'><strong>Hebraico</strong></span> <span class='ocrx_word' id='word_1_875' title='bbox 2551 5596 2733 5652; x_wconf 81' lang='lat' dir='ltr'><strong>Gabba</strong></span> <span class='ocrx_word' id='word_1_876' title='bbox 2788 5591 3112 5666; x_wconf 87' lang='lat' dir='ltr'><strong>appellatur.</strong></span> <span class='ocrx_word' id='word_1_877' title='bbox 3157 5591 3478 5666; x_wconf 62' lang='lat' dir='ltr'><strong>Lectionem</strong></span> <span class='ocrx_word' id='word_1_878' title='bbox 3517 5592 3627 5648; x_wconf 82' lang='lat' dir='ltr'><strong>Ile-</strong></span> 
     </span>
    </p>
   </div>
   <div class='ocr_carea' id='block_1_116' title="bbox 2020 5663 3635 5742">
    <p class='ocr_par' dir='ltr' id='par_1_116' title="bbox 2020 5663 3635 5742">
     <span class='ocr_line' id='line_1_116' title="bbox 2020 5663 3635 5742; baseline -0.006 -18"><span class='ocrx_word' id='word_1_879' title='bbox 2020 5673 2260 5729; x_wconf 76' lang='lat' dir='ltr'><strong>brait-am</strong></span> <span class='ocrx_word' id='word_1_880' title='bbox 2307 5669 2623 5742; x_wconf 84' lang='lat' dir='ltr'><strong>Ilierouyoti</strong></span> <span class='ocrx_word' id='word_1_881' title='bbox 2675 5663 2892 5721; x_wconf 81' lang='lat' dir='ltr'><strong>mutant</strong></span> <span class='ocrx_word' id='word_1_882' title='bbox 2938 5667 3060 5742; x_wconf 73' lang='lat' dir='ltr'><strong>ltoc_</strong></span> <span class='ocrx_word' id='word_1_883' title='bbox 3092 5665 3213 5742; x_wconf 71' lang='lat' dir='ltr'><strong>loco</strong></span> <span class='ocrx_word' id='word_1_884' title='bbox 3264 5663 3524 5718; x_wconf 84' lang='lat' dir='ltr'><strong>Erasmus</strong></span> <span class='ocrx_word' id='word_1_885' title='bbox 3575 5675 3635 5721; x_wconf 86' lang='lat' dir='ltr'><strong>et</strong></span> 
     </span>
    </p>
   </div>
   <div class='ocr_carea' id='block_1_117' title="bbox 2021 5733 3635 5810">
    <p class='ocr_par' dir='ltr' id='par_1_117' title="bbox 2021 5733 3635 5810">
     <span class='ocr_line' id='line_1_117' title="bbox 2021 5733 3635 5810; baseline -0.006 -10"><span class='ocrx_word' id='word_1_886' title='bbox 2021 5745 2302 5800; x_wconf 74' lang='lat' dir='ltr'><strong>Marianos</strong></span> <span class='ocrx_word' id='word_1_887' title='bbox 2333 5733 2596 5810; x_wconf 78' lang='lat' dir='ltr'><strong>ponenies</strong></span> <span class='ocrx_word' id='word_1_888' title='bbox 2627 5752 2815 5791; x_wconf 77' lang='lat' dir='ltr'><strong>vocem</strong></span> <span class='ocrx_word' id='word_1_889' title='bbox 2855 5753 2988 5805; x_wconf 85' lang='lat' dir='ltr'><strong>pure</strong></span> <span class='ocrx_word' id='word_1_890' title='bbox 3021 5733 3306 5790; x_wconf 69' lang='lat' dir='ltr'><strong>Heln-mam</strong></span> <span class='ocrx_word' id='word_1_891' title='bbox 3343 5745 3488 5796; x_wconf 62' lang='lat' dir='ltr'><strong>1N3:</strong></span> <span class='ocrx_word' id='word_1_892' title='bbox 3502 5807 3520 5810; x_wconf 0' lang='grc' dir='ltr'><strong>Α)</strong></span> <span class='ocrx_word' id='word_1_893' title='bbox 3545 5754 3635 5808; x_wconf 84' lang='lat' dir='ltr'><strong>ge-</strong></span> 
     </span>
    </p>
   </div>
   <div class='ocr_carea' id='block_1_118' title="bbox 2023 5807 3638 5880">
    <p class='ocr_par' dir='ltr' id='par_1_118' title="bbox 2023 5807 3638 5880">
     <span class='ocr_line' id='line_1_118' title="bbox 2023 5807 3638 5880; baseline -0.004 -12"><span class='ocrx_word' id='word_1_894' title='bbox 2023 5832 2143 5880; x_wconf 78' lang='lat' dir='ltr'><strong>uer;</strong></span> <span class='ocrx_word' id='word_1_895' title='bbox 2174 5832 2280 5868; x_wconf 87' lang='lat' dir='ltr'><strong>ttott</strong></span> <span class='ocrx_word' id='word_1_896' title='bbox 2315 5807 2460 5869; x_wconf 82' lang='lat' dir='ltr'><strong>enim</strong></span> <span class='ocrx_word' id='word_1_897' title='bbox 2517 5811 2826 5879; x_wconf 88' lang='lat' dir='ltr'><strong>intelligunt</strong></span> <span class='ocrx_word' id='word_1_898' title='bbox 2867 5811 3143 5880; x_wconf 76' lang='lat' dir='ltr'><strong>cisternam</strong></span> <span class='ocrx_word' id='word_1_899' title='bbox 3195 5823 3452 5880; x_wconf 79' lang='lat' dir='ltr'><strong>sermone</strong></span> <span class='ocrx_word' id='word_1_900' title='bbox 3494 5807 3638 5880; x_wconf 79' lang='lat' dir='ltr'><strong>Syro</strong></span> 
     </span>
    </p>
   </div>
   <div class='ocr_carea' id='block_1_119' title="bbox 2026 5877 3645 5948">
    <p class='ocr_par' dir='ltr' id='par_1_119' title="bbox 2026 5877 3645 5948">
     <span class='ocr_line' id='line_1_119' title="bbox 2026 5877 3645 5948; baseline -0.002 -6"><span class='ocrx_word' id='word_1_901' title='bbox 2026 5893 2083 5942; x_wconf 84' lang='lat' dir='ltr'><strong>et</strong></span> <span class='ocrx_word' id='word_1_902' title='bbox 2127 5877 2452 5944; x_wconf 81' lang='lat' dir='ltr'><strong>Chaldaico.</strong></span> <span class='ocrx_word' id='word_1_903' title='bbox 2503 5882 2554 5936; x_wconf 87' lang='lat' dir='ltr'><strong>id</strong></span> <span class='ocrx_word' id='word_1_904' title='bbox 2586 5877 2712 5945; x_wconf 54' lang='grc' dir='ltr'><strong>εςιζ</strong></span> <span class='ocrx_word' id='word_1_905' title='bbox 2753 5880 2965 5948; x_wconf 77' lang='lat' dir='ltr'><strong>vulgari</strong></span> <span class='ocrx_word' id='word_1_906' title='bbox 3020 5877 3289 5934; x_wconf 76' lang='lat' dir='ltr'><strong>llobraico</strong></span> <span class='ocrx_word' id='word_1_907' title='bbox 3343 5877 3450 5934; x_wconf 82' lang='lat' dir='ltr'><strong>diei</strong></span> <span class='ocrx_word' id='word_1_908' title='bbox 3512 5877 3645 5942; x_wconf 56' lang='lat' dir='ltr'><strong>tiri</strong></span> 
     </span>
    </p>
   </div>
  </div>
