4084 6324
275 346 381 408 725

809 349 1468 412 COMMEN'I‘ARIORUM
1505 350 1577 410 IN
1612 348 1964 413 JEREMIAM
2000 350 2429 416 PROPHETAM
2465 358 2599 417 LIB.
2638 359 2706 417 ll.
2747 359 2903 418 CAP.
2944 361 3033 421 Vl.

3468 364 3574 423 726

282 464 569 529 c3rdotibus
599 465 820 540 (larem.
862 466 1058 541 xvttt).
1086 468 1151 524 Et
1194 484 1341 541 cum,
1377 470 1577 538 inquit,
1610 479 1761 533 tanta
1794 464 1874 533 fua-
1902 476 1951 540 Α
1981 473 2367 543 Apostolorum
2407 475 2676 539 indicetur
2718 477 2941 545 chorus,
2985 478 3135 549 juxta
3183 476 3571 539 Ezechielem:

277 554 484 629 cerent,
519 578 788 637 prospera
820 580 1049 637 quaeque
1097 580 1220 622 meo
1266 566 1467 636 populo
1508 567 1872 623 nuntiabant:

276 664 327 739 et
352 656 510 727 quasi
532 673 727 717 curare
755 659 1053 729 cupiebant
1078 658 1294 724 vulnus,
1336 667 1393 716 et
1414 659 1770 732 ignominiam
1811 659 1875 715 ll-

276 747 359 803 lite
386 765 547 817 mete,
589 750 872 808 dicentes:
905 753 1041 825 Page,
1070 771 1211 827 par;
1232 770 1353 810 cum
1381 770 1482 823 pax
1513 757 1740 815 omnino
1764 770 1871 812 non

276 849 442 899 esset.
470 840 590 901 Hoc
613 844 783 925 886
810 848 1032 921 proprie
1060 847 1130 903 de
1148 847 1528 907 sacerdotibus
1560 856 1617 907 et
1639 847 1875 907 doctori-

273 932 373 995 b‘t'ts
395 937 817 1011 intelligendum
865 951 971 1013 est,
1002 941 1095 1019 qui
1124 939 1384 998 divitibus
1414 951 1472 1003 et
1498 940 1584 999 eis
1622 958 1762 1019 quos
1790 942 1875 999 vi-

274 1030 488 1088 dentiu
530 1031 746 1093 honore
778 1034 1019 1090 maximo
1068 1033 1426 1101 constitutos,
1477 1037 1876 1105 repromittunt

274 1140 554 1197 prospera,
606 1136 661 1182 et
703 1125 1032 1185 clementem
1080 1128 1380 1207 pradicant
1427 1128 1600 1186 Deum
1649 1131 1875 1204 :magis

272 1218 393 1285 illos
413 1218 686 1291 supplicio
708 1229 766 1276 et
785 1221 1083 1278 iracundias
1115 1231 1509 1294 praeparantes.

340 1313 363 1391 (
390 1311 550 1370 Vers.
583 1310 710 1388 i5.)
753 1313 973 1389 Confusi
1004 1323 1147 1387 sunt,
1182 1317 1306 1387 quia
1334 1314 1769 1375 abominationem
1798 1316 1875 1385 fe-

272 1413 449 1463 cerunt
471 1421 493 1461 :
517 1406 644 1475 quin
671 1407 845 1483 potius
883 1408 1187 1483 confusione
1230 1425 1334 1464 non
1387 1419 1507 1464 sunt
1552 1409 1785 1489 confusi,
1825 1418 1874 1466 et

270 1498 563 1553 erubescere
582 1501 892 1555 nescierunt.
913 1500 1165 1559 Pressius
1188 1503 1291 1559 hoc
1312 1502 1602 1577 legendum
1620 1511 1707 1559 est
1716 1502 1871 1574 juxta

272 1589 624 1653 Hebraicum.
656 1592 724 1650 Et
751 1610 896 1662 eum,
922 1594 1120 1669 inquit,
1152 1603 1306 1651 tanta
1331 1594 1581 1668 fecerint,
1609 1595 1870 1669 numquid

269 1681 481 1743 confusi
535 1686 705 1747 sunt?
766 1687 1030 1761 numquid
1069 1689 1413 1745 erubuernnt
1459 1690 1514 1753 in
1564 1689 1873 1746 sceleribus

274 1777 425 1842 suis?
473 1777 607 1851 quin
651 1779 833 1853 potius
865 1790 1147 1853 peccatum
1191 1794 1397 1838 auxere
1448 1789 1787 1853 contemptu,
1817 1790 1875 1838 et

1976 560 2109 621 Filii
2170 567 2415 632 hominis,
2460 570 2833 643 speculatorem
2884 582 2932 627 te
2973 572 3094 628 dedi
3165 574 3343 630 domui
3402 570 3576 631 Israel

1977 648 2196 730 (Ezech.
2224 677 2306 728 ιιι,
2334 662 2447 735 17).
2468 662 2535 719 Et
2561 664 2795 737 prn'cepi
2818 673 2881 722 ut
2901 664 3167 723 audiretis
3188 682 3378 723 vocem
3403 668 3570 736 tubae,

1976 752 2060 808 vel
2126 752 2380 810 mandata
2442 754 2744 831 Evangelii,
2801 758 2885 815 vel
2937 758 3239 816 doctrinam
3281 760 3575 832 Apostolo-

1976 860 2120 917 rum,
2138 846 2292 915 juxta
2321 846 2453 902 illud
2483 847 2633 903 lsaiac
2659 866 2673 903 :
2699 846 2767 905 In
2793 858 3019 907 montem
3041 851 3302 909 excelsum
3326 853 3573 925 ascende,

1973 937 2065 1009 qui
2097 937 2424 1011 euangelizas
2460 940 2593 996 Sion
2626 958 2640 995 :
2667 941 2841 998 exulta
2871 944 3007 999 sicut
3043 945 3169 1001 tuba
3196 961 3367 1002 vocem
3404 954 3571 1016 tuam,

1975 1031 2063 1103 qui
2093 1033 2375 1087 annuntias
2400 1030 2697 1090 Jerusalem
2722 1034 2887 1108 (lsai.
2910 1037 3115 1112 xt..9).
3149 1040 3251 1108 Qui
3280 1039 3575 1098 dixerunt:

1977 1121 2103 1179 Non
2131 1125 2438 1201 audiemus;
2466 1137 2523 1182 et
2550 1126 2768 1184 invitati
2796 1128 2865 1185 ad
2887 1144 3127 1198 cmuam,
3154 1131 3455 1189 noluerunt
3474 1148 3572 1189 vc—

1974 1218 2096 1274 nire
2122 1236 2140 1276 :
2166 1227 2457 1290 propterea
2474 1218 2679 1277 dicitttr
2706 1239 2718 1276 :
2745 1220 2937 1277 Audite
2951 1264 2967 1291 ,
2995 1234 3193 1296 gentes.
3219 1223 3377 1292 Quod
3394 1225 3569 1281 secuti

1975 1318 2103 1366 sunt
2136 1319 2191 1368 et
2235 1309 2508 1384 Apostoli,
2555 1313 2772 1384 quando
2819 1312 3118 1386 loquuntur
3147 1317 3203 1372 in
3252 1315 3569 1390 Lycaonia:

1981 1401 2143 1460 Vobis
2179 1403 2387 1476 quidem
2429 1407 2694 1476 oportebat
2721 1408 2952 1480 primum
2998 1408 3142 1482 loqui
3178 1411 3390 1466 uerbum
3420 1410 3523 1467 Dei
3552 1427 3570 1466 :

1973 1499 2063 1556 scd
2087 1500 2208 1571 quia
2236 1499 2484 1571 repellitis
2510 1501 2669 1571 illud,
2687 1510 2736 1558 et
2750 1502 2997 1576 indignos
3028 1520 3118 1560 uos
3138 1504 3395 1579 judicatis
3421 1514 3576 1561 teter—

1974 1610 2056 1651 πω
2098 1594 2386 1652 υἰιωεεσεε
2425 1599 2774 1652 convertimur
2800 1597 2871 1653 ad
2898 1606 3075 1670 gentes
3101 1598 3254 1670 (Act.
3291 1612 3414 1666 xui,
3444 1597 3570 1671 ib).

1973 1688 2044 1746 Et
2085 1705 2379 1761 cognosce,
2424 1693 2778 1767 congregatio
2810 1706 3154 1763 nequaquam
3192 1690 3443 1756 Iudaica,
3473 1692 3573 1747 sed

1972 1783 2216 1841 omnium
2241 1784 2525 1843 nationum
2553 1786 2704 1843 :sive
2729 1787 2821 1859 qui
2847 1787 3069 1858 pascitis
3088 1800 3309 1858 greges,
3331 1786 3572 1859 episcopi

271 1869 598 1929 erubescere
626 1874 965 1928 nescierunt.
996 1872 1307 1929 Nescierunt
1345 1884 1527 1930 autem
1558 1872 1646 1930 hic
1688 1874 1872 1946 posuit
1898 1872 1946 1935 Β
1971 1889 2026 1936 et
2052 1868 2362 1953 presbyteri
2396 1887 2454 1938 et
2480 1880 2661 1937 omnis
2690 1879 2828 1936 ordo
2863 1878 3272 1938 ecclesiasticus
3312 1898 3327 1935 :
3359 1878 3449 1935 vel
3472 1893 3570 1935 eo-

270 1977 370 2034 pro
404 1961 700 2020 noluerunt
730 1983 745 2021 :
769 1965 885 2021 sive
913 1965 1083 2021 nimio
1109 1976 1422 2039 contemptu
1450 1974 1510 2023 et
1537 1966 1671 2024 vitio
1697 1965 1869 2023 incliti

269 2055 416 2125 mali,
440 2071 512 2112 ne
541 2057 847 2130 intelligere
868 2059 1087 2131 quidem
1111 2069 1437 2134 potuerunt.

341 2151 689 2220 Quamobrem
711 2153 897 2209 cadent
923 2155 1056 2209 inter
1084 2165 1288 2210 ruentes
1310 2171 1331 2211 :
1358 2155 1413 2210 in
1448 2169 1673 2229 tempore
1695 2156 1872 2212 uisita-

269 2245 425 2300 tionis
472 2262 581 2303 θυαε
609 2255 874 2316 corruerit,
924 2247 1050 2303 dicit
1096 2244 1377 2305 Dominus.
1427 2248 1719 2319 Quoniam,
1771 2250 1868 2317 ait,

267 2341 595 2398 erubescere
640 2343 993 2399 nescierunt:
1022 2352 1080 2400 et
1114 2358 1220 2399 non
1267 2343 1445 2399 solum
1474 2359 1613 2416 upus
1633 2390 1647 2414 ,
1677 2344 1774 2400 sed
1803 2359 1872 2403 ne

266 2435 551 2492 scientiam
574 2434 795 2509 quidem
820 2437 1148 2508 habuerunt,
1174 2446 1229 2495 et
1252 2452 1473 2494 sensum
1501 2438 1868 2510 paenitentiae:

268 2535 560 2603 propterea
611 2529 811 2589 cadent
852 2529 945 2613 qui
995 2530 1151 2602 pritts
1193 2530 1413 2587 stabant
1437 2528 1584 2586 inter
1613 2544 1733 2599 eos,
1777 2528 1870 2600 qui

269 2621 414 2678 vitiis
444 2621 561 2679 suis
581 2632 861 2687 corruent,
889 2632 1092 2679 etcum
1120 2620 1447 2679 visitationis
1476 2629 1533 2678 et
1563 2636 1737 2693 pecua:
1772 2635 1871 2678 eo-

269 2731 386 2772 rum
434 2723 654 2789 tempus
712 2715 1034 2788 advenerit,
1098 2715 1314 2773 cunctis
1369 2716 1656 2772 ruentibus
1695 2717 1872 2772 socia—

268 2809 490 2875 buntur.
519 2810 754 2875 Grandis
774 2823 959 2869 autem
988 2811 1268 2883 impietas,
1305 2826 1416 2867 non
1442 2809 1618 2866 solum
1647 2824 1754 2866 non
1779 2824 1870 2865 ca-

270 2918 416 2970 vere,
450 2903 547 2960 sed
598 2920 697 2960 nec
730 2905 1042 2977 intelligere
1088 2904 1230 2961 velle
1273 2913 1518 2976 peccata,
1563 2911 1618 2960 et
1661 2902 1867 2961 nullam

271 2995 470 3053 habere
498 2996 811 3057 distantiam
844 2998 1520 3070 bonorum'malorumque
1540 3012 1790 3068 operum.

340 3088 541 3163 (Vera.
566 3090 633 3147 16
658 3091 851 3165 seqq.)
892 3090 1019 3147 Ηωε
1052 3089 1178 3145 dicit
1200 3090 1457 3146 Dominus
1485 3107 1504 3147 :
1535 3090 1683 3148 State
1710 3107 1868 3171 super

273 3184 379 3241 vias
409 3195 458 3241 et
487 3187 670 3261 ridete,
702 3196 753 3243 et
794 3190 1107 3260 interrogate
1132 3186 1197 3240 de
1223 3186 1418 3241 sentitis
1455 3186 1705 3257 antiquis,
1749 3202 1868 3256 quin

1971 1977 2223 2047 gnoseite
2254 1976 2628 2033 testimonium
2671 1978 2816 2049 quod
2847 1977 2900 2035 in
2933 1966 3015 2035 eis
3046 1987 3152 2035 est.
3192 1976 3569 2034 Testimonium

1972 2069 2109 2124 enim
2145 2069 2243 2126 Del
2272 2070 2449 2143 ﬁdele,
2481 2072 2792 2143 sapientiam
2835 2084 3091 2147 priestans
3116 2072 3351 2147 parvulis
3381 2071 3570 2146 (Psal.

1970 2178 2121 2231 xvtu,
2152 2162 2243 2234 8).
2280 2164 2490 2233 Quibus
2515 2164 2762 2236 loquitur
2788 2176 2845 2222 et
2876 2165 3139 2220 Dominus
3172 2162 3346 2220 :Noli
3368 2165 3571 2234 timere,

1971 2272 2098 2329 grex
2129 2257 2342 2331 parvula
2377 2256 2542 2331 (Luc.
2580 2273 2675 2326 xtt,
2717 2258 2845 2329 51).
2878 2258 2947 2316 Et
2982 2277 2996 2314 :
3026 2258 3159 2315 Ecce
3204 2275 3298 2335 ego
3341 2269 3392 2315 et
3420 2260 3574 2333 pueri

1971 2353 2072 2407 mei
2089 2368 2218 2426 quos
2248 2352 2377 2407 mihi
2402 2352 2544 2408 dedit
2580 2352 2717 2410 Deus
2749 2352 3040 2427 (Isa.vtn,
3075 2352 3143 2411 i8
3163 2350 3206 2424 ).
3238 2351 3573 2424 Cognoscite

1970 2459 2103 2517 ergo
2136 2454 2336 2515 quanta
2380 2442 2576 2500 faciam
2611 2444 2813 2516 popqu
2841 2460 2948 2500 non
2984 2442 3257 2501 credenti.
3302 2442 3574 2516 Quodque

1972 2538 2242 2595 infertur:
2268 2538 2428 2605 Audi,
2460 2547 2617 2606 terra,
2654 2544 2802 2593 totus
2827 2536 2981 2594 orbis
3011 2536 3080 2593 ad
3109 2536 3442 2593 audiendum
3478 2552 3577 2593 vo-

1969 2638 2126 2686 catur
2150 2646 2165 2683 :
2192 2628 2336 2685 sicut
2360 2638 2415 2684 et
2441 2626 2494 2683 in
2514 2627 2781 2705 principio
2802 2626 2957 2682 [snite
2978 2627 3214 2699 legimus
3237 2643 3254 2682 :
3276 2617 3439 2698 Audi,
3471 2643 3573 2683 cte-

1971 2722 2099 2789 lum,
2121 2730 2166 2777 et
2188 2722 2402 2777 auribus
2418 2722 2646 2793 percipe,
2678 2728 2817 2777 terra
2838 2719 2859 2794 (
2878 2718 3046 2789 lbid.,
3071 2720 3095 2776 Ι
3123 2721 3183 2793 );
3214 2734 3337 2791 qua:
3362 2720 3578 2777 scilicet

1970 2816 2230 2872 Dominus
2259 2816 2503 2872 facturus
2532 2814 2603 2870 sit
2638 2813 2842 2885 papula
2869 2812 3208 2870 Judteorum.

2040 2909 2061 2983 (
2084 2909 2239 2965 Vers.
2268 2907 2392 2979 l9.)
2419 2907 2552 2962 Ecce
2576 2920 2675 2982 ego
2696 2907 2956 2962 adducam
2979 2908 3120 2962 mala
3141 2918 3300 2978 super
3319 2906 3571 2978 populum

1967 3006 2146 3067 istum,
2174 3000 2401 3071 fructum
2440 2999 2818 3073 cogitationum
2858 2997 3018 3071 (sive
3044 2996 3365 3072 eversionis)
3411 3000 3524 3072 ejus
3550 3014 3570 3053 :

1968 3093 2092 3165 quia
2115 3090 2269 3148 verba
2299 3106 2415 3146 mea
2446 3107 2551 3146 non
2589 3091 2893 3156 audierunt,
2920 3100 2971 3145 et
3004 3090 3166 3163 legem
3191 3106 3360 3146 meant
3398 3091 3575 3163 proie-

1969 3193 2167 3240 cerunt.
2194 3184 2332 3240 Mala
2357 3183 2595 3255 appellat
2612 3183 2878 3254 supplicia
2901 3196 3203 3254 plenasque
3219 3183 3574 3254 patientium,

272 3279 337 3334 sit
366 3280 450 3334 uia
475 3278 633 3351 bona,
660 3260 725 3341 (et
764 3279 1029 3335 ambulate
1058 3281 1112 3334 in
1157 3296 1237 3349 ea,
1266 3288 1314 3334 et
1343 3278 1610 3333 invenietis
1650 3279 1868 3349 refrige—
1893 3260 1942 3328 C
1975 3293 2083 3335 nou
2121 3293 2292 3350 super
2318 3289 2512 3350 gentes
2537 3290 2661 3348 quae
2689 3284 2957 3333 vocantur
2984 3276 3053 3332 ad
3100 3277 3383 3349 Evangelii
3412 3277 3568 3333 veri-

274 3374 403 3429 rium
428 3374 574 3448 (sive
613 3374 1069 3459 puriﬁcationem)
1091 3373 1364 3429 animabus
1401 3373 1601 3429 uestris.
1631 3368 1700 3428 Et
1724 3373 1872 3428 dixe-

269 3478 432 3525 runt:
454 3485 557 3539 non
603 3467 979 3529 ambulabimus
1007 3468 1162 3543 (sive
1198 3483 1300 3523 non
1344 3465 1588 3545 ibimus).
1633 3464 1706 3521 Et
1743 3482 1868 3522 con—

271 3565 410 3619 stitui
443 3581 600 3637 super
636 3581 723 3633 aps
757 3564 1122 3637 speculatores,
1177 3562 1354 3643 audite
1382 3577 1554 3617 vocem
1592 3562 1745 3618 tubas.
1798 3559 1869 3616 Et

261 3656 532 3729 dixerunt,
564 3674 668 3712 non
690 3654 990 3711 audiemus.
1018 3653 1150 3710 Ideo
1172 3655 1353 3710 audite
1382 3652 1538 3731 (sive
1557 3654 1869 3726 audierunt)

272 3763 486 3837 gentes:
508 3763 555 3809 et
581 3763 831 3828 cp'gnosce
859 3751 881 3827 [
904 3751 987 3808 Al.
1014 3749 1350 3827 cognoscite]
1370 3751 1702 3825 congregatio
1728 3748 1869 3824 (sive

271 3847 359 3925 qui
384 3846 593 3921 pascitis
609 3864 788 3931 greges
809 3848 826 3918 )
845 3866 857 3902 :
877 3856 971 3901 aut
991 3846 1143 3927 juxta
1163 3844 1576 3919 Symmachum,
1602 3855 1650 3900 et
1677 3861 1869 3920 cogno-

271 3938 399 4007 scite
420 3939 797 4015 (testimonium
825 3939 965 4012 quod
994 3940 1047 3993 in
1087 3938 1162 3995 eis
1186 3937 1289 4007 est)
1317 3948 1515 4009 quanta
1554 3954 1647 4015 ego
1675 3940 1867 4013 faciant

271 4031 360 4086 eis.
400 4029 538 4086 Audi
576 4039 736 4095 terra.
763 4031 1090 4104 Evangelica
1134 4031 1389 4103 parabola
1419 4030 1464 4085 si
1502 4030 1667 4088 fuerit
1706 4031 1869 4089 intel-

274 4124 437 4191 lecta,
489 4123 653 4196 hujus
695 4125 802 4181 loci
842 4125 1108 4197 praebebit
1155 4125 1576 4196 intelligentiam
1610 4144 1623 4181 :
1655 4125 1709 4181 in
1761 4142 1869 4199 qua

271 4220 580 4293 negotiator
608 4219 805 4289 bonus,
841 4235 1039 4287 omnes
1081 4220 1330 4276 vendere
1366 4219 1571 4277 dicitur
1598 4225 1868 4293 margari-

272 4320 373 4379 tas,
406 4322 463 4369 ut
492 4312 562 4371 de
591 4312 769 4386 pretio
800 4328 985 4369 earnm
1019 4328 1182 4368 unam
1218 4320 1367 4369 emat
1405 4314 1866 4385 pretiosissimam

273 4408 620 4480 margaritam
666 4407 910 4482 (Matth.
956 4409 1086 4470 xm)
1120 4426 1134 4463 :
1168 4407 1314 4478 quod
1364 4408 1583 4465 scilicet
1630 4425 1727 4479 per
1765 4410 1870 4467 Pa-

271 4502 540 4571 triarchas
567 4511 622 4557 et
651 4500 952 4573 Prophetas
983 4501 1267 4557 veniamus
1296 4500 1361 4556 ad
1410 4517 1533 4557 eum
1565 4503 1658 4575 qui
1690 4504 1824 4561 dicit
1850 4525 1862 4562 :

274 4593 387 4675 Ego
404 4612 522 4663 sunt
551 4597 634 4651 via
669 4595 863 4673 (Joan.
892 4595 1036 4667 xw).
1061 4594 1323 4667 Staudum
1352 4606 1436 4653 est
1460 4598 1623 4668 igitur
1654 4599 1706 4656 in
1740 4615 1867 4677 pro-

273 4692 475 4775 phetis,
507 4702 564 4751 et
608 4692 1029 4777 diligentissime
1076 4690 1585 4763 contemplandum,
1617 4701 1673 4749 et
1702 4694 1872 4751 inter-

274 4786 577 4861 rogandum
635 4784 705 4842 de
759 4785 970 4853 semitis
1023 4784 1262 4854 antiquis
1310 4784 1430 4840 sive
1479 4787 1872 4857 sempiternis,

272 4895 392 4965 qute
426 4878 719 4933 multorum
752 4888 1069 4935 sanctorum
1107 4887 1235 4943 sunt.
1275 4877 1421 4933 trime
1453 4878 1724 4948 vestigiis,
1753 4893 1874 4951 qua:

273 4971 669 5045 signiﬁcantius
715 4970 908 5043 (ἔναιρε
969 4970 1319 5039 appellantur
1376 4971 1577 5051 τρίϐοι,
1625 4986 1751 5042 quae
1804 4972 1876 5028 sit

275 5067 357 5122 via
385 5066 533 5123 bona
562 5067 615 5122 in
649 5064 945 5136 Evangelia
976 5060 1202 5136 (Matth.
1226 5063 1367 5135 vtt),
1403 5072 1458 5119 et
1483 5063 1871 5121 ambulandum

277 5161 329 5214 in
356 5176 420 5216 ea
448 5178 461 5214 :
487 5176 608 5232 quae
654 5161 736 5216 via
769 5175 891 5215 cum
926 5159 1142 5214 inventa
1173 5157 1367 5225 fuerit,
1396 5161 1609 5231 praebet
1642 5160 1874 5231 refrige-

279 5256 438 5323 rium,
476 5254 592 5309 sive
628 5251 1062 5325 puriﬁcationem
1092 5250 1379 5319 animabus
1405 5238 1775 5325 credentium.
1809 5253 1881 5313 At

278 5345 351 5415 illi
375 5345 545 5420 887
580 5360 613 5402 e
637 5346 914 5413 contrario
962 5343 1387 5416 respondet-snt.
1430 5360 1541 5409 non
1569 5345 1879 5413 ambulabi-

280 5454 398 5492 mus
429 5454 527 5507 per
567 5439 710 5493 viam
757 5437 1034 5508 Evangelii
1065 5455 1078 5490 :
1104 5438 1325 5508 proprie
1355 5437 1459 5493 hoc
1490 5438 1767 5508 Propheta
1796 5438 1884 5495 di—

277 5541 439 5603 pente
479 5530 549 5588 de
591 5528 821 5613 perfidia
851 5530 1193 5605 intimorum,
1234 5528 1772 5613 Statimqueinlert:
1805 5530 1874 5587 Et

281 5624 525 5695 constitui
565 5610 723 5701 teper
749 5640 838 5687 vos
867 5622 1243 5695 speculatores.
1287 5610 1711 5693 Haud'dubium
1748 5626 1881 5698 quin

360 5772 386 5803 α
427 5763 659 5828 Victam,
687 5763 1075 5821 cinnantomum
1106 5779 1169 5833 ex
1203 5760 1348 5833 LXX
1379 5762 1639 5831 lecticae.

358 5835 385 5874 ιι
430 5834 584 5912 Fort.
610 5837 796 5892 κασίαν
814 5836 1067 5912 ςύριοννιριζ
1081 5837 1162 5890 sic
1183 5834 1328 5912 enim
1350 5834 1597 5912 Galenus
1618 5833 1882 5905 appellat,

294 5921 454 5979 quam
483 5906 645 5979 vulgo
674 5905 1196 5962 canellain'dicimus'
1223 5924 1239 5962 :
1262 5907 1406 5977 quod
1447 5905 1625 5962 doctis
1667 5920 1885 5979 quoque

1975 3382 2162 3438 tatem,
2192 3373 2289 3430 sed
2313 3387 2481 3444 super
2511 3371 2771 3444 populum
2811 3372 2905 3444 qui
2938 3371 3226 3442 respondit
3262 3388 3277 3425 :
3306 3370 3429 3426 Non
3476 3386 3574 3426 au-

1972 3467 2192 3524 diemus.
2247 3468 2314 3523 Et
2355 3478 2680 3538 recepturus
2726 3474 2812 3521 est
2861 3465 3096 3521 fructum
3145 3465 3569 3536 cogitationum,

1972 3562 2087 3618 sive
2107 3562 2411 3620 aversionis
2433 3579 2571 3630 suae,
2596 3561 2818 3618 dicente
2844 3560 3010 3616 David
3035 3578 3049 3615 :
3071 3559 3301 3619 Labores
3319 3576 3571 3617 manuum

1969 3666 2177 3709 tuarum
2205 3654 2543 3711 manducabis
2566 3655 2587 3725 (
2609 3652 2757 3710 Psal.
2781 3667 2987 3721 cxxvu,
3012 3652 3102 3725 Ξ).
3128 3651 3415 3723 Causaque
3437 3668 3566 3723 per-

1970 3750 2182 3819 spicua,
2206 3749 2330 3821 quia
2363 3750 2531 3806 verba
2560 3748 2778 3805 Domini
2818 3763 2925 3805 non
2970 3746 3268 3813 audierint,
3300 3754 3360 3803 et
3384 3746 3565 3818 legent

1969 3842 2090 3911 eius
2118 3840 2445 3913 ahjecerint.

2042 3934 2061 4004 (
2078 3933 2236 3991 Vers.
2262 3934 2390 4002 20.)
2428 3933 2499 3991 Ut
2538 3932 2667 4006 quid
2690 3934 2819 3989 mihi
2859 3932 2979 3988 thus
3008 3933 3072 3987 de
3095 3930 3239 3989 Saba
3262 3930 3488 4001 alariis,
3520 3944 3571 3989 et

1968 4027 2228 4085 calamum
2244 4044 2399 4085 suave
2413 4029 2633 4084 olentem
2651 4026 2715 4082 de
2735 4036 2877 4083 terra
2897 4026 3222 4099 longinqua?
3244 4025 3569 4083 Holecaum

1968 4120 2161 4196 (Vulg.
2210 4118 2711 4194 Holocaustomata]
2748 4128 2916 4176 uestra
2958 4134 3062 4175 non
3092 4127 3217 4175 sunt
3242 4127 3571 4190 acceptant

1969 4217 2189 4271 uictimae
2228 4226 2408 4273 vestris
2450 4215 2580 4270 mihi
2609 4231 2713 4269 non
2760 4215 3086 4283 placuerunt.
3113 4211 3271 4282 Quod
3303 4212 3465 4267 thura
3488 4210 3563 4268 du

1969 4307 2113 4366 Saba
2138 4310 2361 4366 veniant
2391 4305 2554 4365 nemo
2583 4307 2796 4363 dubitat
2824 4323 2839 4362 :
2868 4306 3014 4362 unde
3042 4317 3098 4362 et
3130 4305 3263 4362 illud
3302 4305 3569 4378 Virgilia-

1971 4418 2099 4460 uum
2124 4420 2139 4460 :
2163 4401 2480 4476 Ceutumque
2505 4401 2697 4460 Subito
2717 4400 2895 4457 Thura
2920 4402 3093 4459 calent
3114 4414 3224 4456 arte
3248 4398 3568 4473 (ﬂuida).

1966 4495 2250 4554 Calamum
2280 4506 2487 4562 autem,
2509 4495 2656 4567 quod
2686 4493 2958 4552 ﬂebraiee
2978 4493 3183 4549 dicitur
3204 4508 3343 4550 caua
3376 4491 3509 4583 (asp
3525 4490 3570 4566 ),

1971 4607 2076 4667 pro
2101 4606 2211 4663 quo
2231 4589 2377 4647 LXX
2402 4598 2459 4646 et
2477 4588 2786 4645 Theodotio
2815 4589 2986 4671 888
3006 4596 3033 4626 ι
3056 4588 3357 4643 cinnamum
3386 4597 3570 4643 trans-

1978 4685 2245 4751 tulerunt,
2290 4685 2360 4738 de
2402 4692 2547 4738 terra
2611 4681 2804 4738 venire
2860 4681 3158 4752 longinqua
3210 4676 3571 4753 propheticus

1973 4792 2156 4835 sermo
2185 4782 2436 4841 testatur,
2472 4785 2527 4829 ut
2560 4773 2934 4844 intelligamus
2962 4772 3198 4842 Indiam,
3235 4774 3305 4830 de
3335 4788 3444 4846 qua
3477 4786 3577 4843 per

1977 4885 2127 4927 mare
2155 4868 2402 4925 Rubrum
2449 4868 2609 4938 plura
2657 4867 2889 4923 veniunt
2925 4874 3195 4924 aromata.
3242 4866 3357 4923 Hoc
3398 4878 3575 4937 genus

1976 4964 2236 5037 pigmenti
2274 4962 2468 5018 medici
2494 4960 2522 5001 δ
2549 4963 2734 5018 κασίαν
2768 4959 3014 5040 σύριγγος
3051 4961 3358 5033 appellant.
3396 4960 3465 5017 Et
3488 4970 3578 5015 est

1976 5074 2173 5118 sensus
2199 5075 2214 5113 :
2240 5057 2464 5115 Frustra
2494 5057 2628 5112 mihi
2661 5056 2715 5111 in
2748 5065 3025 5128 unguenta
3062 5052 3430 5121 conﬁcienda,
3453 5064 3576 5124 qua:

1976 5153 2122 5224 Lege
2169 5160 2440 5222 praecepta
2487 5157 2636 5209 sunt.
2682 5148 2992 5205 suavissimi
3057 5146 3242 5202 odoris
3290 5146 3569 5216 pigmenta

1978 5247 2263 5327 confertis,
2304 5254 2360 5302 et
2390 5245 2710 5305 holocausta
2755 5242 3120 5307 succenditis.
3164 5240 3255 5317 qui
3307 5254 3487 5303 meum
3517 5239 3572 5295 in

1981 5341 2125 5412 Lege
2173 5354 2280 5409 pan
2314 5337 2494 5403 tacitis
2534 5338 2899 5409 voluntatem,
2923 5335 3078 5413 juxta
3108 5331 3258 5409 quod
3300 5347 3464 5405 supra
3488 5332 3575 5393 di-

1978 5446 2124 5491 ctum
2164 5440 2249 5487 est
2273 5449 2287 5486 :
2326 5430 2494 5486 Verba
2518 5445 2636 5485 mea
2666 5445 2769 5484 non
2797 5427 3099 5491 audierunt,
3138 5434 3187 5481 et
3218 5424 3381 5497 legant
3410 5438 3579 5485 meum

1980 5533 2334 5611 projecerunt.
2367 5528 2485 5601 Hoc
2531 5536 2719 5583 autem
2768 5523 2993 5599 proprie
3035 5521 3294 5589 convenit
3345 5519 3454 5591 his,
3484 5521 3576 5591 qui

1981 5627 2050 5701 de
2080 5626 2287 5703 rapinis
2316 5635 2372 5683 et
2398 5622 2696 5685 nudatione
2730 5618 3053 5683 miserorum
3098 5612 3335 5683 oderunt
3367 5612 3581 5679 sacrm:

1980 5764 2114 5829 viris
2143 5762 2362 5839 probari
2385 5761 2568 5839 video,
2597 5756 2688 5833 qui
2724 5763 2787 5839 et
2817 5769 2918 5839 pro
2948 5752 3153 5839 ξιιισίηθ.Δ
3173 5752 3391 5835 plagam
3422 5751 3589 5821 Sina.

1986 5827 2107 5909 rum
2137 5827 2309 5907 multo
2343 5827 2695 5903 remotiorem
2724 5827 2814 5895 hic
2842 5827 3181 5900 intelligunt,
