4084 6324
548 309 652 366 727

1808 306 1861 362 S.
1909 305 2180 362 EUSEBII
2217 305 2595 362 HIERONYMI

3745 306 3840 367 728

546 425 650 489 cia,
685 431 740 478 et
762 421 1130 494 eleemosynis
1151 436 1219 476 ex
1252 420 1534 491 iniquitate
1555 434 1618 474 se
1645 428 1840 490 putant
1868 418 2140 474 redimere
2170 422 2224 481 Α
2249 416 2402 492 (Gen.
2435 435 2546 486 xix,
2579 421 2691 492 l7).
2717 421 2796 476 Ad
2828 436 2990 494 quem
3026 425 3078 480 in
3109 425 3248 482 Isaia
3279 436 3334 483 et
3356 424 3582 481 Michma
3611 424 3766 496 (lsai.
3785 440 3839 496 ιι,

550 531 708 585 posse
738 526 982 587 peccata,
1006 515 1227 570 dicente
1258 513 1546 583 Scriptura
1573 531 1586 568 :
1613 511 1926 584 Redemptio
1955 513 2144 566 anima:

541 610 654 676 uiri,
685 610 913 682 propria:
943 609 1140 664 divitia'
1164 607 1358 682 (Prov.
1386 625 1503 674 xut,
1525 607 1617 681 8),
1647 625 1766 681 qua:
1799 626 1905 664 non
1935 607 2003 664 de
2038 606 2141 664 ini-

539 703 773 774 quitate,
807 703 902 758 sed
933 704 1000 760 de
1032 703 1216 760 labore
1247 713 1304 760 et
1329 704 1543 774 justitia
1566 713 1996 776 congregantur.

612 796 630 862 (
653 796 804 853 Vers.
842 797 970 869 21.)
1014 797 1298 868 Propterea
1339 799 1449 854 lucc
1483 801 1610 854 dicit
1647 800 1904 855 Dominus
1944 816 1963 856 :
2003 799 2142 855 Ecce

534 905 629 960 ego
651 888 786 944 dabo
815 891 867 943 in
888 890 1141 961 populum
1165 891 1318 946 istum
1343 894 1527 946 ruinas
1553 909 1572 947 :
1589 903 1635 947 et
1658 903 1807 947 ruent
1829 894 1882 947 in
1907 893 1977 947 eis
2001 893 2142 967 (sive

535 985 914 1054 infirmitatem,
940 997 987 1040 et
1009 986 1417 1056 inﬁrmabuntur
1447 989 1500 1042 in
1525 986 1623 1059 ea)
1661 998 1834 1057 patres
1865 999 1911 1042 et
1939 970 2040 1056 ﬁlii
2070 988 2144 1042 si-

537 1080 668 1142 mul,
715 1080 912 1134 vicinus
944 1099 1004 1134 ac
1034 1083 1326 1153 proximus,
1361 1091 1406 1135 et
1431 1082 1695 1151 peribunt.
1734 1081 1956 1152 ltnpleta
1989 1081 2143 1136 vide—

543 1187 663 1226 mus
710 1173 896 1226 omnia
941 1189 1061 1244 qua:
1110 1175 1372 1230 Dominus
1429 1175 1504 1230 illi
1543 1175 1740 1246 populo
1775 1175 2142 1230 comminatus

534 1277 620 1320 est
651 1265 937 1337 :quotidic
969 1268 1113 1322 enim
1143 1280 1305 1324 ruunt
1328 1269 1381 1324 in
1413 1269 1774 1340 hlaSphemiis
1803 1270 1938 1334 suis,
1973 1271 2142 1324 nihil-

535 1378 639 1432 que
659 1362 710 1417 iu
735 1379 796 1418 se
823 1363 1026 1418 habent
1051 1362 1214 1431 forte,
1246 1364 1342 1419 sed
1367 1365 1544 1420 onmis
1566 1365 1707 1434 apud
1730 1380 1825 1420 eos
1849 1363 2142 1420 inlirtnitas

536 1470 640 1515 esu
677 1456 800 1512 Filii
837 1467 1055 1528 patrum
1098 1471 1400 1530 sequuntur
1430 1460 1830 1532 blasphemias;
1871 1472 1921 1515 ct
1954 1460 2142 1533 quoti-

533 1551 626 1605 tlic
659 1550 933 1620 recipiunt
981 1553 1127 1607 illam
1179 1553 1634 1623 imprecationem
1681 1573 1692 1607 :
1742 1553 1976 1626 Sanguis
2023 1557 2141 1628 ejus

535 1658 692 1712 super
715 1661 830 1708 nos,
861 1655 908 1697 et
928 1661 1082 1714 super
1111 1644 1252 1714 ﬁlios
1275 1658 1481 1700 nostros
1516 1645 1745 1718 (Matth.
1795 1664 1967 1710 xxv”,
1996 1648 2136 1720 25);

535 1746 590 1790 et
622 1753 728 1792 non
760 1738 936 1793 solum
976 1739 1103 1809 ipsi,
1134 1739 1230 1794 sed
1263 1751 1318 1793 et
1363 1740 1525 1796 vicini
1563 1750 1617 1796 et
1645 1741 1888 1812 proximi
1921 1757 2136 1808 eorum,

2251 511 2413 568 Miclt.
2441 514 2516 588 iv)
2535 514 3059 586 jubemurcnrrere,
3091 531 3255 593 atque
3279 520 3678 577 conscendere.
3707 518 3841 576 Prte-

2248 609 2446 679 cipitur
2472 619 2652 665 autem
2696 611 2850 682 juxta
2880 613 3142 682 litteram,
3175 633 3242 672 ne
3288 616 3436 672 foras
3476 623 3700 682 exeant,
3751 627 3845 670 nec

2246 702 2507 758 deserant
2536 721 2743 775 muros,
2774 705 2868 762 sed
2903 715 3166 764 tueantur
3209 724 3270 765 se
3303 706 3638 764 ﬁrmissimis
3676 707 3846 762 muni-

2247 797 2512 852 tionibus.

2320 888 2501 962 (Vers.
2535 890 2652 962 26.)
2695 889 2840 947 Filia
2868 895 3055 967 populi
3085 897 3206 960 imi,
3259 897 3528 968 accingere
3575 895 3766 964 cilicio,
3797 905 3841 950 et

2245 1001 2586 1059 conspergere
2616 987 2806 1052 cinere,
2841 989 3038 1043 luctum
3061 989 3316 1059 unigeniti
3359 989 3501 1048 (sive
3529 988 3728 1059 dilecti)
3763 989 3841 1060 fac

2245 1077 2338 1132 tibi
2364 1078 2630 1151 planctunt
2655 1097 2890 1135 amarum
2914 1082 3052 1156 (sive
3075 1081 3464 1156 miserabilem),
3483 1084 3612 1155 quia
3641 1091 3839 1153 repente

2247 1175 2405 1228 veniet
2420 1183 2649 1229 vastator
2673 1176 2815 1246 (sive
2837 1175 3074 1248 miseria)
3089 1194 3247 1247 super
3267 1195 3362 1232 nos
3386 1177 3526 1249 (sive
3543 1192 3700 1247 super
3715 1176 3836 1248 vos).

2244 1268 2384 1334 Quia
2415 1285 2576 1340 supra
2609 1269 2823 1324 dixerat
2854 1288 2868 1327 :
2903 1269 3084 1323 Nolite
3113 1271 3252 1324 exire
3278 1271 3347 1323 ad
3376 1286 3532 1341 agros
3572 1276 3620 1322 ct
3665 1270 3719 1323 in
3765 1270 3841 1322 via

2247 1379 2306 1416 ne
2335 1361 2609 1417 ambuletis
2637 1379 2654 1416 :
2682 1364 2929 1432 quoniam
2955 1363 3163 1436 gladius
3196 1363 3414 1425 inimici,
3444 1378 3610 1435 pavor
3653 1363 3708 1416 in
3749 1364 3844 1417 cir-

2245 1457 2430 1521 cuitu;
2456 1465 2510 1510 et
2541 1456 2721 1526 fugam
2747 1471 2962 1528 quoque
2995 1457 3376 1528 prohibuerat,
3408 1455 3571 1512 ducet
3600 1455 3729 1526 quid
3769 1456 3843 1511 l'a-

2249 1565 2374 1604 cere
2400 1549 2662 1612 debeant,
2700 1560 2757 1604 ut
2800 1561 3194 1605 Convertantur
3224 1550 3442 1607 scilicet
3481 1549 3549 1604 ad
3585 1551 3844 1620 paeniten-

2247 1642 2399 1710 tiam,
2431 1653 2485 1697 et
2514 1643 2653 1698 hanc
2699 1642 3068 1698 ﬁrmissimam
3097 1654 3153 1698 et
3197 1659 3449 1699 securam
3490 1642 3738 1698 habeant
3763 1659 3846 1698 ar-

2246 1745 2538 1793 maturam.
2571 1736 2669 1794 Ubi
2699 1753 2800 1794 nos
2822 1736 3084 1804 diximus,
3119 1739 3314 1793 luctum
3336 1739 3597 1810 unigeniti
3624 1742 3709 1810 [ac
3736 1738 3838 1806 tibi,

537 1840 594 1884 et
625 1845 818 1885 omnes
845 1831 943 1902 qui
976 1831 1174 1903 Legem
1210 1839 1266 1887 et
1294 1833 1602 1904 Pmphetas
1632 1843 1941 1904 sequuntur
1981 1835 2136 1906 juxta
2170 1832 2215 1893 Β
2246 1847 2344 1902 pro
2376 1831 2683 1903 unigenim.
2715 1833 2768 1888 in
2809 1833 3088 1890 Hebraico
3134 1834 3394 1889 scribitur
3427 1844 3449 1872 ε
3493 1847 3612 1888 JAID
3657 1836 3834 1903 (Ὧδ’),

537 1922 881 1979 occidentem
932 1923 1198 1992 litteram,
1245 1933 1302 1980 et
1341 1941 1449 1982 non
1481 1928 1642 1995 juxta
1683 1927 1936 1998 Spiritum
1969 1928 2144 1984 viviti-

537 2025 752 2072 cantem
780 2059 795 2082 ,
822 2029 876 2072 et
904 2034 1096 2075 omnes
1128 2019 1333 2089 pariter
1361 2021 1643 2090 peribunt,
1674 2023 1803 2093 quia
1831 2037 2024 2078 omnes
2051 2037 2144 2093 pa-

543 2117 677 2172 riter
705 2127 1091 2188 peccaverunt.

613 2209 804 2279 (Vers.
838 2209 934 2279 22,
964 2210 1096 2284 23.)
1128 2210 1250 2266 Htec
1271 2212 1396 2266 dicit
1427 2210 1682 2268 Dominus
1706 2230 1724 2267 :
1749 2212 1888 2269 Ecce
1919 2218 2143 2288 papulus

539 2304 672 2356 venit
703 2302 766 2357 de
806 2313 947 2358 terra
985 2304 1257 2375 Aquilonis
1279 2351 1292 2372 ,
1322 2314 1370 2359 et
1406 2323 1531 2376 gens
1581 2323 1772 2377 magna
1814 2318 2090 2379 consurget
2112 2325 2142 2362 a

537 2395 725 2461 ﬁnibus
766 2406 938 2450 terrae.
984 2397 1246 2470 Sagittam
1287 2407 1332 2450 et
1374 2409 1577 2452 scutum
1621 2400 1772 2472 (sive
1824 2401 2141 2473 zebynnam)

537 2490 752 2562 arripiet
783 2507 802 2544 :
836 2492 1063 2545 crudelis
1095 2502 1170 2546 est
1198 2492 1316 2564 (vel
1355 2493 1669 2563 impudens)
1703 2505 1749 2548 et
1790 2512 1891 2549 non
1936 2498 2143 2551 misere-

536 2582 670 2636 bitur
702 2598 722 2638 :
761 2599 860 2636 υοας
899 2585 1010 2655 tjus
1042 2584 1195 2654 quasi
1234 2601 1375 2638 mare
1421 2586 1624 2640 sonabit
1649 2603 1667 2640 :
1702 2596 1749 2640 et
1779 2604 1934 2657 super
1983 2604 2140 2659 equos

535 2676 834 2744 ascenderit,
859 2677 1144 2749 prwparati
1173 2679 1326 2747 quasi
1354 2679 1431 2731 vir
1458 2679 1528 2732 ad
1550 2679 1791 2745 prwlium
1815 2690 1841 2717 τι
1864 2680 2140 2735 adversum

529 2779 600 2836 te,
627 2769 744 2838 ﬁlia
763 2769 916 2826 Sion.
941 2771 1169 2841 Proprie
1195 2773 1295 2827 hoc
1318 2772 1386 2828 de
1414 2773 1724 2846 Babyloniis
1751 2776 2138 2844 pr0phetatur,

529 2864 623 2933 qui
669 2865 893 2920 venturi
942 2875 1069 2920 sunt
1118 2877 1314 2922 contra
1365 2867 1623 2938 p0pulum
1671 2867 1978 2925 Jerusalem
2024 2889 2038 2925 :
2086 2879 2146 2926 et

534 2959 715 3012 omnis
738 2968 1035 3014 armatura:
1063 2961 1201 3015 ordo
1246 2961 1601 3030 describitur,
1633 2976 1687 3020 et
1722 2965 1958 3034 impetus
2006 2982 2143 3035 pra:-

534 3052 806 3118 liantium,
831 3063 894 3109 ut
916 3055 1067 3109 vocis
1098 3066 1310 3111 terrore
1350 3059 1628 3123 concussi,
1665 3068 1827 3130 agant
1861 3061 2138 3130 poeniten-

536 3144 692 3211 tiam,
741 3154 798 3201 et
836 3146 1330 3202 clementissimum
1383 3148 1599 3219 placent
1653 3151 1843 3205 Deum.
1896 3151 2141 3225 Denique

2248 1926 2394 1997 quod
2429 1929 2601 1998 magis
2643 1929 2960 1994 solitarium,
3001 1943 3164 1999 quam
3210 1929 3534 2000 unigenitum
3576 1936 3760 1982 sonat.
3787 1925 3843 1981 Si

2248 2019 2392 2074 enim
2421 2030 2561 2075 esset
2588 2020 2827 2087 dilectus,
2853 2022 2973 2076 sive
3003 2020 3266 2088 amabilis,
3291 2030 3348 2074 ut
3379 2019 3525 2074 LXX
3563 2019 3843 2074 transtule-

2248 2123 2394 2181 runt,
2428 2130 2537 2171 uno
2569 2115 2722 2188 (τήν)
2758 2125 3080 2185 poneretur,
3114 2115 3258 2185 quod
3306 2126 3360 2170 et
3389 2115 3676 2170 Salomoni
3712 2113 3844 2168 Deus

2246 2223 2448 2263 nomen
2479 2209 2754 2279 imposuit.
2779 2208 2920 2264 Nihil
2953 2218 3135 2264 autem
3155 2208 3454 2274 dolentius,
3487 2223 3655 2279 quam
3690 2223 3842 2262 unum

2247 2301 2328 2357 vel
2367 2302 2544 2357 solum
2578 2301 2810 2371 perdere
2841 2301 3009 2357 lilium
3039 2301 3108 2375 (ll
3139 2301 3269 2375 Reg.
3303 2301 3422 2370 sit).
3463 2300 3606 2356 lllud
3638 2315 3842 2372 quoque

2245 2395 2388 2466 quod
2422 2411 2522 2450 nos
2551 2395 2892 2467 interpretati
2930 2410 3143 2462 sumus,
3175 2395 3296 2465 quia
3327 2403 3536 2467 repente
3563 2394 3726 2448 veniet
3755 2409 3839 2447 ra-

2243 2499 2433 2555 stator,
2462 2491 2576 2546 sive
2603 2491 2808 2544 miseria
2829 2506 2984 2562 super
3005 2506 3122 2556 nos,
3145 2488 3532 2560 Septuaginta,
3561 2503 3718 2558 super
3738 2503 3836 2554 vos,

2247 2593 2543 2655 posuerunt
2580 2597 2743 2638 :cum
2778 2582 2950 2637 multo
2977 2581 3120 2636 Dens
3149 2578 3176 2618 ἀ
3226 2581 3651 2636 misericordins
3694 2580 3838 2634 dixe-

2247 2678 2317 2733 rit
2363 2695 2375 2731 :
2425 2687 2483 2732 ut
2511 2676 2778 2749 quidquid
2807 2691 2977 2748 super
3006 2691 3162 2731 suum
3202 2687 3497 2732 venturum
3551 2685 3638 2732 est
3677 2689 3841 2745 popu-

2248 2772 2381 2839 lum,
2414 2787 2582 2842 super
2626 2786 2926 2842 sequoque
2970 2771 3164 2828 venire
3208 2780 3458 2826 lestetur.
3501 2769 3838 2827 Vastatoretn

2245 2873 2426 2920 autem
2459 2865 2704 2935 proprie,
2737 2864 2824 2918 vel
2867 2861 3397 2931 Nabuchodonosor,
3451 2862 3539 2919 vel
3571 2861 3838 2919 diabolum

2245 2957 2538 3028 signiﬁcat.

2319 3052 2503 3124 (Vers.
2538 3052 2608 3106 27
2632 3053 2817 3124 seqq.)
2851 3051 3193 3106 Probatorem
3213 3053 3332 3107 dedi
3357 3061 3405 3107 te
3434 3054 3486 3108 in
3513 3052 3712 3125 populo
3735 3069 3836 3107 meo

2245 3147 2532 3213 robustum,
2562 3157 2613 3203 et
2634 3148 2783 3210 scies,
2806 3156 2852 3202 et
2879 3147 3120 3218 probabis
3149 3151 3281 3202 viam
3307 3164 3508 3201 eorum.
3537 3145 3730 3202 Omnes
3757 3149 3836 3202 isti

535 3240 631 3294 dat
655 3241 1001 3295 occasionem
1033 3241 1281 3310 rogandi,
1311 3242 1437 3297 dum
1462 3244 1614 3310 dicit,
1660 3245 1933 3300 adversum
1975 3256 2045 3316 te,
2074 3249 2138 3313 [ῖ-
2165 3230 2212 3294 C
2243 3241 2501 3312 principes
2542 3238 2857 3294 declinantes
2905 3239 3044 3311 (sive
3071 3240 3469 3311 inobedientes),
3515 3240 3835 3296 ambulantes

537 3333 612 3386 lia
641 3332 794 3388 Sion.
828 3333 1124 3389 Possumus
1150 3334 1254 3390 hoc
1281 3336 1598 3391 testimonio
1626 3339 1776 3393 abuti
1803 3343 2139 3407 persecutio-

539 3425 628 3482 nis
681 3438 952 3497 tempore,
1002 3426 1221 3498 quando
1246 3429 1427 3484 omnis
1474 3429 1741 3486 adversus
1773 3447 1874 3487 nos
1926 3433 2136 3488 diaboli

537 3520 718 3576 rabies
767 3521 1100 3588 concitatur,
1158 3521 1418 3592 nullaque
1469 3523 1847 3578 misericordia
1897 3534 1981 3580 est
2020 3543 2033 3579 :
2081 3537 2137 3582 et

528 3617 684 3685 quasi
714 3613 1188 3671 vehementissimi
1218 3617 1392 3670 maris
1415 3615 1638 3685 ﬂuctus,
1686 3617 1763 3672 ita
1813 3618 2137 3689 opprimunt

536 3707 880 3765 resistentes.
2021 3785 2044 3792 ..
2075 3787 2104 3792 _.

603 3803 622 3875 (
637 3803 795 3860 Vers.
819 3804 950 3876 24.)
991 3804 1301 3859 Audiuimus
1324 3805 1520 3874 famam
1536 3806 1651 3874 ejus
1674 3822 1693 3859 :
1719 3807 1990 3862 dissoluta:
2012 3788 2134 3863 sunt

537 3916 720 3954 manus
749 3900 920 3974 889
950 3910 1179 3966 nostrae;
1211 3899 1482 3953 tribulatio
1512 3899 1862 3970 apprehendit
1892 3917 2007 3969 nos,
2039 3901 2134 3955 do-

531 3994 666 4048 lores
711 3995 862 4065 quasi
893 3994 918 4032 b
950 3996 1350 4066 parturientem.
1403 3994 1712 4064 ReSpondit
1755 3996 1992 4065 populus
2043 3998 2131 4052 cui

526 4086 828 4158 Propheta,
872 4086 1042 4142 immo
1071 4103 1169 4158 per
1197 4087 1534 4158 Prophetam
1581 4087 1847 4143 Dominus
1894 4089 2132 4161 Babylo-

528 4186 636 4239 niis
685 4186 1054 4241 comminatus
1099 4194 1184 4240 est
1220 4203 1234 4238 :
1270 4185 1396 4254 quia
1446 4193 1737 4254 antequam
1769 4184 2014 4254 veniant,
2064 4187 2130 4240 ti-

527 4292 682 4332 more
711 4279 956 4344 superati
1005 4276 1137 4340 sint,
1180 4292 1279 4332 nec
1327 4276 1544 4346 possint
1577 4278 1799 4334 elevare
1827 4295 2042 4346 manus,
2073 4289 2129 4335 et

528 4369 777 4440 angustia
815 4385 914 4424 eos
942 4369 1422 4440 comprehenderit
1446 4369 1602 4440 quasi
1633 4369 1794 4424 dolor
1821 4373 2128 4441 parturien-

529 4475 673 4528 tem;
702 4477 812 4534 quo
852 4462 1040 4528 dolore
1082 4461 1216 4516 nihil
1256 4461 1535 4517 afﬁrmant
1573 4463 1800 4532 gravius
1839 4479 1961 4534 quae
1995 4480 2123 4520 sen-

525 4564 738 4611 serunt.

2245 3333 2605 3405 fraudulenter
2627 3333 2766 3407 (sive
2792 3333 3084 3408 perverse).
3120 3334 3221 3389 .-Es
3262 3343 3310 3389 et
3355 3335 3575 3405 ferrum,
3617 3335 3835 3389 uniuersi

2243 3429 2473 3501 corrupti
2494 3438 2636 3494 sunt,
2665 3429 2846 3500 defecit
2871 3428 3222 3499 sufﬂatorium
3242 3429 3294 3482 in
3320 3430 3438 3502 igne
3464 3427 3656 3502 (quem
3674 3429 3835 3500 signi-

2241 3523 2497 3578 ﬁcantius
2523 3521 2702 3580 Grati
2733 3531 3003 3599 φυσητῆρα
3020 3521 3348 3594 appellant),
3371 3529 3736 3589 consumptum
3763 3528 3832 3576 est

2239 3617 2407 3690 890
2435 3615 2725 3689 plumbum,
2780 3617 2976 3687 frustra
3005 3617 3252 3686 conflavit
3295 3615 3556 3686 conﬂator
3585 3614 3724 3684 (sive
3751 3629 3830 3666 ar-

2240 3709 2555 3783 gentarius).
2586 3707 2804 3765 Malitia:
2831 3711 2967 3763 enim
2999 3726 3178 3763 eorum
3209 3727 3310 3762 non
3333 3717 3453 3763 sunt
3474 3715 3792 3776 consumpta:
3811 3721 3831 3760 :

2239 3813 2510 3874 argentum
2555 3804 2828 3875 reprobum
2875 3813 3049 3858 vocate
3085 3820 3190 3870 eos,
3239 3803 3360 3874 quia
3389 3813 3412 3840 ε
3437 3801 3695 3856 Dominus
3718 3817 3830 3870 pro-

2230 3903 2357 3975 jecit
2387 3901 2526 3954 illos.
2561 3899 2733 3955 Datur
2777 3898 3046 3970 propheta
3077 3898 3280 3969 populo
3326 3895 3610 3951 incredqu
3643 3893 3830 3966 proba-

2241 4007 2326 4052 tor
2352 3997 2634 4063 robustus,
2660 3995 2807 4067 quod
2843 3994 3108 4050 llebraice
3134 3991 3338 4047 dicitur
3369 4005 3578 4046 MABSAR
3608 3987 3825 4062 (1231:),

2237 4089 2382 4160 quod
2407 4090 2496 4144 vel
2518 4089 2792 4155 munitum,
2811 4089 2967 4158 juxta
2992 4086 3266 4156 Aquilam,
3294 4084 3384 4140 vel
3411 4083 3648 4138 clausum
3671 4093 3825 4153 atquc

2236 4183 2645 4250 circumdatum,
2687 4183 2839 4249 juxta
2901 4179 3294 4252 Symmachum
3333 4188 3389 4234 et
3435 4177 3581 4233 LXX
3636 4186 3819 4242 sonat,

2241 4274 2259 4313 τ
2287 4281 2458 4332 instar
2484 4275 2633 4332 urbis
2661 4276 3012 4340 lirmissimte,
3039 4285 3098 4329 ut
3121 4274 3304 4329 nullas
3329 4273 3514 4344 populi
3541 4273 3822 4343 pertimes-

2233 4381 2320 4425 cat
2345 4370 2572 4425 insidias
2598 4388 2612 4436 ;
2643 4380 2698 4426 et
2743 4386 2866 4425 eum
2890 4369 3233 4439 probaveris,
3263 4369 3359 4435 ait,
3386 4375 3441 4422 et
3472 4366 3666 4421 scieris
3685 4367 3817 4420 viam

2233 4465 2418 4535 populi
2447 4465 2840 4535 delinquentis,
2893 4473 3022 4520 tunc
3071 4462 3344 4534 intelligas
3379 4470 3672 4532 argentum
3721 4473 3820 4514 aere

2231 4557 2590 4612 commixtum
2617 4557 2765 4613 nulla
2794 4555 3005 4612 ratione
3051 4571 3215 4627 posse
3247 4556 3490 4627 purgari.
3540 4551 3820 4621 Quomodo

595 4640 778 4713 (Vcrs.
808 4641 927 4711 25.)
963 4641 1142 4697 Nolite
1165 4642 1306 4697 exire
1334 4641 1404 4695 ad
1429 4658 1602 4716 agros,
1630 4651 1676 4696 et
1703 4644 1759 4697 in
1801 4643 1884 4698 via
1924 4661 1986 4698 ne
2010 4663 2120 4700 am-
2147 4642 2204 4702 D
2228 4648 2375 4704 enim
2408 4647 2684 4719 plumbum
2719 4648 2982 4704 miscetur
3031 4648 3302 4714 metallis,
3350 4662 3472 4718 qua:
3517 4645 3816 4702 adulterata

520 4733 754 4790 buletis:
781 4736 1028 4804 quoniam
1076 4735 1286 4806 gladius
1319 4737 1520 4791 inimici
1563 4754 1727 4810 pavor
1771 4739 1824 4793 in
1871 4741 2112 4796 circuitu.

519 4829 692 4886 Docet
720 4829 1077 4901 Evangelium
1103 4830 1317 4904 (Matth.
1347 4831 1496 4905 xxiv)
1523 4848 1631 4889 non
1661 4849 1784 4891 esse
1809 4835 2116 4892 exeundum

516 4928 571 4980 in
604 4942 817 4998 agrum,
866 4941 968 4982 nec
1012 4926 1081 4981 de
1133 4938 1400 4982 tectorum
1446 4928 1735 4985 altitudine
1781 4930 2117 4987 descenden-

512 5020 682 5086 dum,
713 5020 809 5076 sed
837 5017 1171 5075 audiendum
1203 5019 1338 5075 illud
1375 5038 1390 5075 :
1422 5019 1489 5076 In
1529 5031 1698 5076 monte
1728 5023 1928 5076 salvum
1959 5034 2006 5076 te
2033 5024 2118 5094 fac

583 5207 611 5271 ξ
651 5196 772 5271 Duo
794 5211 926 5253 mss.
949 5216 1127 5271 super,
1155 5215 1253 5270 pro
1279 5205 1554 5256 adversum
1586 5203 1809 5260 habent.

583 5268 619 5346 δ’
651 5268 820 5346 Iidem
857 5285 988 5346 mss.
1015 5268 1482 5346 quemadmodum
1515 5285 1570 5330 et
1601 5291 1766 5340 penes
1793 5277 2098 5346 Rabanum,

507 5350 555 5392 et
582 5340 786 5425 dolores
806 5343 957 5425 quasi
990 5343 1344 5425 parturientis.
1372 5345 1441 5400 Et
1469 5347 1632 5417 paulo
1657 5357 1797 5416 post,
1821 5349 1943 5419 quia
1968 5340 2106 5420 quod

503 5421 780 5474 antequam
808 5421 1013 5467 veniant
1024 5453 1037 5468 .

575 5493 596 5520 ι
639 5481 785 5559 laid.
818 5485 1159 5559 llocgnomen
1186 5487 1471 5544 Hebraeum
1493 5505 1617 5545 cum
1639 5491 1888 5559 proxime
1909 5507 2100 5549 conse-

497 5555 684 5638 quenti
707 5556 955 5638 nonnihil
985 5570 1301 5638 corruptum
1329 5572 1413 5615 est
1444 5555 1724 5638 injmultis
1757 5567 2096 5638 manuscrip-

490 5629 560 5680 tis
593 5628 1137 5704 exemplaribus,_ubi
1159 5628 1465 5704 scriptores
1499 5628 1705 5704 antiqui
1739 5647 1966 5704 propter
1998 5628 2096 5693 im-

485 5697 742 5778 peritiam
775 5699 973 5778 lingua:
1024 5697 1306 5778 llebraicce
1353 5703 1456 5757 Aid
1497 5697 1647 5770 sine;
1691 5697 2012 5778 posuerunt,
2041 5721 2096 5767 et

486 5766 670 5847 ididten,
706 5769 789 5823 vel
813 5769 980 5847 idida,
1009 5783 1102 5824 aut
1128 5773 1302 5838 idide,
1355 5791 1454 5847 pm
1483 5766 1631 5845 imo,
1662 5766 1806 5847 quod
1839 5766 2093 5838 dilectum

478 5836 782 5904 signiﬁcat;
809 5838 855 5891 si
878 5843 1025 5894 enim
1059 5836 1369 5910 poneretur
1389 5846 1581 5914 ididia,
1600 5836 1852 5904 'dil'ectum
1877 5836 2091 5907 Domini

2228 4755 2353 4799 sunt
2383 4753 2548 4814 atque
2577 4743 2800 4808 violata,
2836 4752 2892 4797 ut
2937 4742 3165 4798 materia
3200 4750 3487 4812 separetur
3531 4739 3738 4804 aliena,
3767 4748 3816 4794 et

2229 4837 2274 4893 si
2305 4836 2534 4891 forsitan
2560 4844 2787 4908 purgata
2810 4851 2918 4890 non
2956 4835 3141 4903 fuerit,
3171 4834 3465 4906 plumbum
3497 4849 3666 4890 omne
3695 4848 3818 4889 con-

2227 4932 2500 4995 sumitur,
2543 4941 2598 4986 et
2647 4931 2700 4984 in
2757 4929 2986 4984 nihilum
3020 4929 3288 5000 redigitur
3325 4945 3338 4982 :
3374 4928 3446 4983 ita
3493 4943 3661 4985 omne
3709 4926 3817 4983 elo-

2226 5028 2412 5098 quium
2445 5025 2814 5081 doctrinarum
2836 5065 2851 5093 ,
2885 5033 2942 5081 et
2973 5039 3160 5081 sermo
3202 5022 3564 5096 prOpheticus
3597 5023 3739 5095 perit
3763 5023 3812 5078 in

2207 5223 2453 5279 sonaret,
2470 5228 2592 5286 non
2625 5213 2868 5270 dilectum
2889 5217 3294 5286 tantummodo,
3325 5228 3383 5274 ut
3410 5229 3601 5277 monet
3626 5219 3810 5277 Hiero-

2210 5298 2428 5355 nymus.
2464 5285 2733 5340 Maurum.

2210 5352 2306 5480 r'd
2353 5355 2456 5410 Pro
2498 5357 2922 5426 misericordias,
2970 5362 3024 5415 in
3076 5363 3253 5418 tribus
3305 5377 3438 5419 mss.
3478 5373 3565 5422 est
3597 5367 3803 5421 mirabi-

2231 5441 2332 5480 ius.

2231 5441 2332 5480 tus.

2289 5508 2312 5580 ξ
2352 5496 2586 5580 (ξιειθι-(ξ.
2617 5515 2744 5580 cum
2777 5501 2980 5580 yatj_c.,
3019 5507 3142 5580 quia
3165 5507 3360 5580 projeci
3384 5525 3492 5564 eos.

2290 5567 2310 5607 ί
2351 5569 2514 5642 Atqui
2551 5572 2750 5628 habent
2779 5573 2921 5630 LXX
2950 5567 3314 5651 invhodiertiis
3344 5579 3565 5644 saltem,
3592 5598 3712 5651 qum
3735 5583 3798 5639 ad

2203 5657 2304 5696 nos
2335 5657 2506 5711 usque
2537 5660 2926 5714 pervenerunt,
2955 5650 3386 5717 exemplaribus,
3419 5653 3468 5706 ἐν
3490 5650 3633 5717 lacte
3662 5655 3798 5712 δεδο-

2198 5717 2704 5793 xtpaauévoc_e,_qtuc
2731 5719 2842 5786 vix,
2878 5730 2970 5774 aut
3003 5737 3069 5776 ne
3110 5725 3198 5777 vix
3221 5724 3469 5793 quidem,
3506 5727 3592 5782 ltis
3633 5731 3794 5782 instar

2199 5786 2338 5839 urbis
2365 5786 2706 5856 ﬁrmissimw,
2737 5804 3064 5848 consonant.
