4084 6324
275 305 397 367 7i!)

834 305 1486 368 COMMENTARIORUM
1522 305 1592 365 ΙΝ
1630 304 1893 367 ΙΕΒΕΜῙΛ

2012 306 2439 367 PROPHE'I‘AM
2477 306 2610 364 LIB.
2651 304 2717 365 ll.
2753 306 2912 366 CAP.
2955 306 3069 367 VII.

3502 307 3611 367 730

278 425 378 484 his
409 428 520 501 qui
552 426 746 486 audire
766 436 1133 484 contemnunt
1155 424 1331 500 (Psal.
1363 424 1519 498 Lvu).
1561 425 1815 482 Dicamus
1844 432 1903 481 et
1930 426 1984 488 Α
2008 441 2131 484 mus
2159 427 2213 483 in
2242 428 2604 484 aediﬁciorum
2631 426 2955 499 splendore,
2990 428 3311 502 auratisque
3335 428 3611 503 laqueari-

278 533 468 591 super
501 522 626 590 his,
658 521 753 594 qui
797 520 946 579 sicut
967 519 1187 592 aspides
1225 519 1409 577 surdae
1448 519 1714 576 obturant
1740 534 1906 575 aures

279 629 444 683 suas,
475 632 555 673 ne
579 615 805 673 audiant
831 629 1003 672 voces
1033 614 1455 671 incantantium.
1502 611 1728 670 Frustra
1755 612 1903 670 enim

279 707 566 765 conﬂavit
592 708 943 780 argentarius
988 707 1111 764 sive
1139 706 1407 763 caullator
1443 723 1457 761 :
1489 705 1716 762 malitiae
1756 706 1903 763 enim

279 814 496 857 eorum
533 815 641 857 non
673 809 800 857 sunt
831 811 1197 872 consumptae.
1241 798 1399 857 Unde
1430 814 1775 872 nequaquam
1814 815 1905 856 ar-

280 900 555 963 gentum,
581 894 682 951 sed
711 903 1000 965 argentum
1033 894 1330 966 reprohum
1361 904 1489 951 sunt
1521 895 1702 950 vocati
1729 912 1743 950 :
1777 894 1902 966 quia

283 984 575 1043 Dominus
596 986 798 1058 abiecit
815 1001 931 1043 eos.
960 985 1241 1058 Principes
1256 997 1441 1044 autem
1468 996 1598 1044 sunt
1621 1003 1651 1042 a
1671 987 1903 1043 Domino

283 1081 656 1145 recedentes.
688 1083 809 1138 sive
848 1080 1251 1149 inobedientes,
1282 1082 1375 1152 qui
1417 1095 1671 1153 perverse
1709 1079 1904 1138 ambu-

282 1171 416 1236 lant
444 1186 507 1232 et
539 1176 945 1233 fraudulenter.

363 1267 537 1342 (Cap.
575 1267 686 1326 Vll.
715 1299 791 1312 —
817 1268 973 1326 Vers.
999 1270 1052 1337 i,
1082 1268 1165 1341 2.)
1193 1268 1420 1325 Verbum
1439 1268 1578 1340 quod
1604 1270 1801 1341 factum
1825 1277 1901 1325 est

280 1358 358 1414 ad
386 1356 686 1418 Jeremiam
712 1378 747 1416 a
790 1361 1036 1432 Domino,
1070 1361 1246 1418 dicens
1272 1380 1292 1418 :
1317 1360 1417 1418 Sta
1442 1364 1496 1417 in
1522 1369 1673 1436 porta
1715 1362 1900 1418 domus

281 1449 543 1523 Domini,
567 1462 614 1507 et
633 1452 864 1527 pradica
889 1454 999 1529 (vel
1022 1453 1155 1528 lege)
1182 1456 1252 1511 ibi
1281 1456 1490 1511 verbum
1513 1455 1678 1527 istud,
1699 1463 1749 1511 et
1770 1456 1897 1512 dic:

280 1544 489 1602 Audite
506 1546 719 1603 verbum
752 1547 961 1604 Domini
1009 1550 1177 1604 omnis
1213 1547 1387 1621 Iuda,
1437 1549 1529 1621 qui
1563 1549 1899 1622 ingredimini

278 1657 376 1712 per
405 1648 593 1713 portas
615 1641 732 1709 has,
765 1650 819 1697 ut
848 1642 1078 1699 adoretis
1100 1641 1401 1699 Dominum.
1434 1642 1548 1700 Hoc
1571 1644 1624 1700 in
1652 1643 1897 1701 editione

278 1732 442 1791 LXX
487 1752 599 1791 non
634 1736 891 1807 habetur,
920 1737 1017 1794 sed
1056 1738 1127 1795 de
1167 1747 1196 1777 ει
1242 1737 1629 1797 'l‘heodotione
1677 1754 1746 1795 ex
1793 1738 1891 1794 lle-

2010 519 2135 585 bus,
2159 528 2216 575 et
2238 519 2454 577 vestitis
2481 519 2783 591 parietibus
2812 534 3150 578 marmorum
3178 521 3399 579 crustis.
3429 522 3496 579 Et
3520 520 3607 579 di-

2006 625 2196 669 camus
2225 627 2242 668 :
2283 610 2575 683 Templum
2606 611 2847 678 Domini,
2894 614 3155 684 templum
3191 614 3431 683 Domini,
3462 624 3604 672 tem~

2008 705 2159 778 plum
2186 704 2404 762 Domini
2431 716 2536 762 est.
2568 706 2710 764 Illud
2739 707 2887 764 enim
2925 709 3189 781 templum
3234 709 3447 766 Domini
3475 717 3596 778 est,

2007 802 2061 857 in
2092 817 2203 874 quo
2229 801 2444 857 habitat
2474 816 2602 857 vera
2631 801 2790 869 ﬁdes,
2830 811 3017 859 sancta
3060 803 3451 871 conversatio,
3484 818 3604 860 om-

2006 892 2270 965 uiumque
2294 894 2554 949 virtutum
2584 892 2809 950 chorus.
2844 894 3090 967 Denique
3117 895 3317 954 infert:
3342 896 3406 954 Si
3432 902 3601 954 rectas

2003 988 2228 1061 feceritis
2271 988 2381 1044 vias
2407 996 2634 1055 vestras,
2659 997 2716 1044 et
2739 988 3000 1060 cogitatio
3030 997 3211 1046 vestra
3244 1005 3357 1046 non
3399 986 3605 1046 abierit

2003 1090 2129 1156 post
2148 1098 2423 1149 errorem,
2454 1093 2512 1139 et
2537 1082 2710 1140 secuti
2742 1082 2955 1140 fueritis
2975 1083 3277 1156 justitiam,
3304 1095 3362 1142 et
3388 1083 3591 1141 malum

2002 1192 2111 1233 non
2143 1175 2407 1246 feceritis,
2439 1191 2616 1247 neque
2639 1174 2942 1233 eﬂ‘uderitis
2985 1179 3305 1250 sanguinem
3333 1177 3598 1233 innocen-

2001 1278 2134 1337 tem,
2163 1270 2442 1341 simplices
2467 1284 2710 1342 quosque
2754 1285 2860 1325 non
2886 1268 3352 1337 scandalizantes;
3382 1274 3587 1341 etpost

1999 1364 2134 1421 deos
2157 1365 2368 1421 alienos
2391 1379 2499 1420 non
2525 1365 2966 1431 ambulaveritis,
2997 1378 3258 1435 perversa
3287 1362 3587 1420 adorantes

1998 1455 2276 1530 dogmata,
2309 1473 2434 1529 qtue
2461 1456 2531 1514 de
2560 1467 2746 1513 vestro
2774 1455 2941 1514 corde
2970 1455 3274 1512 simulastis
3304 1456 3357 1511 in
3387 1452 3592 1512 malum

1999 1549 2405 1621 vobismetipsis
2429 1569 2445 1608 :
2473 1551 2557 1606 vel
2592 1549 2850 1606 habitabo
2872 1549 3157 1606 vobiscum
3200 1549 3255 1605 in
3296 1547 3420 1606 loco
3460 1547 3591 1611 isto.

1998 1656 2159 1713 quem
2185 1644 2394 1698 vocatis
2418 1642 2707 1714 Templum
2743 1642 2861 1709 Dei,
2890 1651 2948 1699 et
2991 1643 3045 1698 in
3094 1651 3238 1699 terra
3263 1656 3427 1713 quam
3465 1637 3597 1696 dedi

2000 1736 2244 1807 patrihus
2267 1736 2490 1805 vestris,
2516 1735 2796 1807 Apostolis
2819 1735 3035 1792 scilicet
3063 1746 3121 1793 et
3144 1732 3481 1815 Apostolicis
3516 1731 3598 1789 vi-

278 1827 484 1886 braico
507 1829 757 1886 additum
803 1840 910 1887 est.
938 1831 1246 1902 imperatur
1275 1839 1460 1888 autem
1487 1829 1799 1903 Prophetas,
1836 1838 1893 1885 ut
1927 1824 1970 1884 Β
1999 1832 2080 1889 ris
2109 1849 2125 1887 :
2157 1831 2243 1888 vel
2264 1841 2415 1888 certe
2451 1831 2610 1887 iit'ma
2641 1828 3157 1887 stationehabitare
3185 1846 3284 1886 vos
3333 1829 3540 1900 faciam.
3565 1844 3598 1885 a

278 1931 403 1980 stet
429 1922 487 1979 in
517 1933 675 1996 porta
701 1924 942 1992 Domini,
979 1940 1079 1997 per
1116 1939 1278 1996 quam
1311 1924 1379 1980 ad
1410 1922 1748 1981 adorandum
1786 1920 1892 1979 Do-

282 2016 507 2073 minum
532 2017 840 2090 ingreditur
864 2019 1054 2092 populi
1077 2018 1368 2076 multitudo
1392 2037 1407 2076 :
1430 2029 1491 2075 ut
1515 2034 1613 2091 per
1639 2018 1780 2074 hanc
1800 2033 1893 2075 oc-

281 2111 579 2169 casionem
630 2115 850 2185 possint
890 2113 1085 2171 audire
1123 2129 1246 2187 quae
1293 2114 1558 2170 Dominus
1618 2112 1890 2186 praecipit.

282 2203 400 2261 Per
423 2205 573 2277 quod
598 2206 958 2279 intelligimus
996 2207 1256 2264 duritiam
1296 2207 1486 2280 populi
1530 2205 1847 2264 indecorum
1872 2251 1888 2276 ,

282 2297 420 2368 quia
448 2297 609 2369 quasi
645 2298 941 2358 mendaces
970 2308 1137 2372 atque
1166 2315 1401 2357 vesanos
1431 2299 1731 2367 habuerint
1758 2298 1893 2355 Proo

287 2389 516 2462 phetas,
545 2391 676 2450 dum
722 2408 819 2465 per
853 2395 1202 2451 occasionem
1254 2404 1309 2452 et
1356 2393 1740 2451 celebritatem
1785 2392 1892 2449 loci

289 2484 497 2542 audire
526 2496 731 2558 cogunt
752 2488 917 2545 verba
950 2488 1199 2556 Domini;
1245 2497 1442 2546 etnon
1488 2499 1718 2561 propter
1764 2486 1890 2556 hoc,

292 2576 448 2650 quod
484 2578 653 2635 verba
680 2580 794 2636 sint
823 2579 1065 2637 Domini.

365 2667 554 2743 (Vera.
580 2669 665 2745 5.)
692 2669 823 2727 Haec
842 2672 970 2727 dicit
1001 2671 1256 2727 Dominus
1276 2671 1619 2739 exercituum,
1652 2668 1794 2726 Deus
1815 2668 1896 2724 Is-

290 2764 408 2818 rael
430 2780 452 2820 :
475 2762 654 2819 Bonas
676 2765 836 2836 facite
865 2765 1007 2840 (sive
1037 2763 1271 2837 dirigite)
1292 2766 1400 2819 vias
1419 2773 1613 2820 vestras
1631 2772 1680 2818 et
1715 2763 1893 2818 studia

289 2865 465 2914 vestra
483 2858 630 2930 (sive
648 2859 1040 2916 adint'entiones
1062 2857 1300 2930 vestras),
1312 2866 1359 2915 et
1375 2858 1619 2914 habitabo
1636 2857 1893 2914 vobiscum

289 2952 347 3007 in
381 2953 496 3008 loco
538 2953 644 3010 isto
686 2954 831 3027 (sive
879 2954 1115 3009 habitare
1140 2970 1231 3010 vos
1267 2954 1462 3027 faciam
1497 2954 1550 3008 in
1598 2952 1712 3008 loco
1740 2952 1888 3026 isto).

286 3046 461 3120 891
492 3046 973 3117 Clementissimus
1018 3047 1268 3106 medicus
1319 3047 1470 3104 omni
1520 3047 1641 3121 [AL
1677 3045 1893 3122 omnes]

287 3140 621 3198 vulneratos
661 3142 811 3213 cupit
848 3155 1047 3197 sanare
1089 3140 1475 3198 medicamine.
1518 3139 1750 3209 Quando
1796 3152 1893 3193 au-

289 3242 407 3292 tem
434 3234 571 3293 dicit
603 3254 618 3291 :
646 3234 822 3292 Bonas
851 3236 1040 3308 facite,
1074 3235 1193 3292 sive
1225 3236 1465 3307 corrigite
1508 3235 1614 3289 rias
1657 3230 1884 3299 restrds,
1915 3219 1963 3284 C

289 3330 541 3388 ostendit
581 3345 679 3388 eas
725 3345 850 3387 esse
895 3345 1215 3403 perversos,
1245 3341 1302 3387 et
1332 3329 1467 3386 nihil
1514 3330 1566 3385 in
1594 3344 1655 3387 se
1686 3328 1890 3383 habere

288 3421 445 3480 boni.
483 3424 551 3480 Et
575 3425 702 3490 quia
729 3423 981 3481 naturale
1010 3431 1116 3492 est,
1158 3435 1216 3479 ut
1245 3425 1621 3496 unusquisque
1651 3420 1891 3493 genitale

287 3516 486 3591 diligat
504 3518 715 3585 solum,
747 3528 802 3574 et
831 3518 966 3573 nihil
993 3516 1209 3574 dulcius
1251 3518 1448 3573 habeat
1478 3516 1653 3587 patria
1673 3555 1690 3579 ,
1732 3510 1891 3585 polli-

287 3622 450 3669 cetur
480 3610 705 3684 praemia
736 3610 1144 3669 obedientibus.
1193 3609 1460 3666 Habitabo
1491 3607 1689 3679 inquit,
1716 3594 1886 3662 uobis-

289 3720 432 3771 cum,
472 3711 535 3760 ut
561 3717 794 3760 securos
841 3703 911 3760 de
961 3702 1302 3759 habitatione
1349 3717 1446 3758 vos
1486 3699 1680 3757 faciam
1722 3698 1889 3755 :sive

287 3809 392 3852 vos
438 3797 618 3866 ipsos,
663 3795 820 3868 juxta
862 3794 1280 3868 Symmachum,
1332 3794 1488 3850 firma
1543 3790 1888 3848 habitatione

290 3886 557 3958 fundabo,
586 3890 680 3962 qui
709 3889 785 3945 ait
817 3907 831 3944 :
867 3889 934 3944 Et
962 3889 1282 3959 conﬁrmabo
1309 3904 1396 3944 vos
1426 3887 1481 3941 in
1509 3885 1623 3941 loco
1652 3885 1777 3940 ista.

358 3982 543 4054 (Vera.
569 3983 605 4039 4
637 3982 821 4055 seqq.)
854 3981 1036 4037 Nolite
1058 3982 1319 4053 confidere
1343 3982 1395 4035 in
1437 3979 1598 4034 verbis
1622 3976 1885 4033 mendaci-

288 4077 383 4132 bus
405 4074 516 4150 [AL
548 4076 853 4151 mendacii],
885 4077 1110 4132 dicentes
1134 4092 1154 4131 :
1180 4073 1451 4148 Templum
1492 4071 1726 4139 Domini,
1757 4082 1886 4127 tem-

286 4168 431 4241 plum
460 4169 690 4240 Domini,
724 4168 972 4243 templum
991 4167 1206 4223 Damini
1236 4176 1309 4222 est
1341 4184 1360 4222 :
1389 4166 1639 4239 quoniam
1660 4165 1706 4221 si
1733 4163 1887 4219 bene-

287 4261 522 4319 dixeritis
545 4262 686 4336 (sive
707 4261 734 4303 ι’
756 4260 1071 4331 direxeritis)
1090 4261 1198 4317 vias
1217 4269 1408 4316 uestras
1421 4267 1468 4314 et
1487 4258 1661 4314 studia
1674 4265 1839 4313 vestra
1862 4273 1882 4313 :

283 4359 330 4413 si
351 4358 576 4430 feceritis
596 4358 861 4433 judicium
883 4358 1017 4411 inter
1035 4356 1201 4411 virum
1223 4364 1271 4409 et
1296 4356 1591 4428 proximum
1601 4369 1751 4407 suum
1766 4349 1881 4426 [ΑΙ.

284 4458 419 4534 ejus]
442 4478 456 4515 :
477 4458 711 4528 aduente,
728 4466 775 4512 et
797 4455 1019 4530 pupillo,
1038 4462 1088 4511 et
1110 4454 1279 4510 vidua:
1308 4470 1411 4507 non
1432 4452 1659 4524 feceritis
1679 4450 1881 4506 calum—

1997 1925 2265 1998 principio
2287 1941 2461 1998 usque
2484 1925 2551 1981 ad
2579 1926 2760 1982 finem.
2792 1922 2984 1981 Potest
3012 1922 3118 1980 hoc
3152 1931 3208 1980 et
3230 1922 3346 1980 illis
3369 1921 3601 1995 virgini-

1994 2020 2099 2077 bus
2127 2019 2442 2087 convenire,
2489 2034 2616 2091 qua:
2655 2019 2869 2089 lactant
2915 2015 3256 2089 pudicitiam,
3307 2023 3364 2070 et
3416 2013 3597 2086 impu-

1995 2112 2149 2170 denti
2197 2113 2349 2170 vultu
2383 2112 2684 2184 praeferunt
2725 2110 3078 2177 castitatem,
3125 2123 3251 2165 cum
3298 2107 3452 2165 aliud
3499 2106 3599 2164 ha-

1997 2205 2123 2263 beat
2162 2206 2532 2274 conscientia,
2580 2217 2637 2262 et
2691 2203 2949 2261 nesciunt
2995 2202 3146 2259 illam
3209 2201 3599 2260 definitionem

1997 2300 2245 2373 Apostoli
2273 2300 2632 2373 virginalem:
2668 2297 2923 2374 [11892
2947 2299 3015 2355 sit
3055 2308 3241 2355 sancta
3283 2314 3501 2368 corpore
3543 2307 3595 2352 et

1994 2395 2207 2465 spiritu.
2239 2394 2382 2464 Quid
2406 2395 2555 2451 enim
2582 2393 2804 2466 prodest
2834 2393 3087 2464 corporis
3124 2391 3381 2463 pudicitia
3410 2390 3598 2447 animo

1995 2495 2376 2558 constuprato,
2423 2485 2473 2543 si
2520 2496 2748 2542 cteteras
2788 2485 3025 2541 virtutes
3050 2498 3186 2556 quas
3234 2481 3596 2555 propheticus

1996 2595 2176 2637 sermo
2205 2578 2519 2650 descripsit,
2551 2594 2658 2634 non
2691 2577 2986 2634 habuerit?

2070 2672 2254 2747 (Vers.
2285 2670 2518 2745 Bseqq.)
2548 2670 2683 2727 Ecce
2721 2688 2809 2727 uos
2852 2672 3113 2744 conﬁditis
3141 2670 3284 2727 uobis
3321 2671 3377 2727 in
3422 2668 3591 2727 verbis

1994 2766 2253 2823 mendacii
2283 2764 2425 2840 (sive
2468 2765 2835 2837 mendacibus)
2864 2780 2981 2835 qua:
3021 2764 3218 2839 (Vulg.
3270 2762 3595 2820 sermonibus

1928 2854 1950 2866 “
1993 2859 2107 2934 qui]
2156 2877 2259 2916 non
2309 2859 2594 2934 proderunt
2622 2859 2785 2914 vobis.
2821 2857 3040 2923 Furari.
3075 2859 3328 2926 occidere,
3377 2855 3591 2913 adulte-

1995 2971 2138 3023 rare,
2175 2959 2365 3029 jurare
2391 2954 2728 3021 mendaciter,
2763 2954 2927 3010 libare
2978 2952 3221 3025 Baulim,
3260 2962 3311 3009 et
3354 2953 3432 3008 ire
3472 2963 3594 3027 post

1996 3051 2121 3108 deos
2145 3049 2348 3107 alienos
2376 3066 2505 3120 quos
2534 3050 2808 3125 ignoratis.
2838 3048 2910 3106 Et
2936 3050 3168 3119 venistis,
3198 3058 3248 3105 et
3269 3050 3488 3106 stetistis
3501 3066 3593 3105 co-

1995 3161 2110 3200 ram
2140 3162 2222 3199 me
2256 3146 2311 3200 in
2341 3145 2498 3202 domo
2540 3146 2658 3209 hac.
2706 3145 2763 3200 in
2791 3161 2895 3218 qua
2939 3145 3231 3200 invocatum
3277 3151 3355 3200 est
3404 3158 3594 3199 nomen

1994 3256 2184 3308 meum,
2218 3248 2267 3295 et
2295 3239 2503 3296 dixistis
2535 3256 2554 3296 :
2580 3238 2811 3296 Liberali
2849 3256 3031 3296 sumus
3072 3240 3215 3314 (sive
3240 3238 3542 3312 desinimus)
3575 3254 3590 3294 :

1992 3348 2051 3388 eo
2076 3333 2216 3405 quod
2233 3332 2507 3404 fecerimus
2536 3349 2714 3389 omnes
2741 3332 3156 3391 abominationes
3180 3333 3333 3389 istas.
3365 3330 3592 3389 Frustra

1992 3437 2089 3480 eos
2116 3424 2169 3479 in
2203 3424 2411 3493 templo
2463 3424 2669 3483 trahere
2707 3424 2990 3491 fiduciam,
3037 3424 3326 3496 sequentia
3372 3433 3593 3496 peccata

1991 3517 2394 3575 demonstrant.
2435 3517 2576 3588 Quid
2605 3519 2751 3573 enim
2798 3518 3025 3591 prodest
3072 3518 3338 3575 audacter
3381 3515 3591 3588 ingredi

1990 3609 2159 3666 limen
2187 3609 2386 3666 domus
2413 3610 2531 3681 Dei,
2581 3618 2765 3668 erecta
2789 3619 2940 3666 stare
2970 3609 3190 3667 cervice
3234 3629 3250 3666 :
3281 3619 3337 3665 et
3363 3623 3473 3666 non
3503 3623 3597 3666 so-

1990 3702 2104 3759 lum
2136 3718 2256 3774 cor,
2288 3702 2384 3759 sed
2415 3713 2471 3759 et
2500 3719 2697 3760 manus
2725 3702 2928 3760 habere
2953 3703 3227 3775 pollutas,
3271 3701 3444 3768 furto,
3494 3700 3594 3757 ho-

1991 3795 2238 3866 micidio,
2261 3796 2556 3863 adulterio,
2588 3797 2850 3866 pcrjnrio,
2882 3795 3194 3868 sacrilegio,
3228 3806 3282 3852 ct
3309 3794 3458 3853 cultu
3498 3809 3591 3851 eo-

1990 3907 2111 3949 rum
2142 3892 2373 3949 deorum
2402 3906 2544 3963 quos
2574 3891 2834 3947 nescias?
2871 3890 2996 3946 Ilaec
3036 3889 3403 3960 spiritualiter
3445 3888 3591 3944 acci-

1989 3984 2119 4042 dere
2149 3987 2202 4042 in
2245 3985 2490 4041 Ecclesia
2523 3998 2687 4040 nemo
2728 3982 2979 4050 dubitat,
3029 3982 3250 4055 quando
3300 3980 3587 4052 praesentis

1990 4080 2252 4151 temporis
2307 4078 2721 4137 considerantes
2773 4077 3127 4142 felicitatem,
3197 4089 3295 4133 sua
3363 4083 3584 4147 peccata

1991 4189 2098 4230 non
2153 4183 2405 4243 reputant
2452 4181 2551 4229 :et
2580 4172 2755 4229 latere
2818 4171 3152 4228 arbitrantur
3202 4170 3405 4236 Deum,
3456 4168 3578 4240 quia

1989 4283 2097 4323 non
2141 4267 2324 4324 statim
2386 4266 2622 4322 vindicta
2673 4265 3054 4335 consequitur;
3113 4265 3243 4337 quin
3294 4263 3478 4334 potius
3526 4261 3579 4318 in

1990 4371 2192 4419 tantam
2244 4371 2606 4434 prorumpunt
2651 4361 2970 4425 amentiam,
3004 4368 3065 4415 ut
3095 4357 3356 4415 liberatos
3385 4370 3446 4413 se
3485 4371 3588 4428 pu-

1989 4466 2125 4524 tent,
2156 4457 2282 4528 quia
2336 4464 2458 4528 post
2506 4456 2644 4512 mala
2675 4469 2842 4527 opera
2869 4454 3031 4510 etiam
3077 4466 3108 4508 a
3158 4450 3310 4507 cultu
3365 4448 3584 4505 Domini

285 4555 426 4611 niam
456 4554 600 4630 (sive
625 4570 731 4610 non
754 4550 1109 4626 oppresseritis
1137 4550 1257 4622 eos)
1278 4546 1372 4604 nec
1400 4546 1709 4619 sanguinem
1728 4546 1882 4601 inno-
1904 4624 1947 4630 ᾳ
1985 4559 2349 4606 recesserunt.

282 4624 479 4704 centeni
499 4646 785 4716 eluderitis
810 4624 863 4701 in
883 4644 998 4700 loco
1018 4642 1116 4697 hoc
1145 4659 1164 4698 :
1191 4650 1238 4697 et
1268 4650 1382 4715 post
1404 4640 1526 4694 deos
1552 4639 1754 4694 alienos
1772 4656 1878 4695 non
1904 4624 1962 4687 Ῐ)

282 4742 670 4799 ambulaveritis
692 4742 747 4797 in
773 4741 972 4797 malum
1001 4737 1411 4809 nobismetipsis;
1443 4733 1685 4790 habitabo
1709 4733 1878 4790 vobis-

281 4852 400 4893 cum
424 4836 567 4911 (sive
590 4834 827 4891 habitare
860 4848 948 4887 vos
990 4828 1203 4902 faciam)
1240 4829 1294 4885 in
1339 4829 1439 4884 isto
1464 4828 1600 4896 loco,
1648 4829 1702 4882 in
1742 4836 1881 4883 terra

281 4950 439 5005 quam
459 4931 584 4987 dedi
602 4929 839 5005 patribus
857 4926 1039 4983 vestris
1067 4943 1101 4981 a
1127 4925 1319 4981 uacula
1345 4940 1507 4997 usque
1528 4925 1580 4978 in
1607 4924 1876 4980 sarculum.

281 5026 399 5083 iloc
434 5025 580 5097 quod
623 5020 978 5094 Septuaginta
1018 5018 1073 5074 in
1124 5017 1291 5087 hujus
1339 5015 1568 5086 capituli
1618 5015 1884 5073 addidere

281 5119 553 5191 principio
583 5136 598 5175 :
624 5116 693 5172 In
713 5115 881 5174 verbis
908 5111 1190 5180 mendacii,
1222 5127 1342 5184 quae
1360 5110 1502 5165 vobis
1531 5110 1743 5165 omnino
1776 5127 1883 5164 non

278 5211 592 5282 proderunt,
634 5211 688 5265 in
722 5206 994 5266 Hebraico
1024 5220 1133 5262 non
1162 5203 1417 5261 habetur.
1463 5203 1733 5276 Praecepit
1779 5217 1881 5257 au-

281 5319 391 5367 tem
432 5319 486 5366 et
526 5320 655 5365 tunc
679 5304 887 5378 populo
932 5301 1272 5370 Iudaeorum,
1302 5310 1357 5356 et
1404 5297 1570 5355 hodie
1599 5297 1761 5354 nobis
1790 5298 1884 5369 qui

282 5403 535 5462 videmur
575 5402 629 5459 in
660 5399 909 5469 Ecclesia
939 5396 1247 5461 constituti,
1283 5410 1352 5451 ne.
1396 5394 1649 5451 fiduciam
1677 5386 1886 5449 habea-

354 5580 378 5609 ο
422 5568 479 5624 In
511 5546 1503 5639 qundam‘HexapluriParisiensiutn
1542 5556 1880 5639 Jesuitarum

280 5658 385 5701 ms.
434 5629 575 5696 test'e
607 5629 1040 5703 Montfauconio,
1085 5634 1285 5707 legitur
1315 5631 1388 5689 ad
1434 5629 1880 5687 Theodotionem

281 5713 507 5773 Ἰουδαία
536 5725 638 5781 pro
660 5707 827 5781 Iuda.

340 5769 814 5853 ‘b'Repbnendum
844 5777 1228 5853 videt_ur.cum.
1251 5773 1498 5853 Victorii)
1530 5789 1602 5853 es
1632 5769 1878 5853 ,Yulgata

285 5855 420 5914 odit.
453 5840 684 5927 ipsoque
715 5840 936 5909 Hieron.
971 5846 1522 5907 Cominentnriobene
1547 5843 1883 5901 direeeritis:

2057 4643 2243 4707 (Vers.
2278 4644 2393 4715 li.)
2425 4642 2695 4715 Numquid
2725 4641 2907 4717 [Vulg.
2942 4640 3109 4716 Ergo]
3137 4639 3389 4710 spelunca
3420 4640 3584 4695 latro-

1988 4753 2115 4795 num
2139 4740 2278 4811 facta
2297 4736 2580 4793 estdomus
2606 4737 2707 4792 ista
2727 4736 2867 4806 (sive
2893 4733 3053 4807 mea),
3089 4735 3144 4791 in
3163 4751 3265 4807 qua
3294 4735 3584 4790 invocatum

1986 4844 2062 4890 est
2111 4850 2303 4891 nomen
2330 4848 2503 4887 meum
2550 4833 2604 4887 in
2637 4831 2801 4886 oculis
2831 4830 3051 4886 vestris?
3078 4828 3215 4904 Ego,
3268 4843 3363 4903 ego
3409 4843 3526 4882 sum
3565 4846 3585 4883 :

1988 4945 2083 5002 ego
2112 4930 2241 4995 ridi.
2271 4927 2397 4983 dicit
2426 4924 2705 4982 Dominus.
2741 4925 2818 4982 De
2865 4923 2971 4982 hoc
3016 4925 3136 4981 loco
3184 4926 3237 4981 in
3290 4921 3587 4992 Evangelia

1989 5029 2332 5094 assumptum
2366 5029 2533 5091 pulo:
2560 5017 2827 5091 Scriptum
2857 5029 2970 5074 est:
2995 5016 3197 5074 Domus
3237 5013 3415 5070 Patris
3444 5012 3544 5067 mei
3569 5052 3586 5077 ,

1988 5116 2173 5171 domus
2203 5113 2455 5170 orationis
2483 5113 2745 5169 vocabitur
2784 5129 2804 5169 :
2846 5126 2935 5166 uos
2981 5119 3155 5165 autem
3202 5105 3398 5179 fecistis
3438 5103 3584 5159 illam

1985 5208 2286 5283 speluncam
2323 5209 2587 5264 latronum
2619 5205 2847 5280 (Matth.
2882 5221 3007 5273 χχι,
3053 5202 3175 5277 15);
3226 5203 3381 5268 sive,
3427 5207 3487 5256 ut
3530 5198 3584 5255 in

1982 5302 2094 5358 alio
2125 5301 2419 5375 Evangelia
2454 5313 2475 5339 π
2510 5301 2775 5372 scriptum
2823 5309 2903 5355 est
2925 5342 2939 5367 ,
2968 5297 3178 5351 domum
3216 5292 3585 5367 negotiationis

1985 5392 2168 5468 (Joan.
2199 5411 2269 5464 tt,
2303 5393 2415 5469 i6).
2452 5394 2692 5452 Ecclesia
2743 5393 2836 5450 Dei
2883 5392 3116 5447 vertitur
3162 5389 3218 5444 in
3259 5386 3584 5459 speluncam

1985 5556 2147 5614 facile
2164 5558 2323 5631 enim
2348 5553 2873 5631 ﬂieronymus‘ideo
2891 5553 3117 5609 verbum
3151 5551 3277 5606 bene
3303 5548 3582 5608 addiderit

1985 5631 2128 5701 quod
2160 5630 2231 5685 ita
2258 5629 2315 5685 in
2346 5626 2988 5701 Hebrsetireplicaretur.

2063 5712 2086 5742 α
2130 5702 2245 5757 Duo
2273 5716 2433 5765 mss.,
2464 5699 2603 5773 quod
2637 5692 2886 5769 scriptum
2925 5705 3000 5752 est
3029 5711 3049 5751 :
3077 5709 3243 5768 penes
3274 5692 3581 5762 Rabanum,

1984 5772 2071 5829 ubi
2096 5775 2174 5829 ita
2208 5773 2460 5844 scriptum
2478 5772 2589 5828 est.
