1930 3545
209 189 259 217 751

844 189 873 217 S.
897 187 1032 216 EUSEBII
1054 187 1241 216 HlEl’lllbYlil

1784 184 1829 215 '15!

211 248 358 280 latronum,
377 246 485 282 quando
508 247 590 280 lurta,
609 247 756 274 homicidia
768 269 774 279 ,
795 247 928 274 adulteria
942 269 949 280 ,
966 255 1008 275 sa-
1024 248 1047 278 Α
1063 247 1148 274 tribus
1164 256 1224 283 qua‘
1243 247 1410 275 vocabantur
1432 245 1527 279 Israel,
1548 250 1577 273 et
1597 245 1727 273 habebant
1747 246 1829 280 princi-

215 294 336 328 crilegia,
353 294 483 329 periuria,
502 294 638 321 increseos
652 293 819 326 adiuventin,
835 299 862 320 ct
877 294 968 320 omnia
984 295 1009 320 in

213 348 243 369 ea
261 341 366 368 scelera
381 345 544 368 versantur:
557 340 666 374 quando
681 340 803 368 avaritiae
819 340 925 368 facibus
937 341 1011 375 prin-

214 387 289 421 cipes
304 387 490 420 inardescunt,
508 392 535 415 et
550 395 643 423 rcgum
659 387 793 422 quomlam
811 395 888 422 opes,
906 388 958 415 vile
967 392 1011 414 aut

215 438 289 461 certe
303 442 355 461 non
373 434 425 461 vile
444 434 583 468 palliolum
595 434 726 469 possidet.
741 434 818 462 Unde
830 434 929 462 infert:
944 434 1009 470 Ego,

214 489 261 516 ego
275 490 344 514 sum,
360 490 406 517 ego
420 481 485 516 ridi,
499 482 561 509 dicit
577 481 713 509 Dominus.
734 483 809 510 Oculi
827 483 879 510 mei
889 487 1012 510 contem-

215 527 281 562 plati
297 532 370 560 sunt,
387 527 457 563 quod
471 535 517 556 vos
534 528 635 563 putatis
651 529 786 556 occultttm
802 537 808 556 :
822 529 942 556 tenebm-
954 528 1010 556 the-

216 581 358 601 saurorum
374 582 460 601 meam
479 583 531 602 non
545 575 650 610 fugiunt
666 576 874 603 conscientiam.
888 576 938 609 Qui
949 583 1011 603 eum

217 620 293 648 dives
308 626 397 655 esset,
417 630 520 657 pauper
537 631 585 656 pro
612 623 691 650 nobis
716 622 802 649 factus
817 628 876 656 est,
899 631 970 650 nunc
987 624 1012 651 in

217 667 319 694 nostris
335 667 438 695 divitiis
453 668 593 696 erubescit
607 669 628 704 (l
646 668 707 696 Cor.
725 669 794 704 tut),
812 676 837 696 et
852 670 919 697 dicit
942 680 948 697 ι
970 670 1014 697 Va:

216 714 285 741 vobis
314 714 450 747 divitibus,
480 716 524 750 qui
550 714 648 743 habetis
676 717 876 743 consolationem
903 722 1013 744 vestram

217 759 293 796 (Luc.
311 761 359 795 vn.

252 806 343 842 (Vera.
358 806 415 842 ΙΞ.)
433 806 475 835 Ite
487 808 521 835 ad
532 808 619 835 locum
630 817 712 836 meum
728 810 755 836 in
771 810 837 842 Silo,
854 810 899 837 ubi
912 810 1014 837 habita-

216 853 251 879 rit
265 861 356 881 nomen
370 862 455 881 meum
470 864 485 882 ιι
498 856 624 892 principio
634 878 641 887 ,
658 861 680 883 et
702 857 785 884 videte
798 865 857 893 qua!
873 858 975 892 [crerint
992 859 1015 885 ei

216 905 322 936 propter
335 902 461 928 malitiam
474 901 564 938 pepuli
581 903 630 930 inci
644 903 738 931 Israel.
751 905 788 931 Ex
803 905 949 939 prmteritis
966 906 1014 933 do-

216 952 259 973 cet
285 949 428 981 prtnsenlia
451 957 457 976 :
484 955 511 976 et
539 949 713 977 dicentibus:
739 951 874 985 Templum
897 951 1011 986 Domini,
1032 949 1052 978 Β

218 993 340 1028 templum
366 993 482 1028 Domini,
504 997 627 1029 templum
654 997 759 1025 Domini
774 1002 820 1030 cst,
837 1003 864 1026 et
889 999 1016 1033 pretioszu

219 1039 316 1067 domus
330 1041 412 1077 ωε
429 1041 535 1078 fulgore
550 1044 742 1078 gaudentibus,
765 1044 823 1073 Silo
839 1046 884 1073 ubi
900 1047 1017 1081 primum

220 1086 267 1113 fuit
285 1088 490 1116 tabernaculum
509 1091 567 1122 Dei,
585 1091 746 1118 recordatur
762 1092 898 1126 ltistorim,
916 1094 949 1121 de
965 1101 1017 1129 qua

219 1133 246 1159 in
258 1135 363 1167 psalmo
379 1136 510 1171 scriptum
519 1141 560 1164 est
575 1147 580 1164 τ
595 1137 628 1164 Et
643 1139 739 1175 repulit
753 1140 949 1167 tabernaculum
961 1141 1017 1168 Silo

222 1179 283 1216 (Ps.
303 1189 401 1215 tum,
425 1183 481 1218 60).
510 1184 544 1212 Ut
558 1186 697 1220 quomodo
719 1187 766 1214 ille
783 1187 858 1215 lacus
879 1188 903 1215 in
926 1189 1018 1216 ruinas

220 1227 383 1263 cineresque
410 1231 547 1265 collapsus
562 1237 619 1267 est,
638 1234 672 1260 ita
696 1240 722 1261 et
738 1234 881 1269 'l'euiplnm
897 1240 1018 1270 corruat,

221 1282 283 1302 cum
309 1276 440 1305 similium
469 1279 603 1307 habitatio
623 1281 703 1308 luerit
729 1287 913 1317 peccatorum.
943 1284 1019 1312 Sicut

223 1322 305 1357 igitur
331 1323 387 1351 Silo
419 1324 523 1360 Templi
549 1328 705 1362 exemplum
730 1334 782 1362 est,
813 1330 847 1356 ita
877 1330 1018 1366 Templum

224 1370 313 1404 uobis,
337 1371 446 1405 quando
476 1378 582 1408 tempus
598 1374 740 1403 advenerit
756 1375 828 1403 illius
845 1376 992 1405 testimonii
1011 1386 1017 1404 :

228 1416 318 1450 Putas,
331 1418 435 1445 veniens
446 1418 470 1445 Γ
473 1419 533 1446 ilius
546 1419 659 1448 hominis
670 1421 778 1449 iureniet
789 1422 868 1457 [idem
881 1430 958 1459 super
971 1428 1020 1450 ter—

224 1471 281 1489 ram
297 1463 374 1499 (Luc.
393 1472 469 1499 svnt,
487 1465 533 1502 8)?

261 1509 354 1546 (Vers.
370 1512 405 1539 15
419 1512 511 1548 seqq.)
529 1513 561 1540 Et
575 1522 643 1540 nunc
657 1515 718 1549 quia
733 1516 831 1551 fecistis
847 1517 935 1543 omnia
946 1526 1023 1553 opera

226 1559 291 1592 Iure,
308 1562 371 1588 dicit
386 1561 514 1590 Dominus
531 1571 540 1591 :
555 1570 578 1590 et
592 1565 690 1591 locutus
701 1574 759 1592 sum
772 1566 806 1593 ad
819 1575 862 1593 vos
874 1576 949 1594 mane
962 1576 1023 1594 con-

226 1615 334 1641 surgens
348 1613 371 1634 et
386 1608 504 1644 loquens,
520 1616 542 1636 ct
555 1619 605 1637 non
622 1612 732 1639 audistis
748 1620 757 1639 :
772 1617 795 1639 et
807 1615 894 1640 vocavi
918 1621 973 1646 vos,
999 1618 1021 1641 et

229 1663 279 1681 non
293 1657 463 1689 respondistis
478 1665 487 1684 :
507 1657 603 1692 faciant
619 1659 707 1686 domui
723 1659 793 1693 huic,
810 1661 835 1687 in
851 1670 901 1697 qua
917 1662 1020 1688 invoca-
1037 1644 1059 1675 Ο

228 1707 282 1729 Iunt
297 1708 334 1730 est
348 1712 440 1732 nomen
458 1714 552 1734 mcum.
569 1711 592 1733 et
608 1707 635 1733 in
650 1717 701 1744 qua
717 1717 760 1735 vos
774 1708 873 1736 habetis
888 1711 1022 1744 ﬁduciam,

227 1755 250 1777 ct
268 1752 323 1778 loco
337 1761 411 1788 quem
435 1754 494 1780 dch
507 1755 578 1781 vobis
593 1760 617 1781 ct
640 1756 753 1790 patribus
769 1758 868 1789 vestris,
893 1758 958 1784 sicut
976 1759 1024 1795 feci

231 1797 287 1824 Silo
300 1807 308 1825 :
322 1804 344 1825 ct
367 1801 506 1835 projiciam
523 1809 566 1828 vos
580 1810 595 1828 α
609 1803 674 1837 facie
689 1812 757 1837 utea,
771 1804 838 1830 sicut
857 1805 954 1841 projcci
969 1813 1025 1832 om-

232 1853 276 1871 nes
300 1846 394 1880 fratres
419 1852 514 1875 vestros
538 1849 684 1876 universum
706 1859 789 1878 semen
821 1849 947 1894 Epltraint
969 1851 1025 1889 [ΑΙ.

232 1892 338 1930 Isracl].
365 1894 420 1921 lloc
448 1896 519 1930 quod
545 1896 695 1930 posuimus,
724 1907 796 1924 mane
824 1892 979 1935 consurgens
1003 1904 1027 1925 et

231 1940 347 1975 loquens,
372 1942 398 1968 in
414 1942 590 1978 Septuaginta
609 1952 661 1970 non
686 1944 811 1972 Imitetur.
835 1945 912 1973 Mane
935 1950 1025 1973 autem

230 1988 371 2022 Consurgit
386 1987 457 2015 Deus
479 1997 485 2015 :
509 1997 562 2016 non
575 1997 629 2024 quo
641 1990 754 2025 aliquod
766 1990 791 2018 ei
804 1995 911 2026 tempus
926 1991 1028 2026 absque

231 2033 352 2060 diluculo
367 2036 418 2068 sit;
443 2035 491 2063 sed
515 2044 569 2071 quo
592 2042 654 2072 post
671 2038 759 2065 noctis
782 2039 901 2072 quietem
924 2039 1029 2066 viribus

232 2082 356 2115 corporis
383 2082 542 2109 instauratis
565 2083 653 2111 anima
681 2084 820 2112 hominum
843 2086 967 2120 vrgetior
982 2086 1027 2119 sit,

231 2132 257 2154 ct
276 2136 445 2164 nequaquam
459 2130 648 2165 Voluptatibus
664 2138 810 2166 occupata,
828 2132 937 2169 cibique
958 2133 1030 2161 (lesi-

232 2175 320 2208 derio,
337 2177 431 2204 audire
452 2184 476 2205 et
495 2177 585 2206 facere
606 2181 694 2206 valeat
711 2188 772 2216 qua:
787 2180 928 2208 dicuntur.
953 2180 1030 2209 Unde

233 2226 261 2248 et
285 2221 349 2249 illud
374 2222 400 2249 in
426 2223 532 2257 psalmo
555 2225 670 2259 lcgimus
687 2235 693 2252 :
713 2217 789 2252 Mane
805 2227 929 2253 exaudies
944 2234 1031 2254 vocem

234 2276 315 2294 nteant
335 2276 344 2295 :
365 2277 440 2296 mane
454 2270 544 2298 astabo
569 2271 614 2297 tibi
636 2275 660 2298 et
684 2272 775 2299 videbo
800 2272 927 2310 (Psallv,
943 2274 971 2306 4,
989 2273 1030 2309 5).

235 2315 267 2342 lit
282 2315 307 2342 itt
324 2315 391 2343 Isaia
408 2326 414 2344 :
433 2317 471 2344 De
485 2323 571 2351 nocte,
587 2319 648 2353 sive
670 2320 787 2347 diluculo
801 2325 813 2338 ³
829 2326 965 2359 consurget
979 2322 1033 2356 spi-

233 2362 298 2388 ritus
315 2371 385 2389 nteus
399 2364 432 2390 ad
447 2369 481 2397 te,
507 2364 576 2392 Deus
598 2374 608 2393 :
631 2367 755 2402 quoniam
775 2367 822 2394 lux
845 2372 973 2402 prtecepta
989 2374 1032 2395 tua

234 2417 311 2443 super
327 2415 422 2437 terram
447 2411 525 2448 (lsai.
544 2414 630 2449 nrt).
649 2413 726 2442 Unde
749 2420 774 2441 et
792 2415 864 2442 ﬁlios
879 2415 949 2442 lucis
966 2415 1035 2442 Pau~

236 2456 276 2483 Ius
290 2456 303 2475 ι»
327 2458 467 2492 apostolus
491 2460 613 2494 appellat
638 2460 748 2497 (Ephcs.
765 2460 803 2496 v),
824 2467 848 2488 et
868 2469 919 2488 non
945 2462 1033 2489 noctis

237 2511 325 2539 neque
340 2505 530 2539 tenebrarum,
558 2514 607 2534 nec
631 2507 813 2543 dormientes,
841 2509 911 2536 sicut
930 2512 958 2535 et
983 2516 1036 2535 cm-

237 2552 286 2579 tcri
308 2552 460 2584 dormiunt,
476 2555 521 2588 qtti
540 2555 587 2582 Dei
604 2556 731 2582 mandata
749 2563 802 2583 non
818 2556 949 2583 sentiunt.
967 2556 1035 2588 Quia

238 2601 320 2634 igitur
335 2601 407 2627 Dcus
424 2603 532 2629 vocavit
548 2610 604 2635 eos,
622 2602 654 2630 de
669 2608 748 2632 nocte
764 2611 943 2638 consurgens,
967 2607 1034 2634 utet

237 2655 285 2677 eos
299 2647 332 2674 de
350 2648 472 2675 tenebris
487 2649 626 2681 liberaret,
642 2651 824 2677 comtninatur
838 2651 877 2678 eis
891 2649 990 2676 similia
1005 2656 1035 2676 se

238 2701 299 2720 esse
321 2694 454 2722 iacturum
478 2695 592 2730 Templo
618 2696 643 2722 in
670 2696 880 2732 Hierosolymis,
897 2704 956 2735 qua:
972 2695 1036 2727 fecit

239 2740 299 2767 loco
321 2741 388 2772 Silo,
415 2741 460 2768 ubi
475 2742 591 2776 primmn
610 2742 658 2769 fuit
682 2743 884 2770 tabernaculum
902 2752 908 2770 :
925 2747 956 2770 ut
971 2750 1035 2778 pec-

239 2791 297 2818 cata
321 2787 419 2815 similia
437 2788 494 2822 pari
515 2789 653 2819 sententia
678 2789 823 2821 feriantur.
845 2789 878 2817 Et
900 2790 1035 2825 quomodo

240 2834 352 2867 projccit
380 2834 511 2861 Dominus
536 2843 629 2862 semen
657 2835 797 2870 Epln'aim,
814 2836 839 2862 id
863 2841 914 2868 est,
940 2836 1033 2862 decem

277 2920 289 2933 ι
314 2916 407 2943 Victor
432 2918 563 2951 consurgit
589 2925 620 2944 cx
644 2922 760 2951 quatuor
792 2925 857 2943 mss.
884 2922 909 2944 et
938 2917 1035 2944 (ἂι-τιξιό

242 2951 361 2988 ὀρθιὰζει.

281 2986 292 3004 ιι
309 2988 474 3015 lnterseruut
503 2989 566 3015 cditi
593 2989 730 3023 gloriosus,
755 2989 826 3023 quod
852 2993 956 3016 veteres
974 2988 1035 3014 libri

1047 2347 1071 2377 D

1062 301 1109 328 pes
1144 298 1255 328 propter
1282 293 1430 321 Jeroboam
1461 292 1547 319 ﬁlium
1576 292 1676 320 Nabatit
1709 292 1740 319 de
1769 293 1828 319 tribu

1063 339 1204 374 Ephraim,
1227 348 1288 374 qua:
1311 341 1408 367 eadem
1423 340 1612 375 appellabatur
1628 339 1711 366 tribus
1726 338 1829 373 Joseplt:

1062 389 1102 416 sic
1125 389 1207 416 etiam
1225 388 1375 416 lernSalem
1391 393 1419 416 et
1442 388 1543 415 tribum
1559 387 1625 415 .luda
1641 395 1697 414 cum
1712 386 1829 421 Beniamin

1062 444 1092 464 se
1103 436 1271 472 obiecturum
1288 444 1349 464 esse
1362 441 1491 464 testatur.
1508 436 1615 470 Abiecit
1631 435 1710 469 igitur
1721 434 1782 466 Silo,
1794 434 1831 461 ab-

1061 484 1181 519 jccturns
1204 488 1232 511 et
1246 484 1388 518 Templum
1414 492 1420 510 :
1448 483 1549 516 abjecit
1570 482 1661 510 decem
1685 481 1774 512 tribus,
1794 480 1831 508 nb-

1060 532 1184 567 jecturus
1203 536 1229 559 et
1243 531 1320 558 duas.
1337 530 1472 566 Quidquid
1491 529 1530 557 illi
1554 529 1652 563 populo
1676 527 1776 559 dicitur,
1795 527 1830 554 in-

1064 579 1219 614 telligamus
1231 584 1256 605 et
1271 577 1305 605 de
1319 577 1409 609 nobis,
1428 577 1448 604 si
1466 576 1567 603 similia
1585 575 1735 603 fecerimus.

1100 625 1190 662 (Vers.
1211 624 1266 660 l6.)
1289 623 1328 651 Tu
1352 632 1413 660 ergo
1439 622 1492 650 noli
1518 630 1595 649 orare
1621 629 1667 658 pro
1680 621 1765 656 populo
1775 619 1833 646 hoc:

1065 681 1111 700 nec
1133 680 1252 699 assumas
1275 679 1322 706 pro
1335 671 1373 698 eis
1397 670 1501 697 laudem
1516 674 1539 696 et
1561 669 1698 696 orationem
1720 666 1780 698 (sive
1798 673 1833 693 nec

1064 728 1149 757 roges,
1167 724 1193 746 ut
1216 718 1421 746 misericordiam
1444 716 1641 752 consequatur).
1655 714 1734 752 894
1752 714 1833 741 Etnou

1066 765 1175 793 obsistas
1198 765 1261 792 ntihi
1283 773 1292 792 :
1314 765 1375 800 quia
1396 772 1447 791 non
1469 763 1610 791 exaudiam
1631 767 1664 789 te.
1684 762 1719 788 Ne
1732 760 1835 788 videntur

1067 820 1168 848 rogans
1204 811 1340 847 Propheta
1371 818 1425 838 non
1454 810 1604 846 impetrare
1632 808 1702 844 quod
1730 807 1834 842 postulat,

1067 860 1191 895 przecipit
1206 859 1289 891 Deus,
1308 866 1341 886 ne
1366 866 1416 894 pro
1437 859 1536 893 populo
1552 862 1703 892 peccatore,
1719 860 1743 883 et
1756 855 1836 881 nullam

1067 912 1165 942 agente
1181 907 1380 941 paenitentiam,
1398 907 1572 941 deprecetur.
1587 904 1664 939 Quod
1677 909 1759 931 autem
1769 902 1835 930 dicit:

1069 953 1100 980 Et
1114 962 1166 980 non
1180 954 1285 981 resistas
1298 952 1373 984 mihi,
1389 953 1453 980 illud
1469 952 1603 984 ostendit,
1622 951 1686 986 quia
1707 954 1836 977 sanctorum

1068 1008 1164 1035 preces
1180 1001 1227 1028 Dei
1244 1000 1291 1028 ira:
1314 1000 1418 1034 possint
1443 1000 1583 1027 resistere.
1601 997 1681 1026 Unde
1694 1001 1719 1025 et
1731 997 1838 1024 Dominus

1067 1048 1188 1082 loquitttr
1202 1047 1234 1075 ad
1247 1047 1356 1083 Moysen
1371 1055 1377 1073 :
1395 1046 1501 1073 Dimitte
1515 1054 1566 1080 me,
1582 1050 1610 1072 ut
1623 1045 1756 1081 percutiant
1772 1051 1837 1079 popu-

1068 1094 1122 1121 lum
1144 1095 1221 1121 islum
1238 1099 1284 1121 :et
1301 1094 1395 1130 faciant
1410 1099 1433 1120 te
1447 1094 1473 1120 in
1499 1099 1598 1130 gentem
1620 1099 1736 1127 magnam
1758 1089 1837 1126 (Exod.

1069 1149 1154 1174 χλιιι,
1173 1140 1228 1175 10),
1256 1141 1289 1168 Ει
1304 1140 1331 1168 in
1351 1140 1464 1175 psalmis
1479 1140 1578 1175 legitur
1593 1147 1599 1165 :
1617 1138 1652 1165 Et
1667 1138 1734 1165 stetit
1750 1136 1838 1163 Phineu

1069 1192 1092 1214 et
1108 1186 1241 1223 placavit,
1267 1192 1290 1214 et
1316 1187 1424 1214 cessavit
1446 1187 1596 1222 quassatio,
1619 1190 1643 1212 et
1663 1188 1793 1220 reputatum
1813 1186 1839 1208 est

1070 1234 1093 1260 ei
1117 1234 1151 1261 ad
1170 1234 1302 1271 justitiam
1323 1233 1412 1268 (l’sal.
1428 1241 1472 1267 cv,
1488 1233 1546 1268 εο).
1577 1234 1666 1260 Aaron
1693 1238 1787 1267 quoque
1806 1237 1838 1255 ar-

1071 1285 1148 1316 repto
1164 1281 1316 1313 thuribulo,
1333 1281 1404 1308 inter
1429 1281 1518 1316 ignem
1545 1286 1723 1314 arsttrumque
1738 1277 1839 1313 populum

1072 1327 1178 1354 medius
1199 1327 1290 1358 stetit;
1312 1332 1339 1354 et
1368 1327 1414 1353 Dei
1435 1327 1472 1354 ira
1493 1326 1626 1353 cessavit.
1643 1326 1680 1352 Ac
1693 1332 1728 1355 ne
1742 1327 1840 1359 putemus

1071 1374 1258 1401 crudelitatem
1273 1373 1335 1405 Dei,
1353 1373 1397 1408 qui
1422 1382 1456 1400 ne
1472 1372 1559 1408 rcgari
1576 1372 1685 1407 quidem
1710 1378 1737 1398 se
1751 1369 1840 1405 permit-

1072 1425 1130 1452 tat,
1154 1420 1243 1447 reddit
1267 1428 1363 1447 causas
1383 1427 1432 1447 cur
1457 1426 1510 1446 non
1531 1418 1660 1446 exaudiat
1683 1416 1770 1452 (Num.
1784 1413 1840 1449 xvi),

1072 1467 1166 1494 dict-ns
1182 1476 1187 1493 :

1109 1514 1201 1551 (Vers.
1221 1514 1252 1541 Π
1267 1513 1360 1549 seqq.)
1386 1512 1482 1540 Nonne
1496 1511 1566 1539 vides
1582 1512 1646 1547 quid
1660 1511 1701 1538 isti
1722 1510 1806 1545 faciant
1823 1507 1842 1533 is

1073 1562 1220 1588 civitatibus
1242 1560 1325 1593 Iuda,
1343 1566 1365 1587 et
1378 1561 1405 1587 in
1419 1559 1513 1596 plateis
1528 1558 1677 1586 Ierusalem
1688 1559 1701 1585 .’
1720 1556 1777 1585 Filii
1788 1554 1845 1583 colli-

1074 1614 1137 1644 gunt
1162 1608 1245 1643 ligna,
1263 1613 1285 1635 et
1305 1612 1391 1642 patres
1406 1607 1566 1634 succendunt
1582 1607 1670 1643 ignem
1684 1614 1692 1633 :
1706 1610 1729 1633 et
1750 1604 1845 1631 mulieres

1076 1659 1250 1691 conspergunt
1263 1655 1376 1689 adipem,
1399 1659 1427 1681 ut
1443 1654 1541 1689 iaciant
1557 1653 1690 1689 placentas
1705 1652 1767 1686 (sive
1776 1650 1846 1677 citato-

1077 1702 1136 1738 nas)
1159 1703 1257 1738 regium
1271 1702 1339 1738 (sive
1356 1700 1471 1737 militia)
1489 1700 1558 1733 eceli,
1569 1705 1593 1727 et
1609 1699 1690 1727 libent
1705 1699 1752 1725 diis
1765 1695 1845 1727 alienis,

1077 1754 1152 1775 etme
1166 1749 1200 1775 ad
1214 1749 1379 1775 iracundiam
1395 1752 1545 1783 provocent.
1570 1746 1707 1782 Numquid
1721 1753 1756 1772 me
1768 1744 1795 1770 ad
1807 1743 1847 1768 int—

1077 1796 1200 1823 cundiam
1213 1796 1372 1832 provocant?
1392 1796 1455 1822 dicit
1466 1794 1604 1822 Dominus.
1626 1794 1718 1821 Nonne
1729 1791 1848 1826 setnetiptot

1077 1844 1104 1870 in
1120 1844 1297 1877 confusionem
1311 1843 1397 1870 vultus
1411 1843 1473 1870 sui?
1495 1842 1551 1875 Vis,
1572 1842 1674 1877 inquit,
1690 1841 1785 1870 audire,
1798 1838 1848 1865 Pro-

1080 1890 1172 1923 pheta,
1188 1897 1237 1917 cur
1256 1889 1303 1916 tibi
1321 1889 1435 1917 dixerim
1450 1898 1457 1923 ;
1474 1888 1537 1916 Noli
1549 1897 1627 1915 orare
1641 1897 1688 1925 pro
1701 1886 1785 1924 populo
1796 1883 1848 1911 Itor.’

1080 1935 1138 1963 lucc
1150 1936 1251 1963 faciunt
1264 1944 1324 1971 qua:
1339 1942 1490 1970 sequuntur
1505 1945 1511 1960 :
1531 1935 1564 1962 Et
1579 1935 1655 1962 intus
1674 1940 1701 1962 et
1715 1933 1783 1967 furis,
1796 1936 1818 1959 et
1830 1931 1849 1957 in

1080 1984 1188 2020 plateis,
1220 1988 1248 2011 et
1272 1985 1297 2011 in
1323 1984 1443 2011 exitibus
1458 1983 1624 2015 Jerusalem,
1652 1983 1697 2010 lilii
1713 1981 1777 2017 ligna
1791 1985 1850 2006 οοιιια

1083 2036 1203 2068 portant,
1228 2036 1255 2058 et
1278 2036 1369 2066 patres
1392 2030 1562 2058 succendunt
1586 2031 1691 2064 ignem,
1707 2034 1732 2056 et
1747 2026 1852 2054 mulieres

1082 2083 1267 2114 conspergunt
1281 2078 1389 2113 adipem
1407 2085 1468 2104 cum
1485 2077 1584 2108 farina,
1602 2082 1633 2104 ut
1658 2076 1853 2103 faciuntﬁunt]-

1082 2135 1146 2155 oatn
1164 2126 1274 2163 (DVJ‘HD)
1291 2135 1358 2162 quas
1375 2133 1425 2153 nos
1441 2126 1574 2160 placentas
1588 2123 1758 2159 interpretati
1771 2126 1852 2171 sumus.

1082 2174 1139 2201 sive
1156 2173 1375 2209 pratparationes,
1401 2177 1428 2199 ιιι
1445 2179 1526 2199 omne
1541 2179 1628 2206 genus
1644 2170 1766 2198 ostendat
1785 2172 1852 2194 sacri-

1085 2222 1135 2248 ticii
1155 2220 1255 2255 regium
1271 2220 1344 2252 (mli,
1360 2227 1443 2255 qttatn
1471 2219 1563 2246 lunam
1580 2218 1713 2246 debemus
1736 2215 1853 2249 accipere;

1084 2269 1126 2296 vel
1144 2273 1219 2295 certe
1243 2268 1347 2295 militia:
1362 2267 1436 2299 cmli,
1462 2271 1491 2293 ιιι
1506 2274 1604 2294 omnes
1619 2266 1713 2293 stellas
1740 2261 1854 2295 intelliga-

1085 2322 1154 2342 mus.
1172 2315 1204 2342 Et
1220 2319 1282 2349 post
1297 2315 1355 2341 haec
1370 2314 1454 2341 libent
1468 2313 1521 2341 diis
1534 2313 1633 2341 alienis
1653 2321 1660 2339 :
1678 2320 1728 2340 non
1744 2318 1792 2345 quo
1803 2309 1853 2336 sint.

1085 2362 1133 2389 sed
1158 2370 1213 2397 quo
1236 2362 1287 2389 sub
1313 2361 1471 2388 nominibus
1496 2367 1591 2387 eorum
1609 2357 1776 2386 daemonibus
1797 2355 1855 2382 lltttl‘a

1086 2409 1263 2442 snecendant,
1291 2414 1318 2436 et
1344 2415 1387 2435 tne
1412 2407 1444 2434 ad
1471 2406 1642 2434 iracundiam
1668 2406 1805 2439 provocent
1819 2400 1856 2427 ists

1087 2457 1231 2484 iacientes.
1250 2455 1305 2483 Nec
1320 2454 1475 2488 intelligunt
1492 2452 1585 2480 miseri
1601 2453 1664 2487 quia
1681 2452 1729 2479 ista
1743 2446 1856 2477 contentio

1091 2512 1145 2532 non
1170 2511 1213 2531 me
1239 2503 1334 2535 la‘dat,
1369 2509 1450 2537 quem
1477 2508 1624 2535 numquam
1650 2500 1689 2526 ira
1714 2496 1857 2543 commutat:

1087 2551 1134 2578 sed
1162 2550 1325 2584 semetipsos
1350 2549 1377 2576 in
1400 2548 1589 2575 confusionem
1617 2546 1707 2573 vultus
1731 2543 1779 2571 sui.
1801 2544 1822 2566 οι
1838 2544 1858 2564 Il!

1088 2597 1263 2633 ignominiam
1281 2596 1489 2631 sempiternam.
1505 2592 1642 2628 Quidquid
1660 2593 1743 2627 igitur
1759 2588 1859 2633 iacimus,

1087 2629 1140 2673 lion
1157 2647 1240 2673 Deum
1256 2644 1393 2673 l:rdintus,
1411 2643 1456 2677 qui
1478 2641 1537 2669 lardi
1553 2648 1699 2675 numquam
1716 2629 1859 2685 potestsseti

1084 2693 1162 2721 nobis
1180 2692 1320 2719 interitum
1345 2696 1543 2725 pneparamns,
1570 2685 1786 2714 tltesaurizantes
1807 2683 1858 2706 im“

1087 2742 1114 2769 in
1128 2741 1172 2768 die
1193 2741 1251 2767 inn.
1278 2738 1341 2766 ldco
1364 2743 1455 2764 autem
1473 2736 1579 2763 diversa
1600 2733 1689 2761 cilicia
1705 2732 1810 2758 tiliorunt
1825 2731 1861 2759 1⁸³⁸

1088 2793 1212 2823 trumque
1235 2790 1263 2816 et
1292 2788 1407 2812 tnatrum
1435 2783 1525 2819 posuit
1548 2781 1590 2808 vcl
1616 2786 1743 2810 uxorum,
1759 2780 1785 2803 ιιι
1805 2771 1861 2800 nulla

1088 2841 1153 2861 :rtas
1170 2835 1202 2861 sit
1219 2841 1278 2868 qua:
1291 2833 1324 2858 ab
1342 2831 1482 2866 impietate
1499 2827 1671 2857 dissenserit.

1090 2919 1224 2949 ignorant.
1849 2934 1852 2939 ι

1106 2948 1138 2970 ἐ
1168 2952 1193 2978 In
1218 2950 1325 2978 duobus
1351 2957 1427 2978 mss._
1455 2947 1615 2974 Charonum.
1637 2944 1751 2973 Veteres
1771 2939 1861 2975 vulgati.

1092 2989 1221 3017 xix-wind;

1260 3184 1921 3398 ’.-
