3860 6964
517 355 628 421 735

1740 358 1803 417 S.
1849 357 2123 418 EUSEBII
2161 357 2551 416 HlERONYMl
3669 363 3748 422 736

597 472 782 548 (Vers.
814 470 903 543 30,
933 473 1051 545 3L)
1081 473 1218 542 Quia
1242 474 1471 545 fecerunt
1507 473 1608 543 ﬁlii
1646 470 1793 528 ludo
1835 472 2033 527 malum
2060 473 2117 528 in
2142 469 2195 533 Α
2220 471 2285 527 de
2312 471 2495 543 plateis
2509 469 2803 527 Jerusalem
2824 487 2994 527 uocem
3037 472 3226 544 gaudii
3249 515 3261 539 ,
3284 488 3449 529 vocem
3488 471 3683 545 latitia,
3712 490 3749 534 et

529 577 810 636 conspectu
833 583 947 622 meo
966 564 1151 640 [ναις.
1170 564 1337 623 oculis
1354 563 1529 640 meis],
1547 564 1676 620 dicit
1701 563 1957 620 Dominus
1976 581 1996 621 :
2027 581 2122 633 po-

2228 580 2396 619 vocem
2416 564 2621 635 sponsi,
2644 572 2691 619 et
2718 580 2890 619 vocem
2910 580 3139 633 sponsaz.
3183 562 3248 619 In
3277 565 3619 624 desolationem
3647 572 3748 627 enim

526 670 745 718 suerunt
761 660 1081 729 oll'endicula
1099 677 1196 716 sua
1220 661 1276 715 in
1322 660 1499 725 domo,
1521 660 1574 714 in
1599 676 1703 730 qua
1730 659 2025 713 invocatum
2048 667 2123 714 est

2239 663 2321 718 erit
2342 671 2502 718 terra.
2535 661 2671 719 Cum
2693 663 2846 719 locus
2877 662 3208 719 idololatriae
3237 680 3427 721 versus
3453 664 3599 722 fuerit
3621 668 3666 724 in
3688 684 3752 726 se-

528 770 716 809 nomett
736 770 927 820 meum,
963 763 1020 808 ut
1047 752 1337 824 polluerent
1365 768 1503 809 eant.
1529 750 1597 806 Et
1618 752 2009 819 wdiﬁcarerunt
2035 766 2127 806 ea:-

523 846 666 904 celsa
690 845 829 921 (sive
848 848 1026 918 aram)
1048 846 1432 918 Topheth,qnte
1448 855 1528 902 est
1546 846 1600 900 in
1620 845 1758 901 valle
1775 845 1875 915 ﬁlii
1898 844 2122 911 Ennom,

523 952 581 998 ut
601 943 935 1001 incenderent
965 943 1109 1014 ﬁlius
1136 960 1280 1009 suos,
1303 952 1350 997 et
1378 943 1520 1014 ﬁlias
1543 958 1668 996 suas
1692 942 1813 1015 igne
1834 957 1855 997 :
1880 956 1998 1013 qua:
2022 957 2125 995 non

523 1041 772 1112 prrecepi,
798 1057 891 1095 nec
918 1040 1143 1114 cegitavi
1171 1040 1224 1096 in
1257 1040 1413 1094 corde
1435 1055 1567 1094 meo.
1598 1037 1752 1107 Quod
1801 1036 1857 1093 in
1898 1036 2127 1106 'l‘emplo

521 1131 617 1187 Dei
650 1133 747 1188 lilii
776 1132 915 1189 Juda
940 1140 1179 1191 statuam
1212 1132 1337 1188 Baal
1367 1131 1692 1203 posuerint,
1731 1130 1785 1185 in
1818 1129 2126 1187 Ezechielis

519 1227 793 1300 principio
821 1226 1108 1283 discimus.
1172 1225 1408 1282 Excelsa
1467 1233 1676 1290 autem,
1705 1239 1829 1293 quas
1860 1223 2127 1280 llebraice

520 1321 873 1391 appellantur
898 1336 1117 1377 nullout
1146 1319 1167 1393 (
1192 1325 1349 1376 mm
1378 1319 1397 1391 )
1423 1362 1439 1385 ,
1476 1318 1594 1374 sive
1621 1333 1773 1373 aram
1821 1316 2075 1387 Tapheth
2107 1360 2122 1381 ,

528 1430 652 1486 quae
692 1423 781 1470 est
808 1415 862 1471 in
899 1415 1045 1471 valle
1072 1423 1099 1453 α
1123 1414 1360 1471 ﬁliorum
1395 1413 1634 1479 Ennom,
1660 1412 1815 1469 illum
1846 1412 2028 1470 locum
2052 1412 2129 1468 si-

525 1507 771 1580 gniﬁcat,
795 1508 887 1579 qui
909 1506 1061 1565 Siloe
1091 1508 1334 1564 fontibus
1357 1507 1618 1579 irrigatur
1641 1524 1657 1574 ;
1680 1518 1737 1563 et
1762 1516 1848 1563 est
1877 1521 2129 1564 amoenus

529 1611 695 1671 atque
723 1617 1084 1668 nemorosus,
1129 1603 1402 1675 hodieque
1444 1603 1725 1659 hortorum
1779 1602 1987 1673 prmbet
2034 1602 2130 1658 de-

525 1692 701 1751 licias.
747 1695 846 1751 llic
868 1703 1051 1751 autem
1098 1696 1419 1768 gentilitatis
1467 1710 1627 1751 error
1672 1706 1863 1751 omnes
1896 1696 2123 1765 provin-

525 1787 641 1843 cias
670 1790 977 1859 occupavit,
1000 1798 1057 1844 ut
1085 1788 1152 1845 ad
1182 1790 1361 1860 capita
1385 1788 1653 1846 montium
1678 1788 1941 1860 lucosque
1959 1804 2130 1846 amm-

2229 756 2450 826 pulcra:
2484 763 2545 810 ut
2576 755 2666 811 ubi
2711 756 2881 813 Deum
2935 755 3303 826 oﬁ'enderant,
3329 758 3401 814 ibi
3429 774 3602 816 eorum
3630 761 3750 819 inbu-

2228 857 2369 904 mata
2391 848 2617 918 jaceaut
2652 848 2943 917 cadavera,
2979 850 3048 906 de
3090 851 3226 906 urbe
3259 849 3515 922 quondam
3545 849 3753 925 [ALqua

2226 938 2525 1014 quondam]
2547 941 2849 999 Jerusalem
2879 954 2934 999 et
2963 942 3033 999 de
3053 944 3272 999 oteteris
3296 945 3529 1010 urbibus,
3553 961 3655 1017 qua
3676 947 3753 1004 sub

2228 1036 2377 1093 illius
2397 1036 2605 1093 ditione
2633 1046 2791 1093 erant
2809 1080 2822 1102 ,
2851 1041 3134 1096 auferetur
3161 1039 3335 1093 omnis
3357 1038 3561 1103 laetitia,
3585 1049 3632 1095 et
3648 1056 3752 1098 mte-

2227 1144 2353 1187 rore
2376 1172 2392 1198 ,
2423 1130 2736 1201 gemituque
2789 1141 2845 1188 et
2881 1130 3227 1188 desolatione
3252 1130 3429 1187 omnia
3457 1132 3749 1203 complebun-

2230 1236 2342 1282 llll‘.

2304 1318 2459 1392 (Cap.
2486 1318 2620 1375 Vlll.
2649 1349 2721 1360 —
2748 1319 2911 1376 Vers.
2940 1320 2963 1375 l
3001 1318 3190 1389 seqq.)
3216 1316 3283 1373 In
3309 1326 3523 1390 tempore
3559 1318 3637 1373 illo
3656 1360 3669 1383 ,
3700 1321 3753 1374 ait

2229 1408 2508 1479 Dominus,
2531 1410 2741 1484 ejicient
2778 1428 2895 1466 ossa
2917 1411 3052 1482 regis
3095 1410 3273 1477 Iuda,
3298 1418 3344 1463 et
3384 1426 3493 1464 ossa
3526 1409 3755 1482 principum

2228 1507 2364 1577 ejus,
2397 1511 2442 1558 et
2470 1519 2587 1558 ossa
2610 1503 2977 1564 Sacerdotunt.
3003 1513 3050 1559 et
3074 1521 3190 1559 ossa
3215 1502 3597 1574 Prophetarum,
3613 1513 3650 1556 et
3666 1518 3754 1557 ossa

2230 1612 2429 1661 eorum,
2458 1598 2547 1663 qui
2569 1597 2927 1652 habitaverunt
2956 1594 3275 1663 Jerusalem,
3311 1597 3375 1651 de
3397 1596 3623 1669 sepulcris
3655 1597 3753 1651 suis.

2231 1686 2301 1742 Et
2341 1688 2633 1761 expandent
2660 1686 2841 1762 {Vulg
2873 1687 3128 1762 pendent]
3169 1706 3231 1744 ea
3251 1687 3322 1743 ad
3351 1689 3504 1744 solent
3532 1697 3571 1742 et
3594 1688 3750 1755 lunam,

2231 1788 2277 1833 et
2299 1779 2367 1834 ad
2383 1798 2585 1836 omnem
2606 1782 2847 1837 militiam
2882 1782 3029 1849 caeli,
3064 1798 3182 1853 qua:
3220 1782 3523 1846 dilexerunt,
3542 1789 3585 1836 et
3616 1781 3753 1848 quibus

527 1881 789 1938 nissimos
813 1852 1066 1939 victimas
1104 1882 1478 1949 immolarent,
1507 1893 1565 1939 et
1603 1883 1783 1940 omnis
1814 1898 2000 1953 prava:
2032 1898 2129 1938 sn-
2159 1852 2208 1913 Β
2238 1873 2544 1941 servierunt,
2570 1883 2618 1927 et
2665 1883 2782 1944 post
2816 1890 2929 1945 qua:
2966 1872 3379 1939 ambulaverunt.
3401 1881 3446 1926 ει
3479 1887 3579 1941 εἴη
3593 1870 3756 1941 Mil“

524 1975 862 2046 perstitionis
925 1976 1122 2047 religio
1189 1985 1527 2033 servaretur.
1588 1975 1845 2032 Toeue'ru
1901 1976 2130 2050 (rural)

526 2063 711 2136 lingua
739 2065 965 2123 Helmea
997 2068 1387 2139 interpretatur
1436 2069 1660 2124 latitudo
1689 2086 1703 2125 :
1754 2070 2131 2142 scriptumque

530 2157 710 2216 fertur
736 2161 790 2217 in
816 2160 960 2218 libro
982 2161 1150 2220 Josue
1179 2162 1278 2221 ﬁlii
1303 2163 1424 2220 Non
1451 2164 1521 2221 de
1552 2164 1657 2221 hoc
1678 2165 1822 2232 loco,
1846 2166 1936 2235 qui
1959 2176 2047 2224 est
2077 2168 2131 2225 in

532 2252 681 2308 valle
699 2252 935 2309 ﬁliorum
970 2254 1209 2324 Eunom,
1240 2265 1296 2313 et
1316 2257 1588 2315 llebraice
1626 2258 1824 2316 dicitur
1882 2276 2130 2319 oceano:

533 2342 561 2385 ι»
587 2343 664 2400 Ge
698 2362 713 2400 :
745 2346 764 2416 (
792 2346 921 2420 nu)
973 2348 1177 2421 quippe
1226 2352 1501 2428 φάραγγα,
1535 2352 1637 2409 hoc
1660 2362 1778 2421 est,
1813 2354 2002 2409 vallem
2033 2372 2052 2409 :
2080 2366 2135 2412 et

537 2449 718 2493 κηποι
745 2436 879 2509 (nrt
899 2439 940 2510 ),
982 2446 1064 2494 vel
1094 2440 1333 2498 hominis
1355 2445 1669 2511 nomen,vel
1698 2446 1924 2521 gratiam
1952 2457 2131 2503 sonat.

534 2526 887 2602 Traduntque
929 2532 1143 2592 Hebraei
1184 2549 1252 2591 es
1276 2535 1383 2592 hoc
1404 2536 1526 2593 loco
1554 2537 1891 2608 appellatam
1916 2539 2135 2597 Geben-

532 2635 687 2689 nam,
710 2622 839 2695 quia
868 2623 1080 2683 scilicet
1106 2627 1287 2683 omnis
1304 2629 1535 2699 populus
1554 2628 1876 2687 Judmorum
1908 2632 1980 2687 ibi
2012 2648 2134 2701 per-

531 2712 692 2779 ierit.
725 2715 1011 2774 offendens
1039 2719 1232 2775 Deum.
1286 2719 1342 2777 In
1370 2737 1480 2792 quo
1501 2722 1623 2779 loco
1643 2724 1809 2780 etiam
1838 2723 1984 2781 ﬁlios
2007 2740 2136 2781 suos

536 2808 660 2880 igne
686 2810 848 2867 idolis
867 2814 1393 2882 cousecrarint,sive
1411 2817 1791 2873 holocaustum
1810 2811 2135 2889 obtulerint,

536 2918 660 2975 qua:
689 2920 797 2961 non
828 2909 1152 2979 praeceperit
1173 2909 1284 2977 eis,
1320 2924 1421 2966 nec
1442 2910 1547 2965 ulla
1576 2909 1740 2980 Legis
1762 2912 1991 2981 jus<erit
2011 2929 2137 2969 san-

533 2996 719 3051 ctione
769 2996 859 3070 (IV
891 2999 1023 3072 Reg.
1053 3000 1212 3073 xvn).
1241 3001 1397 3070 Quod
1427 3002 1476 3058 si
1502 3002 1701 3073 .lephte
1729 3004 1933 3061 obtulit
1967 3005 2133 3063 ﬁliam

532 3103 689 3144 suam
722 3090 989 3161 virginem
1012 3093 1147 3157 Deo.
1178 3111 1288 3151 non
1318 3096 1650 3153 sacriﬁcium
1684 3098 1986 3169 placet,sed
2017 3102 2138 3156 ani-

533 3195 652 3236 mus
684 3182 964 3241 offerentis
988 3185 1145 3253 llud.
1175 3187 1282 3260 xl).
1308 3187 1496 3256 Neque
1538 3190 1684 3245 enim
1726 3192 1771 3247 si
1817 3194 1997 3260 canis,
2036 3202 2129 3249 aut

2233 1978 2374 2034 runt,
2400 1977 2447 2022 et
2488 1968 2857 2023 adoraverunt.
2895 1967 3016 2024 Non
3042 1967 3378 2039 colligentur,
3394 1975 3439 2020 et
3458 1982 3549 2020 non
3568 1964 3755 2037 δίρειίιπσ

2233 2068 2351 2124 tur;
2369 2060 2420 2113 in
2435 2061 2819 2131 sterquilinium
2835 2078 2990 2131 super
3010 2062 3197 2133 faciem
3209 2068 3362 2115 terra?
3381 2056 3599 2114 erunt.Et
3615 2059 3752 2129 eligent

2236 2153 2399 2226 magis
2421 2162 2634 2207 mortem
2659 2170 2817 2226 quam
2838 2154 2996 2208 vitant
3012 2171 3191 2215 omnes
3211 2153 3306 2225 qui
3338 2151 3523 2207 residui
3543 2151 3696 2223 fuerint
3710 2150 3756 2203 de

2234 2254 2543 2325 cognatione
2569 2254 2668 2309 hac
2687 2256 2933 2328 pessima,
2957 2255 3013 2309 in
3038 2254 3298 2310 uniuersis
3316 2252 3440 2307 locis
3457 2250 3753 2323 qucdmlicts

2234 2356 2375 2415 sunt,
2395 2347 2465 2402 ad
2480 2365 2597 2420 quia
2611 2349 2740 2417 ejeci
2759 2365 2871 2413 eos,
2885 2348 3013 2403 dicit
3042 2345 3308 2402 Dominus
3329 2348 3635 2402 exercituum.
3662 2342 3755 2399 0m-

2237 2438 2324 2493 nia
2355 2456 2474 2511 qua:
2494 2440 2834 2511 prophetalis
2854 2455 3041 2497 sermo
3058 2438 3352 2504 describit,
3377 2447 3549 2493 nostro
3571 2445 3754 2507 tempore

2234 2538 2514 2594 cernimus
2537 2537 2805 2594 accidisse
2834 2555 2848 2592 :
2881 2554 2990 2593 non
3021 2539 3115 2593 uni
3154 2535 3496 2604 Jerusalem,
3536 2548 3637 2606 qua
3676 2533 3749 2587 ista

2235 2645 2492 2702 perpessa
2517 2640 2601 2688 est
2625 2646 2655 2686 a
2677 2630 2944 2687 Chaldaeis
2965 2641 3131 2702 atque
3159 2628 3542 2695 Romanis,sed
3563 2627 3753 2683 universo

2236 2724 2357 2780 orbi
2383 2742 2396 2778 :
2428 2724 2499 2780 ita
2527 2733 2586 2780 ut
2614 2725 2870 2797 lacryma:
2902 2724 3168 2792 aruerint,
3200 2734 3261 2779 et
3290 2722 3532 2779 universa
3552 2718 3753 2791 contnpleta

2237 2816 2348 2872 sint
2376 2818 2594 2873 ossibus
2623 2828 2987 2873 mortuorum.
3020 2816 3085 2872 Et
3113 2816 3241 2888 quia
3278 2813 3655 2883 solebantjuxta
3684 2825 3754 2864 aa-

2237 2912 2447 2984 tiquum
2472 2928 2703 2980 morem,
2737 2928 2952 2979 aurum,
2973 2921 3029 2968 et
3056 2910 3083 2949 ά
3110 2911 3366 2982 quaedam
3399 2917 3673 2966 ornamenta
3693 2902 3751 2957 vel

2238 3009 2526 3065 mulierum
2573 3010 2659 3066 vel
2712 3008 2962 3065 virorum
3004 3008 3059 3064 in
3114 3007 3388 3079 sepulcris
3422 3004 3645 3063 condere.
3672 2999 3753 3054 hac

2237 3116 2454 3172 qucque
2486 3102 2843 3172 frangebatet
2901 3100 3196 3157 effodiebat
3221 3097 3476 3164 avaritia,
3503 3105 3553 3151 ut
3591 3094 3697 3150 calo
3717 3099 3754 3144 et

2244 3193 2346 3258 luci
2392 3193 2773 3264 proderentur.
2827 3193 2892 3248 Et
2943 3192 3071 3250 ideo
3092 3194 3332 3264 primum
3363 3205 3535 3262 regum
3564 3185 3688 3252 luds,
3716 3191 3753 3236 el

526 3276 737 3344 asinus,
785 3287 882 3334 aut
928 3254 1269 3338 immundum
1306 3254 1593 3354 quodlibet
1638 3285 1843 3341 animal
1898 3254 2131 3356 primum
2162 3254 2208 3318 Ο
2241 3254 2549 3357 principum
2578 3286 2721 3357 ejus,
2769 3254 3131 3343 Sacerdotth
3174 3298 3399 3357 quoque
3422 3254 3480 3339 et
3524 3276 3753 3349 Propheta-

531 3372 866 3430 occurrisset
920 3377 1057 3445 patri
1111 3377 1319 3434 acaede
1352 3378 1590 3435 hostium
1640 3381 1965 3450 revertenti,
2022 3383 2135 3439 Deo

536 3464 670 3520 illud
699 3465 908 3523 offerre
940 3468 1229 3525 debuerat.

605 3560 789 3634 (Vers.
822 3564 913 3628 52.
946 3564 1063 3636 33.)
1095 3563 1223 3621 Ideo
1244 3583 1359 3623 ecce
1384 3569 1496 3624 dies
1522 3571 1744 3637 uenient,
1786 3571 1912 3625 dicit
1960 3572 2136 3627 Domi-

532 3669 654 3715 nus,
682 3661 858 3709 etnon
909 3655 1111 3710 dicetur
1140 3657 1371 3728 amplius
1394 3700 1410 3726 ,
1444 3658 1713 3731 Topltetlt,
1755 3670 1805 3717 et
1849 3661 2004 3717 vallis
2037 3663 2139 3733 ﬁlii

537 3744 767 3814 Ennom,
788 3749 882 3804 sed
921 3750 1074 3806 vallis
1119 3753 1494 3824 interfectinnis
1523 3771 1544 3811 :
1597 3765 1644 3811 et
1676 3766 1700 3795 ο
1735 3757 2049 3825 sepelienlnr
2080 3758 2135 3811 in

537 3836 796 3909 Topltetlt,
821 3858 881 3896 eo
923 3843 1063 3914 quod
1102 3860 1205 3899 non
1246 3846 1315 3900 sit
1348 3846 1518 3903 locus.
1552 3846 1621 3901 Et
1656 3848 1752 3903 erit
1802 3850 2137 3904 morticinum

532 3934 713 4007 populi
735 3935 895 4007 hujus
924 3936 980 3990 in
1000 3937 1493 3995 cibummolucribus
1515 3942 1653 4010 caeli,
1674 3952 1721 3996 et
1744 3942 1917 3997 bestiis
1947 3952 2096 3998 terrm
2119 3958 2137 3998 :

526 4037 576 4083 et
605 4046 709 4084 non
741 4030 835 4084 erit
857 4032 945 4101 qui
966 4031 1163 4106 abigat.
1194 4032 1437 4105 Tempus
1484 4036 1791 4092 obsidionis
1822 4036 2135 4109 signiﬁcat,

528 4121 673 4194 quod
699 4122 766 4179 ab
789 4139 933 4180 anno
962 4140 1109 4181 nono
1134 4126 1417 4184 Sedechim
1448 4130 1595 4199 regis
1627 4145 1800 4202 usque
1838 4131 1905 4185 ad
1931 4146 2136 4187 annum

536 4216 885 4275 undecimum
937 4222 1183 4291 perpessi
1212 4232 1342 4279 sunt
1379 4223 1471 4289 (IV
1508 4224 1635 4297 Reg.
1661 4224 1791 4296 xxv)
1822 4243 1838 4294 ;
1880 4234 1936 4281 et
1970 4208 2140 4301 θεά

530 4310 676 4381 quod
702 4327 1046 4383 nequaquam
1074 4327 1304 4371 Vocetur
1330 4316 1491 4372 vallis
1519 4318 1633 4386 ipsa
1680 4317 1989 4390 gehennom,
2032 4320 2138 4375 hoc

529 4415 640 4471 est,
672 4407 823 4463 uallis
846 4406 1077 4475 Ennom,
1111 4410 1228 4467 sive
1258 4410 1494 4481 ﬁliorum
1519 4411 1724 4468 Ennom
1745 4431 1763 4469 :
1785 4414 1884 4470 sed
1925 4416 1997 4471 ob
2052 4416 2136 4472 in-

532 4498 911 4556 terfectionem
974 4500 1367 4570 plurimorum,
1407 4503 1559 4559 vallis
1607 4505 1907 4561 occisionis.
1962 4506 2135 4563 Tanta

536 4602 718 4649 autem
735 4594 914 4651 cmdes
939 4598 1130 4660 erit.ut
1153 4597 1206 4653 in
1237 4599 1358 4654 loco
1387 4598 1543 4669 prius
1560 4600 2126 4673 religionis,sepulcra

537 4686 649 4742 sint
681 4687 1097 4746 innumerabilia
1126 4710 1138 4747 :
1174 4704 1230 4748 et
1248 4708 1386 4762 quos
1414 4692 1652 4765 sepelire
1680 4710 1788 4750 non
1832 4696 2131 4766 pomerint,

529 4782 844 4837 lacerentur
867 4783 935 4839 ab
964 4785 1179 4853 avibus,
1201 4795 1257 4842 et
1274 4802 1303 4842 a
1329 4786 1526 4843 bestiis
1541 4787 1895 4846 devorentur.
1913 4788 2134 4846 Nullus-

532 4890 639 4946 que
666 4875 742 4932 sit
773 4877 863 4948 qui
897 4878 1103 4947 abigat,
1130 4880 1335 4935 similia
1367 4891 1641 4949 metuens,
1675 4892 1733 4939 et
1764 4882 2026 4939 humandi
2059 4886 2133 4939 vi-

528 4979 652 5026 ctus
677 4969 898 5028 ofﬁciis.
925 4972 1211 5030 Manifesta
1238 4978 1685 5044 transcurrimus,
1705 4987 1763 5033 ut
1785 4978 1959 5035 sicubi
1982 4978 2135 5035 locus

532 5062 724 5131 fuerit,
752 5066 803 5120 in
826 5065 1077 5123 obscuris
1099 5083 1396 5126 moremur.
1412 5070 1589 5142 Ipsius
1613 5072 1757 5127 enim
1782 5072 1904 5128 libri
1928 5073 2135 5144 magni-

532 5158 667 5215 tudo
689 5160 970 5217 fasﬁdium
996 5172 1177 5231 potest
1205 5163 1385 5223 facere
1406 5166 1745 5237 legentibus,
1776 5176 1981 5239 quanto
2022 5183 2137 5223 ma-

529 5250 614 5321 gis
638 5252 683 5306 si
712 5267 742 5307 a
766 5253 925 5309 nobis
956 5253 1117 5309 latius
1139 5255 1457 5313 disseratur.

603 5342 783 5414 (γεγε.
810 5345 926 5416 δι.)
959 5346 1023 5401 Et
1048 5349 1306 5419 quiescere
1338 5350 1529 5421 faciam
1559 5351 1622 5406 de
1659 5352 1870 5407 urbibus
1889 5351 2053 5419 Inda,
2088 5361 2138 5408 et

605 5564 738 5644 ξξΖ-ιι
764 5564 1033 5622 Brixianis
1052 5567 1347 5644 codicibus
1393 5569 1482 5625 hic
1518 5580 1682 5644 atque
1732 5571 1873 5628 infra
1917 5573 2123 5631 Victor.

535 5635 635 5709 ﬁlii
662 5634 872 5709 Eanum
899 5639 1196 5709 rescripsit.

603 5705 631 5745 δ
661 5707 718 5785 lu
747 5706 1018 5785 Hebraico
1038 5705 1119 5785 est
1144 5716 1256 5785 ξιξ-τ
1281 5716 1344 5767 τι
1383 5720 1453 5769 Νλ
1476 5758 1489 5780 ,
1525 5712 1679 5769 uallis
1725 5716 1825 5785 ﬁlii
1857 5714 2125 5783 Hennam,

532 5777 681 5848 quod
704 5777 922 5864 Ilt‘revius
948 5781 1144 5864 dicitur
1167 5777 1505 5864 _Geheuno_m,
1529 5797 1592 5864 _e_t
1637 5777 1908 5864 épiauéc
1929 5777 2131 5859 Geluan

537 5865 688 5975 ζευξιῆ
706 5849 955 5975 glittera
974 5853 1041 5909 ad
1057 5852 1297 5923 Syriacae
1325 5856 1545 5914 dialecti
1564 5849 1839 5930 ingenium
1854 5899 1871 5927 ,
1885 5849 2134 5916 conver-

2239 3395 2383 3447 rum,
2410 3388 2467 3437 et
2499 3378 2743 3437 universi
2777 3379 2995 3451 populi,
3025 3379 3116 3449 qui
3151 3377 3369 3434 fuerant
3399 3376 3452 3432 in
3495 3369 3752 3432 Jerusalem,

2236 3488 2360 3530 ossa
2388 3474 2457 3528 de
2489 3474 2713 3529 tumulis
2755 3471 3210 3544 proferebantur,
3246 3470 3477 3543 patentia
3504 3466 3592 3524 soli
3621 3473 3664 3520 et
3693 3461 3753 3515 lu-

2240 3582 2345 3632 nae,
2365 3575 2417 3621 et
2443 3566 2689 3622 omnium
2720 3566 3008 3621 stellarum
3046 3564 3299 3635 aspectui
3334 3580 3349 3618 :
3391 3571 3447 3618 ut
3472 3558 3640 3631 quibus
3671 3567 3753 3609 ser-

2238 3660 2470 3727 vierant,
2496 3660 2665 3733 899
2688 3659 2959 3715 derelicto
2992 3660 3339 3724 Deo,eorum
3369 3664 3592 3729 paterent
3616 3662 3753 3715 ssrec-

2242 3756 2390 3812 tibus
2420 3770 2434 3809 :
2466 3766 2524 3811 et
2546 3764 2877 3825 consumpta
2910 3755 2964 3809 in
2993 3751 3663 3825 storquiliniumetcineres
3680 3741 3757 3797 sol-

2239 3861 2520 3907 verentur.
2553 3849 2611 3907 Si
2639 3849 2761 3919 quis
2793 3858 2976 3906 autem
3031 3850 3101 3905 de
3162 3846 3505 3904 multitudine
3552 3841 3755 3914 potuisset

2240 3943 2573 4017 eﬁugere,ad
2607 3958 2971 4013 qmecumqne
3002 3942 3122 3997 loca
3147 3941 3414 4006 venisset,
3435 3946 3635 3995 mortem
3661 3942 3758 4001 prte-

2242 4041 2415 4096 ferret
2447 4038 2575 4094 vitae
2602 4056 2614 4092 :
2641 4047 2697 4094 ct
2728 4024 3032 4094 remedium
3082 4034 3323 4091 infelicis
3381 4032 3560 4088 animae
3601 4028 3759 4098 putare!

2241 4133 2547 4189 interitum.
2906 4122 2909 4123 ⁷

2312 4227 2501 4301 (Vers.
2530 4225 2615 4299 4.)
2648 4224 2713 4280 Et
2736 4226 2878 4280 dices
2905 4224 2976 4279 ad
3005 4240 3091 4279 eos
3117 4239 3137 4279 :
3185 4221 3312 4278 Htec
3360 4221 3480 4276 dicit
3529 4213 3758 4306 Ποτνιέως

2240 4321 2487 4393 numquid
2517 4320 2608 4391 qui
2638 4317 2786 4373 cadet
2819 4316 2940 4390 [ΑΙ.
2977 4314 3161 4389 cadit],
3198 4332 3304 4370 non
3338 4310 3594 4383 resurget?
3628 4302 3756 4371 thti

2239 4433 2452 4472 auersus
2481 4424 2578 4480 est,
2605 4431 2710 4468 non
2731 4420 3018 4468 revertetur
3042 4411 3190 4485 (sive
3214 4427 3324 4466 non
3359 4400 3644 4475 avertetur)?
3666 4395 3757 4452 Post

2242 4518 2387 4566 tanta
2413 4510 2552 4565 mala
2578 4508 2643 4563 ad
2665 4505 3042 4578 pmnitentiam
3070 4500 3534 4577 provocatcosqui
3552 4489 3758 4569 potuerint

2240 4619 2529 4663 remanere
2563 4622 2576 4657 :
2606 4604 2722 4659 sive
2750 4602 3111 4674 priuS'quam
3142 4599 3373 4657 veniant
3422 4612 3538 4668 quae
3582 4589 3756 4687 minatus

2237 4709 2343 4767 est,
2372 4697 2624 4754 hortatur
2655 4696 2722 4752 ad
2752 4693 3206 4760 conversionem,
3242 4703 3298 4750 et
3324 4693 3418 4750 dat
3445 4692 3603 4745 locum
3628 4694 3753 4755 pmnl'

2253 4793 2456 4847 tentias.
2482 4788 2643 4859 Quod
2674 4800 2859 4845 autem
2888 4788 3041 4857 juxta
3064 4788 3394 4844 chraicum
3424 4782 3651 4853 scriptum
3672 4779 3754 4829 est!

2244 4882 2312 4938 Et
2336 4884 2425 4954 qui
2453 4899 2661 4938 auersus
2691 4891 2787 4948 est,
2815 4898 2919 4936 non
2937 4890 3223 4947 auertctur,
3249 4879 3381 4935 illud
3405 4859 3755 4946 signiﬁcatqtmd

2239 4980 2333 5051 qui
2362 4994 2392 5032 a
2423 4978 2533 5033 Deo
2561 4955 2852 5033 aversatus
2868 4984 2975 5043 est,
3008 4977 3055 5031 si
3087 4975 3328 5032 voluerit
3352 4972 3418 5028 ad
3450 4969 3644 5028 meliora
3664 4972 3755 5016 ωη-

2243 5070 2408 5135 verti,
2435 5071 2613 5141 possit
2636 5077 2693 5125 et
2721 5068 2819 5126 Dei
2849 5068 3091 5125 furorem
3123 5068 3191 5124 ad
3228 5068 3454 5123 meliora
3484 5065 3751 5120 convertere.

2238 5174 2294 5222 et
2322 5163 2565 5221 venienti
2595 5163 2890 5229 obsistere,
2917 5171 2973 5219 et
2995 5162 3180 5233 plagas
3214 5160 3467 5233 precibus
3500 5153 3694 5245 evitare.
3727 5236 3735 5245 ⁸

2314 5257 2500 5332 (Vers.
2528 5254 2611 5325 5.)
2641 5255 2817 5324 Quare
2842 5272 2966 5329 ergo
2991 5265 3015 5293 θ
3047 5272 3259 5311 aversus
3300 5264 3374 5311 est
3406 5250 3609 5323 populus
3634 5244 3758 5295 istm

2241 5349 2532 5407 Jerusalem
2609 5349 2876 5405 aversione
2954 5349 3325 5403 contentiosa?
3400 5333 3758 5417 approbando"!

2312 5585 2335 5613 ε
2377 5574 2523 5630 Idem
2563 5573 2629 5628 ad
2669 5574 2813 5629 sacri
2858 5583 3040 5630 textus
3082 5573 3353 5640 formam,
3395 5579 3440 5627 et
3476 5567 3697 5642 sepelietu-

2308 5642 2335 5718 ει
2376 5645 2432 5700 1η
2462 5645 2634 5701 Vatic.
2661 5655 2714 5700 et
2734 5643 2940 5718 Cister.
2975 5648 3189 5708 isthzec.
3212 5654 3261 5700 et
3280 5634 3509 5718 quaedam
3525 5634 3755 5718 erit“???

2236 5716 2317 5773 uel
2354 5716 2785 5791 mulierum._vel
2835 5720 3065 5791 uirorum
3091 5760 3103 5778 .
3165 5706 3553 5791 desiderantur.
3592 5706 3753 5763 latiora

2239 5789 2493 5861 quaedam
2536 5789 2763 5847 inferius
2803 5806 2870 5858 es
2914 5789 3110 5859 iisdem
3135 5789 3483 5861 castigamus;

2318 5870 2341 5897 ο
2379 5859 2547 5919 Iidem
2589 5874 2749 5929 mss.,
2786 5874 3075 5919 aversatus.
