4084 6324
191 331 307 390 737
732 333 1344 412 :COMMENTARIORU
1354 338 1403 394 Μ
1447 335 1510 394 ΙΝ
1553 334 1841 394 ιΕιιΕιιιΑ

1952 331 2372 394 ΙἸὶΟΙἮιιΤΑΜ
2413 336 2547 394 LIB.
2589 336 2654 397 ll.
2694 338 2850 397 CAP.
2897 339 3025 397 VIII.
3432 337 3547 396 758

196 452 660 522 ιιιεηάασίωηιει
689 455 972 512 noluerunt
996 458 1202 514 reverti.
1225 455 1465 524 Quanto,
1491 453 1692 523 inquit,
1722 469 1836 509 ma-

1947 461 1996 509 et
2023 467 2054 508 c
2077 454 2355 511 contrario
2387 454 2652 526 sapientia
2681 470 2872 512 eorum
2904 455 3259 510 convincatur
3282 455 3534 522 stultitia,

195 546 285 619 gis
315 563 431 619 ego
467 549 544 604 ad
579 550 961 621 paenitentiam
1010 550 1332 622 provocavi,
1358 558 1512 605 tanto
1542 549 1619 604 illi
1648 549 1831 619 plures
1935 545 2151 602 dicente
2205 547 2375 602 Paulo
2417 549 2708 620 apostolo:
2748 549 2852 618 Qui
2895 549 3046 604 doces
3089 549 3271 616 alium,
3315 551 3532 622 teipsnm

192 653 628 699 recesserunta
657 659 746 700 me
771 661 880 700 non
909 653 1019 700 tam
1042 643 1304 714 peccandi
1325 642 1532 708 studio,
1558 657 1721 714 quam
1748 657 1835 696 me
1936 656 2038 694 non
2061 640 2215 695 doces
2239 638 2418 713 (Rom.
2445 657 2504 708 tt,
2529 641 2592 696 ‘2!
2610 642 2662 711 )?
2690 643 2756 697 Et
2776 643 2897 711 quia
2914 642 3140 700 verbum
3172 643 3383 699 Domini
3407 659 3534 714 pro.

202 735 559 803 superandi.
601 735 1103 807 Appreltenderunt
1141 739 1290 792 enim
1348 736 1567 794 fortiter
1610 736 1835 792 menda-
1933 731 2233 803 jeccruut:
2274 733 2398 788 ideo
2451 734 2599 789 nulla
2631 734 2903 804 sapientia
2931 744 3017 791 est
3063 736 3117 790 in
3147 735 3249 790 eis.
3305 735 3531 792 Frustra

195 826 385 896 ciunt,
423 829 523 885 vel
549 829 728 899 idola,
763 831 854 886 vel
889 845 1054 902 prava
1077 846 1312 903 quaeque
1337 831 1558 888 veritati
1586 829 1840 902 justitise-
1935 824 2099 897 igitur
2123 825 2335 897 jactant
2356 826 2519 898 Legis
2549 825 2864 895 scientiam,
2899 828 2992 899 qui
3020 827 3327 884 doctrinam
3351 826 3538 900 operi-

198 935 315 992 que
349 926 679 992 contraria,
713 933 770 981 et
798 925 1098 982 noluerunt
1128 929 1354 983 reverti.
1385 927 1504 983 Non
1536 927 1701 982 dixit:
1729 942 1833 982 non
1937 920 2040 976 bus
2067 921 2378 978 destruunt.

200 1021 562 1086 potuerunt;
609 1018 705 1074 sed
739 1018 887 1073 omni
919 1018 1103 1074 studio
1134 1020 1322 1091 iniqua
1353 1020 1546 1076 sectati
1574 1031 1722 1076 sunt.
2010 1013 2192 1087 (Vers.
2218 1016 2308 1083 10,
2345 1015 2461 1087 Η.)
2496 1014 2786 1086 Propterea
2807 1017 2940 1072 dabo
2960 1017 3206 1074 mulieres
3231 1018 3372 1093 (sive
3399 1036 3533 1076 uxo-

277 1107 488 1180 (Vers.
515 1108 597 1183 6.)
629 1111 840 1165 Attendi
870 1121 916 1166 et
939 1112 1232 1166 auscultavi
1261 1128 1280 1167 :
1300 1130 1449 1168 nemo
1473 1112 1612 1184 quod
1646 1113 1836 1167 bonum
1937 1109 2038 1180 res)
2062 1126 2240 1164 eorum
2263 1111 2494 1166 externis
2514 1108 2626 1184 [AL
2646 1110 2860 1186 exteris]
2885 1127 2901 1166 :
2933 1129 3087 1184 agros
3108 1130 3287 1168 eorum
3308 1113 3534 1170 haeredi-

200 1211 304 1269 εει,
349 1203 616 1273 loquitur.
673 1201 868 1258 Nullus
909 1211 984 1258 est
1016 1205 1104 1276 qui
1129 1214 1250 1276 agat
1287 1206 1640 1276 paenitentiam
1683 1219 1838 1274 super
1939 1201 2030 1255 bus
2054 1219 2073 1256 :
2091 1204 2214 1274 quia
2237 1220 2271 1256 a
2293 1204 2504 1256 minimo
2525 1220 2682 1276 usque
2703 1204 2772 1258 ad
2795 1205 3279 1272 maximum,omnes
3298 1207 3534 1263 auaritia:

201 1304 440 1365 peccato
473 1313 592 1362 suo,
623 1297 801 1352 dicens
831 1313 851 1351 :
883 1297 1012 1368 quid
1059 1298 1200 1368 feci?
1230 1298 1424 1353 Omnes
1451 1299 1680 1353 conversi
1716 1305 1839 1352 sunt
1938 1295 2501 1369 student;apr0pheta
2521 1313 2683 1369 usque
2703 1297 2772 1351 ad
2792 1297 3314 1366 sacerdotem,cuncti
3335 1301 3538 1372 faciunt

202 1389 276 1443 ad
307 1406 536 1446 cursum
569 1407 742 1458 suum,
772 1391 920 1462 quasi
964 1408 1125 1460 equus
1165 1393 1360 1464 impetu
1389 1394 1583 1448 vadens
1609 1393 1679 1445 ad
1703 1407 1839 1464 prte-
1941 1390 2275 1443 mendacium
2297 1389 2442 1457 (sive
2467 1389 2836 1461 iniquitatem).
2859 1388 2928 1443 Et
2969 1391 3220 1446 sanabant
3263 1394 3536 1448 contritio-

205 1480 365 1536 lium.
397 1481 673 1539 Revocati
700 1486 765 1537 ad
795 1483 1200 1555 paenitentiam,
1231 1485 1422 1540 audire
1443 1494 1835 1541 contemnunt:

203 1590 315 1631 nec
347 1574 568 1631 sufﬁcit
594 1578 675 1632 eis
707 1587 898 1632 contra
927 1577 1224 1634 Dominum
1253 1579 1576 1651 deliquisse,
1608 1589 1663 1636 et.
1689 1581 1840 1636 locu-

208 1678 300 1724 tos
334 1685 474 1726 esse
515 1670 913 1740 blaSpltemiam
945 1672 1082 1728 :sed
1106 1687 1301 1729 omnes
1336 1675 1510 1730 instar
1544 1689 1836 1746 equorum,

213 1771 273 1818 et
307 1762 538 1818 fervido
559 1778 721 1819 cursu
753 1763 821 1819 ad
848 1765 1094 1835 praelium
1131 1766 1446 1833 ruentium,
1482 1782 1588 1822 non
1622 1765 1836 1836 recogi-

1942 1501 2057 1538 nem.
2073 1484 2198 1552 ﬁlia:
2216 1484 2399 1556 populi
2416 1486 2516 1539 mei
2533 1485 2602 1538 ad
2613 1484 3240 1562 ignominiam,dicentes:
3263 1485 3537 1560 Pax,pax,

1940 1595 2054 1633 cum
2077 1595 2179 1632 non
2219 1587 2349 1634 esset
2396 1595 2520 1646 pars.
2568 1578 2916 1650 Receperunt
2952 1581 3260 1638 mercedem
3309 1597 3536 1652 operum

1939 1690 2164 1729 suorum
2194 1691 2207 1727 :
2245 1675 2406 1744 utqui
2426 1674 2654 1730 verbum
2676 1675 2892 1730 Domini
2916 1675 3292 1746 proiecerunt,
3317 1675 3419 1748 ipsi
3447 1676 3542 1733 ab-

1935 1765 2236 1836 jicerentur
2265 1766 2336 1821 ab
2366 1783 2452 1823 eo.
2484 1767 2938 1838 Uxores,inquit,
2965 1783 3179 1833 eorum,
3226 1777 3282 1825 et
3325 1783 3545 1840 posses-

213 1865 333 1912 tant
365 1870 546 1925 super
573 1866 799 1928 peccato
830 1872 955 1924 suo,
1001 1874 1103 1914 nec
1134 1859 1346 1927 dicunt,
1395 1861 1523 1933 quid
1551 1860 1694 1932 feci?
1732 1860 1834 1915 Per
1861 1864 1912 1926 Β
1939 1860 2124 1916 siones
2145 1860 2357 1915 tradam
2385 1861 2660 1918 hostibus.
2691 1862 2756 1917 Et
2799 1876 2867 1917 ne
2895 1877 3014 1918 mea
3047 1861 3288 1918 crudelis
3321 1870 3544 1934 putetur

213 1963 344 2020 quae
371 1949 770 2020 intelligimus,
802 1952 886 2004 vel
918 1951 986 2006 de
1017 1949 1167 2007 omni
1199 1967 1405 2022 genere
1449 1953 1687 2009 humano
1731 1953 1838 2008 ista

210 2041 351 2109 dici,
377 2045 512 2114 quia
545 2058 780 2113 pronum
813 2043 887 2098 sit
915 2043 984 2098 ad
1012 2045 1362 2112 vitia,velde
1382 2055 1628 2116 tempore
1655 2045 1842 2102 Salva-

214 2137 388 2204 toris,
416 2139 642 2208 quando
663 2154 855 2195 omnes
895 2138 1316 2195 declinaverunt
1346 2149 1372 2177 λ
1405 2140 1567 2195 simul
1617 2139 1840 2196 inutiles

217 2229 358 2286 facti
391 2243 526 2287 sunt
556 2250 570 2289 :
637 2249 742 2288 non
776 2233 874 2288 fuit
899 2235 992 2304 qui
1023 2233 1230 2290 faceret
1285 2235 1487 2292 bonum
1523 2279 1537 2302 ,
1574 2251 1684 2291 non
1743 2235 1844 2290 fuit

214 2337 402 2396 usque
425 2325 498 2380 ad
524 2341 691 2381 unum
744 2325 926 2400 (Psal.
959 2326 1114 2398 xttt).
1142 2325 1302 2385 Unde
1331 2338 1388 2385 et
1445 2331 1562 2400 ipse
1614 2329 1844 2400 mystice

217 2418 483 2474 clamitat
542 2417 654 2491 [ΑΙ.
693 2419 973 2493 clamavit]
1007 2437 1020 2474 :
1059 2418 1272 2476 Salvum
1318 2437 1398 2475 me
1438 2425 1560 2494 fac,
1596 2421 1842 2491 Domine,

216 2511 478 2580 quoniam
501 2510 688 2581 defecit
711 2510 1112 2584 sanctus(Psal.
1155 2529 1230 2580 ιι,
1280 2513 1366 2586 1).
1389 2513 1485 2569 Siu
1510 2521 1694 2568 autem
1723 2514 1844 2569 haec

221 2602 298 2658 ita
335 2619 402 2661 se
428 2604 656 2672 habent,
687 2605 780 2661 ubi
811 2616 941 2661 sunt
966 2607 1056 2675 qui
1081 2607 1134 2661 in
1167 2617 1352 2662 nostra
1386 2606 1578 2662 dicunt
1608 2607 1844 2677 positum

220 2713 354 2754 esse
387 2701 706 2769 voluntate,
742 2705 888 2756 omni
913 2717 1104 2758 carere
1127 2703 1391 2773 peceato?
1422 2702 1614 2770 Nemo,
1645 2703 1841 2774 inquit,

219 2793 363 2860 quod
396 2793 592 2847 bonum
615 2804 689 2848 est
717 2793 1190 2866 loquitur(Matth.
1215 2796 1292 2866 χι)
1328 2799 1493 2865 :quia
1535 2795 1698 2850 etiam
1748 2814 1846 2866 pro

219 2884 597 2942 otiosoverbo
623 2885 890 2942 reddituri
925 2903 1116 2942 sumus
1133 2889 1402 2943 rationem
1437 2889 1490 2943 in
1519 2889 1608 2945 die
1633 2889 1846 2959 judicii.

293 2978 472 3050 900
505 2977 686 3051 (Vers.
734 2980 816 3049 7.)
859 2978 1052 3035 Miluus
1097 2982 1150 3036 in
1193 2983 1318 3036 aeto
1363 2985 1600 3054 cognovit
1648 2993 1847 3055 tempus

220 3085 385 3125 suum
410 3087 430 3124 :
450 3081 626 3125 tuttur
642 3079 693 3126 et
713 3070 940 3128 hirundo
961 3083 1010 3129 et
1042 3074 1244 3129 ciconia
1266 3076 1625 3130 custodierunt
1648 3084 1849 3148 tempus

221 3165 481 3220 adventus
493 3167 608 3220 sui:
626 3165 856 3239 populus
869 3177 1044 3222 autem
1067 3185 1208 3223 meus
1221 3185 1325 3223 non
1341 3169 1848 3242 cognovitjudictum

1940 1971 2062 2010 esse
2092 1956 2387 2022 sententia,
2419 1971 2615 2012 causas
2646 1956 2863 2011 auditor
2885 1967 3149 2028 agnoscat
3181 1974 3193 2009 :
3233 1955 3277 2009 Α
3327 1956 3541 2010 minimo

1942 2064 2102 2118 usque
2131 2051 2204 2102 ad
2224 2051 2533 2116 maximum,
2565 2049 2727 2122 θοι
2759 2066 2936 2104 onmes
2977 2050 3215 2105 avaritia:
3248 2050 3456 2106 student
3497 2049 3543 2122 (Ι

1945 2139 2079 2195 Tim.
2114 2142 2210 2213 νι).
2235 2141 2408 2197 Radix
2430 2151 2515 2197 est
2537 2143 2686 2198 enim
2714 2142 2957 2197 omnium
2991 2142 3256 2196 malorutn
3285 2143 3542 2197 avaritia.

1943 2233 1987 2287 Α
2009 2234 2264 2306 propheta
2285 2251 2448 2307 usque
2466 2235 2537 2289 ad
2554 2235 2874 2290 sacerdotem
2889 2279 2904 2304 ,
2937 2235 3029 2306 qui
3071 2235 3210 2290 alios
3259 2245 3549 2305 peccantes

1945 2327 2238 2397 prohibere
2265 2327 2558 2391 deberent,
2593 2327 2754 2397 primi
2785 2327 3088 2384 sceleribus
3121 2327 3404 2399 subiacent
3434 2345 3446 2380 :
3493 2336 3550 2385 et

1944 2421 2126 2477 cuncti
2165 2421 2250 2476 vel
2274 2419 2454 2492 iniqua
2481 2421 2706 2488 faciunt,
2735 2420 2866 2491 dum
2896 2420 3356 2491 alienadiripiunt
3398 2436 3414 2475 :
3460 2419 3548 2476 vel

1946 2523 2094 2569 certe
2117 2513 2486 2579 mendacium,
2518 2520 2577 2566 ut
2605 2527 2712 2567 non
2742 2512 2814 2566 sit
2843 2513 3051 2567 veritas
3098 2513 3152 2567 in
3183 2526 3280 2569 ore
3329 2527 3550 2568 eorum.

1949 2607 2015 2661 Et
2041 2615 2162 2674 post
2185 2606 2283 2660 ista
2308 2605 2466 2676 quasi
2497 2604 2624 2659 boni
2656 2604 2874 2669 medici,
2907 2603 3085 2661 aliena
3119 2604 3346 2661 vulnera
3365 2603 3549 2660 verbis

1943 2712 2140 2766 sanare
2167 2697 2482 2768 cupiebant,
2515 2695 2608 2768 qui
2639 2696 2738 2766 ipsi
2761 2707 2926 2752 erant
2955 2697 3200 2752 omnium
3215 2697 3548 2768 ﬂagitiorum

1949 2789 2194 2846 confossi
2217 2789 2556 2844 vulneribus.
2591 2787 2719 2844 llaec
2747 2787 2991 2857 quotidie
3023 2789 3076 2843 in
3113 2796 3304 2844 nostro
3331 2803 3550 2860 qucque

1952 2883 2154 2956 populo
2177 2881 2479 2948 cernimus,
2495 2879 2716 2937 dicente
2735 2879 2900 2936 beato
2928 2879 3101 2936 Paulo
3117 2879 3371 2951 apostolo
3395 2898 3412 2938 :
3447 2881 3552 2949 Qui

1950 2981 2200 3053 prwdicas
2230 2995 2334 3032 non
2355 2977 2663 3047 furandum,
2693 2977 2887 3048 iuraris
2919 2975 3101 3048 (Rom.
3126 2991 3190 3043 tt,
3217 2973 3336 3050 21),
3377 2987 3434 3034 et
3460 2993 3551 3034 re-

1952 3071 2236 3143 liqua.Qui
2255 3086 2378 3126 cum
2412 3080 2731 3140 peccatores
2757 3080 2812 3126 et
2835 3069 3042 3126 divites
3063 3070 3321 3136 sideriut,
3351 3086 3549 3130 sanare

1951 3167 2178 3238 cupiunt
2208 3165 2596 3222 contritionem
2622 3163 2748 3220 ﬁlia:
2781 3165 2965 3236 populi
2995 3165 3128 3234 Dei,
3157 3164 3259 3221 IIOC
3295 3176 3402 3229 est,
3440 3166 3550 3224 Ec-

221 3257 463 3314 Donn'ni.
499 3260 610 3315 Pro
639 3262 805 3316 milvo
835 3277 994 3333 quem
1034 3263 1430 3334 interpretatus
1475 3273 1555 3319 est
1586 3263 1840 3337 Symma-
1871 3253 1918 3318 C
1947 3258 2160 3324 clesizr;
2187 3257 2241 3313 in
2268 3258 2622 3330 ignominiam
2644 3257 2731 3314 vel
2753 3273 2944 3314 eorum
2967 3258 3058 3329 qui
3078 3258 3548 3331 decipiuntur,vel

226 3351 395 3418 chus,
427 3353 576 3410 LXX
614 3364 665 3410 et
699 3354 1012 3412 Theodotio
1038 3357 1218 3425 ipsum
1248 3357 1479 3413 verbum
1516 3357 1842 3414 llebraicnm

223 3462 467 3519 posuere
490 3466 647 3505 ΛειοΑ
681 3449 922 3522 (ΠΊὍΠ),
956 3451 1176 3524 Aquila,
1214 3451 1241 3490 δ
1283 3451 1579 3508 heredium.
1607 3452 1842 3508 Rursum

225 3556 328 3612 pro
361 3542 684 3610 hirundine,
709 3543 1098 3616 Symmachus,
1131 3547 1364 3601 cicadam
1391 3546 1690 3615 transtulit,
1723 3563 1845 3619 quae.

224 3633 505 3692 Heltraice
535 3635 739 3692 dicitur
760 3651 836 3692 sus
869 3636 889 3709 (
909 3639 1072 3708 pro).
1103 3637 1210 3694 Pro
1249 3653 1318 3695 eo
1346 3648 1526 3694 autem
1562 3639 1709 3711 quod
1742 3655 1844 3696 nos

233 3727 526 3798 posuimus
549 3730 824 3795 ciconiam,
858 3741 914 3785 et
958 3731 1152 3802 Aquila
1194 3741 1247 3786 et
1273 3732 1634 3804 Symmachus
1665 3733 1742 3787 ita
1782 3744 1841 3790 ut

228 3821 284 3877 in
335 3822 576 3878 llebran
605 3824 870 3893 scriptum
897 3834 1001 3888 est,
1029 3841 1166 3881 scus
1194 3823 1368 3896 (ηυγ)
1403 3827 1800 3881 transtulerunt
1826 3844 1838 3880 :

226 3929 332 3983 pro
353 3931 464 3986 quo
485 3916 871 3987 Septuaginta,
903 3917 1017 3990 agri
1046 3935 1278 3987 passeres
1309 3920 1652 3988 interpretati
1690 3929 1838 3976 sunt.

227 4009 384 4068 Unus
405 4020 593 4066 autem
623 4022 788 4083 atque
819 4012 964 4068 idem
994 4028 1194 4070 sensus
1222 4021 1338 4081 est,
1395 4013 1491 4084 qui
1522 4022 1577 4070 et
1603 4014 1658 4068 in
1689 4014 1843 4070 Isaiae

226 4103 514 4175 principio
541 4105 766 4175 ponitur
795 4123 807 4160 ε
836 4105 1058 4178 Agnovit
1081 4106 1170 4161 bos
1197 4122 1543 4179 possessorem
1582 4124 1754 4174 suum,
1796 4117 1844 4163 et

224 4196 405 4252 asinus
443 4213 680 4268 prtesepe
698 4197 894 4253 domini
913 4198 997 4254 sui
1021 4215 1040 4253 :
1068 4197 1236 4254 Israel
1269 4211 1441 4254 autent
1479 4216 1559 4254 me
1601 4217 1703 4254 non
1749 4217 1840 4257 co-

225 4291 426 4364 gnovit,
460 4301 507 4344 et
539 4291 765 4362 papulas
820 4309 960 4348 meus
989 4308 1095 4347 non
1143 4291 1400 4348 intellexit
1455 4291 1613 4364 (Isai.
1676 4310 1715 4362 ι,
1745 4293 1838 4368 '5);

225 4383 370 4455 quod
416 4385 586 4441 etiam
641 4399 820 4456 parva:
878 4401 1011 4441 aves
1071 4401 1169 4441 sua
1221 4385 1406 4441 norint
1463 4395 1736 4457 tempora,
1787 4398 1844 4444 et

226 4477 408 4533 sciant
440 4478 663 4548 quando
691 4480 762 4534 ad
809 4480 987 4537 calida
1035 4479 1362 4537 festinantes
1414 4481 1530 4538 loca
1551 4523 1567 4550 ,
1600 4484 1838 4556 rigorem

223 4568 442 4643 hyemis
461 4570 702 4627 debeant
730 4572 1010 4630 declinare
1045 4582 1140 4630 :et
1167 4589 1358 4629 rursus
1389 4575 1538 4630 veris
1569 4575 1841 4648 principio

1951 3365 2138 3406 eorum
2163 3351 2256 3421 qui
2282 3350 2420 3406 alios
2453 3351 2757 3421 decipiunt,
2804 3361 2861 3407 ut
2888 3351 3074 3408 dicant
3113 3355 3262 3410 omni
3305 3353 3548 3412 facinore

1953 3446 2057 3513 [ΑΙ.
2089 3445 2345 3519 factione]
2363 3447 2678 3517 ccupertis:
2707 3462 2829 3517 pax,
2856 3462 2980 3517 pax,
3005 3463 3132 3504 cum
3159 3448 3307 3504 nulla
3329 3449 3401 3504 sit
3413 3463 3547 3520 pax,

1949 3552 2005 3597 et
2029 3541 2231 3596 bellum
2263 3542 2344 3596 eis
2383 3540 2671 3596 immineat
2697 3550 3066 3610 peccatorum.

2018 3633 2212 3708 (Vers.
2249 3633 2336 3690 12.
2359 3634 2379 3705 )
2401 3633 2620 3703 Confusi
2647 3644 2786 3703 sunt,
2811 3635 2934 3705 quia
2954 3633 3392 3690 abominationem
3412 3639 3550 3708 fece-

1947 3739 2065 3784 runt
2091 3743 2110 3782 :
2132 3729 2416 3800 quinimmo
2442 3729 2742 3798 confusione
2769 3744 2874 3782 non
2899 3740 3018 3782 sunt
3043 3729 3266 3800 confusi,
3293 3738 3343 3784 et
3361 3730 3546 3786 erube-

1946 3840 2086 3879 scere
2113 3823 2425 3878 nescierunt.
2455 3821 2870 3903 ἐρωτηματικῶς
2903 3821 3006 3876 hoc
3034 3831 3116 3877 est
3141 3823 3452 3894 legendum,
3485 3833 3548 3883 ut

1946 3917 2019 3973 sit
2045 3931 2277 3972 sensus:
2313 3915 2662 3970 Erubuerunt
2693 3915 2747 3970 in
2777 3913 3079 3970 sceleribus
3109 3913 3245 3980 suis,
3277 3926 3333 3972 et
3382 3916 3548 3974 intel-

1947 4009 2199 4066 lexerunt
2247 4007 2686 4063 abontiuatiOnes
2729 4021 2864 4076 quas
2894 4007 3104 4076 operati
3135 4018 3262 4064 sunt
3282 4007 3308 4062 τ
3331 4007 3545 4080 Nequa-

1945 4119 2132 4175 quam,
2155 4101 2252 4157 sed
2281 4100 2335 4156 in
2364 4110 2566 4156 tantam
2594 4114 2828 4170 erupere
2859 4099 3178 4168 amentiam,
3206 4113 3388 4158 utnec
3409 4116 3545 4158 con-

1947 4198 2161 4254 fusionc
2181 4205 2446 4268 cuperent
2470 4195 2764 4253 emendare
2793 4193 2945 4260 vitia,
2982 4210 3082 4251 nec
3110 4210 3208 4266 spe
3239 4197 3415 4254 venia:
3445 4213 3544 4256 sua

1945 4294 2155 4351 scelera
2177 4291 2451 4349 confiteri.

2018 4384 2226 4440 idcirco
2267 4384 2452 4439 cadent
2495 4383 2629 4437 inter
2673 4390 2967 4438 carmentes
3014 4381 3124 4457 [ΑΙ.
3174 4383 3449 4459 ruentes]:
3493 4385 3548 4442 in

1947 4489 2173 4554 tempore
2194 4477 2503 4533 visitationis
2527 4491 2638 4531 sua:
2661 4485 2921 4540 corruerit,
2955 4475 3081 4531 dicit
3106 4475 3384 4534 Dominus.
3416 4478 3546 4536 Haec

1947 4584 2072 4630 sunt
2107 4573 2326 4641 prtemia
2373 4585 2564 4627 eorum
2592 4570 2686 4642 qui
2717 4568 3050 4626 erubescere
3098 4573 3454 4628 nescierunt:
3491 4581 3550 4630 ut

227 4666 296 4722 ad
327 4667 526 4723 solitas
565 4667 754 4726 venire
799 4671 1074 4740 regiones.
1115 4668 1328 4726 Caelum
1355 4681 1540 4728 autem
1567 4670 1655 4729 hic
1697 4684 1720 4712 θ
1746 4688 1847 4746 pro
1870 4665 1924 4726 D
1951 4681 2184 4738 quorum
2211 4663 2451 4734 dignitas
2469 4673 2586 4718 erat
2609 4661 2883 4716 excelsior
2901 4660 3137 4731 populis,
3169 4663 3342 4720 ruinis
3359 4664 3546 4736 populi

227 4773 356 4815 aere
381 4759 476 4830 qui
511 4775 677 4830 supra
708 4769 812 4827 est,
840 4760 1110 4817 debemus
1139 4761 1416 4833 accipere.

299 4852 492 4926 (Vers.
523 4853 609 4921 8.)
643 4853 914 4920 Quomodo
935 4853 1128 4924 dicitis,
1161 4857 1418 4928 sapientes
1437 4873 1636 4924 sumus,
1663 4866 1709 4912 et
1730 4857 1840 4915 Lex

229 4946 446 5004 Domini
486 4949 757 5006 nobiscum
777 4952 892 5006 est?
938 4950 1070 5007 Vere
1119 4953 1451 5008 mendacium
1487 4965 1726 5026 operatus
1764 4966 1841 5010 est

229 5040 397 5114 stylus
420 5041 645 5099 mendax
677 5045 985 5100 scribarum.
1012 5044 1095 5102 Ad
1124 5047 1332 5102 scribas
1347 5046 1587 5118 loquitur
1609 5057 1664 5103 et
1691 5047 1838 5104 Pha-

228 5136 445 5202 risaeos,
478 5138 570 5208 qui
595 5137 756 5210 Legis
777 5139 988 5210 jactant
1015 5141 1350 5209 notitiam,et
1381 5141 1684 5200 scribentes
1704 5146 1840 5201 scri-

228 5227 366 5286 bunt
399 5230 762 5299 iniquitatem.
797 5233 1062 5305 Quodque
1100 5235 1177 5290 ait
1207 5252 1220 5290 :

300 5323 489 5399 (Vers.
511 5323 592 5392 9.)
625 5323 844 5392 Confusi
863 5338 985 5382 sunt
1015 5329 1296 5400 sapientes,
1324 5331 1583 5401 perterriti
1619 5342 1669 5386 et
1702 5331 1843 5403 capti

228 5430 374 5476 sunt.
408 5419 632 5477 Verbum
673 5422 810 5476 enim
859 5423 1068 5478 Domini
1105 5429 1454 5499 projecerunt,
1497 5435 1547 5480 et
1585 5427 1842 5497 sapientia

232 5509 382 5566 nulla
405 5523 479 5567 est
500 5513 555 5566 in
577 5512 682 5568 eis:
703 5511 818 5569 Non
833 5530 942 5584 quo
955 5517 1233 5585 sapientes
1248 5517 1358 5572 sint
1377 5517 1470 5588 qui
1487 5517 1587 5573 ista
1601 5517 1838 5587 faciunt;

231 5603 330 5662 sed
365 5604 644 5675 sapientes
672 5615 851 5674 vocat,
881 5615 941 5663 ut
968 5608 1072 5664 sub
1097 5608 1304 5680 judicio
1348 5610 1790 5667 cottdemnentur
1821 5629 1836 5668 :

305 5751 332 5780 ⁸
352 5741 576 5820 Alterum
610 5743 776 5801 iidem
807 5761 968 5818 mss.,
995 5751 1389 5808 declinaverunt
1409 5752 1590 5820 simul,
1615 5761 1665 5810 et
1685 5753 1851 5809 inuti-

243 5811 317 5886 les
341 5815 470 5886 facti
501 5824 644 5872 sunt.

305 5883 350 5930 ιδ’
374 5887 560 5946 Nostri
601 5904 795 5948 omnes
839 5908 996 5962 mss.,
1042 5897 1378 5956 herodiona:
1421 5914 1563 5958 unus
1601 5898 1844 5971 Sanger-

1949 4762 2328 4818 miscerentur.
2375 4759 2419 4814 A
2456 4757 2682 4812 minimo
2724 4754 2869 4812 enim
2911 4770 3082 4828 usque
3111 4757 3180 4814 ad
3225 4758 3542 4826 maximum,

1947 4870 2142 4912 omnes
2161 4851 2408 4908 avaritia:
2422 4849 2665 4917 student,
2684 4858 2779 4905 eta
2803 4849 3068 4922 pmplieta
3093 4866 3264 4924 usque
3284 4851 3350 4907 ad
3364 4865 3552 4906 sacer-

1947 4950 2130 5006 dotem
2161 4946 2340 5002 cuncti
2364 4943 2571 5001 faeiunt
2597 4943 2937 5000 mendacium
2966 4963 2980 5001 :
3005 4945 3334 5002 visitationis
3361 4954 3548 5000 autem

1951 5052 2184 5113 tempus,
2214 5040 2517 5112 propinqua
2541 5037 2833 5110 captivitas
2861 5048 2967 5096 est.

2019 5134 2183 5211 (Vers
2199 5129 2314 5206 l3.)
2326 5132 2656 5203 Congregans
2668 5132 2991 5206 congregabo
3003 5148 3109 5198 eos,
3124 5131 3252 5186 dicit
3269 5129 3545 5185 Dominus.

1945 5234 2069 5290 Non
2091 5239 2165 5287 est
2186 5244 2284 5286 uva
2303 5229 2358 5283 in
2379 5227 2584 5295 vitibus,
2608 5237 2656 5282 et
2686 5243 2788 5283 non
2809 5237 2928 5283 sunt
2943 5229 3072 5298 ﬁcus
3098 5227 3152 5280 in
3179 5225 3406 5296 ﬁculnea
3425 5240 3446 5280 :
3469 5229 3552 5296 {o-

1941 5328 2070 5384 lium
2091 5323 2332 5395 deﬂuxit,
2351 5331 2398 5376 et
2411 5320 2530 5376 dedi
2547 5321 2624 5376 eis
2636 5336 2754 5390 qua:
2764 5330 3129 5393 pratergrrssa
3150 5327 3292 5374 sunt.
3305 5317 3462 5386 Quod
3479 5317 3554 5374 sit

1945 5429 2158 5488 tempus
2199 5413 2546 5481 visitationis,
2594 5412 2646 5467 in
2697 5426 2806 5483 quo
2852 5417 3113 5468 corrueut
3141 5409 3550 5480 delinquentes,

1943 5511 2284 5571 manifestius
2299 5510 2478 5577 dueet,
2503 5507 2726 5565 dicens:
2749 5505 3081 5577 Congregans
3101 5505 3424 5580 congregabo
3440 5521 3552 5560 eos.

1941 5608 2098 5666 Haud
2145 5605 2372 5663 dubium
2417 5603 2547 5676 quin
2580 5603 2636 5658 in
2665 5599 2990 5667 Jerusalem,
3041 5607 3099 5654 ut
3125 5598 3484 5654 obsideantur
3521 5614 3554 5657 a

1958 5767 2110 5809 man.
2155 5759 2294 5808 teste
2330 5749 2655 5815 Montfauc.,
2699 5746 2932 5803 erodion.

2032 5835 2055 5864 ο
2101 5823 2218 5880 Duo
2255 5839 2287 5879 e
2311 5822 2514 5896 nostris
2553 5836 2712 5896 mss...
2739 5817 2826 5874 hic
2861 5818 3230 5892 propinauum,
3265 5819 3354 5891 qui
3392 5837 3553 5896 supra

1959 5908 2052 5966 est,
2094 5912 2262 5952 aerem
2298 5893 2536 5951 debemus
2569 5893 2820 5964 accipere.
