4084 6324
527 341 636 402 745

1781 327 1842 383 S.
1887 321 2162 383 EUSEDII
2201 320 2591 379 HlEliONYMl

3724 316 3821 375 ⁵144

523 464 569 515 Λ
598 459 802 514 volucre
832 454 946 511 caeli
977 470 1135 527 usque
1161 453 1230 507 ad
1259 468 1413 524 pecus
1442 455 1762 506 recesserunt
1784 453 1830 500 et
1860 445 2120 508 abierunt,
2150 450 2205 512 Α
2229 455 2362 512 pore
2394 439 2731 512 prophetari,
2765 438 2984 511 quando
3030 441 3174 513 capti
3213 449 3341 498 sunt
3368 456 3400 496 a
3426 436 3702 496 Chaldaeis
3733 452 3745 488 :
3775 443 3825 490 et

526 551 631 609 hoc
657 549 899 607 05tendit
921 547 1063 618 quod
1094 562 1238 618 s:rpe
1268 545 1527 606 diximus.
1577 543 1710 598 irant
1741 539 1840 595 Dei
1870 537 2125 592 universa

524 650 752 712 sentire,
777 656 832 703 et
855 662 962 702 non
985 645 1162 700 solum
1195 659 1328 699 aves
1358 641 1526 706 aeris,
1549 637 1646 697 sed
1678 647 1733 695 et
1766 636 1943 708 pisces
1970 648 2127 704 aqua;

525 743 782 801 deficere.
825 742 984 798 Juxta
1018 738 1384 810 tropologiam
1417 736 1584 792 ﬂetus
1626 733 1926 787 assumitur
1967 742 2128 798 super

525 849 762 907 montes,
789 847 844 894 ct
872 835 1194 892 lamentatio
1221 848 1390 904 super
1421 829 1669 902 speciosa
1699 825 1928 890 deserti,
1957 837 2130 893 quan-

523 933 594 990 do
625 931 902 1004 principes
924 938 1155 1001 peccant
1199 925 1486 992 Ecclesiae,
1519 932 1545 961 ι
1576 930 1633 979 et
1678 919 1816 975 nihil
1849 918 1902 972 in
1943 930 2006 971 ea
2047 915 2129 968 in-

526 1026 745 1084 venitur
767 1022 1094 1080 substantia‘.
1118 1021 1235 1087 Dei,
1270 1034 1372 1075 nec
1397 1016 1618 1072 auditur
1650 1027 1756 1069 vox
1788 1005 2129 1082 DominizEc-

521 1119 746 1176 clesiam
764 1115 1118 1190 possidentis,
1143 1130 1239 1184 per
1269 1122 1490 1168 sanctos
1505 1120 1560 1167 et
1582 1107 1916 1180 apostolicos
1947 1104 2128 1169 viros;

523 1223 580 1271 et
606 1232 639 1268 a
667 1211 873 1268 volucre
921 1210 1035 1266 cali
1063 1224 1226 1280 usque
1271 1208 1342 1262 ad
1375 1221 1584 1279 pecora,
1627 1203 1696 1259 ab
1724 1202 1810 1257 his
1846 1197 2127 1263 videlicet,

523 1307 616 1380 qui
639 1314 869 1378 possunt
899 1305 953 1361 in
984 1303 1219 1359 sublime
1249 1300 1573 1364 ascendere,
1609 1312 1782 1368 usque
1813 1294 1882 1350 ad
1913 1293 2128 1349 irratio-

524 1401 677 1458 nales
699 1411 755 1457 et
783 1397 1154 1468 simpliciores
1185 1411 1436 1468 quosque
1465 1393 1558 1465 qui
1600 1397 1953 1449 recesserunt
1997 1387 2125 1460 [ΑΙ.

523 1492 901 1567 recesserint]
931 1509 961 1548 a
992 1490 1360 1548 conciliabqu
1393 1488 1512 1544 Dei.

596 1586 782 1660 (Vers.
822 1579 936 1654 11.)
975 1581 1044 1639 Ει
1099 1584 1232 1638 dabo
1277 1580 1568 1637 Jerusalem
1619 1579 1675 1633 in
1721 1593 1930 1632 acervos
1959 1591 2131 1630 arente

421 1744 424 1748 ,
527 1681 668 1753 (sive
711 1680 766 1734 in
793 1677 1324 1750 transmigrationem)
1351 1684 1397 1729 et
1425 1675 1479 1728 in
1506 1672 1702 1728 cubilia
1742 1670 2050 1735 draconunt,
2083 1677 2129 1723 et

525 1773 754 1830 civitates
779 1771 938 1826 Inda:
976 1770 1111 1825 dabo
1150 1770 1206 1824 in
1235 1768 1646 1831 desolationem;
1675 1782 1735 1820 eo
1764 1763 1901 1836 quod
1933 1779 2037 1817 non
2062 1762 2129 1816 sit

527 1869 812 1926 habitator.
851 1865 990 1924 Cum
1023 1863 1385 1922 ecclesiastici
1415 1862 1520 1919 viri
1561 1871 1618 1918 et
1646 1859 1902 1916 doctores
1928 1858 2130 1928 quique
2163 1867 2208 1927 Β

525 1961 853 2026 defecerint,
888 1969 1017 2014 tunc
1047 1957 1210 2014 datur
1238 1956 1543 2013 Jerusalem
1593 1952 1647 2008 in
1694 1951 2133 2021 transmigratio-

524 2070 676 2122 nem,
705 2051 822 2108 sive
845 2052 899 2107 in
923 2065 1154 2107 acervos
1184 2064 1389 2116 arente,
1421 2058 1481 2102 ut
1510 2045 1804 2102 haereticus
1837 2044 1888 2098 in
1917 2058 1980 2099 ea
2011 2057 2132 2097 ser-

527 2161 619 2204 Ino
651 2145 964 2217 praevaleat,
989 2153 1044 2200 et
1073 2142 1348 2199 el'liciatur
1371 2140 1550 2197 cubile
1581 2139 1904 2204 draconum,
1926 2146 1982 2192 et
2002 2134 2136 2190 civi-

529 2247 670 2296 tates
702 2237 847 2293 illius
887 2235 1204 2308 redigantur
1240 2235 1294 2290 in
1341 2231 1716 2299 solitudinem,
1749 2245 1849 2285 nec
1873 2229 1942 2284 sit
1972 2231 2028 2283 in
2070 2243 2132 2284 ea

529 2332 701 2389 divini
751 2332 1022 2388 sermonis
1054 2327 1344 2394 habitatio,
1394 2335 1449 2383 et
1481 2325 1574 2381 ille
1603 2324 1694 2396 qui
1737 2323 1871 2378 dicit
1910 2339 1924 2376 :
1970 2318 2139 2374 Inha-

529 2425 702 2480 bitabo
761 2433 809 2478 et
852 2419 1185 2477 inambulabo
1231 2420 1286 2474 in
1341 2419 1413 2474 eis
1437 2460 1455 2487 ,
1513 2426 1561 2471 et
1618 2432 1706 2472 ero
1757 2414 1901 2470 Deus
1959 2430 2136 2469 eorum

530 2516 724 2590 (Leuit.
750 2530 898 2581 xm,
933 2515 1049 2587 12).

601 2611 787 2685 (Vers.
823 2610 891 2668 η
921 2609 1102 2681 seqq.)
1151 2609 1280 2678 Quis
1310 2615 1386 2662 est
1409 2608 1486 2662 vir
1523 2605 1729 2679 sapiens
1751 2605 1842 2677 qui
1883 2591 2140 2676 intelligat

532 2705 649 2770 hoc,
678 2711 727 2758 et
758 2703 828 2756 ad
851 2718 1003 2768 quem
1045 2700 1257 2754 verbum
1305 2700 1412 2754 oris
1444 2697 1652 2753 Domini
1685 2698 1778 2767 ﬁat
1801 2740 1817 2764 ,
1850 2707 1906 2751 ut
1935 2714 2143 2752 annun-

533 2797 624 2852 tiet
661 2795 803 2850 istud
831 2811 852 2850 :
879 2810 1040 2859 quare
1067 2793 1220 2866 periit
1251 2804 1410 2856 terra,
1441 2800 1490 2847 et
1517 2799 1698 2846 exusta
1736 2800 1810 2845 est
1855 2790 2005 2862 quasi
2045 2789 2138 2842 de-

536 2901 754 2956 sertum,
802 2904 860 2943 eo
897 2887 1038 2958 quod
1085 2902 1185 2941 non
1232 2887 1298 2939 sit
1341 2886 1430 2957 qui
1478 2884 1840 2956 pertranseat?
1865 2882 2026 2954 907
2075 2879 2142 2936 Et

535 2983 667 3038 dixit
690 2981 948 3036 Dominus
981 2995 1001 3035 :
1035 2979 1171 3049 Quia
1199 2977 1584 3050 dereliquerunt
1615 2976 1779 3049 legem
1801 2992 1969 3030 meam
1987 2992 2142 3046 quam

542 3079 662 3134 dedi
703 3079 798 3143 eis,
831 3086 878 3131 et
906 3092 1011 3131 non
1041 3075 1317 3130 audierunt
1347 3090 1520 3129 vocem
1546 3090 1732 3141 meam,
1765 3081 1811 3125 et
1833 3088 1936 3125 non
1962 3073 2145 3125 ambu-

541 3171 776 3227 laverunt
801 3170 858 3225 in
883 3186 964 3238 ea,
1008 3178 1057 3225 et
1099 3168 1336 3224 abierunt
1365 3178 1480 3240 post
1507 3169 1813 3239 pravitatem
1841 3166 2013 3220 cordis
2041 3164 2143 3230 sui,

2231 533 2452 604 proprie
2489 532 2558 588 de
2604 532 2707 588 hoc
2756 542 3023 600 tempore,
3091 533 3312 602 quando
3341 530 3575 602 dispersi
3606 536 3731 583 sunt
3777 526 3827 580 in

2230 627 2508 699 gentibus,
2552 642 2690 698 quas
2712 642 2820 683 non
2853 638 3124 684 noverant
3155 628 3280 700 ipsi,
3312 636 3369 684 et
3391 635 3574 698 patres
3613 637 3824 678 eorum:

2231 733 2286 780 et
2319 725 2370 779 in
2399 734 2514 780 toto
2542 724 2675 779 orbe
2700 723 2890 790 divisi,
2917 723 3202 796 cibatiqne
3231 731 3357 780 sunt
3392 719 3690 785 absinthio,
3720 719 3831 774 sive

2233 818 2652 874 necessitatibus
2702 825 2759 874 et
2809 819 3105 890 angustiis.
3155 817 3221 873 Et
3275 824 3604 887 acceperunt
3653 823 3828 884 potum

2232 927 2425 981 aquam
2455 911 2625 978 tellis,
2661 911 2805 982 quod
2845 921 2937 966 aut
2967 911 3240 965 malorum
3268 908 3540 980 signiﬁcat
3567 905 3830 977 magnitu-
3903 911 3913 928 ‘

2232 1004 2439 1068 dinem,
2465 1016 2518 1060 et
2544 1003 2936 1074 sempiternum
2959 1003 3298 1074 captivitatis
3317 1002 3506 1072 jugum
3533 1016 3548 1054 :
3572 1011 3669 1055 aut
3689 1006 3831 1053 certe

2233 1113 2333 1169 per
2369 1095 2727 1168 ignorantiam
2773 1096 2908 1166 legis
2941 1096 3036 1152 Dei
3068 1141 3082 1165 ,
3134 1110 3235 1167 pro
3272 1092 3492 1152 Christo
3537 1089 3830 1148 Antichris-

2233 1199 2348 1245 tum
2390 1187 2696 1260 suscepturi
2739 1196 2884 1243 sum.
2933 1187 3162 1243 Mittitur
3208 1197 3390 1242 autem
3441 1185 3661 1257 gladius
3719 1190 3830 1254 post

2234 1299 2353 1348 eos,
2382 1292 2441 1338 ut
2474 1298 2645 1354 usque
2675 1284 2742 1337 ad
2776 1283 3059 1339 interitum
3092 1292 3515 1338 consumantur.
3556 1279 3658 1336 Vel
3692 1289 3829 1334 certe

2233 1377 2440 1448 gladius
2468 1376 2561 1448 qui
2593 1391 2686 1432 eos
2715 1376 2961 1443 dividat,
2996 1386 3051 1432 et
3091 1392 3199 1432 non
3246 1377 3481 1446 patiatur
3534 1373 3587 1430 itt
3637 1373 3826 1428 malum

2235 1470 2440 1526 habere
2476 1483 2810 1525 consensum
2833 1512 2847 1534 ,
2883 1480 2940 1524 ut
2971 1470 3293 1540 dispereant
3339 1470 3391 1525 in
3433 1483 3500 1526 eo
3536 1465 3681 1539 quod
3713 1465 3830 1522 mali

2235 1572 2383 1620 sunt.

2303 1656 2485 1730 (Vers.
2543 1657 2630 1724 l7,
2665 1656 2754 1712 18.
2786 1656 2805 1728 )
2837 1655 2963 1711 Haec
3003 1657 3132 1712 dicit
3178 1655 3437 1711 Dominus
3466 1655 3784 1711 exercituum
3812 1669 3830 1710 :

2233 1749 2654 1818 contemplamini
2677 1749 2821 1818 (sive
2842 1747 3146 1821 intelligite)
3163 1760 3211 1804 et
3235 1760 3413 1804 vocate
3434 1750 3826 1816 lamentatriccs,

2235 1853 2283 1898 et
2322 1840 2451 1915 [AL
2495 1840 2593 1914 ut]
2641 1843 2850 1896 veniant
2896 1853 2993 1897 :et
3017 1841 3086 1897 ad
3114 1859 3199 1897 eas
3227 1858 3346 1914 qua:
3390 1844 3657 1912 sapientes
3699 1851 3828 1908 sunt,

2235 1937 2445 2005 mittite,
2475 1945 2522 1992 et
2550 1945 2827 2009 properent
2856 1937 2994 2008 (sive
3021 1934 3346 2007 loquantur),
3380 1936 3652 2006 festinent,
3683 1943 3728 1988 et
3755 1952 3832 1988 as-

2235 2041 2439 2086 sumant
2460 2047 2617 2099 super
2639 2047 2733 2086 nos
2761 2029 2908 2103 (sive
2934 2046 3088 2102 super
3115 2029 3222 2103 vos)
3251 2030 3540 2084 (amentum
3571 2045 3591 2083 :
3616 2039 3664 2084 et
3684 2029 3835 2082 dedu-

2236 2134 2355 2180 cant
2375 2125 2544 2197 ωε
2581 2125 2720 2180 oculi
2753 2125 2920 2178 nostri
2951 2123 3092 2194 (sive
3122 2124 3298 2196 vestri)
3341 2124 3627 2196 lacrgmas,
3659 2133 3707 2178 et
3732 2124 3835 2195 pal-

2239 2222 2408 2293 pebra:
2438 2229 2627 2276 uestra:
2675 2221 2822 2292 (sive
2863 2219 3068 2290 vestrce)
3099 2220 3333 2289 deﬂuant
3376 2221 3528 2291 aquis
3558 2236 3577 2273 :
3603 2219 3834 2289 quoniam

2238 2333 2337 2372 vos:
2371 2316 2755 2372 lamentationis
2795 2316 2979 2369 audita
3024 2326 3100 2370 est
3130 2316 3196 2369 de
3239 2315 3371 2371 Sion
3399 2317 3545 2388 (sive
3569 2315 3626 2369 in
3666 2313 3835 2386 Sion).

2237 2411 2471 2482 Promer
2494 2408 2733 2464 futuram
2755 2408 3132 2479 captivitatem
3166 2417 3223 2464 et
3247 2408 3600 2464 eversionem
3627 2409 3840 2464 Jerusa-

2239 2505 2369 2571 lem,
2399 2505 2808 2560 lamentatrices
2840 2504 3028 2559 vocari
3049 2503 3224 2573 jubet,
3243 2519 3366 2574 qua:
3388 2503 3570 2559 solent
3597 2504 3649 2558 in
3673 2503 3835 2566 luem,

2242 2614 2377 2655 voce
2431 2597 2600 2654 ﬂebili
2647 2607 2703 2654 et
2751 2597 2985 2654 lacertos
3036 2597 3288 2652 manibus
3333 2596 3732 2666 verberantes,
3775 2597 3837 2652 ad

2243 2695 2516 2767 lacrymas
2548 2692 2811 2764 populum
2846 2707 3168 2763 provocare.
3214 2691 3310 2748 llic
3336 2691 3486 2748 enim
3528 2707 3650 2748 mos
3677 2706 3840 2762 usque

2243 2791 2408 2846 hodie
2441 2797 2725 2861 permanet
2770 2788 2823 2843 in
2851 2787 3039 2844 Judaaa
3060 2831 3075 2855 ,
3109 2798 3168 2843 ut
3213 2786 3475 2843 mulieres
3507 2789 3714 2858 sparsis
3735 2789 3838 2842 cri-

2245 2886 2405 2942 nibus
2447 2886 2777 2956 nudatisque
2806 2885 3145 2958 pectoribus,
3183 2899 3319 2940 voee
3345 2883 3628 2938 modulata
3659 2897 3842 2938 utnnes

2245 2977 2312 3033 ad
2357 2978 2540 3034 ﬂetum
2585 2978 2883 3034 concitent.
2918 2977 2990 3033 Se
3025 2988 3204 3031 autem
3240 2974 3420 3047 jungit
3458 2975 3602 3032 Deus
3628 2989 3844 3044 compa-

2246 3070 2434 3126 ticntis
2462 3069 2686 3135 aﬂ'ectu,
2715 3069 2830 3124 sive
2860 3066 3136 3138 Propheta
3169 3084 3184 3126 :
3215 3078 3272 3122 ut
3303 3065 3567 3139 quidquid
3617 3067 3843 3140 populus

2247 3167 2502 3233 sustinet,
2544 3165 2722 3235 ipsum
2751 3166 3023 3220 sustinere
3067 3171 3124 3219 et
3163 3167 3371 3219 sentire
3395 3177 3457 3218 se
3481 3162 3654 3218 dicat.
3694 3158 3841 3233 Quod

538 3272 586 3316 ct
615 3272 732 3332 post
761 3259 995 3328 Baulim,
1026 3277 1152 3333 quos
1178 3259 1473 3315 didicerunt
1498 3277 1530 3314 a
1556 3258 1786 3331 patribus
1805 3259 1934 3314 suis.
1965 3257 2142 3313 lnter-
2169 3263 2213 3325 Ο
2246 3269 2426 3314 autem
2467 3259 2633 3314 infert
2664 3276 2678 3312 :
2717 3258 2854 3326 Quia
2887 3273 2986 3311 vox
3031 3255 3420 3311 lamentationis
3469 3256 3656 3310 audita
3686 3264 3758 3310 est
3783 3254 3842 3308 de

543 3367 702 3429 rogat
750 3354 1048 3426 Propheta,
1091 3355 1137 3410 si
1171 3371 1333 3426 quem
1377 3355 1706 3425 sapientium
1741 3355 1794 3408 in
1841 3352 2140 3409 Jerusalem

539 3451 723 3507 valeat
750 3449 1013 3520 reperire,
1038 3457 1304 3504 eteorum
1336 3447 1402 3504 ad
1434 3462 1572 3518 quos
1605 3446 1699 3502 ﬁat
1727 3461 1908 3502 sermo
1937 3446 2056 3511 Dci,
2089 3455 2142 3500 et

541 3543 634 3618 qui
667 3543 876 3616 possint
907 3543 1233 3599 annnntiare
1268 3541 1484 3597 Domini
1512 3541 1848 3597 voluntatem
1877 3582 1891 3605 ,
1930 3551 1984 3598 et
2015 3554 2145 3596 cau-

539 3654 628 3696 sas
655 3638 889 3696 reddere
931 3654 1030 3693 cur
1076 3638 1267 3694 Iudaea
1301 3637 1523 3693 redacta
1546 3639 1617 3693 sit
1661 3636 1714 3692 in
1762 3635 2140 3700 solitudinem,

541 3741 598 3791 et
639 3732 893 3790 omnibus
940 3730 1270 3799 interiectis,
1315 3731 1499 3786 nullus
1549 3731 1874 3788 remanserit
1913 3729 2007 3801 qui
2050 3745 2146 3799 per

540 3842 663 3884 eam
705 3834 968 3883 transeat.
1019 3825 1086 3880 Et
1113 3823 1323 3880 inducit
1355 3825 1642 3880 Dominmn
1675 3822 2099 3894 respondentem
2126 3863 2141 3890 ,

537 3937 842 3995 causasque
892 3920 1215 3979 reddentem
1265 3936 1280 3974 :
1337 3920 1466 3990 quia
1506 3918 1908 3990 dereliquerint
1947 3917 2145 3988 Legem

541 4016 662 4088 ejus
705 4030 867 4088 quam
897 4014 1129 4072 dederat
1169 4014 1273 4082 eis,
1323 4028 1423 4069 nec
1454 4013 1729 4070 audierint
1779 4027 1972 4068 vocem
2001 4011 2145 4083 ejus,

543 4129 646 4171 nec
685 4112 919 4169 fecerint
966 4127 1088 4184 quae
1120 4121 1395 4182 praecepta
1438 4109 1586 4176 sint;
1620 4108 1716 4165 sed
1756 4108 1993 4164 abierint
2027 4115 2149 4179 post

547 4207 870 4279 pravitatem
901 4203 1088 4262 cordis
1110 4203 1217 4259 sui.
1243 4202 1388 4274 Ergo
1411 4217 1518 4258 non
1550 4201 1604 4256 in
1635 4211 1823 4258 nostra
1846 4201 2146 4269 voluntate,

544 4302 640 4358 sed
677 4303 730 4356 in
780 4298 1014 4354 Domino
1040 4297 1410 4354 conlitendmn
1457 4308 1564 4354 est.
1599 4297 1830 4352 Pravutn
1865 4295 2011 4352 enim
2053 4311 2150 4351 cor

542 4392 601 4449 in
628 4388 1077 4462 omnibusUnfra
1107 4405 1242 4456 xvn,
1265 4388 1342 4460 9).
1382 4388 1556 4454 Et,De
1584 4387 1741 4443 corde
1761 4398 1938 4442 nostro
1957 4398 2150 4443 exeunt

546 4487 783 4560 pessima:
831 4484 1175 4556 cogitationes
1212 4482 1438 4553 (Matth.
1469 4497 1545 4537 xv
1570 4527 1583 4550 ,
1621 4480 1736 4552 19).
1773 4479 1840 4534 Ει
1867 4491 1986 4554 post
2013 4479 2152 4534 Ban-

543 4581 659 4650 lim,
687 4582 892 4652 inquit,
921 4580 1175 4645 abierunt,
1211 4593 1344 4650 quos
1383 4576 1680 4632 didicerunt
1703 4592 1733 4629 a
1761 4575 1997 4648 patribus
2020 4575 2147 4630 suis.

2248 3352 2400 3418 Sion,
2428 3352 2612 3406 statim
2643 3350 2893 3421 sequitur
2923 3366 3045 3421 qua:
3075 3350 3180 3406 ista
3206 3352 3278 3404 sit
3319 3365 3445 3404 vox.

2314 3445 2501 3519 (Vers.
2539 3445 2654 3518 19.)
2687 3445 2960 3514 Quomodo
2991 3445 3176 3500 vastati
3204 3462 3417 3512 sumus,
3453 3454 3504 3500 et
3533 3445 3741 3517 confusi
3769 3463 3844 3500 ve.

2245 3538 2545 3592 hementer?
2568 3538 2704 3604 Quia
2725 3538 3098 3610 dereliquimus
3123 3547 3314 3593 terram
3328 3577 3346 3607 ,
3373 3538 3625 3609 quoniam
3653 3538 3844 3608 dejecta

2245 3642 2364 3688 sunt
2392 3632 2529 3704 (sive
2553 3631 2861 3705 abjecimus)
2889 3630 3225 3687 tabernacula
3247 3641 3447 3686 nostra.
3475 3632 3598 3688 Vox
3638 3633 3738 3688 ista
3767 3642 3846 3688 est

2248 3727 2663 3784 lamentantium
2691 3726 2826 3784 Sion
2855 3743 2867 3780 :
2899 3727 3158 3796 quomodo
3183 3727 3370 3781 vastati
3390 3744 3596 3795 sumus,
3642 3736 3688 3782 et
3731 3744 3848 3781 con-

2248 3824 2353 3895 [usi
2389 3823 2748 3878 vehementer?
2775 3821 3084 3893 Statimque
3127 3820 3229 3876 sibi
3263 3821 3365 3893 ipsi
3395 3821 3769 3894 respondent,
3797 3831 3849 3878 et

2250 3934 2447 3975 causas
2500 3933 2612 3973 suae
2652 3917 2982 3972 vastationis
3020 3924 3303 3988 exponunt
3350 3917 3601 3975 dicentes
3650 3935 3664 3972 :
3721 3918 3848 3986 Quia

2250 4014 2614 4085 deretiquimus
2655 4022 2870 4080 terram,
2901 4013 3251 4086 nostroivitio
3291 4022 3455 4085 atque
3482 4023 3712 4086 peccato
3746 4031 3760 4067 :
3797 4023 3849 4070 et

2250 4109 2462 4179 dejecta
2492 4117 2620 4164 sunt
2647 4107 3002 4163 tabernacula
3035 4117 3250 4175 nostra,
3292 4123 3416 4179 qua:
3442 4109 3601 4179 quasi
3626 4118 3848 4180 praeter.

2251 4214 2443 4259 euntes
2469 4199 2743 4274 quondam
2787 4199 3156 4272 possidebant.
3183 4199 3377 4256 Dieant
3404 4201 3510 4258 hoc
3545 4213 3602 4257 et
3638 4200 3694 4258 itt
3737 4217 3850 4272 per-

2251 4298 2531 4353 secutione
2571 4295 2842 4368 quondam
2873 4295 3215 4350 credentium
3244 4295 3416 4350 turba:
3449 4312 3462 4349 :
3496 4297 3750 4367 quoniam
3779 4296 3851 4352 id-

2251 4394 2639 4448 circovastata:
2667 4400 2792 4446 sunt
2823 4400 2989 4462 atque
3017 4392 3279 4457 confusae,
3303 4392 3432 4462 quia
3455 4389 3850 4463 dereliquerint

2256 4495 2458 4542 terram
2483 4485 2725 4550 Domini,
2749 4491 2806 4540 et
2835 4484 3182 4540 deseruerint
3211 4484 3570 4541 tabernacula
3591 4501 3713 4541 sua.

2326 4577 2509 4651 (Vera.
2533 4577 2626 4642 20,
2653 4574 2775 4648 21.)
2817 4576 3008 4632 Audite
3042 4593 3189 4651 ergo,
3222 4579 3482 4644 mulieres,
3514 4578 3724 4634 verbum
3744 4577 3849 4634 Da-

543 4675 672 4733 Baal
694 4674 902 4731 idolum
917 4672 1273 4730 Sidoniorum
1295 4679 1472 4736 est,et
1494 4681 1574 4726 est
1599 4667 2142 4740 numerisingularis,
2175 4677 2229 4738 1)
2255 4672 2404 4740 mini,
2431 4681 2481 4729 et
2507 4679 2742 4726 assumat
2772 4672 2916 4726 auris
2963 4679 3131 4727 vestra
3168 4687 3456 4727 sermonem
3491 4677 3599 4728 oris
3641 4676 3776 4746 ejus,
3810 4685 3852 4729 ct

542 4769 750 4828 Baalitn
781 4783 914 4825 vero
931 4766 1155 4838 pluralis
1179 4763 1413 4822 numeri.
1433 4763 1578 4834 Ergo
1607 4779 1706 4819 nec
1735 4771 2024 4833 parentum
2050 4775 2152 4816 nec

543 4863 810 4933 majorum
837 4859 964 4935 [ΑΙ.
1009 4859 1277 4915 malorutn
1301 4856 1317 4930 ]
1344 4873 1502 4914 error
1541 4855 1856 4928 sequendus
1879 4865 1964 4911 est
1998 4872 2012 4910 :
2054 4853 2149 4909 sed

541 4955 845 5015 auctoritas
869 4951 1302 5025 Scripturarum,
1332 4959 1388 5007 et
1423 4951 1515 5008 Dei
1550 4950 1798 5006 docentis
1833 4949 2149 5020 imperium.

615 5047 798 5120 (Vers.
828 5045 919 5110 15,
950 5043 1068 5117 16.)
1108 5043 1317 5099 Idcirco
1341 5045 1448 5098 hac
1480 5043 1606 5098 dicit
1649 5042 1912 5098 Dominus
1948 5043 2153 5099 exerci-

547 5152 695 5199 tuum
727 5142 862 5198 Deus
895 5139 1069 5198 Israel
1101 5155 1120 5196 :
1148 5137 1283 5195 Ecce
1324 5156 1417 5214 ego
1462 5139 1642 5194 cibabo
1671 5137 1700 5176 ι)
1748 5155 1854 5207 eos,
1902 5139 2155 5212 populum

543 5239 705 5293 istum
732 5236 995 5292 absinthio
1041 5234 1184 5307 (sive
1234 5233 1538 5306 angustiis).
1580 5240 1627 5287 et
1674 5241 1852 5306 potum
1909 5231 2043 5287 dabo
2081 5232 2156 5286 eis

544 5349 735 5403 aquam
765 5332 908 5404 fellis
928 5371 946 5399 ,
979 5339 1026 5386 et
1054 5330 1352 5404 dispergam
1377 5344 1462 5382 eos
1505 5327 1558 5381 in
1603 5327 1872 5398 gentibus,
1901 5341 2028 5396 quas
2054 5341 2156 5379 non

546 5429 798 5481 noverunt
824 5425 929 5496 ipsi
953 5433 999 5478 ct
1024 5432 1198 5497 patres
1221 5437 1400 5477 eorum
1433 5435 1453 5474 :
1475 5429 1524 5474 et
1553 5420 1753 5474 mittant
1782 5426 1899 5490 post
1923 5435 2014 5473 eos
2043 5419 2155 5490 gla-

544 5517 713 5586 dium,
754 5516 919 5574 donec
944 5526 1336 5572 consumantur.
1385 5513 1575 5568 Potest
1621 5521 1673 5567 et
1714 5511 1784 5568 de
1810 5511 1992 5568 vicino
2021 5521 2160 5568 tem-

623 5705 870 5773 ‘Verba,
889 5713 937 5761 et
969 5706 1103 5761 nihil
1134 5705 1189 5759 in
1213 5721 1272 5758 ea
1295 5700 1558 5756 invenitur
1581 5698 1906 5765 substantiae,
1929 5697 1986 5753 in
2019 5698 2160 5754 duo-

555 5777 660 5835 bus
685 5793 718 5834 e
743 5779 952 5835 nostris
978 5791 1114 5833 mss.
1145 5775 1551 5832 desiderantur.

628 5869 653 5912 ιι
691 5869 829 5930 Tres
859 5886 994 5930 mss.
1030 5870 1258 5942 ipsaque
1283 5865 1716 5940 Hieronymiana
1743 5861 1923 5922 versio
1949 5903 1966 5933 ,
2005 5872 2169 5936 prout

2256 4766 2432 4822 docete
2453 4767 2591 4838 ﬁlias
2611 4778 2804 4821 vestras
2825 4765 3132 4832 Iumentum,
3150 4774 3198 4822 et
3217 4782 3540 4838 unaquatque
3567 4763 3850 4840 proximam

2255 4877 2402 4915 suam
2424 4859 2711 4930 planctum.
2742 4859 2880 4928 Quia
2902 4860 3132 4914 ascendit
3163 4877 3298 4916 mors
3337 4877 3426 4932 per
3453 4863 3707 4932 fenestras
3739 4880 3850 4918 nos-

2257 4964 2364 5009 tras
2387 4996 2402 5022 ,
2449 4955 2685 5027 ingressa
2731 4962 2807 5008 est
2846 4954 3028 5008 domos
3059 4952 3188 5027 [AL
3222 4953 3448 5028 domus]
3475 4963 3679 5011 nostras
3713 4957 3854 5011 :dis-

2259 5048 2473 5120 perdere
2501 5046 2749 5119 parvulos
2775 5046 2838 5101 de
2865 5047 3014 5119 foris,
3037 5047 3256 5119 juvenes
3277 5048 3340 5103 de
3368 5047 3557 5121 plateis
3611 5051 3668 5105 ln
3696 5064 3850 5119 supe-

2258 5141 2394 5198 riori
2418 5142 2659 5212 capitulo
2689 5141 2905 5196 dixerat
2931 5157 2945 5194 :
2971 5151 3149 5196 vocate
3170 5140 3554 5199 lamentatrices
3567 5143 3620 5199 et
3635 5143 3851 5210 veniant,

2258 5244 2304 5290 et
2329 5234 2397 5288 ad
2443 5250 2531 5289 eas
2569 5249 2685 5301 quae
2727 5233 2987 5304 sapientes
3027 5241 3168 5301 sunt,
3201 5234 3422 5302 mittite,
3454 5243 3504 5291 et
3535 5244 3852 5307 properent:

2261 5344 2424 5398 nunc_
2449 5328 2608 5402 quasi
2651 5329 3015 5399 praesentibus
3057 5329 3298 5401 loquitur
3321 5371 3336 5398 ,
3367 5335 3422 5386 in
3448 5331 3855 5387 condemnatio-

2260 5437 2387 5479 nem
2418 5422 2765 5479 sacerdotum
2818 5431 2984 5493 atque
3029 5422 3316 5480 doctorum
3357 5432 3416 5481 et
3453 5425 3700 5481 virorum
3746 5441 3855 5480 om-

2263 5517 2410 5572 nium
2441 5535 2455 5571 :
2483 5525 2545 5573 ut
2577 5515 2689 5573 illis
2721 5515 3072 5573 cessantibus
3099 5533 3128 5572 a
3153 5517 3403 5576 doctrina
3433 5561 3450 5588 ,
3494 5519 3615 5577 ista:
3641 5519 3854 5576 audiant

2269 5709 2353 5757 est
2387 5715 2418 5756 a
2449 5700 2704 5757 Martian.
2747 5700 2893 5759 edita
2919 5745 2933 5770 ,
2977 5701 3318 5774 interiectum
3370 5719 3571 5762 nomen
3626 5723 3712 5762 eos
3753 5721 3853 5763 non

2271 5805 2597 5865 agnoscunt,
2630 5795 2773 5866 quod
2799 5804 2886 5852 est
2910 5805 3094 5853 tamen
3125 5797 3178 5854 in
3205 5797 3434 5856 Hebraeo
3458 5781 3688 5861 D5981:
