4084 6324
545 330 646 386 751

1818 308 1881 366 S.
1926 304 2200 366 EUSEBII
2241 301 2618 364 HIEBONYMI

3731 290 3830 350 75!

518 445 664 518 quod
702 459 732 500 a
761 441 907 499 LXX
933 439 1178 497 additum
1205 481 1220 505 ,
1252 448 1362 491 non
1394 438 1500 490 stat
1529 430 1683 500 juxta
1713 429 2022 486 historiam.
2069 427 2126 482 In
2156 435 2209 494 Α
2233 434 2426 498 gentes,
2474 438 2590 491 quis
2619 437 2725 476 non
2753 425 3099 493 cognoverunt
3137 428 3184 473 te
3210 462 3224 486 ,
3266 425 3313 471 et
3357 430 3513 490 super
3550 411 3830 486 provincias

518 543 677 611 longa
713 538 860 596 enim
889 535 1179 592 obsidione
1227 528 1501 604 quomodo
1550 540 1682 582 oves
1712 535 1768 581 et
1799 539 1996 596 pecora
2031 537 2130 578 au-

523 632 657 688 ferri
690 640 943 702 poterant
968 628 1038 686 de
1063 626 1364 685 Jerusalem
1389 664 1404 690 ,
1433 637 1555 694 qua:
1584 620 1748 676 etiam
1783 618 1829 674 si
1879 616 2129 683 fuissent,

524 725 703 783 fames
740 722 1203 796 consumpserat?
1255 720 1323 775 Et
1365 734 1505 786 non,
1550 716 1760 787 inquit,
1811 713 2129 778 subsistunt,

524 823 644 879 sive
687 838 790 877 non
831 829 973 876 sunt.
1022 817 1212 885 Neque
1245 814 1394 872 enim
1425 809 1674 867 translati
1717 817 1843 862 sunt
1887 805 1938 860 in
1968 802 2131 860 Chal-

528 917 703 972 da2am
735 931 749 968 :
781 914 875 970 sed
906 928 1102 985 magna
1135 925 1260 980 pars
1281 922 1470 963 eorum
1497 903 1779 961 interfecta
1808 901 2135 974 penitusque

525 1011 706 1067 deleta
733 1016 836 1063 est.
867 1005 993 1062 Non
1010 1015 1086 1060 est
1115 1004 1200 1075 qui
1231 1000 1472 1057 extendat
1502 996 1640 1052 ultra
1668 995 1941 1050 tentorium
1969 989 2136 1064 916

528 1120 701 1159 meum
732 1119 752 1158 :
784 1117 891 1158 non
921 1108 1004 1156 est
1031 1099 1124 1169 qui
1152 1113 1238 1154 me
1271 1098 1568 1158 instauret,
1599 1101 1655 1148 et
1682 1102 1958 1145 murorum
1985 1100 2134 1140 tneo-

523 1211 646 1252 rutn
673 1195 843 1267 jaciat
863 1192 1241 1258 fundamenta,
1261 1189 1354 1261 qui
1381 1187 1448 1243 ad
1464 1186 1640 1242 solum
1671 1198 1844 1254 usque
1872 1176 2134 1251 prostrati

533 1299 686 1346 δυηι.

597 1380 782 1456 (Vers.
813 1379 935 1451 2|.)
989 1378 1126 1446 Quia
1170 1375 1328 1432 stulte
1352 1386 1565 1449 egerunt
1595 1378 1848 1440 pastores,
1880 1375 1928 1421 et
1953 1363 2134 1420 Domi-

522 1490 651 1531 num
675 1489 780 1529 non
809 1472 1126 1545 quaesierunt
1154 1491 1174 1526 :
1211 1476 1486 1539 propterea
1515 1480 1617 1519 non
1641 1460 2048 1523 intellexerunt,
2085 1465 2132 1512 et

528 1567 694 1622 omnis
728 1583 854 1638 grex
896 1580 1074 1620 eorum
1115 1563 1380 1633 dispersus
1427 1567 1522 1612 est.
1573 1555 1678 1610 Per
1718 1551 2130 1610 translationem

527 1673 836 1735 pastorum,
865 1669 1028 1732 atque
1057 1657 1268 1723 ovium,
1325 1651 1623 1724 principum
1658 1648 1817 1718 culpa
1842 1655 1899 1702 et
1921 1644 2136 1716 disper-

525 1761 612 1818 sio
656 1758 838 1831 populi
888 1754 1236 1812 describitur.
1289 1750 1426 1817 Quia
1481 1747 1626 1802 enim
1660 1741 1936 1815 principes
1969 1739 2133 1818 stulte

2241 520 2378 591 (sive
2408 515 2787 588 generationes)
2808 527 2925 585 qua:
2954 528 3140 567 nomen
3161 520 3308 564 tuum
3331 526 3432 564 non
3449 511 3826 572 invocaverunt,

2233 613 2356 685 quia
2383 611 2409 650 ι)
2436 610 2806 666 devoraverunt
2846 607 3032 674 Jacob,
3065 615 3115 660 et
3147 606 3315 660 locum
3365 606 3478 677 ejus
3511 617 3832 672 consumpse-

2233 717 2378 772 runt,
2411 716 2457 760 et
2480 705 2635 761 decus
2663 707 2777 778 ejus
2804 702 2909 776 (vel
2941 699 3159 774 pascua)
3201 699 3583 772 dissipaverunt
3608 695 3746 768 (sive
3769 695 3833 748 ad

2233 798 2569 854 solitudinem
2594 797 2943 868 redegerunt).
2995 792 3153 848 Hunc
3199 790 3378 846 locum
3421 798 3476 846 et
3527 789 3580 844 in
3633 785 3834 858 psalmo

2234 893 2466 964 legimus
2493 890 2771 958 :Domine,
2799 907 2862 944 ne
2881 891 2936 943 in
2972 891 3150 960 furore
3176 895 3267 940 tuo
3289 899 3481 958 arguas
3523 899 3603 936 me
3633 898 3652 935 :
3684 897 3835 952 neque

2234 990 2290 1045 in
2317 990 2396 1044 ira
2428 998 2518 1042 tua
2547 986 2800 1056 corripias
2831 1001 2908 1038 me
2939 981 3134 1052 (Psal.
3169 997 3256 1048 vt,
3293 980 3318 1035 l
3346 995 3362 1045 ;
3395 992 3604 1041 xxxvu,
3631 975 3725 1046 1).
3774 975 3834 1030 Et

2233 1094 2318 1141 est
2339 1097 2564 1140 sensus:
2591 1081 2862 1136 bleremur
2884 1077 3106 1151 quidem
3130 1076 3312 1131 omnia
3343 1089 3465 1146 quas
3482 1073 3832 1136 sustinemus,

2235 1185 2291 1234 et
2321 1176 2492 1232 multo
2541 1189 2816 1230 meremur
2863 1171 3069 1244 majora
3113 1185 3272 1240 quam
3305 1168 3563 1239 patimur.
3618 1165 3836 1220 Verum-

2237 1277 2416 1325 tamen
2452 1267 2556 1322 hoc
2577 1266 2832 1333 obsecro,
2867 1273 2924 1319 ut
2952 1264 3104 1335 quasi
3136 1270 3290 1333 pater
3312 1275 3400 1316 me
3427 1258 3834 1327 corripias,non

2235 1362 2394 1434 quasi
2422 1360 2773 1416 adversarius
2806 1376 2820 1413 :
2865 1369 2925 1412 ιιι
2964 1372 3053 1412 me
3084 1357 3342 1412 emendes
3365 1352 3524 1424 quasi
3555 1351 3723 1407 lilium
3746 1393 3762 1417 ,
3787 1361 3838 1406 et

2237 1471 2342 1511 non
2369 1453 2562 1526 punias
2591 1452 2748 1524 quasi
2776 1451 3051 1506 inimicum
3071 1448 3260 1521 (Hebr.
3279 1447 3378 1517 xu)
3399 1464 3416 1512 ς
3441 1446 3680 1517 castigas
3697 1443 3834 1500 enim

2235 1563 2454 1604 onmem
2485 1547 2652 1601 lilium
2683 1560 2847 1617 quem
2872 1543 3096 1614 recipis,
3124 1552 3180 1597 et
3219 1557 3316 1613 per
3345 1555 3565 1596 omnem
3597 1537 3835 1594 dolorem

2235 1657 2299 1698 ac
2325 1639 2598 1713 ﬂagellum
2630 1639 2890 1697 emendas
2916 1637 3245 1694 Jerusalem.
3277 1635 3479 1692 llostes
3508 1643 3726 1701 autem,
3754 1633 3839 1704 qui

2237 1753 2346 1792 non
2379 1744 2652 1792 noverunt
2677 1743 2731 1791 te
2758 1779 2772 1802 ,
2820 1745 2874 1790 et
2906 1732 3205 1804 provincias
3253 1731 3366 1786 sive
3399 1730 3694 1799 regiones,
3724 1745 3837 1801 qua:

526 1864 783 1927 egerunt,
831 1866 934 1907 nec
961 1849 1300 1922 quaesierunt
1335 1845 1623 1901 Dominum
1651 1883 1668 1909 ,
1697 1855 1858 1912 quem
1885 1846 2003 1893 toto
2031 1836 2131 1892 de-
2164 1836 2212 1897 Β
2239 1845 2346 1884 non
2380 1830 2772 1885 invocaverunt
2819 1843 3016 1883 nomen
3062 1836 3213 1881 tuum
3234 1867 3249 1891 ,
3311 1839 3656 1897 nequaquam
3695 1831 3834 1879 tuum

524 1950 764 2006 buerant
792 1945 958 2002 corde
986 1941 1303 2015 perquirere
1332 1957 1345 1994 :
1377 1939 1582 1994 idcirco
1607 1945 1663 1991 et
1694 1933 1833 1989 mala
1861 1927 2133 1986 venientia

529 2054 640 2096 non
671 2038 963 2100 viderunt,
1015 2035 1129 2089 sive
1163 2047 1269 2088 non
1303 2029 1694 2086 intellexerunt
1721 2023 2029 2088 Dominum,
2083 2029 2140 2077 et

532 2131 716 2188 omnis
730 2127 1019 2185 multitudo
1042 2125 1346 2181 Jerusalem
1369 2121 1474 2177 huc
1499 2120 1737 2190 illucque
1762 2116 2008 2186 dispersa
2029 2121 2134 2169 est.

606 2222 790 2296 (Vers.
820 2219 940 2290 22.)
976 2216 1090 2273 Voa:
1118 2215 1423 2280 auditionis,
1457 2228 1570 2267 ecce
1598 2210 1754 2275 venit,
1790 2218 1836 2264 et
1864 2205 2139 2262 commotio

528 2331 720 2386 magna
751 2313 815 2368 de
845 2322 984 2367 terra
1010 2308 1282 2382 Aquilonis
1309 2323 1327 2362 :
1356 2316 1412 2360 ut
1457 2314 1620 2378 ponat
1647 2303 1875 2358 civitates
1905 2298 2046 2355 Iuda
2083 2301 2138 2353 in

525 2406 892 2470 solitudinem,
941 2414 988 2458 et
1029 2400 1384 2457 habitaculum
1429 2399 1719 2452 draconum
1759 2395 1917 2468 (sive
1972 2391 2139 2446 cubile

525 2501 936 2571 struthionum).
990 2499 1060 2554 Et
1106 2507 1164 2552 ut
1206 2494 1570 2567 Symmachus
1607 2492 2001 2560 interpretatus
2029 2494 2135 2554 est,

529 2595 824 2650 sirenarum
850 2609 869 2648 :
901 2606 1000 2663 pro
1020 2605 1131 2662 quo
1162 2590 1214 2644 in
1249 2585 1518 2642 ilebraico
1548 2599 1788 2641 “suum
1828 2580 2013 2656 (cun)
2044 2595 2140 2651 po-

528 2688 697 2744 situm
719 2695 826 2743 est.
869 2684 1047 2740 Verba
1070 2680 1361 2752 Prophetas
1397 2695 1410 2734 :
1459 2678 1611 2747 Ecce,
1641 2676 1840 2748 inquit,
1862 2678 2062 2730 sonitus
2093 2685 2142 2729 et

534 2781 778 2856 fremitus
804 2777 1083 2850 Babylonii
1117 2776 1387 2830 venientis
1409 2773 1648 2837 auditur,
1673 2785 1973 2843 magnaque
1991 2784 2140 2826 com-

532 2876 730 2937 motio,
759 2873 881 2929 sive
916 2879 1262 2926 terraemotus
1299 2867 1368 2922 de
1407 2875 1550 2921 terra
1581 2863 1867 2936 Aquilonis
1894 2881 1906 2916 :
1937 2873 1994 2917 ιιι
2022 2877 2142 2916 om-

533 2981 636 3022 nes
660 2965 823 3021 urhes
848 2963 1076 3030 Judam,
1117 2957 1511 3016 habitatoribus
1533 2955 1835 3012 interfectis
1861 2996 1879 3022 ,
1932 2954 2142 3026 redigat

533 3060 591 3116 in
620 3057 995 3123 solitudinem,
1019 3065 1076 3110 et
1097 3053 1257 3109 faciat
1288 3067 1385 3122 pro
1414 3050 1726 3107 hominibus
1751 3050 2022 3104 dracones
2044 3049 2139 3100 ha-

534 3151 736 3217 bitare,
758 3160 814 3206 et
839 3157 1032 3204 cuncta
1055 3145 1354 3203 animantia
1387 3152 1674 3208 venenata,
1718 3142 1832 3198 sive
1874 3139 2137 3196 struthio-

2240 1923 2442 1978 debent
2469 1923 2674 1977 sentire
2696 1919 2962 1991 judicium
2986 1960 3003 1986 ,
3045 1917 3143 1974 sed
3187 1916 3617 1988 indignationem
3652 1913 3835 1989 (Psal.

2240 2015 2504 2086 Lxxxvu).
2529 2014 2820 2071 Tradidisti
2849 2014 2995 2070 enim
3024 2029 3146 2081 nos,
3177 2023 3237 2069 ut
3273 2012 3718 2068 emendaretnur.
3762 2012 3836 2067 llli

2241 2122 2423 2165 autem
2453 2118 2887 2180 aggravaverunt
2913 2107 3101 2179 jttgum
3130 2122 3288 2162 suum
3321 2125 3332 2160 :
3369 2107 3484 2162 seni
3516 2121 3628 2161 non
3656 2120 3840 2178 peper-

2240 2211 2453 2268 cerunt,
2484 2211 2541 2258 et
2567 2201 2822 2272 parvulos
2847 2200 3162 2257 afﬂixerunt
3197 2220 3210 2256 :
3244 2201 3608 2257 comederunt
3633 2217 3752 2270 nos,
3790 2209 3838 2256 et

2241 2297 2456 2368 penitus
2473 2295 2875 2352 devoraverunt
2899 2303 2955 2351 et
2985 2297 3037 2350 in
3071 2303 3275 2350 tantam
3305 2293 3659 2350 solitudinem
3690 2293 3837 2351 rede-

2239 2401 2435 2463 gerunt
2473 2389 2804 2458 Jerusalem,
2843 2400 2900 2445 ut
2925 2400 2981 2446 ct
3027 2389 3365 2461 publicarum
3412 2400 3466 2446 et
3515 2390 3836 2462 privatarum

2241 2486 2438 2542 aedium
2471 2486 2653 2541 omnia
2698 2485 3030 2557 dissiparent
3058 2525 3073 2551 ,
3113 2493 3170 2542 et
3194 2486 3452 2556 populum
3480 2494 3635 2542 tuum
3677 2488 3836 2542 inter-

2242 2579 2489 2638 ﬁcerent.

2314 2676 2470 2749 (Cap.
2504 2675 2596 2732 XI.
2622 2705 2692 2715 —-
2719 2675 2871 2731 Vers.
2911 2675 3053 2744 1-5.)
3098 2674 3322 2728 Verbum
3351 2676 3492 2746 quod
3547 2677 3747 2746 factum
3771 2683 3840 2731 est

2240 2771 2309 2826 ad
2350 2769 2634 2826 Jeremiam
2673 2787 2706 2824 a
2735 2767 2962 2824 Domino
3003 2767 3176 2822 dicens
3207 2784 3226 2822 :
3257 2767 3452 2823 Audite
3504 2769 3662 2823 verba
3711 2769 3839 2840 pacti

2241 2865 2383 2938 (sive
2435 2862 2726 2919 testamenti
2751 2863 2771 2934 )
2805 2863 2989 2934 hujus,
3020 2871 3068 2916 et
3099 2861 3374 2932 loquimini
3395 2862 3467 2916 ad
3498 2863 3635 2918 viros
3682 2863 3838 2927 Iuda.

2239 2972 2286 3018 et
2312 2962 2625 3016 habitatores
2659 2958 2978 3024 Jerusalem,
3009 2969 3056 3014 et
3084 2959 3226 3013 dices
3255 2959 3326 3012 ad
3369 2974 3457 3013 eos
3484 2974 3504 3012 :
3527 2957 3660 3014 Haec
3712 2959 3834 3014 dicit

2242 3055 2496 3110 Dominus
2527 3052 2668 3109 Deus
2688 3053 2878 3109 Israel.
2909 3051 3025 3107 Non
3066 3049 3285 3122 quidem
3309 3058 3397 3106 est
3423 3050 3660 3120 positum
3689 3051 3745 3106 iu
3777 3051 3833 3107 ti-

2239 3148 2374 3212 tulo,
2408 3146 2509 3203 sub
2538 3163 2646 3218 quo
2675 3155 2942 3216 tempore,
2976 3143 3060 3200 vel
3113 3145 3216 3198 sub
3264 3157 3375 3214 quo
3406 3159 3559 3214 rege,
3593 3152 3652 3200 et
3677 3151 3842 3215 quoto

533 3261 653 3312 nes,
679 3241 825 3315 quod
855 3251 910 3298 et
931 3241 1109 3312 ipsum
1137 3239 1360 3302 animal.
1399 3237 1713 3293 solitudinis
1745 3233 2008 3290 familiare
2027 3241 2130 3296 est,
2161 3231 2206 3294 C
2239 3255 2384 3295 anno
2410 3239 2547 3309 ejus,
2583 3238 2701 3294 lucc
2732 3238 3014 3309 prophetia
3041 3237 3181 3292 facta
3199 3238 3309 3292 sit:
3339 3236 3435 3292 sed
3467 3236 3839 3308 intelligimus,

532 3349 592 3396 et
623 3340 675 3394 in
700 3337 935 3393 desertis
957 3337 1201 3392 nascitur
1224 3349 1290 3389 ac
1321 3333 1579 3387 nutritur.
1597 3333 1702 3385 Aut
1729 3339 1882 3384 certe
1905 3327 2138 3395 sirenas,

535 3440 785 3490 monstra
823 3429 1072 3501 quaedam
1097 3439 1153 3485 et
1197 3428 1506 3483 daemonum
1537 3425 1921 3496 phantasmata
1947 3437 2142 3491 possu-

538 3541 662 3582 mus
705 3523 1037 3594 intelligere.
1091 3523 1216 3576 Ilatc
1257 3519 1440 3576 omnia
1477 3533 1602 3589 qua:
1651 3525 1707 3572 et
1753 3517 2063 3587 praeteritus
2091 3523 2149 3570 et

534 3635 782 3692 praesens
807 3634 992 3675 sermo
1013 3615 1324 3687 descripsit,
1353 3614 1420 3668 ad
1455 3609 1852 3683 persecutionis
1886 3609 2147 3666 Ecclesia:

530 3714 838 3771 referamus
861 3720 1133 3781 tempora,
1167 3707 1390 3781 quando
1413 3705 1759 3761 tabernacula
1791 3701 2005 3758 Domini
2026 3701 2149 3757 sub-

534 3819 851 3874 vertuntur,
890 3817 946 3864 et
981 3807 1160 3863 omnis
1203 3802 1470 3858 habitatio
1512 3800 1772 3857 Ecclesia:
1799 3797 2062 3869 redigitur
2094 3797 2145 3852 in

534 3903 907 3962 solitudinem.
943 3903 1007 3955 lit
1039 3909 1096 3955 ut
1137 3901 1242 3954 ista
1288 3899 1546 3952 universa
1580 3895 1822 3958 veniant,
1864 3894 2021 3962 culpa
2055 3906 2148 3962 pa-

535 4006 750 4053 storum
771 4003 874 4063 est,
904 3993 995 4066 qui
1018 3993 1186 4048 stulte
1212 4000 1460 4062 egerunt,
1489 3997 1546 4045 et
1567 3989 1850 4044 Dominum
1873 4001 1979 4041 non
2002 4000 2152 4056 qua:-

534 4090 770 4152 sierunt,
801 4101 902 4142 nec
940 4085 1331 4142 intellexerunt
1355 4098 1503 4149 eum,
1535 4091 1591 4138 et
1633 4081 1837 4136 idcirco
1867 4094 1999 4150 grex
2024 4093 2146 4136 om-

533 4182 624 4238 nis
649 4181 934 4251 dispersus
964 4187 1070 4234 est.

603 4273 787 4344 (Vers.
811 4272 932 4341 25.)
970 4271 1092 4327 Scio
1121 4312 1134 4336 ,
1168 4269 1391 4324 Domine
1418 4311 1432 4336 ,
1461 4271 1584 4341 quia
1616 4286 1720 4324 non
1747 4278 1819 4324 est
1875 4269 2003 4341 [ΑΙ.
2041 4267 2144 4340 sit]

532 4365 757 4431 hominis
784 4365 868 4418 uia
906 4364 1020 4433 ejus
1049 4377 1068 4416 :
1097 4377 1190 4416 nec
1216 4363 1316 4415 uiri
1344 4371 1420 4415 est
1447 4403 1463 4428 ,
1495 4371 1550 4414 ut
1591 4360 1818 4415 ambulet
1863 4369 1910 4415 et
1957 4362 2150 4432 dirigat

531 4474 738 4532 gressus
753 4472 896 4512 suos.
923 4454 1259 4510 Erubescaut
1279 4455 1402 4508 novi
1425 4453 1834 4523 praedicatores,
1854 4455 1944 4525 qui
1969 4455 2142 4521 aiunt,

539 4559 566 4586 α
604 4563 1045 4620 unumquemque
1081 4562 1182 4603 suo
1203 4546 1437 4603 arbitrio
1464 4546 1579 4616 regi
1612 4565 1626 4601 :
1658 4561 1783 4602 cum
1811 4556 1868 4602 et
1907 4548 1994 4603 hic
2019 4547 2152 4603 Pro-

2242 3334 2328 3390 vel
2354 3333 2519 3404 priori
2550 3332 2856 3404 prophetiae.
2884 3341 2940 3388 et
2965 3329 3195 3400 tempori
3244 3329 3364 3385 haec
3394 3345 3520 3386 esse
3545 3331 3842 3402 jungenda,

2243 3427 2333 3484 vel
2354 3438 2506 3482 certe
2533 3437 2659 3498 post
2688 3424 2910 3494 aliquod
2947 3423 3210 3495 temporis
3252 3421 3603 3476 intervallum
3653 3424 3847 3494 prioris

2243 3519 2549 3591 prophetiae
2578 3520 2722 3576 hunc
2752 3519 2963 3574 Domini
2993 3519 3060 3575 ad
3090 3519 3418 3593 Pr0phetam
3466 3521 3676 3578 factum
3725 3535 3845 3578 esse

2247 3629 2586 3670 sermonem.
2637 3614 2948 3670 Notandum
2977 3625 3063 3671 est
3085 3626 3295 3684 autem,
3337 3615 3484 3686 quod
3512 3615 3737 3672 verbum
3759 3631 3847 3669 as-

2247 3724 2379 3764 amt
2427 3706 2644 3782 (nm),
2693 3708 2889 3780 Aquila
2941 3717 2996 3765 et
3056 3708 3421 3781 Symmachus
3470 3722 3691 3778 semper
3757 3723 3845 3776 pa-

2248 3813 2406 3873 ctum,
2441 3803 2580 3860 LXX
2623 3816 2678 3859 ct
2725 3803 3032 3860 Theodotio
3087 3813 3452 3859 testamentum
3513 3799 3842 3869 interpretati

2247 3907 2395 3954 sunt.
2427 3897 2656 3966 Pr0prie
2683 3908 2864 3953 autem
2897 3912 3043 3954 nunc
3061 3897 3130 3952 ad
3157 3897 3464 3954 Jerusalem
3495 3903 3553 3952 et
3595 3894 3665 3951 ad
3704 3895 3847 3950 viros

2251 3990 2428 4046 tribus
2456 3989 2614 4046 Judae
2641 4006 2824 4047 sermo
2855 3990 3129 4062 dirigitur.

2322 4083 2504 4156 (Vers.
2539 4082 2621 4155 4.)
2663 4083 2978 4140 Maledictus
3001 4085 3078 4139 vir
3102 4085 3192 4156 qui
3214 4100 3313 4139 non
3341 4085 3567 4138 audierit
3583 4083 3738 4139 verba
3757 4099 3845 4154 pa-

2249 4179 2318 4232 cti
2339 4177 2520 4248 hujus,
2552 4177 2695 4246 quod
2734 4178 2958 4246 praecepi
2985 4178 3218 4246 patribus
3243 4177 3423 4233 uestris
3450 4196 3462 4232 :
3509 4179 3568 4232 in
3589 4178 3698 4245 die,
3749 4193 3849 4249 qua

2250 4271 2408 4327 eduxi
2435 4287 2522 4326 eos
2551 4272 2615 4325 de
2641 4279 2780 4325 terra
2809 4270 2884 4325 1E
2888 4275 3032 4344 gypti
3040 4313 3056 4337 ,
3079 4271 3143 4326 de
3168 4275 3382 4343 fornace
3401 4275 3595 4342 ferrea.
3630 4271 3803 4326 dicens
3829 4285 3847 4323 .'

2253 4362 2442 4419 Audite
2470 4379 2640 4418 vocem
2666 4379 2852 4432 meum,
2887 4373 2937 4420 et
2959 4365 3117 4436 facite
3143 4364 3318 4420 omnia
3345 4381 3461 4435 qua:
3485 4363 3740 4434 praecipio
3763 4379 3844 4418 tto-

2253 4458 2354 4522 bis,
2384 4468 2431 4512 et
2456 4458 2604 4512 eritis
2630 4458 2761 4512 mihi
2802 4458 2858 4512 in
2885 4459 3158 4531 papulum,
3187 4467 3236 4512 et
3260 4473 3358 4531 ego
3377 4473 3465 4513 ero
3487 4457 3630 4512 vobis
3653 4458 3708 4511 in
3739 4455 3843 4511 Do-

2253 4552 2450 4606 ntinum
2475 4549 2586 4624 [AL
2633 4550 2842 4624 Deum].
2876 4551 2991 4608 Non
3023 4561 3245 4624 propter
3277 4553 3496 4624 generis
3545 4550 3842 4620 privilegia,

534 4644 701 4716 pheta
727 4643 872 4699 dicat
903 4660 917 4697 :
951 4641 1074 4698 Non
1100 4653 1174 4698 est
1204 4642 1428 4698 hominis
1458 4641 1540 4696 via
1577 4641 1692 4713 ejus
1722 4641 1742 4714 (
1770 4640 1916 4696 Psal.
1952 4658 2142 4711 xxxvr,
2171 4627 2227 4688 Ῑ)
2251 4661 2359 4701 non
2382 4653 2602 4716 propter
2639 4646 3079 4701 circumcisiouis
3103 4645 3354 4717 injuriam
3377 4645 3567 4718 918.
3595 4655 3654 4700 et
3683 4645 3846 4698 otium

539 4737 657 4808 25).
703 4737 770 4792 Ει
805 4735 973 4791 David
1025 4736 1077 4791 in
1109 4736 1281 4808 lyrico
1325 4745 1486 4792 canat
1529 4737 1774 4792 carmine
1809 4753 1821 4790 :
1853 4739 1895 4790 Α
1924 4735 2147 4792 Domino

537 4845 746 4904 gressus
785 4828 1007 4884 hominis
1045 4828 1370 4902 dirigentur,
1417 4840 1466 4884 et
1496 4830 1632 4884 viam
1660 4832 1775 4903 ejus
1803 4828 1934 4884 volet
1966 4829 2142 4884 nimis.

539 4922 666 4979 Sive
697 4921 786 4978 hic
810 4935 1004 4977 sensus
1036 4932 1119 4977 est
1155 4940 1166 4975 :
1210 4921 1354 4993 quod
1384 4938 1412 4976 a
1447 4922 1760 4995 Babyloniis
1789 4924 2146 4989 sustinemus,

532 5029 644 5070 non
673 5022 760 5070 est
787 5028 976 5070 eorum
1006 5012 1360 5081 fortitudinis,
1387 5014 1482 5070 sed
1517 5015 1689 5072 nostri
1720 5018 1942 5082 meriti,
1977 5023 2033 5072 et
2063 5016 2145 5071 in-

536 5106 869 5178 dignationis
901 5117 1026 5162 tute.

609 5199 792 5273 (Vers.
827 5200 920 5268 9.4,
954 5199 1076 5272 25.)
1120 5199 1337 5268 Corripe
1363 5217 1443 5255 me
1466 5243 1482 5268 ,
1524 5202 1766 5274 Domine,
1801 5215 2149 5260 rerumtamen

537 5298 596 5351 in
611 5297 840 5370 judicio,
873 5308 921 5353 et
956 5313 1058 5352 non
1093 5298 1144 5350 in
1186 5296 1362 5364 furore
1387 5307 1518 5363 tuo;
1561 5316 1624 5354 ne
1661 5304 1797 5371 forte
1819 5301 1888 5354 ad
1926 5301 2146 5356 nihilum

535 5387 703 5460 917
743 5390 950 5460 redigas
970 5405 1068 5444 me.
1095 5386 1328 5455 E/funde
1363 5388 1776 5462 indignationem
1819 5401 1960 5448 tuam
1989 5410 2147 5464 super

610 5577 637 5604 ⁸
683 5569 885 5638 Dogma
927 5567 1030 5643 hoc
1068 5579 1184 5643 erat
1220 5568 1671 5643 Pelagianorum,
1711 5569 1866 5643 cujus
1902 5586 2144 5643 sensum,

537 5653 866 5710 quamquam
889 5639 1022 5695 satis
1043 5655 1110 5694 ex
1133 5640 1238 5695 hoc
1258 5639 1380 5697 loco
1406 5641 1724 5710 percipitur,
1751 5639 1934 5698 malim
1965 5639 2145 5701 tamen

536 5717 601 5786 ut
627 5721 841 5777 repetas
863 5710 1238 5786 esftugnstin:
1271 5711 1369 5786 lib.
1399 5712 1468 5767 de
1489 5710 1670 5768 Gestis
1699 5712 1926 5784 Pelagii,
1958 5715 2146 5786 ipsove

539 5779 873 5850 Hieronymo
905 5780 1000 5836 lib.
1036 5779 1090 5835 tu
1119 5781 1349 5850 Dialogi.

608 5849 635 5888 ι’
677 5849 898 5905 Rectius
927 5850 995 5905 ad
1024 5849 1354 5908 Hebraicum
1383 5855 1661 5924 exemplar
1694 5855 1950 5912 Rabanus
1992 5857 2142 5930 legit,

2249 4737 2484 4805 sabbati,
2511 4737 2606 4792 sed
2646 4746 2870 4808 propter
2912 4736 3287 4793 obedientiam
3307 4780 3322 4804 ,
3351 4747 3408 4793 et
3443 4738 3585 4792 Deus
3615 4735 3848 4792 efﬁcitur

2251 4830 2434 4901 populi
2475 4829 2665 4897 Israel,
2697 4839 2757 4885 et
2785 4829 2952 4885 Israel
2981 4831 3214 4901 p0pulus
3237 4832 3378 4902 ejus.
3414 4830 3480 4887 Et
3500 4829 3592 4887 hic
3632 4831 3846 4902 quidem

2248 4925 2403 4992 quasi
2425 4923 2492 4979 ad
2520 4939 2710 4980 servos
2734 4923 2994 4995 loquitur,
3031 4935 3088 4978 ut
3122 4924 3378 4996 placeant
3404 4923 3536 4979 Deo.
3567 4923 3623 4978 lu
3673 4923 3846 4980 Evan-

2247 5016 2391 5089 gelio
2419 5031 2553 5072 vero
2581 5015 2840 5071 Dominus
2864 5014 2930 5070 ad
2956 5014 3257 5088 discipulos
3287 5033 3301 5070 :
3338 5015 3467 5083 Vos,
3503 5016 3697 5087 inquit,
3723 5015 3846 5070 ami-

2249 5113 2296 5166 ci
2324 5109 2430 5167 mei
2447 5111 2590 5173 estis,
2623 5111 2666 5165 si
2693 5110 2919 5182 feceritis
2965 5125 3083 5181 qua:
3111 5125 3204 5181 ego
3229 5109 3474 5182 pracipio
3516 5109 3682 5164 vobis.
3731 5106 3847 5162 1am

2249 5221 2353 5260 non
2373 5203 2545 5258 dicam
2565 5219 2652 5259 vos
2675 5219 2869 5268 servos,
2901 5204 3020 5274 quia
3033 5219 3207 5258 servus
3229 5203 3391 5258 nescit
3411 5202 3539 5273 quid
3555 5203 3726 5273 faciat
3745 5199 3847 5258 Do-

2249 5298 2420 5352 minus
2449 5300 2582 5371 ejus.
2636 5294 2736 5350 Vos
2763 5306 2939 5351 autem
2963 5296 3077 5351 dixi
3103 5296 3324 5360 amicos,
3354 5295 3480 5366 quia
3508 5309 3685 5348 omnia
3713 5308 3848 5364 qua:-

2247 5407 2462 5462 cumque
2514 5391 2692 5444 audivi
2721 5408 2754 5446 a
2785 5389 2942 5446 Patre
2996 5407 3130 5456 meo,
3161 5398 3286 5444 nota
3329 5390 3431 5460 feci
3474 5387 3660 5458 vobis(
3687 5387 3842 5442 Joan.

2257 5574 2382 5644 quia
2407 5573 2736 5628 comederunt
2776 5571 2963 5640 Jacob,
2990 5584 3039 5628 et
3065 5573 3438 5630 devoraverunt
3483 5589 3626 5642 eum,
3660 5583 3709 5628 et
3731 5589 3850 5629 con-

2253 5653 2583 5713 sumpserunt
2607 5645 2800 5712 locum,
2835 5655 2883 5700 et
2904 5646 3058 5700 decus
3085 5649 3219 5715 ejus,
3243 5655 3348 5702 etc.
3372 5645 3543 5700 Nobis
3574 5663 3740 5700 unum
3787 5644 3848 5700 li-

2253 5719 2368 5772 cuit
2394 5731 2661 5786 reponere
2701 5732 2768 5772 ex
2801 5733 2960 5784 tnss.,
2987 5727 3437 5789 consumpserunt,
3479 5731 3581 5787 pro
3600 5732 3711 5788 quo
3736 5720 3849 5773 erat

2252 5799 2415 5845 antea
2443 5797 2883 5857 contempserunt.
