4084 6324
292 327 392 386 753

820 325 1478 386 COMMENTARIOHUM
1518 327 1583 385 IN
1621 326 1975 385 JEREMIAM
2015 326 2434 384 PROPHETAM
2469 328 2603 386 LIB.
2651 328 2713 385 ll.
2756 329 2912 386 CAP.
2955 329 3049 385 XI.
3101 329 3116 366 τ

3479 330 3585 388 754

295 463 380 513 xv,
405 448 474 503 14
495 456 542 501 et
565 446 677 518 15).
711 445 953 517 Cumque
992 445 1151 501 amici
1203 446 1309 502 mei
1333 447 1551 517 iuerint,
1583 445 1654 502 de
1684 447 1876 502 amicis
1903 451 1950 508 Α
1981 460 2087 516 que
2136 445 2406 516 sequitur,
2438 457 2485 500 et
2518 463 2620 501 non
2651 450 2907 518 fecerunt,
2932 446 3002 500 ab
3025 447 3108 503 eis
3133 448 3369 518 positum
3402 459 3506 516 est,
3537 458 3599 507 et

294 548 572 596 transeunt
599 541 648 596 iu
681 539 821 595 filios
852 558 863 593 :
899 539 1158 609 Quotquot
1199 542 1338 594 enim
1386 549 1688 611 receperunt
1739 557 1873 606 eum,

291 631 427 686 dedit
455 632 527 686 eis
556 641 854 703 potestatem
876 631 1014 699 ﬁlios
1037 631 1133 686 Dei
1161 631 1280 702 ﬁeri
1304 630 1488 704 (Joan.
1515 633 1687 704 [,12).
1722 631 1878 689 Unde

287 725 472 782 amicis
494 736 550 782 et
581 725 700 780 ﬁliis
727 726 968 798 praecipit
995 743 1009 779 :
1041 725 1220 782 Estote
1237 728 1451 800 perfecti
1479 729 1613 783 sicut
1639 740 1687 784 et
1717 727 1879 783 Pater

288 827 443 874 uester
470 821 723 888 perfectus
749 831 824 874 est
843 817 1058 892 (.llatth.
1085 835 1140 884 v,
1170 820 1305 891 48);
1335 821 1747 877 similitudinem
1774 823 1876 876 im-

289 925 502 982 perans,
536 927 641 966 non
673 915 1062 984 mqualitatem.
1097 913 1257 969 Etibi
1289 913 1600 971 obedientia
1655 917 1878 973 manda-

287 1016 460 1062 torum
488 1015 594 1070 est,
619 1005 707 1062 hic
747 1005 1048 1062 similitudo
1080 1006 1194 1062 Dei.
1227 1007 1493 1080 Quodque
1518 1009 1596 1064 ait
1629 1025 1643 1064 :
1676 1008 1744 1064 In
1766 1010 1873 1076 die,

285 1116 383 1168 qua
401 1098 560 1154 eduxi
587 1115 675 1154 eos
705 1100 769 1155 de
797 1109 936 1154 terra
967 1097 1205 1171 /Egypti,
1238 1099 1302 1154 de
1328 1101 1539 1169 fornace
1566 1105 1754 1172 ferrea,
1784 1102 1876 1156 dat

287 1195 437 1250 nobis
471 1195 908 1266 intelligentiam,
932 1195 1075 1266 quod
1101 1195 1352 1252 caminus
1379 1207 1434 1253 et
1455 1197 1645 1252 fornax
1669 1197 1868 1260 ferrea,

282 1300 440 1362 atque
468 1305 731 1348 succensa
773 1289 1138 1346 tribulationis
1160 1302 1214 1346 et
1239 1306 1414 1361 pinna:
1460 1291 1733 1362 signiﬁcet
1757 1307 1871 1346 ma-

282 1383 635 1455 gnitudinem,
655 1399 764 1440 non
784 1382 1015 1454 aliquem
1040 1384 1220 1440 locum
1247 1400 1442 1456 ptume,
1479 1383 1612 1441 ferri
1644 1387 1871 1443 materia

283 1489 664 1550 prmparatum.

348 1573 528 1645 (Vers.
562 1573 646 1645 5.)
690 1573 758 1630 Ut
778 1575 1411 1646 suscitemjuramentum,
1432 1575 1572 1646 quod
1583 1575 1762 1646 juravi
1778 1592 1873 1648 pa-

278 1666 437 1720 tribus
461 1667 664 1731 uestris,
688 1666 932 1720 daturum
964 1683 1043 1722 me
1073 1667 1149 1721 eis
1179 1675 1372 1722 terram
1397 1667 1645 1737 ﬂuentem
1674 1667 1806 1723 lacte
1824 1678 1872 1723 et

279 1759 442 1823 melle,
472 1759 607 1813 sicut
636 1768 710 1814 est
740 1759 849 1813 dies
895 1760 1027 1814 hare.
1075 1759 1261 1815 Patres
1312 1759 1567 1816 videntur
1593 1761 1868 1830 accipere,

1985 554 2110 594 cum
2141 541 2442 610 superioris
2483 542 2704 612 capituli
2731 540 2837 596 line
2865 542 3155 609 sociatum,
3210 543 3263 598 in
3305 558 3413 614 quo
3443 544 3583 601 scri-

1981 642 2130 704 ptum
2162 644 2249 689 est
2281 654 2291 688 :
2319 636 2496 689 audite
2524 636 2673 691 verba
2693 637 2829 706 pacti
2859 636 3039 710 hujus,
3074 646 3120 692 et
3151 639 3308 709 facile
3344 639 3441 694 illa
3460 655 3482 705 ;
3529 647 3580 693 et

1979 742 2082 780 non
2113 729 2365 797 fecerunt.
2399 726 2537 796 Quid
2563 729 2634 782 sit
2660 736 2839 784 autem
2866 728 2934 783 de
2955 741 3115 785 mane
3143 743 3494 802 consurgere,
3527 740 3590 787 et

1979 819 2076 876 Dei
2110 820 2274 876 verba
2307 836 2404 893 per
2425 821 2725 893 Prophetas
2745 823 2827 879 eis
2857 823 3170 894 frequenter
3210 823 3486 896 ingerere,
3518 833 3577 880 et

1977 915 2212 970 educere
2235 931 2330 969 eus
2354 914 2423 970 de
2445 913 2706 987 Egypto,
2737 924 2792 970 et
2817 918 3015 985 saepius
3069 915 3368 972 admonere
3411 926 3467 972 et
3490 915 3583 972 di-

1976 1025 2139 1067 cere:
2164 1011 2344 1068 audite
2371 1028 2561 1067 vocem
2593 1029 2806 1078 meam;
2840 1021 2895 1069 et
2918 1013 3046 1070 illos
3066 1014 3266 1070 abiisse
3299 1022 3420 1085 post
3459 1028 3586 1084 pra-

1977 1102 2196 1158 vitatem
2211 1104 2396 1160 cordis
2420 1106 2524 1172 sui,
2581 1113 2637 1160 et
2659 1115 2843 1176 postea
2871 1107 2953 1162 eis
2969 1105 3206 1164 reddere
3228 1121 3350 1178 qua:
3366 1123 3585 1163 meren-

1978 1207 2064 1252 tur
2092 1207 2114 1235 ο
2147 1204 2202 1252 et
2221 1198 2493 1269 accipere,
2525 1207 2653 1253 ante
2678 1197 2792 1268 jam
2822 1197 3079 1254 diximus.

2047 1286 2229 1358 (Vers.
2254 1288 2310 1355 9,
2345 1289 2461 1360 10.)
2502 1288 2571 1344 Et
2598 1289 2731 1344 dixit
2754 1289 3009 1344 Dominus
3037 1291 3105 1344 ad
3129 1306 3238 1346 me:
3259 1288 3478 1346 Inventa
3505 1291 3584 1346 est

1972 1383 2266 1448 coniuratio
2289 1384 2344 1438 in
2365 1371 2488 1439 viris
2513 1382 2680 1452 Iuda,
2714 1395 2763 1438 et
2788 1384 2842 1438 in
2865 1383 3236 1439 habitatoribus
3278 1383 3577 1440 Jerusalem

1970 1464 2162 1532 reuersi
2193 1487 2310 1532 sunt
2339 1478 2408 1534 ad
2435 1479 2734 1549 iniquitates
2761 1488 2966 1546 patrum
2996 1493 3209 1532 suorum
3238 1479 3458 1548 priores,
3489 1480 3584 1544 qui

1977 1572 2263 1626 uoluerunt
2288 1573 2473 1627 audire
2519 1572 2674 1627 verba
2706 1589 2838 1626 utea.
2865 1571 2935 1626 Et
2967 1573 3023 1626 hi
3048 1589 3170 1644 ergo
3196 1573 3436 1627 abierunt
3466 1579 3586 1643 post

1973 1663 2095 1717 deos
2123 1665 2343 1733 alienos,
2373 1675 2430 1718 ut
2450 1665 2699 1720 seruirent
2720 1665 2813 1720 eis.
2841 1663 3058 1719 Irritum
3110 1669 3344 1735 fecerunt
3397 1665 3584 1719 domus

1974 1754 2167 1822 Israel,
2190 1765 2238 1833 et
2267 1757 2452 1813 domus
2475 1756 2621 1811 ludo
2647 1767 2856 1828 pactum
2883 1774 3077 1824 meum,
3104 1757 3245 1829 quod
3268 1758 3444 1830 pepigi
3463 1775 3585 1814 cum

276 1853 488 1923 quando
514 1853 790 1924 accipiunt
819 1852 1025 1918 ﬁlii;et
1053 1852 1286 1909 Abrahae
1315 1854 1606 1924 promissio
1634 1856 1873 1925 comple-
1907 1844 1953 1904 Β
1980 1848 2214 1918 patribus
2253 1865 2452 1903 eorum.
2493 1848 2596 1903 Pro
2647 1849 3030 1922 cattjuralione,
3077 1865 3237 1921 quam
3289 1863 3392 1904 nos
3425 1850 3588 1920 juxta

279 1954 361 2002 tur
392 1947 445 2002 in
470 1948 728 2018 posteris.
771 1947 995 2003 Terram
1020 1955 1202 2004 autem
1226 1947 1365 2004 lacte
1393 1958 1447 2004 ct
1473 1949 1634 2005 melle
1647 1964 1870 2004 manan-

277 2048 402 2107 tem,
431 2039 792 2112 hyperbolice
818 2040 1084 2096 debemus
1129 2042 1383 2112 accipere
1415 2057 1514 2112 pro
1543 2057 1725 2098 rerum
1757 2056 1874 2097 om-

275 2133 415 2189 nium
439 2132 798 2202 abundantia,
830 2143 888 2189 ut
915 2144 998 2190 est
1026 2133 1159 2190 illud
1187 2134 1366 2208 (Virg.
1396 2133 1582 2207 Eclog.
1617 2135 1733 2207 ut):

361 2245 506 2298 Mella
529 2247 690 2299 ﬂuant
713 2246 831 2310 illis,
859 2245 990 2298 ferat
1013 2252 1067 2298 et
1085 2247 1240 2297 rubus
1263 2259 1413 2312 asper
1437 2260 1704 2300 amomum.

273 2352 335 2408 Et
365 2353 562 2410 iterum
594 2372 606 2407 :

257 2471 260 2474 ’
358 2465 420 2518 Et
437 2469 623 2531 passim
645 2468 765 2518 rivis
786 2467 1041 2518 currentia
1065 2467 1177 2516 vina
1199 2466 1460 2528 repressit.

271 2572 536 2628 Autcerte
568 2571 922 2643 tropoIOgice,
969 2583 1167 2627 terram
1224 2571 1364 2627 lacte
1384 2581 1439 2627 et
1463 2573 1621 2628 melle
1641 2586 1869 2626 manan-

271 2675 393 2733 tem,
407 2664 621 2722 Christi
639 2665 932 2722 Ecclesium
949 2666 1270 2728 sentiamus.
1286 2665 1341 2719 in
1364 2681 1464 2735 qua
1484 2665 1691 2736 parvuli
1707 2675 1870 2736 atque

270 2760 523 2818 lactentes
568 2760 866 2817 educamur
889 2775 988 2832 per
1013 2760 1200 2829 tidem,
1239 2769 1297 2816 ut
1324 2760 1598 2832 possimus
1631 2757 1866 2816 solidum

267 2853 440 2910 cibum
469 2869 697 2925 capere.

339 2945 404 3000 Et
429 2946 682 3017 respondi
705 2955 754 3000 et
783 2945 894 3000 dixi
921 2963 940 3000 :
969 2945 1153 3011 Amen,
1203 2943 1447 3000 Domine.
1493 2945 1597 2999 Pro
1625 2959 1735 3016 quo
1769 2944 1868 3000 Se-

268 3041 568 3112 ptuaginta,
606 3037 754 3105 Fiat,
777 3037 1002 3094 Domine
1030 3039 1159 3108 (hoc
1185 3038 1331 3094 enim
1377 3055 1525 3092 antcu
1567 3039 1866 3109 signiﬁcat)

269 3135 684 3190 transtulerunt.
714 3133 933 3188 Dixerat
970 3132 1252 3200 Dominus,
1280 3131 1459 3202 juravi
1500 3131 1742 3202 patribus
1773 3146 1866 3186 ve-

1979 1941 2368 2014 Symmachum
2410 1943 2758 2012 interpretati
2806 1957 3014 2013 sumus,
3048 1944 3240 2016 Aquila
3271 1953 3326 2000 et
3353 1943 3496 2000 LXX
3529 1955 3588 2002 et

1978 2033 2284 2090 Theodotio
2327 2035 2612 2109 συνδεσμὸν
2649 2036 3064 2106 transmlerunt,
3099 2050 3261 2106 quam
3293 2052 3394 2092 nos
3411 2036 3581 2092 colli-

1975 2129 2236 2198 gationem
2267 2142 2558 2198 possumus
2581 2129 2789 2184 dicere.
2817 2127 2972 2184 Unde
2999 2137 3058 2184 et
3101 2127 3343 2197 Athalia,
3370 2143 3497 2184 cum
3529 2130 3590 2185 in

1977 2217 2206 2290 Templo
2235 2219 2338 2274 sibi
2368 2219 2546 2291 parari
2594 2219 2822 2276 insidias
2863 2220 3341 2291 deprehendisset,
3384 2220 3584 2278 eodem

1976 2311 2145 2367 verbo
2177 2311 2354 2368 locuta
2387 2321 2470 2367 est
2495 2328 2509 2366 :
2535 2311 2865 2386 Conjuratio,
2899 2314 3196 2386 conjnratio
3219 2313 3312 2385 (IV
3335 2311 3468 2384 Reg.
3503 2328 3584 2382 XI,

1976 2402 2088 2474 11).
2115 2401 2343 2473 Proprie
2390 2413 2570 2458 autem
2621 2403 2724 2460 hoc
2777 2404 2943 2460 verbo
2993 2405 3276 2474 Scriptura
3307 2403 3585 2472 abutitur,

1973 2495 2195 2567 quando
2227 2511 2334 2550 non
2363 2496 2544 2550 subito
2565 2496 2898 2566 fortuitoque
2929 2483 3177 2567 peccato,
3233 2494 3330 2552 sed
3374 2498 3585 2567 paratis

1974 2586 2190 2642 insidiis
2219 2596 2273 2641 et
2294 2585 2697 2658 conjuratione,
2729 2587 2971 2642 tenditur
2996 2586 3064 2642 ad
3085 2586 3371 2652 delictum,
3402 2599 3457 2644 et
3487 2604 3586 2660 pa-

1972 2680 2016 2735 ri
2051 2689 2232 2736 mente
2259 2695 2478 2751 unoque
2505 2679 2687 2735 studio
2717 2681 2770 2735 id
2813 2687 3002 2751 agunt.
3054 2690 3114 2734 ut
3164 2678 3260 2736 Dei
3313 2681 3574 2740 mandata

1972 2783 2351 2830 contemnant.
2381 2773 2629 2846 Dicitque
2657 2784 2712 2829 et
2751 2784 2934 2845 patres
2964 2783 3019 2830 et
3045 2773 3188 2829 ﬁlios
3237 2789 3346 2830 una
3393 2784 3587 2832 mente

1973 2868 2198 2938 parique
2247 2869 2540 2934 sententia,
2586 2869 2833 2940 neglecto
2883 2868 3012 2935 Deo,
3069 2867 3214 2923 idola
3261 2877 3578 2937 veneratus,

1973 2969 2079 3015 tam
2128 2959 2295 3014 Israel
2345 2959 2622 3026 videlicet,
2673 2976 2837 3031 quam
2869 2961 3091 3016 domum
3116 2960 3281 3029 Juda,
3313 2960 3418 3017 hoc
3469 2973 3581 3030 est,

1973 3064 2078 3109 tam
2108 3053 2300 3110 decent
2333 3054 2528 3123 trihus,
2578 3070 2743 3126 quam
2799 3056 2958 3121 duas,
3012 3070 3242 3127 quarum
3291 3057 3586 3126 imperium

1969 3156 2088 3204 erat
2109 3149 2160 3204 in
2189 3147 2513 3217 Jerusalem,
2546 3158 2606 3204 ut
2628 3165 2857 3219 quorum
2873 3149 2928 3204 in
2955 3159 3268 3221 contemptu
3291 3150 3385 3206 Dei
3410 3166 3581 3207 unum

267 3228 392 3282 δίτίε
436 3226 697 3282 d‘m'm’“
754 3240 840 3282 me
863 3225 941 3281 eis
967 3236 1168 3281 ¹θ¹’¹’³¹¹³
1201 3225 1339 3281 laete
1365 3234 1420 3281 εί
1441 3225 1602 3318 me"?
1634 3239 1862 3318 mam“
1890 3240 1936 3303 C
1969 3244 2204 3312 studium
2237 3243 2357 3310 fuit,
2407 3259 2507 3314 par
2535 3245 2610 3300 sit
2639 3246 2691 3300 in
2724 3244 3043 3300 sustinenda
3093 3245 3416 3317 captivitate
3456 3261 3587 3318 sup-

269 3333 390 3390 tem,
421 3322 569 3377 sicut
590 3321 755 3377 rebus
773 3319 906 3390 ipsis
931 3319 1091 3375 hodie
1115 3322 1506 3390 comprobatur
1529 3317 1731 3390 (Exod.
1757 3316 1860 3389 ut).

266 3417 538 3489 Pmpheta
588 3417 821 3488 diligens
876 3418 1133 3488 populum
1193 3431 1374 3484 suum,
1410 3425 1641 3486 occupat
1670 3428 1864 3470 vocem

266 3513 498 3583 Domini,
526 3523 582 3568 et
604 3514 754 3581 cupit
775 3527 900 3567 vera
927 3526 1068 3575 esse,
1115 3511 1242 3566 etin
1277 3520 1594 3581 perpetuum
1649 3522 1865 3580 perma-

265 3620 392 3661 nere
422 3613 592 3677 qum"
613 3605 738 3659 data
771 3615 918 3660 sunt.
952 3602 1108 3660 Unde
1139 3604 1217 3657 ait
1245 3622 1254 3656 :
1288 3602 1445 3671 Vere,
1482 3603 1732 3668 Domine,
1759 3603 1863 3656 int-

265 3699 416 3770 pieui
445 3699 597 3772 quod
626 3699 904 3770 pollicitus
928 3713 1025 3764 es;
1053 3698 1167 3754 sive
1201 3699 1313 3762 liat,
1349 3695 1601 3768 Domine,
1636 3695 1739 3751 hoc
1779 3703 1865 3752 est

262 3809 475 3865 semper
502 3801 727 3849 maneat
749 3794 891 3864 quod
923 3792 1146 3848 dedisti.

332 3889 522 3964 (Vera.
553 3887 634 3960 6.)
676 3887 746 3942 Et
769 3889 902 3942 dixit
927 3885 1183 3940 Dominus
1211 3885 1281 3938 ad
1310 3901 1406 3950 me,
1439 3885 1724 3955 rociferare
1755 3883 1866 3954 (vel

262 3989 389 4063 lege)
422 3989 603 4044 omnia
622 3986 772 4043 verba
798 3985 911 4041 haec
929 3986 981 4039 iu
1004 3983 1298 4038 civitatibus
1324 3981 1491 4048 Juda,
1541 3989 1588 4036 et
1615 3982 1745 4050 foris
1772 3979 1863 4036 Je-

260 4083 508 4148 rusalem,
538 4080 712 4134 dicens
731 4095 750 4134 :
775 4078 966 4132 Audite
991 4076 1140 4130 verba
1169 4076 1308 4147 pacti
1342 4075 1510 4148 919
1538 4077 1694 4146 hujus
1713 4083 1763 4128 et
1786 4074 1867 4144 fa-

260 4177 354 4231 cite
383 4175 500 4231 illa.
528 4173 1004 4230 Clementissimus
1031 4173 1168 4226 Deus
1195 4169 1508 4241 frequenter
1529 4169 1700 4224 futura
1723 4184 1866 4237 prac-

259 4267 409 4336 dicit,
444 4277 504 4323 nt
531 4266 769 4320 tamdem
792 4264 963 4319 durus
983 4263 1047 4316 ad
1063 4262 1397 4317 credendum
1419 4261 1634 4316 animus
1655 4262 1868 4316 mollia-

262 4369 366 4415 lur.
394 4357 645 4414 l‘rzedicit
675 4366 878 4412 autem'
905 4366 1010 4412 tam
1054 4355 1106 4409 in
1149 4354 1282 4408 urbe
1333 4351 1662 4421 Jerusalem,
1705 4367 1866 4423 quam

261 4455 392 4510 loris
422 4455 476 4510 in
508 4469 662 4524 agro,
688 4461 746 4507 ut
777 4465 1007 4523 quorum
1039 4462 1335 4503 commune
1393 4445 1696 4502 discrimen
1757 4456 1864 4514 est,

263 4549 456 4606 eadem
493 4545 774 4620 ptenitudo
799 4545 887 4599 sit.

1966 3336 2213 3408 plicium.

2034 3429 2201 3502 920
2239 3429 2422 3502 (Vers.
2455 3429 2688 3504 11,12.)
2730 3430 3082 3499 Quamobrem
3134 3435 3242 3490 hac
3293 3435 3420 3490 dicit
3467 3434 3580 3492 Dav

1967 3524 2138 3578 minus
2162 3539 2182 3578 :
2209 3523 2344 3577 Ecce
2371 3540 2467 3594 ego
2487 3520 2516 3561 ἀ
2547 3524 2741 3578 induco
2791 3541 2947 3597 super
2985 3541 3072 3580 eos
3113 3528 3276 3594 mala,
3301 3529 3366 3580 de
3391 3527 3581 3600 quibus

1969 3618 2113 3670 exire
2134 3632 2240 3669 nou
2269 3624 2533 3686 poterunt,
2565 3625 2612 3669 et
2640 3616 2937 3670 clamabunt
2957 3615 3027 3670 ad
3048 3634 3149 3684 me,
3203 3628 3253 3674 et
3291 3635 3394 3674 non
3421 3635 3586 3675 exau-

1968 3710 2110 3764 diam
2132 3725 2236 3765 eos.
2271 3707 2341 3764 Et
2363 3709 2507 3762 ibunt
2533 3710 2766 3764 civitates
2808 3707 2955 3764 Iuda
2975 3718 3023 3763 et
3052 3711 3369 3768 habitatores
3413 3710 3575 3768 Jeru-

1967 3803 2151 3869 salem,
2198 3812 2245 3855 et
2297 3802 2592 3856 clamabunt
2624 3801 2694 3855 ad
2738 3802 2886 3866 deos,
2935 3801 3120 3872 quibus
3151 3803 3349 3870 libant;
3399 3813 3450 3860 et
3477 3821 3584 3860 non

1967 3893 2240 3948 salvabuut
2270 3910 2354 3949 eos
2375 3895 2430 3947 in
2457 3902 2686 3964 tempore
2705 3894 3012 3966 afﬂictiouis
3037 3910 3242 3950 eorum.
3263 3894 3385 3952 Non
3415 3911 3588 3953 exau-

1969 3986 2215 4043 ditDeus
2257 3988 2310 4042 in
2353 3995 2597 4056 tempore
2639 3985 2986 4042 necessitatis
3017 3995 3070 4040 et
3115 3987 3379 4058 angustia:
3415 3989 3586 4059 :quia

1969 4089 2023 4136 et
2053 4080 2128 4134 illi
2146 4079 2334 4135 audire
2361 4095 2548 4135 vocem
2578 4078 2790 4136 Domini
2824 4081 3139 4135 uoluerunt.
3171 4080 3326 4150 Quod
3357 4091 3414 4139 et
3437 4081 3572 4138 Saul

1969 4188 2162 4246 passus
2191 4181 2298 4230 est.
2320 4173 2454 4228 Cum
2483 4174 2631 4229 enim
2676 4171 3007 4228 Pbilistbiim
3049 4174 3264 4244 agmina
3314 4173 3572 4230 reformi-

1967 4270 2128 4332 dans,
2153 4271 2375 4326 verbum
2400 4271 2615 4326 Domini
2641 4286 2747 4326 non
2779 4270 3067 4326 meruisset
3110 4270 3381 4339 accipere,
3430 4285 3564 4327 con-

1970 4377 2163 4418 versus
2207 4370 2294 4418 est
2335 4363 2402 4418 ad
2436 4363 2842 4437 Pythonissam,
2877 4372 2936 4418 ut
2979 4363 3048 4417 ab
3095 4363 3254 4420 idolis
3311 4363 3574 4434 disceret,

1970 4454 2117 4526 quod
2146 4455 2405 4512 instantia
2430 4457 2698 4514 orationis
2728 4473 2794 4514 ac
2821 4455 3045 4514 ﬂetuum
3076 4472 3106 4512 a
3129 4456 3363 4514 Domino
3391 4458 3583 4516 debuit

1971 4561 2302 4622 extorquere
2327 4551 2371 4622 (l
2395 4551 2522 4624 Reg.
2550 4553 2686 4621 xxi).
2721 4561 2745 4589 ο
2774 4551 2878 4607 Per
2902 4565 3024 4620 quae
3081 4549 3366 4620 discimus,
3412 4551 3582 4607 etiam

333 4643 523 4714 (Vers.
552 4644 606 4710 7,
636 4639 717 4710 8.)
761 4639 897 4708 Quia
925 4645 1218 4692 contestans
1247 4643 1565 4689 contestatus
1611 4650 1725 4688 sum
1774 4653 1868 4704 pa-

1979 4643 2020 4700 si
2050 4643 2316 4698 Dominus
2344 4658 2454 4698 non
2484 4643 2808 4710 exaudierit,
2843 4657 3183 4713 nequaquam
3210 4657 3333 4700 esse
3359 4658 3579 4699 cessan-

261 4747 363 4791 tres
414 4747 609 4790 vestros
661 4734 713 4786 in
764 4733 882 4799 die,
906 4746 1010 4802 qua
1040 4729 1194 4782 eduxi
1234 4744 1319 4782 eos
1341 4727 1404 4780 de
1432 4737 1572 4781 terra
1617 4725 1867 4800 .Eggpti,

261 4848 423 4903 usque
447 4830 516 4885 ad
548 4830 689 4882 diem
720 4827 875 4881 hanc.
901 4822 1060 4878 Mane
1087 4837 1403 4892 consurgens
1425 4820 1609 4894 [ναις.
1629 4822 1867 4895 surgens]

260 4932 577 4980 contestatus
599 4938 732 4985 sum,
767 4929 816 4974 et
844 4919 996 4973 dixi:
1027 4916 1217 4970 Audite
1245 4931 1416 4971 uocem
1459 4931 1625 4970 meam
1649 4931 1668 4980 ;
1689 4924 1738 4969 et
1764 4932 1868 4970 non

260 5021 559 5085 audierunt,
587 5032 677 5070 nec
707 5014 1084 5070 inclinaverunt
1107 5026 1285 5065 aurem
1311 5027 1484 5070 suam.
1508 5009 1600 5065 sed
1625 5009 1869 5065 abierunt

261 5113 612 5183 unusquisque
629 5112 682 5164 in
713 5108 969 5178 pravitate
999 5105 1172 5159 cordis
1198 5105 1281 5159 sui
1313 5105 1460 5166 mali,
1493 5115 1542 5158 et
1564 5103 1750 5158 induxi
1775 5120 1868 5158 su-

261 5227 352 5282 per
366 5227 456 5264 eos
485 5208 658 5261 omnia
683 5205 836 5258 verba
867 5203 1005 5274 pacti
1033 5201 1211 5274 hujus,
1261 5199 1400 5271 quod
1434 5199 1658 5271 praecepi
1686 5209 1744 5253 ut
1775 5200 1860 5269 fa-

263 5311 456 5356 cereut.
472 5298 500 5338 ι’
523 5298 815 5368 Hucusque
839 5297 890 5352 in
915 5295 1272 5367 Septuaginta
1295 5309 1402 5350 non
1424 5293 1681 5359 habetur,
1709 5297 1857 5365 quod

337 5470 363 5497 ι
405 5458 524 5512 Duo
557 5470 714 5520 mss.,
743 5472 858 5526 qua:
878 5458 1021 5511 dicta
1050 5467 1190 5510 sunt.

335 5531 362 5569 δ
405 5531 484 5583 Ad
509 5528 668 5584 ﬁdem
697 5527 858 5582 trium
890 5544 1023 5583 mss.
1063 5538 1121 5582 et
1144 5527 1352 5583 Rabani
1385 5529 1693 5584 amovimus
1745 5529 1868 5585 hinc

264 5601 458 5669 verba,
482 5612 655 5654 etnon
688 5603 943 5667 fecerunt,
996 5614 1117 5667 quze
1147 5601 1402 5656 continua
1435 5599 1579 5655 serie
1616 5601 1669 5655 in
1709 5611 1869 5656 antea

263 5675 429 5729 editis
472 5669 846 5725 subdebantur
895 5680 1083 5726 contra
1111 5671 1170 5728 S.
1198 5671 1450 5726 Doctoris
1482 5683 1741 5742 mentem,
1776 5674 1869 5742 qui

264 5761 328 5800 ea
354 5742 514 5814 paulo
539 5753 657 5812 post
689 5757 790 5794 suo
817 5743 935 5814 loco
962 5743 1179 5810 recitat,
1200 5753 1258 5798 ut
1289 5759 1411 5814 quae
1437 5744 1546 5798 sint
1566 5758 1594 5796 a
1617 5741 1764 5798 LXX
1791 5741 1873 5799 in-

267 5812 1014 5886 terpretibusprwterniissa,
1041 5830 1152 5886 uno
1179 5812 1376 5870 obtutu
1407 5814 1695 5884 intelligas.

345 5883 369 5925 ε
395 5883 706 5956 Legendutn
735 5892 842 5953 est,
868 5883 1042 5956 inquit
1068 5883 1298 5954 Victum,
1315 5903 1430 5960 qua:
1455 5883 1715 5941 merentur
1733 5886 1874 5941 a'crl-

1975 4737 2124 4804 dum,
2181 4751 2284 4792 nec
2325 4737 2750 4808 confugiendum
2782 4735 2851 4792 ad
2883 4738 3194 4803 da-mones,
3222 4738 3312 4806 qui
3341 4736 3590 4792 cultores

1977 4847 2106 4887 suos
2130 4831 2389 4902 adjuvare
2417 4847 2524 4886 non
2554 4843 2822 4899 possunt;
2853 4830 2948 4886 sed
2978 4830 3045 4886 ad
3076 4829 3295 4887 Domini
3321 4829 3585 4884 auxilium

1975 4925 2066 4995 qni
2095 4924 2207 4979 cito
2229 4924 2400 4978 iratus
2421 4923 2675 4993 nectitur,
2707 4933 2762 4980 et
2790 4933 2964 4979 mutat
2986 4921 3397 4990 sententiam,si
3425 4930 3479 4975 et
3500 4919 3582 4990 lii,

1975 5017 2176 5089 quibus
2226 5017 2394 5072 iratus
2444 5016 2627 5088 fuerit,
2683 5025 3113 5073 commutentur.
3168 5014 3363 5069 Totum
3388 5023 3574 5067 autem

1975 5111 2119 5182 quod
2171 5124 2313 5165 nunc
2367 5109 2584 5177 dicitur,
2625 5110 2692 5166 ad
2724 5111 2927 5166 tribum
2957 5108 3092 5164 Juda
3121 5105 3384 5178 pertinet,
3413 5112 3470 5159 et
3491 5119 3578 5159 ur-

1970 5205 2094 5260 bem
2122 5205 2456 5271 Jerusalem,
2480 5206 2681 5276 quibus
2713 5206 2882 5262 instat
2907 5202 3218 5275 captivitas.

2037 5298 2222 5372 (Vers.
2268 5297 2384 5371 15.)
2435 5298 2740 5355 Secundum
2796 5298 2934 5355 enim
2985 5307 3260 5350 numerum
3311 5289 3580 5346 cit-italum

1978 5474 2100 5530 pere
2124 5459 2336 5530 absque
2358 5469 2406 5513 et
2434 5459 2650 5530 copula.

2049 5527 2077 5566 ά
2117 5521 2397 5584 βιιοίηεδ.
2428 5521 2656 5600 ips'aqne
2687 5528 2912 5600 Hieron.
2957 5525 3139 5600 vet-sio
3168 5523 3434 5600 inducam.
3477 5521 3583 5579 He-

1976 5600 2160 5658 braice
2183 5612 2362 5656 autem
2387 5593 2470 5657 est
2495 5593 2669 5664 μυξη,
2699 5608 2756 5653 et
2773 5597 2965 5653 Grece
3013 5597 3210 5670 irrit-you.
3255 5593 3424 5670 lfaulo
3454 5602 3582 5664 post

1973 5683 2112 5737 erat,
2170 5673 2448 5727 exaudiam
2473 5688 2582 5737 vos,
2615 5663 2710 5739 pro
2753 5685 2858 5736 eos,
2913 5669 3062 5738 quod
3093 5663 3162 5722 εἰ
3188 5663 3381 5720 iisdem
3438 5663 3577 5721 mss.

1972 5758 2237 5813 sacroque
2264 5755 2414 5798 textu
2455 5743 2817 5798 restituimus.
2966 5808 2994 5813 __
3061 5810 3071 5813 _
3133 5805 3136 5812 Ι

2051 5825 2074 5852 °
2115 5808 2174 5870 In
2204 5815 2409 5886 aliquot
2429 5829 2588 5876 mss...
2617 5813 2921 5882 plerumque
2942 5808 3210 5864 discimus;
