4084 6324
496 265 605 324 759

1791 265 1849 318 S.
1892 262 2167 321 EUSEBII
2206 261 2590 320 lllERONYMl

3705 261 3809 321 160

494 381 708 436 renibus
735 397 933 437 eorum.
957 379 1164 436 Contra
1195 395 1388 437 omnes
1418 379 1643 452 quidem
1667 381 1855 452 inique
1874 387 2102 450 agentes
2129 389 2178 447 Α
2207 382 2362 436 modo
2392 382 2704 437 contendere
2729 384 2927 455 poteris
2952 399 3070 438 cum
3093 386 3236 455 equis
3263 390 3289 440 γ
3319 384 3382 441 Si
3419 385 3474 440 in
3502 393 3644 438 terra
3671 384 3808 454 pacis

501 477 602 532 ista
630 474 932 546 disputatio
959 484 1065 540 est,
1099 485 1154 530 et
1196 475 1583 548 septuagesimi
1629 475 1854 532 secundi
1906 475 2100 545 psalmi

499 568 739 624 breviter
760 567 1030 623 sententia
1056 569 1563 639 comprehenditur,
1598 569 1651 631 in
1695 585 1798 640 qua
1825 567 2102 639 Propheta

498 661 576 718 ait
611 661 827 731 :Quam
879 662 1043 718 bonus
1087 663 1232 719 Deus
1282 663 1492 732 Israel,
1527 663 1611 720 his
1653 665 1747 736 qui
1791 673 1932 719 recto
1983 673 2103 719 sunt

501 757 698 812 corde!
729 754 835 810 Mei
877 768 1046 811 autem
1085 774 1215 829 pene
1243 763 1377 813 moti
1415 768 1537 813 sunt
1563 758 1740 829 pedes,
1786 775 1916 828 pene
1953 755 2105 825 effusi

503 860 621 904 sunt
649 866 853 922 gressus
883 851 982 905 mei
1014 867 1030 905 :
1057 851 1181 923 quia
1206 851 1370 906 zelavi
1401 861 1428 888 ι
1457 852 1508 905 in
1535 851 1892 922 peccatoribus
1920 866 2104 923 pacem

501 954 831 1015 peccatorum
857 943 1056 1004 videns.
1086 954 1194 1000 etc.
1229 942 1404 1016 (Psal.
1432 959 1598 1010 LXXII,
1633 944 1685 1009 1,
1718 943 1799 1016 '2).
1833 943 1946 1000 Sed
1979 959 2106 1014 pro-

498 1041 618 1108 prie
639 1047 827 1094 contra
851 1038 1146 1095 haereticos
1165 1039 1388 1105 dicitur,
1412 1040 1506 1110 qui
1531 1053 1655 1094 cum
1680 1037 1791 1093 sint
1815 1037 1992 1108 impii,
2020 1038 2105 1092 via

501 1147 693 1188 eorum
727 1142 1123 1203 prosperantur;
1168 1141 1539 1206 generantque
1588 1132 1728 1187 filios
1756 1147 1853 1186 eos
1881 1145 2022 1203 quos
2049 1131 2104 1186 in

503 1225 700 1280 haeresi
745 1223 1128 1296 deceperimt:
1177 1234 1233 1280 et
1278 1224 1754 1296 prmaricantur,
1812 1232 1868 1279 et
1925 1223 2107 1294 inique

499 1328 684 1389 agunt,
720 1318 790 1373 iti
825 1329 882 1373 ut
911 1317 1213 1374 Ecclesiam
1240 1319 1498 1388 spoliant,
1523 1327 1576 1373 et
1599 1315 1730 1372 dum
1761 1317 1814 1372 in
1844 1316 2108 1387 pravitate

500 1413 790 1467 sententiae
821 1422 1212 1481 perseverant,
1241 1410 1452 1482 jactant
1482 1424 1542 1465 se
1572 1426 1600 1464 a
1641 1410 1750 1465 Deo
1774 1425 1898 1466 esse
1953 1411 2108 1481 plan-

507 1516 668 1572 tatos,
698 1518 754 1562 et
779 1507 1021 1562 radicem
1055 1507 1292 1570 misisse.
1324 1521 1623 1578 generasse
1673 1508 1819 1563 filios
1867 1520 1925 1564 et
1968 1519 2109 1565 attu-

506 1599 636 1654 lisse
660 1600 896 1655 fructunt
924 1618 934 1628 ·
966 1601 1061 1670 qui
1091 1615 1214 1655 cum
1243 1598 1450 1655 Christi
1481 1614 1678 1655 nomen
1709 1599 1914 1671 saepius
1943 1601 2108 1670 repli-

505 1709 653 1764 cent,
689 1699 1052 1754 habitatorem
1083 1712 1246 1752 suum
1297 1713 1403 1752 non
1458 1696 1656 1753 habent
1710 1696 1918 1760 Deum,
1956 1697 2108 1766 juxta

2205 479 2402 546 conﬁsa
2421 495 2494 545 es,
2523 476 2654 550 quid
2677 478 2837 550 facies
2864 479 2920 533 in
2946 480 3194 549 superbia
3232 480 3372 552 (sive
3416 479 3658 553 fremitu)
3691 478 3814 536 Jor-

2204 569 2356 624 danis
2380 569 2406 622 .9
2433 567 2513 638 Si,
2545 570 2743 642 inquit,
2777 582 2830 627 te
2857 571 3056 628 crebra
3091 573 3394 629 vicinarum
3417 575 3665 645 gentium
3683 588 3810 645 cap-

2207 663 2392 719 tivitas
2421 664 2688 734 fatigavit,
2722 665 3082 722 Moabitarum
3107 675 3163 722 et
3191 667 3657 734 Ammonitarum,
3691 665 3814 722 Phi-

2206 755 2436 811 listhiim
2489 767 2545 812 et
2595 755 3010 812 idumaeorum:
3069 758 3199 829 quid
3257 758 3430 814 facies
3479 758 3549 814 ad
3602 758 3812 828 longam

2207 849 2604 920 captivitatem,
2632 847 2656 885 ά
2681 865 2802 920 qua:
2824 860 2876 905 te
2897 849 3212 906 Clialdzeam
3236 867 3408 923 usque
3429 850 3664 906 ductura
3690 849 3813 906 est?

2209 941 2276 996 Et
2305 953 2591 1012 comparat
2614 941 2826 1013 pedites
2854 941 3153 1014 equitibus,
3178 946 3304 1015 quia
3360 959 3553 1000 revera
3581 953 3640 999 et
3662 943 3814 1013 juxta

2211 1034 2492 1090 historiam
2524 1036 2704 1091 omnis
2734 1036 2934 1102 Persis,
2961 1048 3017 1092 et
3043 1039 3296 1094 universa
3330 1036 3614 1102 Citaldtea,
3643 1049 3698 1093 et
3728 1053 3814 1094 re-

2207 1129 2426 1200 gionum
2443 1130 2658 1185 illarum
2679 1130 2956 1187 exercitus
2978 1131 3177 1202 gaudet
3199 1133 3469 1203 equitatu.
3487 1131 3614 1188 Ista:
3635 1140 3814 1186 autem

2209 1232 2423 1294 gentes,
2452 1237 2590 1294 quas
2618 1238 2782 1292 supra
2811 1226 3148 1290 memoravi,
3182 1235 3409 1297 propter
3439 1223 3814 1280 difﬁcultatem

2211 1317 2480 1385 locorum,
2516 1334 2625 1374 non
2654 1328 2762 1374 tam
2793 1335 2988 1391 pugnae
3017 1331 3161 1392 apta:
3190 1331 3359 1388 sunt,
3391 1336 3556 1392 quam
3599 1319 3816 1375 latroci-

2213 1412 2322 1468 nio.
2366 1413 2670 1486 Servatque
2700 1414 3148 1484 metaphoramet
3166 1412 3301 1469 dicit
3330 1431 3344 1468 :
3376 1413 3434 1470 Si
3466 1427 3595 1468 cum
3627 1411 3817 1483 pediti-

2213 1506 2313 1562 bus
2333 1521 2566 1562 currens
2594 1507 2914 1563 lassitudine
2935 1506 3206 1573 deiecisti,
3235 1506 3362 1579 quid
3391 1505 3569 1562 facies
3598 1506 3642 1560 si
3667 1505 3814 1575 equis

2212 1615 2432 1664 cursum
2481 1611 2632 1656 tuum
2678 1601 2922 1658 volueris
2981 1603 3320 1674 coaequare?
3370 1601 3443 1657 Et
3491 1601 3541 1658 si
3585 1603 3638 1657 in
3672 1611 3814 1656 terra

2215 1704 2306 1751 tua
2351 1695 2587 1766 aliquam
2638 1695 2874 1752 habuisti
2906 1695 3185 1765 fiduciam,
3217 1696 3349 1768 quid
3373 1704 3561 1752 actura
3585 1708 3668 1762 es,
3699 1709 3815 1750 cum

509 1791 644 1846 illud
679 1791 832 1847 Isaia:
863 1809 875 1846 :
903 1789 1145 1862 Populus
1190 1791 1274 1846 hic
1307 1790 1460 1846 labiis
1488 1807 1566 1846 me
1594 1789 1816 1844 honorat
1845 1807 1862 1843 :
1893 1805 1981 1844 cor
2009 1806 2105 1844 au-
2142 1785 2188 1845 B
2210 1787 2505 1844 Jordanem
2557 1791 2842 1846 transieris
2863 1831 2880 1859 ,
2910 1802 2966 1847 et
2997 1791 3144 1847 illius
3170 1791 3437 1863 gurgites.
3465 1791 3814 1846 sustinueris.

506 1894 610 1939 tem
637 1888 750 1959 ejus
776 1884 887 1958 [AL
913 1882 1114 1956 eorum]
1137 1886 1289 1958 longe
1318 1893 1391 1939 est
1422 1901 1453 1938 a
1493 1901 1573 1939 me
1614 1882 1773 1956 (lsai.
1808 1897 1898 1937 ιιι
1926 1923 1942 1948 ,
1996 1880 2106 1953 1⁸5).

583 1978 767 2053 (Vers.
798 1978 882 2050 5.)
916 1978 984 2034 Et
1015 1988 1093 2046 tu,
1125 1977 1374 2044 Domine,
1407 1979 1545 2033 nosti
1574 1994 1650 2030 tne
1681 1993 1699 2031 .'
1729 1977 1903 2030 vidisti
1933 1991 2032 2040 me,
2065 1985 2112 2028 et

511 2072 745 2144 probasti
776 2089 866 2126 cor
893 2089 1060 2127 meum
1100 2081 1288 2126 tecum.
1324 2069 1351 2109 ι’
1383 2070 1653 2144 Congrega
1681 2087 1768 2125 eos
1797 2070 1949 2140 quasi
1996 2087 2115 2143 gre-

513 2181 629 2236 gem
664 2163 734 2218 ad
775 2165 1058 2230 victimant,
1103 2174 1149 2217 et
1199 2163 1470 2232 sanctiﬁca
1499 2180 1588 2218 eos
1618 2163 1670 2217 in
1697 2163 1780 2216 die
1815 2161 2110 2216 occisionis.

512 2256 754 2323 Nullum,
788 2258 988 2328 inquit,
1019 2257 1338 2314 scandalum
1369 2267 1456 2314 est
1482 2257 1626 2327 quod
1654 2257 1829 2327 impii,
1859 2256 1978 2311 sive
2000 2271 2116 2310 om-

425 2410 432 2414 .
513 2365 612 2407 nes
645 2350 889 2405 haeretici
923 2366 1021 2420 pro
1054 2359 1301 2422 tempore
1331 2351 1570 2406 floreant
1602 2369 1612 2403 :
1650 2347 1752 2417 Tu,
1786 2349 1966 2414 enim,
2007 2345 2117 2401 Do-

515 2445 672 2510 mine,
716 2445 852 2498 nosti
883 2461 984 2507 me,
1012 2455 1059 2497 et
1087 2444 1264 2498 vidisti
1302 2460 1404 2510 me,
1441 2453 1489 2498 et
1525 2444 1758 2516 probasti
1808 2458 1898 2498 cor
1947 2457 2116 2496 meum

513 2548 700 2593 tecum.
728 2538 902 2606 Quem
935 2539 1008 2594 ita
1040 2539 1195 2595 novit
1221 2539 1383 2596 Pater
1411 2539 1554 2596 Deus
1588 2538 1868 2610 quomodo
1915 2537 2116 2592 Filium

513 2647 670 2686 suum
695 2629 914 2688 ?Nemo
939 2631 1090 2687 enim
1121 2631 1405 2703 cognoscit
1427 2631 1630 2688 Filium
1659 2630 1763 2684 nisi
1803 2629 1970 2686 Pater
2001 2646 2014 2684 :
2063 2639 2121 2685 et

511 2739 678 2780 nemo
707 2726 993 2796 cognoscit
1018 2724 1256 2792 Patrem,
1307 2724 1410 2779 nisi
1460 2723 1658 2789 Filius,
1685 2731 1740 2778 et
1769 2723 1856 2777 cui
1885 2722 2121 2777 voluerit

513 2815 688 2872 Filius
717 2817 962 2873 revelare
989 2816 1208 2888 (Matth.
1239 2832 1317 2882 xi,
1369 2816 1478 2886 l7).
1507 2815 1682 2880 Licet,
1721 2816 1920 2886 inquit,
1953 2814 2118 2885 profio

512 2911 686 2973 ciant,
717 2913 846 2966 licet
876 2910 1018 2967 filios
1049 2919 1334 2981 generent,
1361 2918 1419 2964 et
1449 2907 1648 2966 faciant
1677 2909 1912 2964 fructum
1945 2907 2120 2964 hmre-

517 3003 631 3073 tici,
657 3015 714 3060 et
738 3020 908 3075 prope
948 3003 1026 3059 sis
1073 3013 1132 3058 tu
1184 3003 1271 3058 ori
1322 3018 1535 3071 eorum,
1565 3011 1619 3058 et
1649 3003 1811 3074 longe
1840 3018 1869 3056 a
1901 3002 2120 3058 renibus

519 3113 734 3164 eorum,
767 3098 819 3152 id
847 3107 950 3165 est,
1001 3098 1384 3154 conscientia:
1429 3107 1614 3153 tamen
1664 3114 1768 3152 non
1821 3113 1985 3168 parva
2036 3106 2123 3153 est

2289 1882 2472 1955 (Vers.
2506 1882 2588 1956 6.)
2618 1883 2780 1957 927
2805 1882 2946 1939 Nam
2971 1895 3021 1938 et
3047 1885 3236 1955 fratres
3268 1886 3345 1940 tui
3372 1895 3425 1941 et
3445 1885 3638 1940 domus
3663 1886 3817 1957 patris

2216 1975 2292 2029 tui
2319 1976 2472 2029 etiant
2518 1975 2620 2045 ipsi
2647 1987 3008 2050 pugnaverunt
3036 1977 3313 2033 adversum
3364 1987 3435 2046 te,
3480 1988 3530 2032 et
3571 1979 3822 2033 clamare-

2215 2080 2336 2123 runt
2362 2079 2476 2140 post
2503 2079 2552 2124 te
2584 2069 2738 2138 plena
2763 2086 2885 2126 voce
2912 2090 2930 2126 :
2955 2089 3018 2126 ne
3046 2073 3227 2126 credas
3250 2073 3325 2128 eis
3350 2089 3471 2128 cum
3515 2071 3680 2128 locuti
3714 2074 3820 2144 fue-

2216 2162 2320 2216 rint
2345 2161 2436 2216 tibi
2465 2164 2620 2218 bona.
2653 2162 2710 2218 In
2741 2174 2978 2231 tantum,
3011 2165 3217 2237 inquit,
3249 2166 3600 2238 gravissimis
3624 2165 3820 2223 Iorda-

2220 2254 2303 2309 nis
2327 2256 2596 2325 operieris
2624 2253 2902 2321 fluctibus,
2933 2265 2992 2313 et
3011 2259 3255 2328 equitum
3285 2269 3338 2314 te
3366 2257 3476 2332 [ΑΙ.
3510 2274 3638 2316 cum
3676 2260 3820 2332 equi-

2221 2347 2360 2422 tatu}
2402 2348 2471 2404 de
2515 2349 2677 2422 longe
2721 2352 3058 2408 venientium
3099 2352 3391 2408 multitudo
3440 2353 3720 2420 vastabit,
3769 2364 3822 2410 ut

2222 2441 2423 2498 fratres
2450 2457 2668 2514 quoque
2700 2444 2775 2498 tui
2801 2443 3049 2512 Idumaei,
3083 2454 3139 2502 et
3168 2446 3364 2502 domus
3390 2447 3567 2517 patris
3594 2447 3710 2512 tui,
3733 2448 3817 2518 qui

2221 2533 2291 2589 de
2322 2533 2422 2589 Lot
2453 2537 2625 2606 stirpe
2657 2536 2768 2592 nati
2799 2546 2949 2599 sunt.
2976 2537 3133 2593 Moab
3154 2548 3208 2594 et
3239 2537 3503 2606 Ammon,
3526 2539 3695 2595 etiam
3725 2539 3821 2610 ipsi

2223 2635 2472 2698 tempore
2493 2629 2844 2684 necessitatis
2871 2637 2927 2684 et
2956 2629 3224 2699 angustiae
3245 2629 3514 2687 dimicent
3537 2641 3726 2686 contra
3749 2639 3818 2698 te,

2222 2730 2276 2774 et
2307 2720 2567 2776 insultent
2595 2721 2692 2776 tibi
2726 2720 2938 2794 (Genes.
2969 2723 3108 2794 xix).
3137 2721 3295 2779 Unde
3318 2739 3451 2780 cave
3477 2739 3549 2780 ne
3579 2724 3715 2780 velis
3741 2723 3822 2780 eis

2222 2814 2472 2881 credere,
2505 2826 2558 2871 et
2590 2829 2744 2887 Spem
2770 2816 2976 2872 habere
2997 2817 3524 2888 consanguinitatis,
3549 2833 3650 2889 per
3667 2833 3820 2890 quam

2225 2907 2418 2977 majori
2447 2908 2501 2962 in
2527 2917 2582 2963 te
2605 2922 2767 2979 quam
2798 2908 2985 2964 hostes
3007 2909 3137 2964 odio
3157 2910 3483 2965 desznviant.
3511 2909 3706 2966 Potest
3725 2909 3823 2965 hoc

2224 3012 2279 3058 et
2300 3007 2366 3058 de
2387 3002 2676 3059 Salvatore
2703 3004 2908 3075 accipi,
2940 3004 3086 3075 quod
3129 3003 3329 3060 fratres
3359 3003 3482 3076 ejus
3508 3046 3524 3068 ,
3553 3013 3610 3058 ct
3636 3003 3824 3060 domus

2228 3097 2396 3166 patris
2427 3096 2546 3166 ejus
2575 3096 2940 3167 pugnaverint
2965 3107 3153 3153 contra
3188 3113 3313 3152 eum
3332 3139 3347 3162 ,
3377 3105 3434 3153 et
3463 3096 3827 3154 clamaverint

514 3190 848 3257 consolatio,
877 3190 1021 3262 quod
1051 3191 1206 3262 quasi
1255 3206 1454 3261 pecora
1504 3191 1825 3263 saginantur
1854 3191 1921 3246 ad
1965 3191 2122 3246 victi-
2149 3179 2195 3243 C
2228 3189 2385 3260 plena
2413 3203 2547 3245 voce
2576 3189 2828 3246 dicentes
2855 3207 2868 3246 :
2905 3190 3192 3262 Cruciﬁge,
3235 3191 3484 3266 cruciﬁge
3530 3207 3648 3246 eum
3673 3209 3694 3248 :
3728 3206 3826 3246 non

521 3300 686 3339 mam.
717 3283 999 3357 Congrega
1023 3300 1118 3340 eos
1140 3284 1194 3339 in
1223 3285 1415 3340 urbem
1443 3283 1775 3350 Jerusalem,
1805 3285 1920 3340 sive
1945 3285 2001 3338 in
2023 3299 2121 3340 sua

518 3379 920 3434 conciliabula:
955 3389 1014 3434 ut
1038 3378 1205 3452 926
1231 3380 1389 3450 quasi
1443 3379 1684 3434 victima:
1731 3377 2013 3434 ctedantur
2068 3380 2122 3434 in

523 3483 776 3538 mortem,
808 3483 864 3527 et
891 3483 1020 3527 tunc
1057 3471 1516 3537 sanctificentur,
1565 3486 1688 3526 cum
1739 3470 2125 3526 Ecclesiastico

519 3563 722 3621 fuerint
749 3580 1014 3621 mucrone
1032 3563 1266 3636 jugulati
1297 3581 1311 3616 :
1343 3561 1655 3620 interfectio
1672 3563 1820 3620 enim
1841 3563 2127 3620 haeretico-

522 3675 666 3724 rum,
693 3660 842 3714 salus
871 3674 1062 3714 eorum
1094 3666 1180 3713 est
1203 3658 1294 3729 qui
1327 3655 1542 3727 decepti
1575 3657 1811 3713 fuerant.

597 3750 778 3826 (Vere.
807 3750 891 3823 4.)
929 3751 1205 3823 Usquequo
1231 3749 1424 3821 lugebit
1450 3761 1612 3816 terra,
1662 3760 1709 3804 et
1751 3748 1912 3804 herba
1958 3751 2127 3804 omnis

521 3847 747 3919 regionis
772 3847 1053 3901 siccabitur
1072 3856 1282 3918 prapter
1305 3845 1560 3900 malitiam
1582 3845 1932 3899 habitantium
1952 3844 2006 3897 in
2033 3845 2129 3898 ea?

526 3938 899 4003 Consumptum
927 3947 1002 4019 est
1028 3938 1227 3993 animal
1252 3946 1302 3994 et
1330 3939 1559 4004 volucre,
1582 3940 1832 4010 quoniam
1855 3938 2093 3992 dixerunt
2111 3953 2131 3992 :

525 4032 650 4089 Non
674 4032 862 4089 videbit
895 4033 1176 4087 novissima
1200 4040 1379 4086 nostra
1413 4032 1553 4104 (sive
1596 4030 1716 4086 Non
1759 4030 1948 4086 videbit
1986 4028 2130 4084 Deus

525 4125 634 4180 sias
659 4123 912 4196 nostras).
951 4123 1223 4194 Quidquid
1251 4125 1302 4178 in
1335 4123 1538 4178 mundo
1568 4123 1652 4179 vel
1680 4124 1950 4179 bonorum
1976 4122 2130 4178 acci-

527 4200 629 4286 dit,
656 4219 740 4274 vel
765 4219 1059 4284 malorum,
1083 4233 1188 4271 non
1216 4219 1424 4288 absque
1449 4217 1795 4289 providentia
1821 4229 1878 4272 ct
1909 4215 2130 4272 fortuito

527 4325 658 4370 casu
687 4311 911 4374 accidit,
940 4309 1036 4364 sed
1062 4309 1272 4380 judicio
1297 4309 1414 4365 Dei.
1445 4309 1612 4364 Terra
1637 4324 1781 4364 nunc
1803 4308 2006 4363 sterilis
2025 4318 2130 4376 est,

529 4403 697 4459 herba
721 4403 980 4461 siccatur.
1016 4401 1112 4457 Vis
1141 4416 1306 4456 nosse
1337 4402 1648 4456 rationem?
1681 4401 1900 4456 Malitia:
1919 4400 2134 4455 habita-

530 4509 706 4552 torum
737 4495 856 4566 ejus
887 4493 990 4550 hoc
1019 4494 1264 4550 faciunt:
1314 4496 1385 4548 ita
1430 4503 1487 4549 ut
1525 4493 1780 4548 animalia
1821 4508 1988 4563 super
2026 4501 2136 4548 ter-

2229 3283 2474 3338 habemus
2500 3300 2672 3356 regem
2703 3285 2804 3339 nisi
2832 3284 3087 3340 Cwsarem
3108 3284 3292 3359 (Joan.
3321 3301 3434 3354 xu,
3462 3285 3578 3357 15).

2300 3375 2486 3447 (Vers.
2522 3376 2576 3443 7,
2605 3376 2688 3449 8.)
2721 3375 2929 3449 Reliqui
2957 3378 3172 3431 domum
3200 3395 3390 3445 meum,
3441 3379 3624 3433 dimisi
3669 3379 3827 3434 fuere-

2228 3470 2441 3524 ditatent
2458 3484 2625 3522 meam
2648 3486 2666 3523 :
2689 3469 2809 3524 dedi
2836 3471 3078 3524 dilectam
3094 3471 3325 3524 animam
3344 3488 3514 3526 meam
3538 3472 3594 3526 in
3625 3480 3826 3526 manum

2229 3563 2560 3616 inimicorum
2588 3564 2722 3634 ejus.
2750 3559 2799 3614 F
2802 3573 2920 3618 acta
2943 3573 3015 3618 est
3043 3565 3172 3618 mihi
3205 3563 3484 3619 hiereditas
3534 3580 3648 3620 mea
3688 3567 3828 3637 quasi

2233 3653 2314 3708 leo
2341 3655 2394 3707 in
2419 3651 2550 3707 silva
2581 3669 2600 3707 :
2628 3653 2772 3708 dedit
2800 3664 2983 3708 contra
3012 3671 3094 3710 me
3115 3670 3313 3721 vocem,
3357 3656 3473 3711 ideo
3517 3655 3661 3710 odivi
3698 3673 3828 3712 eam.

2232 3746 2337 3814 Qui
2367 3747 2420 3802 in
2455 3747 2752 3818 Evangelia
2783 3747 2996 3802 locutus
3029 3757 3112 3804 est
3144 3766 3158 3804 :
3190 3749 3425 3822 Surgite,
3449 3750 3697 3804 abeamus
3717 3749 3832 3803 hinc

2237 3842 2422 3915 (Joan.
2457 3859 2568 3908 xw,
2603 3843 2719 3914 51).
2755 3842 2823 3898 Et
2855 3842 3090 3898 iterum:
3124 3842 3469 3915 Relinquetur
3487 3845 3632 3898 vobis
3655 3845 3833 3897 domus

2236 3945 2401 3989 vestra
2425 3935 2628 3989 deserta
2654 3933 2809 4006 (Luc.
2839 3951 2955 4002 xm,
2990 3934 3104 4006 '55),
3139 3935 3226 3991 hic
3255 3934 3366 4008 [ΑΙ.
3398 3935 3552 4008 hinc]
3581 3935 3746 3992 etiam
3782 3934 3829 3989 in

2235 4028 2512 4100 Propheta
2539 4029 2733 4085 eadem
2763 4031 3173 4096 comminatur;
3204 4041 3260 4085 et
3285 4029 3434 4101 quod
3466 4029 3712 4085 facturus
3733 4039 3828 4094 εει,

2237 4123 2435 4180 fecisse
2465 4138 2526 4179 se
2557 4123 2713 4178 dicit.
2747 4123 3049 4178 ilaereditas
3079 4125 3223 4178 enim
3261 4123 3502 4190 Domini,
3533 4123 3738 4186 Israel,
3784 4133 3832 4178 et

2237 4215 2512 4271 funiculus
2544 4216 2884 4271 litereditatis
2913 4217 3056 4286 ejus.
3091 4217 3248 4286 Quod
3301 4226 3486 4274 autem
3531 4221 3652 4272 ait:
3705 4214 3832 4270 Dedi

2237 4308 2481 4362 dilectam
2521 4309 2752 4362 animam
2781 4325 2948 4362 meam
2988 4309 3044 4362 in
3082 4325 3297 4362 manum
3329 4309 3661 4363 inimicorum
3703 4312 3831 4380 ejus,

2237 4401 2373 4456 illud
2403 4412 2507 4467 est,
2543 4400 2860 4456 Potestatem
2886 4399 3052 4455 habeo
3076 4401 3302 4473 ponendi
3323 4402 3555 4455 animam
3584 4416 3769 4466 meum,
3793 4409 3835 4452 et

2242 4506 2548 4567 potestatem
2567 4496 2732 4551 habeo
2751 4496 3049 4550 resumendi
3071 4495 3218 4551 illam
3240 4493 3297 4568 (1
3301 4512 3425 4550 oan.
3453 4511 3510 4563 χ,
3536 4495 3652 4566 18).
3677 4493 3832 4550 Facta

529 4603 667 4656 ram,
692 4599 748 4644 et
769 4587 1013 4644 volatilia
1040 4587 1171 4644 eteli
1199 4599 1613 4653 consumantur,
1646 4589 1772 4659 quia
1797 4587 1850 4642 in
1880 4601 2011 4642 usus
2035 4587 2133 4641 ho-
2159 4579 2211 4639 1)
2237 4599 2325 4648 est
2355 4600 2539 4646 autem
2571 4588 2868 4644 lnereditas
2893 4589 3169 4659 quondam
3201 4588 3419 4644 Domini
3469 4587 3711 4660 populus
3751 4587 3836 4642 Ju-

530 4683 734 4737 minum
795 4680 912 4737 haec
962 4691 1145 4738 creata
1197 4693 1325 4737 sunt
1379 4683 1560 4738 omnia
1604 4700 1618 4737 :
1674 4681 1766 4752 qui
1824 4681 1874 4735 in
1929 4690 2130 4735 tantam

525 4790 926 4832 consurrexere
956 4777 1372 4848 blasphemiam,
1403 4787 1462 4832 ut
1491 4777 1742 4833 dicerent
1771 4775 1944 4830 Deum
1973 4774 2131 4844 igno-

526 4887 650 4928 rare
670 4873 785 4927 vias
809 4886 958 4940 suas,
988 4882 1046 4927 et
1071 4871 1286 4927 nescire
1305 4871 1436 4942 quid
1461 4871 1838 4942 unusquisque
1868 4882 2132 4940 passurus

526 4965 616 5020 sit.
647 4964 806 5033 Quod
857 4978 1038 5020 autem
1072 4965 1246 5032 dicit,
1277 4981 1540 5037 usquequo
1567 5005 1583 5032 ,
1630 4963 1766 5018 illud
1815 4962 2130 5034 significat,

529 5071 853 5124 permanere
876 5057 1013 5111 iram
1046 5056 1162 5125 Dei,
1199 5067 1221 5096 ο
1252 5059 1382 5128 quia
1404 5057 1623 5112 animus
1647 5057 1990 5127 peccantium
2017 5071 2128 5112 non

528 5146 852 5204 flectebatur
882 5149 951 5204 ad
985 5149 1388 5220 penitentiam.

597 5237 784 5310 (Vers.
811 5240 890 5310 5.)
925 5239 987 5296 Si
1026 5257 1142 5296 cum
1163 5241 1420 5313 peditibus
1462 5257 1677 5296 currens
1699 5241 1976 5308 laborasti,
2002 5257 2130 5311 quo-

597 5430 623 5458 “
651 5426 1123 5502 VictoriusLsuper
1161 5431 1372 5499 iniquos
1405 5443 1504 5499 pro
1546 5430 1597 5482 in
1639 5427 2004 5500 peccatoribus
2053 5443 2123 5485 ex

528 5499 722 5556 Graeco
745 5507 802 5554 et
831 5498 1092 5556 Medicaeo
1123 5515 1226 5556 IIIS.

595 5568 625 5609 δ
650 5571 742 5642 Sic
782 5572 843 5642 in
867 5585 998 5625 mss.
1045 5573 1290 5639 llabano,
1325 5571 1551 5641 ipsaque
1575 5580 1662 5627 est
1693 5571 2122 5642 Hieronymiana

525 5640 800 5696 versione.
817 5640 996 5697 Antea
1011 5655 1130 5699 erat
1151 5640 1480 5716 congregabo
1505 5659 1524 5698 :
1544 5654 1600 5700 et
1623 5643 1676 5699 iit
1704 5640 1976 5698 Hebraico
1995 5658 2130 5713 quo-

523 5725 635 5781 que
663 5721 750 5794 est
775 5717 965 5794 opm.

602 5794 624 5821 ο
657 5784 971 5840 Antea'erat
997 5799 1155 5852 quin:
1183 5792 1376 5856 estque
1422 5787 1476 5841 in
1518 5787 1640 5843 aliis
1683 5784 1838 5841 libris
1879 5792 2126 5852 mutetur,

2237 4686 2480 4743 datorum
2511 4698 2703 4740 contra
2735 4701 2862 4739 eum
2895 4685 3052 4755 quasi
3079 4685 3163 4739 leo
3187 4685 3240 4739 in
3267 4684 3405 4740 silva
3431 4699 3446 4738 :
3470 4683 3700 4754 quando
3731 4682 3836 4754 pari

2236 4777 2506 4833 adversus
2541 4778 2692 4833 illum
2722 4778 2774 4832 in
2807 4777 3066 4848 passione
3095 4791 3230 4832 voce
3269 4775 3551 4832 clamavit.
3605 4775 3674 4832 Et
3719 4774 3832 4846 quia

2237 4869 2390 4926 dedit
2417 4881 2609 4926 contra
2643 4885 2768 4926 eum
2801 4885 2993 4925 vocem
3044 4885 3197 4925 suam
3227 4888 3239 4925 :
3287 4867 3413 4925 ideo
3444 4884 3566 4924 eam
3595 4869 3724 4924 odio
3750 4872 3835 4922 lia-

2237 4964 2375 5031 buit,
2407 4974 2464 5021 et
2487 4964 2708 5035 abjecit,
2741 4973 2798 5020 et
2823 4979 2947 5032 qua:
2967 4963 3244 5034 quondam
3292 4961 3393 5018 fuit
3429 4960 3637 5018 dilecta
3682 4970 3834 5033 atque

2239 5057 2584 5123 charissima,
2615 5071 2759 5112 nunc
2786 5055 3098 5128 appellatur
3125 5057 3341 5110 odiosa.

2312 5149 2497 5221 (Vers.
2539 5149 2621 5221 9.)
2674 5149 2947 5218 Numquid
2991 5150 3101 5203 avis
3151 5149 3378 5203 discolor
3405 5146 3689 5202 hlereditas
3731 5162 3834 5201 mea

2241 5242 2406 5299 mihi?
2432 5243 2681 5314 numquid
2703 5242 2814 5298 avis
2834 5242 2997 5297 tincta
3022 5258 3114 5314 per
3135 5241 3336 5296 totum?
3360 5248 3384 5278 ε
3409 5243 3599 5305 venite,
3631 5254 3833 5310 congre-

2229 5445 2329 5503 pro
2342 5429 2704 5514 ﬂectebaturz

2301 5500 2328 5539 ἀ
2361 5500 2533 5557 Vattc.
2567 5513 2621 5556 et
2643 5499 2880 5558 Cisterc.
2900 5543 2916 5568 ,
2948 5517 3050 5571 qua
3076 5498 3379 5554 Clialdtcam
3405 5513 3572 5568 usque
3600 5498 3832 5552 ducenda

2230 5584 2332 5729 6ft;
2359 5645 2440 5701 Ex
2473 5646 2703 5729 Hebraeo
2888 5656 2944 5702 et
2975 5643 3209 5718 Vulgata
3239 5642 3372 5700 edit.
3403 5641 3628 5714 supplet
3653 5639 3830 5698 Victor

2233 5728 2348 5776 rius
2376 5728 2557 5774 οοηετα
2587 5733 2700 5774 eam
2730 5728 2915 5774 venite.
