4084 6324
262 363 358 420 661

758 366 1413 426 COMMENTARIORUM
1457 368 1522 425 ΙΝ
1561 368 1854 427 «ΙΕΒΕΜΙᾹ

1975 372 2397 430 ΡΒΟΡΗΕΤΑΜ
2439 372 2574 430 LIB.
2617 371 2708 428 lll.
2746 371 2902 429 CAP.
2942 369 3062 428 XII.

3463 369 3569 427 762

259 481 458 552 gamini
503 499 678 538 omnes
721 485 896 540 bestia:
943 495 1094 540 terra:
1125 502 1144 541 :
1183 496 1457 559 properate
1492 488 1560 540 ad
1601 488 1853 543 devoran-
1881 495 1929 555 Α
1961 501 2106 548 terra
2133 493 2206 548 sit
2232 491 2496 563 dissipata
2547 501 2601 549 et
2649 491 2868 548 redacta
2915 491 2970 547 in
3021 491 3398 559 solitudinem,
3447 493 3576 564 quia

258 575 403 634 dum.
453 575 646 633 LXX:
696 578 970 651 Numquid
1021 581 1274 654 spelunca
1330 581 1533 655 hycante
1581 583 1860 638 lttereditas

258 685 371 724 mea
411 670 582 725 mihi?
619 690 683 726 an
722 673 974 743 spelunca
1007 676 1060 728 in
1101 675 1320 730 circuitu
1357 676 1469 745 ejus
1507 693 1662 748 super
1705 678 1863 731 eam?

259 759 493 834 Pergite,
516 775 825 838 congregata
856 783 1033 821 onmes
1071 768 1260 823 bestias
1291 770 1406 840 agri
1437 785 1456 822 :
1491 779 1536 824 et
1579 770 1781 824 veniant
1811 779 1860 823 et

256 858 526 912 comedunt
556 874 692 912 eam.
724 860 896 916 Avem
927 861 1291 930 discolorem,
1325 871 1350 899 ει
1382 863 1719 934 tinctamque
1767 879 1862 933 per

258 958 428 1004 totum
459 949 612 1020 juxta
638 951 877 1009 litteram
911 968 1106 1024 pavum
1134 965 1314 1010 vocat.
1346 955 1600 1022 Tantam,
1645 947 1816 1025 inquit
1843 999 1857 1023 ,

256 1041 444 1098 habuit
478 1045 946 1113 pulchritudinem
979 1047 1168 1115 Israel,
1201 1058 1258 1105 et
1287 1051 1448 1106 tantis
1495 1049 1595 1105 fuit
1633 1051 1858 1107 Jerusa-

255 1135 361 1192 lem
393 1134 658 1194 distineta
688 1139 1011 1203 virtutibus.
1042 1150 1101 1196 ut
1130 1141 1268 1198 nihil
1297 1152 1449 1198 esset
1488 1143 1656 1216 928
1686 1143 1860 1200 bono-

256 1243 397 1298 rum,
426 1231 573 1300 quod
616 1249 724 1288 non
769 1245 1092 1291 cerneretur
1121 1235 1174 1292 in
1207 1251 1293 1292 ea.
1326 1237 1464 1304 Quia
1511 1241 1677 1310 igitur
1722 1237 1856 1293 mihi

255 1321 391 1378 facta
425 1336 510 1380 est
541 1324 834 1383 baereditas
879 1329 1155 1400 quondam
1191 1347 1341 1397 mea,
1374 1331 1426 1386 id
1457 1341 1566 1399 est,
1621 1332 1856 1403 populus

249 1411 416 1472 Israel
445 1417 606 1488 quasi
635 1419 725 1476 leo
750 1421 802 1476 in
833 1421 992 1488 silva,
1025 1431 1081 1476 et
1103 1421 1258 1478 dedit
1303 1434 1498 1479 contra
1538 1439 1626 1479 me
1665 1439 1854 1480 vocem

249 1523 438 1579 suam,
472 1521 528 1568 et
560 1528 680 1568 eam
731 1516 884 1570 omni
909 1516 1038 1571 odio
1077 1514 1387 1572 detestatus
1431 1533 1554 1572 sum
1593 1535 1606 1572 :
1652 1517 1856 1574 idcirco

251 1603 435 1660 venite
467 1617 522 1660 et
549 1608 965 1678 congregamini
1015 1617 1211 1664 contra
1250 1625 1370 1666 eam
1421 1625 1619 1666 omnes
1665 1611 1856 1667 bestia:

249 1705 432 1764 terrai,
459 1698 808 1757 diversarum
854 1703 1099 1774 gentium
1147 1705 1437 1760 multitudo
1462 1747 1477 1770 ,
1513 1705 1854 1772 etdevorate

247 1801 367 1844 eam
398 1805 524 1860 qua:
549 1805 708 1848 suum
744 1793 1033 1850 Dominutn
1059 1811 1166 1850 non
1189 1797 1468 1869 cognovit.
1497 1797 1593 1854 Sin
1626 1809 1807 1855 autem
1834 1841 1850 1866 ,

1965 585 2146 640 nullus
2173 585 2249 639 sit
2274 585 2366 654 qui
2399 584 2565 640 corde
2587 585 2876 654 recogitet.
2909 597 3010 638 nec
3033 582 3140 638 ulla
3165 597 3270 656 pax
3301 582 3573 640 universae

1961 679 2134 733 carui.
2172 689 2194 716 ο
2219 675 2407 748 Neque
2434 677 2578 734 enim
2609 692 2797 748 pacem
2831 676 2927 732 Dei
2953 687 3130 746 potest
3160 678 3430 748 recipere.
3464 676 3569 733 Sa-

1961 771 2160 842 pientia
2209 771 2354 826 enim
2387 773 2557 825 carnis
2581 771 2749 844 929
2774 769 2990 824 inimica
3015 780 3092 826 est
3119 768 3271 837 Deo;
3308 781 3356 825 et
3383 770 3477 842 qui
3516 769 3574 825 in

1960 880 2118 919 carne
2143 872 2286 929 sunt,
2327 861 2441 917 Deo
2488 865 2694 936 placere
2742 880 2847 917 non
2899 872 3136 933 possunt.
3200 861 3374 919 Porro
3410 862 3568 935 juxta

1961 958 2322 1023 Hebraicum,
2375 956 2497 1012 ideo
2545 955 2730 1012 Judaea
2774 956 2953 1012 omnis
2981 965 3067 1011 est
3106 955 3352 1012 desolata
3379 997 3394 1019 ,
3440 956 3570 1026 quia

1959 1052 2140 1108 nullus
2170 1064 2276 1117 εει,
2308 1050 2400 1123 qui
2430 1053 2598 1106 corde
2626 1051 2893 1121 recogitet
2925 1049 3118 1115 Deum,
3150 1064 3252 1106 nec
3284 1049 3561 1118 residuus,

1959 1148 2048 1220 qui
2083 1144 2527 1218 possitevadere.
2562 1145 2667 1201 Per
2697 1159 2892 1200 omnes
2914 1145 3060 1200 enim
3087 1145 3206 1200 vias
3251 1143 3569 1199 solitudinis

1960 1248 2227 1296 venerunt
2247 1247 2576 1302 vastatores,
2603 1237 2654 1293 id
2677 1245 2783 1302 est,
2810 1237 3024 1293 hostilis
3049 1237 3345 1304 exercitus,
3373 1246 3427 1292 ct
3447 1237 3562 1307 gla-

1957 1333 2079 1391 dius
2109 1332 2320 1389 Domini
2353 1331 2638 1388 devoravit
2682 1347 2712 1385 a
2749 1331 2986 1386 termino
3032 1344 3206 1398 usque
3249 1329 3317 1384 ad
3375 1328 3566 1384 termi-

1961 1443 2120 1492 num;
2146 1441 2246 1482 nec
2271 1425 2492 1496 requies
2514 1425 2629 1480 ulla
2651 1423 2753 1479 luit
2776 1423 2845 1480 de
2869 1423 3002 1479 urbe
3025 1421 3379 1494 fugientibus.
3406 1421 3564 1478 Unde

1957 1521 2159 1577 dicitur
2188 1539 2199 1574 :
2236 1518 2361 1574 Non
2389 1528 2464 1573 est
2496 1534 2602 1588 pax
2629 1518 2879 1574 universes
2903 1517 3071 1572 carni.

2031 1613 2210 1686 (Vers.
2243 1611 2358 1683 15.)
2396 1610 2794 1668 Seminaverunt
2825 1614 3074 1676 triticum,
3101 1621 3151 1665 et
3191 1611 3370 1681 spinas
3410 1625 3541 1664 mes-

1955 1717 2167 1762 snerunt
2205 1705 2596 1762 :hmeditatem
2619 1715 2950 1778 acceperunt,
2990 1715 3038 1760 et
3069 1720 3174 1759 non
3206 1705 3280 1759 eis
3302 1704 3559 1776 proderit.

1956 1799 2100 1857 LXX
2125 1818 2138 1854 :
2175 1800 2480 1857 Seminastis
2520 1800 2769 1864 triticunt,
2803 1809 2852 1854 et
2873 1800 3053 1870 spinas
3075 1799 3364 1854 messuistis
3386 1814 3406 1853 :
3431 1797 3558 1853 clert'

249 1891 308 1938 ut
335 1883 697 1956 Septuaginta
721 1898 776 1944 et
801 1889 898 1945 alii
936 1891 1267 1962 interpretes
1299 1894 1692 1950 transtulerunt
1719 1937 1734 1960 ,
1778 1895 1857 1950 le-
1887 1893 1930 1954 B
1959 1911 2134 1950 eorum
2158 1910 2260 1948 non
2288 1893 2572 1967 proderunt
2604 1894 2696 1947 eis.
2741 1893 2986 1960 Meliora,
3025 1891 3225 1964 inquit,
3275 1901 3566 1961 exspecta-

243 1986 404 2049 gatur
427 1997 442 2034 :
478 1979 751 2050 Numquid
771 1984 1021 2055 spelunca
1051 1985 1250 2058 hycante
1266 1986 1545 2043 luereditas
1567 2006 1678 2042 mea
1701 1987 1850 2056 mihi,

247 2070 551 2129 referamus
585 2076 652 2130 ad
686 2076 1090 2133 immunditiam
1135 2088 1421 2136 nocturnas
1449 2081 1641 2136 bestia:
1665 2124 1679 2147 ,
1732 2096 1852 2152 quae

248 2165 377 2220 vivit
404 2165 774 2225 cadaveribus
805 2181 1187 2240 mortuorum,
1221 2182 1277 2229 et
1303 2173 1372 2228 de
1413 2173 1682 2244 sepulcris
1714 2175 1856 2230 solet

248 2257 493 2317 effodere
541 2276 798 2333 corpora,
829 2265 1073 2338 nihilque
1100 2277 1185 2323 est
1217 2267 1584 2324 immunditias
1609 2285 1712 2340 qua
1740 2284 1852 2325 non

247 2364 526 2410 vescatur.
557 2355 707 2413 Talis
730 2369 816 2414 est
844 2359 1010 2416 Israel
1037 2359 1324 2418 offendens
1350 2362 1636 2418 Dominum
1669 2379 1849 2434 suum,

249 2459 305 2504 et
331 2449 578 2506 omnium
603 2453 904 2509 bestiarum
937 2456 1214 2512 morsibus
1248 2457 1503 2513 traditus.

318 2541 510 2616 (Vers.
546 2543 662 2617 10.)
695 2545 939 2603 Pastores
967 2549 1117 2604 multi
1137 2550 1370 2605 demoliti
1387 2561 1505 2606 sunt
1529 2551 1665 2622 (sive
1682 2553 1854 2607 disru-

251 2633 460 2708 perunt)
495 2635 605 2710 [AL
641 2640 1008 2715 corruperunt]
1045 2644 1244 2697 vineam
1279 2660 1476 2712 meam,
1521 2645 1854 2700 conculcave-

251 2741 366 2785 runt
395 2731 536 2802 (sive
567 2732 900 2807 polluerunt)
931 2747 1132 2807 partem
1177 2753 1388 2792 meam:
1431 2739 1684 2794 dederunt
1730 2756 1852 2812 por-

251 2825 440 2880 tionem
487 2844 652 2881 meam
698 2827 1093 2884 desiderabilem
1138 2831 1192 2884 in
1242 2831 1500 2884 desertum
1555 2830 1854 2886 solitudinis

255 2919 392 2990 (sive
413 2921 651 2993 inviam).
680 2921 976 2978 Posuerunt
1005 2940 1117 2979 eam
1138 2923 1279 2997 (sive
1309 2927 1478 2995 posita
1499 2928 1595 2994 est)
1621 2927 1675 2980 in
1698 2926 1855 2980 dissi-

252 3011 585 3085 pationemb.
617 3014 859 3071 Audiant
889 3016 1006 3072 haec
1032 3015 1125 3087 qui
1163 3017 1439 3086 principes
1488 3017 1680 3071 volunt
1732 3031 1854 3073 esse

255 3106 608 3176 populorum,
649 3108 796 3179 quod
843 3124 952 3165 non
1004 3109 1183 3166 solum
1227 3125 1326 3180 pro
1376 3125 1457 3176 se,
1507 3108 1600 3164 sed
1651 3118 1706 3164 et
1758 3123 1854 3180 pro

251 3203 564 3259 commissis
592 3203 698 3259 sibi
728 3205 987 3276 gregibus
1018 3205 1290 3260 reddituri
1328 3215 1458 3260 sunt
1501 3204 1764 3260 rationem
1800 3204 1852 3258 in

1956 1997 2174 2051 verunt,
2209 1996 2265 2042 et
2295 1997 2566 2043 venerunt
2597 1987 2873 2057 pessima:
2923 1985 3220 2056 sperabant
3270 1997 3560 2055 prospera,

1956 2090 2012 2136 et
2040 2081 2271 2136 adversa
2303 2079 2547 2150 perpessi
2576 2090 2705 2135 sunt
2739 2097 2749 2134 :
2782 2088 3111 2150 acceperunt
3149 2095 3177 2131 a
3208 2077 3445 2132 Domino
3477 2092 3565 2133 re-

1956 2189 2078 2230 rum
2122 2174 2362 2228 omnium
2403 2173 2818 2240 abundantiam,
2853 2188 2975 2242 quae
3018 2172 3098 2227 eis
3145 2186 3255 2226 non
3287 2170 3558 2242 proderit.

1955 2269 2113 2325 Juxta
2141 2268 2496 2340 Septuaginta
2541 2283 2697 2331 vero,
2724 2283 2917 2322 omnes
2959 2265 3204 2321 hmretici
3235 2265 3390 2335 quasi
3422 2264 3565 2318 triti-

1936 2377 2078 2439 _cum
2108 2361 2404 2426 seminant,
2432 2369 2484 2415 et
2508 2360 2700 2427 Spinas
2725 2366 2958 2424 metunt,
2993 2365 3346 2427 exspectante
3376 2354 3558 2410 Domi-

1958 2471 2050 2522 no,
2073 2465 2132 2511 ut
2155 2455 2401 2510 lacerent
2433 2454 2693 2516 fructum,
2721 2460 2778 2508 et
2807 2468 2915 2506 non
2957 2450 3210 2508 fecerunt
3245 2449 3518 2520 judicium
3544 2489 3560 2515 ,

1954 2551 2051 2608 sed
2080 2553 2398 2606 clamorem.
2445 2548 2654 2604 Dicitur
2686 2557 2868 2602 autem
2909 2545 3010 2600 hoc
3039 2555 3092 2600 et
3136 2540 3565 2610 Ecclesiasticis,

1955 2645 2050 2718 qui
2077 2644 2241 2700 verba
2271 2642 2508 2705 Domini,
2533 2652 2589 2697 ct
2617 2640 2922 2696 doctrinam
2959 2637 3080 2709 ejus
3107 2635 3247 2692 mala
3274 2648 3566 2690 conversa.

1958 2741 2105 2796 tione
2130 2736 2474 2808 dispertiunt.
2525 2737 2599 2790 De
2647 2733 2846 2805 quibus
2891 2730 3127 2786 infertur
3161 2749 3172 2785 :
3209 2728 3346 2783 Cleri
3375 2743 3548 2783 eorum

1956 2851 2058 2889 non
2080 2831 2365 2904 proderunt
2396 2830 2489 2883 eis.
2512 2827 2651 2896 Quid
2676 2826 2820 2881 enim
2854 2841 2950 2879 eos
2970 2824 3163 2893 juvare
3210 2822 3412 2894 poterit
3445 2821 3563 2893 epi-

1957 2929 2108 2999 scopi
2149 2939 2347 2981 nomen
2377 2934 2433 2978 et
2455 2921 2790 2994 presbyteri,
2821 2919 2908 2974 vel
2941 2918 3184 2989 reliquus
3213 2915 3350 2971 ordo
3380 2915 3565 2970 Eccle-

1957 3019 2233 3085 siasticus,
2267 3031 2387 3072 cum
2427 3014 2597 3086 magis
2626 3020 2921 3084 graventur
2948 3010 3304 3081 dignitatibus
3341 3007 3478 3072 suis,
3505 3015 3561 3062 et

1960 3121 2212 3185 potentes
2238 3119 2487 3181 potenter
2521 3115 2787 3162 tormenta
2818 3103 3129 3177 patiantur;
3159 3110 3217 3158 et
3245 3100 3463 3172 quando
3489 3098 3571 3155 eis

1961 3208 2081 3278 plus
2125 3203 2394 3260 creditum
2425 3199 2611 3267 fuerit,
2647 3207 2799 3255 tanto
2833 3197 2952 3269 plus
3010 3196 3324 3264 requiratur
3368 3193 3438 3248 ab
3487 3191 3568 3247 eis

251 3297 338 3356 die
361 3301 577 3371 judicii.
611 3302 842 3374 Propter
865 3303 987 3359 illos
1013 3303 1161 3358 enim
1204 3319 1328 3374 pars
1376 3303 1590 3358 Domini
1634 3303 1856 3360 concul-
1882 3292 1928 3355 C
1961 3301 2118 3377 (Sap.
2143 3299 2242 3370 vt).

251 3405 426 3460 catur,
456 3403 623 3466 atque
651 3396 932 3466 polluitur,
968 3405 1026 3451 ut
1056 3397 1143 3452 ubi
1172 3395 1448 3468 quondam
1500 3407 1620 3453 erat
1666 3397 1854 3468 hospi-

253 3487 409 3554 tium,
437 3488 508 3543 ibi
535 3491 606 3544 sit
627 3489 1001 3544 habitaculum
1043 3491 1366 3544 bestiarum.
1415 3489 1522 3544 Alii
1573 3503 1706 3544 vero
1748 3504 1857 3545 non

254 3583 584 3653 prcepositos
612 3583 791 3655 plebis
816 3593 872 3639 et
905 3582 1254 3649 Sacerdotes,
1284 3583 1379 3639 sed
1410 3583 1648 3639 hostium
1697 3584 1860 3640 intel-

250 3673 423 3746 ligunt
455 3676 752 3748 principes,
784 3677 878 3750 qui
905 3676 1232 3741 Jerusalem,
1268 3677 1320 3732 id
1351 3687 1454 3741 eat,
1494 3677 1710 3732 vineam
1746 3677 1856 3734 Do-

250 3769 384 3825 mini
417 3769 780 3842 dissiparunt.

320 3863 503 3936 (Vers.
537 3865 625 3930 ll,
661 3864 776 3937 12.)
801 3864 1061 3938 Luxitque
1085 3882 1243 3933 super
1270 3884 1348 3920 me
1372 3884 1390 3920 :
1419 3869 1742 3922 desolatione
1768 3869 1859 3922 de-

249 3957 420 4013 solata
447 3967 524 4013 est
557 3959 726 4014 omnis
753 3968 913 4024 terra,
955 3960 1083 4026 quia
1113 3957 1291 4012 nullus
1345 3968 1420 4014 est
1467 3959 1558 4030 qui
1609 3961 1861 4034 recoyitet

249 4054 425 4110 corde.
455 4053 629 4127 Super
663 4071 841 4110 omnes
871 4055 984 4110 vias
1029 4055 1218 4109 deserti
1259 4065 1507 4109 venerunt
1549 4065 1856 4123 vastatores,

245 4149 371 4216 quia
393 4146 601 4220 gladius
635 4145 853 4202 Domini
876 4148 1142 4202 devoravit
1168 4150 1234 4202 ab
1266 4157 1494 4203 extremo
1523 4160 1671 4204 teme
1697 4167 1861 4220 usque

248 4238 316 4293 nd
339 4251 629 4295 extremum
661 4244 775 4312 ejus
800 4257 819 4296 :
841 4257 943 4295 non
971 4251 1046 4296 est
1068 4257 1172 4310 pax
1194 4241 1452 4295 universa:
1475 4241 1640 4296 carni.
1671 4241 1819 4297 LXX
1846 4261 1858 4296 :

251 4330 541 4406 Propterea
563 4333 909 4407 dissipatione
949 4335 1207 4407 dissipata
1233 4345 1307 4388 est
1335 4346 1496 4402 terra,
1540 4344 1597 4390 et
1625 4337 1858 4408 reliqua.

251 4427 365 4482 lloc
391 4427 537 4498 quod
585 4427 870 4498 posuimus
897 4471 911 4494 ,
957 4426 1197 4497 luxitque
1227 4445 1386 4496 super
1413 4445 1515 4496 me,
1545 4428 1706 4498 juxta
1754 4429 1861 4485 lle-

250 4521 500 4577 braicum
547 4521 716 4591 priori
765 4520 1040 4578 versiculo
1064 4521 1378 4591 copulatur,
1425 4530 1486 4576 ut
1515 4522 1586 4576 sit
1613 4535 1812 4577 sensus
1843 4541 1857 4577 :

252 4614 553 4670 Posuerunt
577 4629 688 4668 eam
710 4614 763 4666 in
788 4613 1206 4686 dissipationem,
1229 4612 1331 4669 hoc
1355 4625 1462 4682 est,
1483 4614 1859 4670 literedilatem

2031 3393 2215 3466 (Vers.
2253 3392 2340 3458 14,
2368 3390 2482 3460 15.)
2526 3387 2932 3458 Confundemini
2975 3403 3005 3438 n
3053 3383 3309 3454 fructibus
3355 3381 3496 3451 (sive
3536 3397 3568 3433 a

1957 3488 2264 3560 gloriatione
2287 3483 2475 3555 uestra(
2516 3492 2728 3555 propter
2768 3481 2899 3534 irant
2942 3479 3137 3549 luroris
3175 3474 3388 3528 Domini
3417 3473 3562 3544 (sive

1959 3584 2023 3638 ab
2048 3581 2330 3654 opprobrio
2368 3581 2422 3634 in
2454 3586 2729 3651 conspectu
2762 3572 3026 3642 Domini).
3067 3571 3196 3625 Πανί
3219 3570 3344 3623 dicit
3386 3565 3572 3620 Domi-

1960 3693 2056 3732 nus
2081 3675 2358 3730 adversum
2384 3688 2562 3727 omnes
2591 3670 2788 3724 vicinos
2831 3683 2972 3721 meos
3016 3665 3292 3737 pessimos,
3320 3660 3410 3730 qui
3445 3667 3568 3713 tan-

1959 3779 2084 3845 gunt
2113 3767 2462 3824 httrreditatem
2493 3780 2646 3834 quant
2673 3759 2916 3815 distribui
2961 3757 3158 3828 papula
3199 3770 3312 3845 meo
3342 3749 3560 3845 Israel

1963 3844 2098 3919 Ecce
2119 3879 2212 3934 ego
2235 3860 2444 3916 evellam
2471 3875 2557 3912 eos
2578 3856 2643 3911 de
2663 3866 2797 3909 terra
2829 3870 2925 3906 sua
2947 3861 2991 3904 et
3021 3851 3234 3903 domum
3254 3844 3290 3900 J
3295 3847 3400 3900 uda
3422 3844 3561 3898 evel-

1959 3959 2065 4014 lam
2092 3958 2229 4027 (sive
2258 3953 2488 4027 ejiciam)
2519 3951 2583 4005 de
2625 3949 2793 4004 medio
2825 3962 3023 4002 eorum.
3063 3943 3128 3996 Et
3171 3957 3287 3996 cum
3319 3938 3560 3994 evulsero

1963 4069 2072 4116 eos,
2099 4059 2368 4104 convertar
2401 4045 2542 4114 (sive
2568 4038 2820 4110 revertar)
2867 4048 2914 4092 et
2939 4035 3215 4090 miserebor
3254 4048 3432 4086 eorum
3455 4071 3472 4097 ,
3523 4042 3572 4084 et

1967 4145 2210 4200 reducam
2239 4157 2323 4194 eos
2362 4138 2501 4209 (sive
2538 4135 2770 4189 habitare
2813 4127 3024 4202 faciam)
3050 4127 3217 4181 virum
3249 4125 3302 4179 in
3348 4123 3574 4178 htcredi-

1965 4251 2066 4295 tate
2087 4254 2204 4301 sua,
2236 4245 2284 4289 et
2316 4233 2478 4288 virum
2502 4232 2553 4284 in
2573 4239 2710 4284 terra
2732 4242 2848 4281 sua.
2887 4223 3094 4278 Dicitur
3121 4219 3188 4274 ad
3223 4233 3339 4282 eos,
3371 4216 3573 4288 quibus

1963 4331 2096 4387 t-leri
2124 4329 2206 4385 sui
2237 4336 2293 4384 et
2316 4323 2736 4382 Ecclesiasticus
2756 4320 2894 4373 ordo
2919 4331 3029 4371 non
3061 4313 3331 4385 proderit,
3365 4319 3423 4365 ut
3443 4325 3575 4365 con-

1965 4423 2259 4480 fundantur
2281 4437 2311 4475 a
2339 4418 2673 4491 gloriatione
2700 4427 2799 4468 sua
2840 4422 2892 4466 et
2940 4408 3011 4463 ab
3050 4405 3350 4478 opprobrio
3381 4419 3568 4458 coram

1966 4517 2218 4574 Domino.
2269 4511 2535 4582 Quodque
2583 4510 2794 4564 inlert:
2855 4504 3128 4560 adversum
3167 4514 3343 4554 omnes
3383 4499 3579 4554 vicinos

1967 4630 2103 4668 meos
2133 4611 2403 4684 pessimos,
2431 4607 2586 4676 juxta
2637 4604 2900 4664 litteram,
2941 4597 3102 4652 vieini
3149 4595 3334 4651 Terrae
3371 4601 3580 4650 sancta:

251 4723 429 4764 meam
463 4725 478 4764 :
511 4705 776 4778 Lttxitque
813 4723 973 4780 super
1002 4723 1104 4770 me,
1139 4721 1260 4762 meo
1309 4708 1520 4762 auxilio
1567 4709 1858 4764 deSIituta.
1893 4689 1938 4747 ί)
1968 4705 2186 4763 Idumaei
2217 4712 2366 4770 sunt,
2404 4697 2762 4760 Pltilismiim,
2795 4692 2980 4758 Moab,
3019 4702 3075 4746 et
3106 4690 3342 4744 Ammon
3369 4704 3384 4740 :
3415 4685 3578 4780 Juxta

245 4799 412 4858 Juxta
441 4800 586 4857 LXX
615 4815 745 4857 vero
777 4801 1018 4872 loquitur
1046 4799 1211 4865 Deus,
1245 4801 1395 4871 quod
1426 4814 1654 4873 pr0pter
1681 4801 1861 4858 «illum

322 4973 346 5000 ⁸
377 4960 680 5019 Obtinebat
707 4969 868 5015 antea
895 4968 1200 5030 tectumque,
1233 4960 1378 5030 quod
1405 4974 1536 5015 mss.
1563 4961 1850 5030 castigant.

322 5033 349 5074 δ
383 5034 602 5090 Addunt
625 5032 732 5087 duo
759 5028 1146 5102 mss.QisterC.
1182 5041 1236 5086 et
1271 5029 1442 5085 Vatic.
1469 5028 1858 5102 subsequentis

253 5107 510 5163 versiculi
543 5105 864 5176 pericopeu,
896 5101 1157 5176 Luxitque
1175 5119 1334 5170 super
1357 5118 1470 5166 me,
1511 5104 1628 5176 sive
1657 5101 1809 5175 periit
1841 5121 1855 5157 :

251 5196 418 5246 quam
450 5178 672 5247 quidem
694 5186 750 5230 et
779 5178 960 5244 priora
987 5175 1252 5230 subnexa:
1292 5175 1663 5245 expositionis
1691 5178 1858 5230 verba

254 5252 520 5306 videntur
541 5247 829 5320 attingere.

327 5334 350 5362 ο
386 5321 523 5377 Tota
550 5336 670 5392 qua:
692 5317 824 5375 hinc
850 5317 1201 5389 subsequitur
1221 5317 1288 5371 ad
1315 5317 1476 5392 linem
1507 5334 1676 5392 usque
1702 5317 1864 5392 hujus

251 5393 541 5460 sectionis,
571 5390 861 5448 duodecim
895 5392 1009 5446 fere
1038 5405 1295 5445 versuum
1315 5431 1329 5450 ,
1361 5390 1554 5444 lacinia
1583 5392 1776 5444 deerat
1809 5391 1862 5444 in

177 5509 180 5512 .
256 5469 525 5522 hactenus
550 5463 782 5534 vulgatis
811 5462 1007 5534 libris.
1039 5461 1191 5534 Qum
1224 5475 1422 5530 nempe
1468 5461 1732 5534 solemnis
1760 5469 1868 5534 (est

254 5541 510 5595 codicum
538 5533 970 5604 exscriptoribus
999 5533 1372 5601 hallucinatio,
1407 5547 1531 5587 cum
1560 5533 1642 5586 bis
1669 5533 1862 5587 eadem

255 5617 551 5666 recurrunt
584 5603 768 5671 verba,
802 5615 861 5661 ut
891 5606 1113 5661 fallente
1136 5606 1314 5670 oculo,
1362 5620 1482 5672 qure
1534 5603 1861 5660 iutermedia

259 5694 384 5736 sunt
412 5680 866 5750 praetermittam,
903 5683 1006 5733 hoc
1035 5691 1256 5750 quoque
1285 5677 1513 5750 contigit
1563 5675 1725 5750 loco,
1773 5675 1865 5744 qui

257 5747 446 5810 statim
473 5751 541 5805 ab
563 5750 781 5817 iisdem,
812 5749 868 5804 in
893 5764 1014 5819 quae
1031 5749 1235 5804 desinit
1259 5748 1458 5812 verbis,
1485 5763 1590 5817 pax
1610 5747 1863 5802 universa:

260 5825 448 5898 parui,
500 5821 811 5898 inchoatur,
857 5821 1139 5898 Lacunam
1197 5819 1452 5898 supplent
1489 5820 1859 5898 antiquissimi

259 5889 411 5964 libri,
446 5889 648 5968 praeter
673 5889 1095 5951 Cistei'ciensem
1119 5931 1132 5956 ,
1161 5901 1217 5948 et
1250 5889 1570 5947 Vaticanum
1599 5927 1615 5956 ,
1662 5889 1860 5960 quibus

1969 4797 2324 4870 tropologiam
2359 4809 2514 4859 vero,
2545 4804 2737 4846 omnes
2781 4785 3054 4850 lmretici,
3088 4784 3180 4855 qui
3213 4781 3314 4838 sub
3357 4778 3580 4835 nomine

1965 4959 2312 5014 continenter
2352 4955 2594 5019 utimur,
2638 4954 2749 5027 duo
2796 4952 2986 5008 itidem
3035 4942 3577 5027 Vaticaninnttmepis

1965 5013 2074 5086 525
2106 5039 2161 5084 et
2191 5029 2297 5084 524
2332 5013 2644 5098 praenotaii,
2677 5025 2885 5096 aliique
2911 5020 3158 5098 nonnulli
3194 5019 3246 5072 in
3271 5015 3392 5071 aliis
3417 5013 3580 5098 Italia:

1970 5087 2354 5164 bibliothecis;
2404 5114 2544 5170 quos
2573 5087 2642 5152 ad
2676 5087 2819 5151 hunc
2866 5093 3028 5171 modo
3077 5087 3574 5171 Incumcqinsului-

1969 5189 2111 5229 mus.
2144 5174 2296 5240 Legit
2340 5160 2608 5240 praeterea
2657 5171 2881 5225 totidem
2936 5166 3098 5242 plane
3139 5160 3334 5242 verbis.
3370 5160 3423 5211 in
3474 5172 3577 5212 suo

1967 5237 2274 5314 exemplari
2307 5237 2594 5309 Rabauus,
2620 5244 2846 5312 ipsaque
2894 5237 3185 5314 verbprum
3224 5237 3399 5314 series
3439 5245 3576 5311 (υυιιτ

1969 5301 2261 5388 textusque
2302 5301 2890 5388 orationisjrl-iuilesto
2914 5307 3148 5388 produnt
3180 5319 3210 5357 e
3255 5301 3572 5388 lilieronymi

1967 5375 2187 5444 calamo.
2229 5386 2529 5458 proﬁcisci.
2571 5385 2681 5442 Sed
2730 5375 2929 5454 praeter
2961 5375 3365 5458 laciniamdoci
3411 5388 3572 5458 quam

1967 5446 2286 5517 anil‘ecimits
2319 5474 2417 5513 nos.
2459 5458 2594 5512 satis
2626 5446 2861 5526 longam,
2907 5448 3094 5506 subdit
3124 5446 3401 5526 Victorius
3435 5457 3572 5497 con-

1969 5533 2118 5588 tinua
2159 5531 2304 5587 serie
2333 5530 2449 5584 lucc
2479 5544 2699 5600 quoque
2747 5529 2953 5600 verba:
3001 5534 3167 5600 neque
3211 5532 3346 5570 enim
3395 5531 3573 5598 pacem

1972 5603 2067 5659 Dei
2092 5613 2274 5675 potest
2306 5601 2442 5656 Caro
2488 5589 2735 5668 recipere.
2787 5589 3218 5675 Sapientiafuim
3261 5591 3445 5675 Icarttis
3475 5589 3576 5639 ini-

1969 5660 2104 5730 mlcd
2135 5686 2211 5731 est
2236 5672 2372 5740 Deo,
2395 5682 2442 5727 et
2464 5675 2550 5738 qui
2581 5660 2634 5724 in
2664 5683 2822 5722 carne
2862 5660 2980 5740 sunt
3005 5707 3020 5729 ,
3059 5661 3182 5740 Deo;
3217 5660 3430 5740 placere.
3470 5673 3571 5712 non

1965 5730 2224 5820 possunt;
2255 5730 2379 5815 quae
2403 5730 2625 5815 quidem
2673 5743 2724 5796 in
2771 5737 2924 5794 nullo
2951 5749 2983 5791 e
3013 5730 3226 5790 nostris
3251 5744 3383 5786 mss.
3419 5730 3577 5785 inve-
