1923 3716
13 0 1546 12 ————

220 207 274 235 765

847 205 874 233 S.
898 205 1019 234 EUSEBl

1079 207 1243 237 IERONYMI
1793 204 1834 232 τδι

215 266 316 293 Christi
331 269 490 297 censentur,
513 269 541 291 et
555 264 636 291 vicini
654 264 739 299 magis
754 269 829 294 sunt.
848 272 929 298 quam
946 264 1021 290 habi-

1078 266 1156 300 pulus
1171 267 1254 295 l-rael
1265 272 1318 301 est,
1335 267 1381 302 qui
1392 267 1420 294 lu
1436 267 1484 294 lini
1498 265 1696 294 similitudinem
1706 268 1835 298 assumptus

218 316 323 339 latores
337 311 430 339 Terra:
441 316 554 343 sanctae,
570 311 616 346 qui
628 316 740 345 tangunt
759 311 947 338 luereditatem
963 311 1022 343 Dei,

215 364 242 386 et
255 359 402 386 devastant
416 366 476 385 eam
492 367 497 384 :
524 357 678 392 diciturque
691 358 726 384 de
741 359 783 385 eis
804 357 875 392 quod
899 358 1023 384 auferan-

216 410 262 433 tur
277 406 311 434 de
327 406 419 433 medio
435 411 535 437 terrm;
551 410 576 432 et
590 405 688 432 domus
703 404 775 432 Juda
793 405 904 431 tollatur
918 405 951 432 de
967 413 1023 432 me-

217 454 262 481 dio
273 461 381 480 eorum.
396 453 447 486 Qui
461 453 545 488 93°
563 461 624 479 cum
640 453 726 479 evulsi
748 452 860 482 fuerint.
874 452 949 480 etde
966 452 1021 479 hm-

218 501 366 528 reticorum
384 500 508 526 faucibus
531 499 661 532 liberati,
683 504 888 534 consequentur
913 498 1022 526 miseri-

216 546 340 573 cordiam
368 546 430 579 Dei,
455 550 483 573 et
507 546 671 573 reducenlur
693 545 721 572 in
745 545 933 572 [nereditatem
954 545 1022 572 etin

219 598 321 620 terram
335 600 423 619 suam.

253 639 343 676 (Vers.
363 638 406 672 16,
427 639 481 675 l7.)
494 639 527 666 Et
543 639 632 672 erit,u'
645 639 743 665 eruditi
754 638 893 665 didicerint
908 638 962 664 eius
976 646 1023 673 po-

217 688 272 724 puli
286 688 346 720 mei,
356 689 479 723 utjurent
495 688 522 713 iu
535 687 637 714 nomine
648 695 715 719 meo,
726 687 788 713 vivit
800 686 928 712 Dominus
938 686 1021 712 :sieut

217 735 365 761 docuerant
380 736 506 770 populum
520 742 604 760 meum
617 736 710 771 jarare
720 734 747 760 in
760 732 838 765 Batti,
849 733 1021 766 ludiﬁcabun-

217 787 259 809 tttr
276 782 302 808 in
316 782 400 808 medio
415 781 505 817 populi
521 782 581 808 mei.
601 781 677 815 Quod
690 782 712 808 si
727 789 778 808 non
795 780 937 811 audierint,
952 780 1020 807 evel-

219 828 272 855 lmn
287 833 387 864 gentem
409 828 481 855 illum
496 829 629 855 cuulsione
641 833 663 854 rt
679 828 834 864 perditione,
851 827 913 853 dicit
930 826 1021 853 Domi-

219 883 279 902 nus.
295 875 325 902 Si
343 875 466 902 translati
482 875 516 902 tle
540 875 637 902 Μινυείςὶ
654 875 680 902 itt
696 875 860 903 Ecclesiam.
874 873 1022 901 didicerint

218 922 277 949 vias
291 921 383 956 popttli
400 921 459 954 Dei,
476 926 505 948 et
519 921 673 956 iuraverint
686 921 713 947 in
730 921 840 948 nomine
858 919 977 950 Domini,
995 923 1022 946 et

1073 312 1109 340 de
1132 319 1215 346 terra,
1232 320 1258 342 et
1274 316 1377 347 illotus,
1403 321 1453 342 nec
1477 313 1672 341 mollitudinem
1692 310 1783 342 habuit,
1797 318 1835 338 nec

1075 361 1232 394 candorem,
1248 367 1274 389 et
1286 366 1375 388 tamen
1389 369 1437 396 per
1459 360 1531 387 illius
1547 358 1748 386 misericordiam
1759 357 1835 383 adlue-

1074 407 1109 434 sit
1126 408 1190 435 Deo.
1204 407 1325 441 Cumque
1338 413 1485 443 peccasset,
1498 406 1632 433 rationale
1646 404 1736 439 quippe
1750 409 1785 430 est
1797 403 1836 430 bu-

1073 453 1225 488 juscemodi
1243 454 1327 480 linum
1344 460 1427 487 atque
1450 453 1583 484 lumbare,
1600 451 1695 478 ductus
1718 454 1753 476 est
1775 454 1836 476 trans

1075 500 1256 534 Euphratem,
1269 501 1294 527 id
1309 505 1361 533 est,
1380 500 1406 527 in
1426 500 1563 535 Assyrios,
1584 504 1611 526 et
1624 498 1660 525 ibi
1679 496 1834 529 absconditus,

1075 547 1125 574 hoc
1150 553 1203 581 est,
1229 549 1402 575 multitudine
1426 548 1478 583 [AL
1498 545 1690 582 magnitudine]
1707 551 1834 579 magnarum

1074 600 1098 622 et
1115 595 1354 623 innumerabilium
1368 595 1486 630 gentium
1500 592 1698 629 quodammodo
1708 591 1835 624 absorptus,

1075 648 1101 669 et
1128 643 1206 670 nihili
1226 648 1380 678 reputatus.
1408 643 1471 670 Post
1498 642 1613 669 multum
1637 644 1721 667 autem
1741 644 1834 673 tempus,

1075 689 1132 723 ipse
1157 689 1288 725 Propheta
1314 689 1340 716 in
1363 694 1454 724 typum
1481 688 1527 715 Dei
1555 687 1651 714 liberat
1675 684 1789 720 populum
1810 683 1836 711 de

1074 735 1240 770 captivitate.
1263 735 1315 768 Qui
1340 735 1517 761 nihilominus
1539 738 1567 761 et
1582 737 1643 767 post
1664 730 1777 771 reditum,
1798 728 1835 756 Dei

1075 787 1208 818 priet-cpta
1233 790 1285 809 non
1303 782 1380 815 fecit;
1405 781 1451 809 sed
1475 785 1586 808 secutus
1608 779 1672 806 deos
1697 778 1795 809 alienos,
1810 775 1835 803 ad

1074 834 1224 857 extremum
1238 829 1320 856 etiam
1344 829 1369 855 iu
1396 829 1441 856 Dei
1458 828 1558 855 Filium
1579 826 1653 854 misit
1667 831 1763 854 manus.
1777 828 1796 849 et
1809 830 1836 849 te-

1075 882 1150 904 terna
1169 877 1321 911 perditione
1335 876 1484 904 contabuit.
1501 875 1598 902 Omnis
1613 880 1715 909 quoque
1729 872 1764 898 vir
1773 876 1836 897 sane-

1075 929 1117 951 tus
1133 923 1255 951 lumbare
1273 924 1317 951 Dei
1332 928 1384 955 est,
1406 923 1452 957 qui
1473 925 1631 956 assumptus
1650 920 1683 947 de
1706 925 1768 945 tem
1778 916 1836 944 etde

219 976 272 995 non
286 969 312 994 iu
324 969 434 995 nomine
444 967 594 1002 idolorum,
603 975 663 1002 quin
673 966 707 994 de
715 974 765 994 suo
776 966 859 994 corde
868 966 1017 998 tinxerunt,

1077 975 1155 998 terra:
1176 971 1189 990 δ
1206 971 1285 1003 limo,
1306 971 1351 998 Dei
1368 970 1508 998 consortio
1523 969 1677 1003 copulatur,
1697 971 1722 994 et
1733 965 1836 1001 quodam-

218 1014 430 1042 :ediliCabuntur
446 1023 460 1042 a
477 1015 602 1046 Domino,
626 1020 651 1041 et
667 1018 749 1042 erttnt
764 1021 828 1048 pars
843 1013 935 1049 populi
951 1013 1020 1048 ejus.

218 1062 294 1095 Quod
307 1063 329 1089 si
340 1063 464 1089 translati
480 1063 507 1089 in
521 1062 685 1094 Ecclesium,
699 1069 893 1095 perversurum
910 1061 1022 1096 dogma-

219 1113 273 1136 tum
283 1109 410 1144 reliquias
418 1110 599 1141 tentteriut,et
607 1117 660 1136 non
669 1109 806 1136 audierint
815 1109 894 1135 verba
905 1109 1022 1142 Domini,

219 1157 355 1184 evelletur
369 1164 438 1191 gens
453 1156 498 1184 illa
515 1157 549 1184 de
566 1157 657 1184 medio
682 1156 775 1191 populi
801 1156 858 1189 Dt-i,
880 1155 1024 1183 evulsioue

216 1208 243 1230 et
260 1202 414 1237 perditione
433 1210 565 1237 perpetua
585 1212 590 1230 :
610 1209 637 1230 ut
653 1211 827 1238 nequaquam
843 1204 884 1230 eis
896 1203 966 1230 ullus
984 1203 1023 1230 lo-

219 1257 268 1277 cus
277 1250 450 1285 pteuitentite
463 1251 647 1285 relinquatur.
661 1250 724 1277 llam
735 1250 859 1285 quotidie
872 1251 1021 1283 cernimus,

220 1302 247 1324 et
261 1297 343 1324 rebus
358 1297 516 1332 probamus,
534 1296 605 1331 quod
632 1296 693 1323 ideo
714 1296 836 1323 ltzeretici
862 1296 924 1323 ﬁdei
939 1296 1024 1324 simu-

222 1344 280 1372 lent
301 1345 457 1377 veritatem,
476 1351 503 1371 ut
520 1344 661 1380 simplices
682 1351 806 1379 quosque
827 1344 973 1379 decipiant,
997 1350 1024 1373 et

222 1400 274 1419 non
295 1392 344 1427 ipsi
364 1396 561 1419 convertantur
577 1392 608 1419 ad
626 1391 717 1424 ﬁdem,
735 1392 782 1419 sed
798 1392 895 1419 fideles
912 1392 1024 1419 trahant

223 1439 256 1466 ad
279 1438 483 1466 inlidelitalem.

257 1485 335 1521 (Cap.
350 1485 419 1513 XIII.
432 1502 467 1507 —
488 1486 566 1514 Vers.
586 1487 596 1513 l
615 1486 709 1522 seqq.)
734 1486 796 1513 Ηαιο
815 1486 877 1513 dicit
896 1486 1023 1514 Dominus

222 1532 256 1557 ad
273 1541 334 1558 me:
357 1531 428 1559 Vade
442 1538 465 1559 et
489 1532 593 1567 pomide
619 1533 664 1559 tibi
692 1534 808 1560 lumbare
835 1533 904 1569 (sive
927 1534 1025 1561 cincto-

222 1578 302 1611 rium)
317 1577 425 1610 lineam,
441 1584 464 1605 et
485 1588 563 1614 pones
579 1579 646 1605 illud
666 1588 743 1614 super
760 1580 859 1607 lumbos
874 1586 943 1613 tuos,
958 1585 982 1607 et
997 1581 1025 1607 in

223 1633 318 1658 aquam
333 1633 382 1650 non
394 1626 490 1660 inferos
503 1625 571 1652 illud
585 1626 654 1661 (sive
668 1634 712 1662 per
728 1635 822 1661 aquam
838 1635 890 1653 non
905 1627 1025 1654 transibit

1076 1017 1157 1044 modo
1170 1025 1229 1052 qua:
1245 1018 1270 1044 in
1286 1017 1407 1044 Ecclesia
1423 1017 1483 1051 ejus
1494 1016 1625 1043 videntur
1638 1015 1757 1045 obscena,
1771 1012 1836 1046 majo-

1076 1065 1097 1090 ri
1122 1064 1262 1098 diligentia
1277 1064 1377 1098 operit,
1396 1068 1477 1098 atque
1492 1062 1660 1093 circumdat,
1680 1068 1711 1088 ne
1723 1059 1836 1095 gentilium

1075 1115 1102 1138 et
1113 1110 1304 1138 hzereticorum
1317 1110 1452 1137 morsibus
1469 1114 1589 1144 pateant.
1612 1107 1687 1142 Quod
1707 1106 1809 1134 lumbare
1819 1105 1835 1131 si

1075 1166 1171 1192 aquam
1191 1159 1308 1193 tetigerit
1323 1179 1330 1190 ,
1346 1162 1375 1184 et
1395 1157 1541 1191 Euphratis
1554 1156 1655 1184 ﬂuenta
1670 1154 1798 1184 transierit,
1811 1152 1836 1179 ita

1076 1210 1104 1231 ut
1120 1205 1237 1241 Assyrias
1249 1205 1368 1239 regionis
1383 1204 1543 1232 humoribus
1556 1204 1703 1234 imbuatur,
1719 1201 1790 1235 perdit
1799 1199 1837 1234 pri-

1075 1251 1174 1278 stinam
1197 1251 1394 1282 I'ortittnlinem,
1411 1255 1439 1277 et
1453 1250 1660 1284 computrescit,
1679 1253 1752 1282 atque
1762 1245 1836 1273 dissol-

1077 1298 1157 1324 vitur.
1176 1298 1208 1324 lit
1221 1297 1344 1332 quamvis
1356 1298 1381 1323 in
1397 1304 1476 1324 usum
1493 1297 1537 1323 Dei
1553 1296 1666 1328 redeat,
1677 1300 1757 1322 tanton
1770 1292 1837 1327 pristi-

1076 1354 1137 1373 nam
1152 1346 1383 1381 pulchritudinem
1401 1345 1501 1372 habere
1519 1351 1571 1371 non
1589 1347 1689 1379 potest,
1705 1339 1837 1369 nonduritil

1079 1393 1137 1426 Dei,
1149 1392 1195 1420 sed
1207 1400 1256 1419 suo
1269 1393 1338 1419 vitio
1352 1401 1357 1418 :
1374 1392 1435 1426 quia
1451 1392 1546 1418 nolunt
1559 1390 1656 1417 audite
1673 1388 1746 1416 verba
1758 1387 1837 1421 ejus,et

1076 1440 1216 1467 ambulant
1232 1440 1258 1467 in
1272 1440 1403 1475 pravitate
1416 1439 1508 1466 cordis
1521 1438 1573 1470 sui,
1589 1438 1649 1464 sive
1661 1435 1727 1471 quod
1742 1434 1783 1461 sibi
1795 1439 1837 1460 tm-

1076 1493 1131 1514 tttm
1146 1487 1262 1519 videtur,
1280 1487 1330 1514 hoc
1344 1486 1456 1513 lat-inm.
1474 1485 1526 1512 Sed
1540 1490 1565 1512 et
1583 1485 1644 1520 ipse
1657 1491 1741 1511 sermo
1754 1481 1836 1507 divinus

1076 1542 1124 1561 cur
1140 1533 1208 1560 hanc
1232 1533 1356 1568 posuerit
1377 1532 1596 1562 similitudinem,
1623 1530 1728 1564 exponit
1747 1528 1835 1554 dicens:

1078 1580 1151 1607 Sicut
1166 1580 1233 1606 enim
1255 1579 1369 1606 adhwret
1389 1578 1506 1605 lumbare
1522 1578 1555 1604 ad
1576 1577 1677 1603 lumbos
1692 1571 1837 1602 ltominituic

1077 1627 1235 1662 agglutinan
1249 1632 1272 1653 et
1296 1626 1427 1653 udhwrrre
1442 1627 1503 1652 milii
1524 1626 1572 1660 {cci
1595 1632 1695 1651 omnem
1710 1623 1796 1649 domum
1810 1618 1839 1645 lt-

224 1672 279 1707 [ΔΙ.
297 1672 461 1708 trmtsiliet]).
492 1672 524 1699 Et
552 1674 655 1709 possedi
680 1674 794 1700 lumbare
814 1675 894 1709 juxta
917 1669 1061 1701 uerbumC
1076 1675 1141 1706 racl,
1168 1678 1193 1700 at
1217 1681 1317 1699 omnem
1340 1673 1443 1699 domum
1468 1672 1549 1704 Iuda,
1580 1672 1676 1699 decem
1699 1668 1802 1697 videlicet
1818 1671 1838 1692 et

226 1719 341 1751 Domini,
357 1724 379 1746 et
394 1720 469 1756 posui
482 1721 551 1746 circa
566 1720 665 1747 lumbos
679 1728 758 1747 meos.
777 1719 810 1747 EI
822 1721 906 1754 factus
921 1726 959 1747 ett
971 1729 1021 1747 ser-

224 1774 265 1792 mo
283 1766 387 1793 Domini
416 1767 450 1793 nd
475 1776 513 1794 me
534 1768 659 1799 secundo,
682 1767 791 1794 dicina:
813 1767 888 1795 Tolle
910 1767 1026 1795 lumbare

223 1812 296 1848 (sive
308 1813 472 1848 cinctoriam)
488 1814 557 1848 quod
564 1814 712 1849 possedisti,
731 1815 799 1849 quod
819 1819 855 1841 ert
875 1815 944 1841 circa
959 1815 1026 1841 lunt-

224 1860 268 1886 bas
283 1866 350 1892 luas,
366 1866 388 1887 ct
405 1869 511 1895 surgens
525 1861 589 1888 unde
607 1861 641 1886 ad
660 1861 830 1895 Euphratem,
859 1866 881 1887 rt
896 1862 1026 1888 absconde

223 1907 269 1934 tibi
283 1906 348 1933 illud
360 1907 385 1933 in
403 1908 529 1942 foramine
548 1912 637 1943 pelrte.
658 1907 689 1934 Et
704 1908 768 1939 abii,
784 1912 806 1934 et
822 1907 944 1934 abscondi
958 1908 1025 1935 illud

223 1954 251 1980 in
266 1952 408 1989 Euphrate,
421 1955 486 1981 sicut
502 1959 658 1989 proruperat
677 1954 742 1981 mihi
767 1953 904 1981 Dominus.
920 1954 953 1982 Et
967 1955 1024 1989 fac-

225 2005 278 2025 tum
294 2004 331 2026 est
353 2005 409 2033 post
424 2000 479 2027 dies
502 2000 638 2036 plurimos,
663 2001 724 2027 dicit
751 1999 878 2027 Dominus
903 2002 936 2027 ad
965 2009 1024 2028 me:

225 2045 309 2080 Surge
321 2050 344 2072 et
357 2046 421 2072 rude
445 2046 479 2073 ad
501 2045 660 2082 Euphratem
673 2068 679 2077 ,
703 2051 725 2072 et
745 2046 807 2073 tolle
832 2047 894 2073 inde
910 2046 1025 2073 lumbare

225 2093 294 2125 (sive
311 2093 476 2123 cinctorium)
497 2093 566 2128 quod
577 2093 687 2129 prmcepi
703 2093 759 2125 tibi,
773 2098 799 2120 ut
811 2093 980 2120 abscondere:
993 2094 1027 2120 il-

225 2138 271 2164 lud
283 2139 328 2165 ibi.
345 2139 376 2165 Et
397 2140 452 2165 abii
463 2139 497 2165 ad
514 2139 683 2175 Euphratem,
699 2145 721 2166 et
737 2140 801 2175 fodi,
814 2145 836 2166 et
852 2140 900 2167 tuli
911 2141 1025 2168 lumbare

225 2187 327 2214 deloco
345 2188 388 2215 ubi
407 2188 593 2214 absconderant
616 2188 694 2221 illud,
718 2193 740 2215 et
765 2197 822 2215 ecce
833 2193 1026 2223 computruerat

226 2233 342 2260 lumbare
357 2234 429 2269 (sive
443 2234 606 2269 cinctorium)
622 2235 658 2261 ita
675 2240 701 2261 ut
712 2236 785 2262 nullo
798 2236 856 2262 usui
877 2242 968 2269 apium
984 2244 1025 2264 es-

225 2286 272 2307 set.
290 2280 322 2307 Et
347 2284 443 2317 factum
460 2288 495 2309 est
524 2282 627 2309 verbum
654 2282 807 2309 Dominin
840 2292 889 2313 me.
912 2284 1026 2312 dicem:

229 2326 291 2354 Ha'c
316 2327 378 2354 dirit
406 2329 531 2355 Dominus
550 2338 558 2355 :
579 2328 625 2356 Sic
650 2334 794 2364 putrescere
820 2330 915 2362 faciam
935 2339 1025 2365 super~

222 2374 291 2400 bium
313 2374 383 2409 (sive
396 2375 534 2410 iujurium)
558 2375 640 2407 .Iuda,
659 2382 682 2403 et
703 2376 852 2411 superbiam
878 2377 1026 2405 Jerusalem

226 2421 345 2455 multaut,
369 2427 393 2449 et
417 2423 540 2458 populth
556 2424 632 2450 islurtt
646 2425 795 2460 pessimum,
812 2425 856 2459 qui
874 2425 965 2452 nolunt
979 2434 1025 2453 att-

225 2468 280 2495 dire
294 2469 367 2495 verba
384 2478 449 2500 mea,
466 2474 489 2496 et
500 2470 632 2497 ambulant
648 2472 673 2498 in
685 2472 810 2505 pravitate
825 2473 893 2506 (sive
904 2474 930 2499 in
945 2473 1027 2499 direc-

224 2516 303 2548 tione)
316 2516 400 2544 εον-(ἰῆς
411 2517 453 2543 sui
468 2522 479 2534 ιι
495 2518 600 2553 pessimi
613 2526 621 2545 :
635 2518 804 2553 abierautque
817 2524 875 2554 post
891 2522 951 2546 deos
962 2520 1025 2546 alie-

225 2571 283 2594 nos,
297 2569 322 2590 ut
338 2565 463 2591 servirent
482 2565 528 2597 eis,
542 2570 564 2592 et
581 2567 720 2593 adorarent
739 2574 780 2593 eos
796 2575 804 2593 :
818 2572 842 2593 et
861 2572 935 2594 erant
960 2567 1025 2594 sicut

226 2610 342 2636 lumbare
356 2611 435 2642 istud,
454 2611 524 2647 quod
545 2611 618 2638 nttllo
630 2613 687 2639 usui
707 2618 795 2648 aptum
808 2618 854 2640 est.
870 2613 1025 2640 Sicutenint

224 2656 338 2684 adltterel
360 2657 476 2685 lumbare
489 2659 522 2685 ad
535 2659 634 2686 lumbos
650 2660 697 2687 uiri
710 2668 719 2687 ς
740 2660 776 2687 sic
787 2660 948 2696 agglutinavi
961 2660 1026 2687 nti/ti

224 2711 324 2730 minuent
343 2704 447 2731 domum
462 2704 559 2736 Israel,
582 2711 605 2732 t't
626 2714 725 2733 ouutum
742 2707 845 2733 domum
859 2706 942 2739 Iuda,
961 2707 1025 2733 dicit

227 2749 364 2781 Dominus,
379 2756 406 2777 ut
418 2756 482 2778 esset
496 2752 559 2778 mihi
571 2753 597 2778 in
610 2753 747 2788 populum,
759 2760 781 2779 et
796 2753 878 2789 931
891 2754 916 2780 in
933 2761 1025 2780 nomen

224 2802 247 2825 t't
264 2799 289 2824 iu
306 2797 421 2831 laudem,
435 2804 458 2826 et
472 2800 496 2826 in
510 2800 631 2835 gloriam,
645 2804 667 2826 et
682 2808 733 2827 non
749 2801 898 2827 audierunt.
915 2801 1026 2828 Cinctu-

224 2844 306 2878 ritttn,
320 2846 378 2873 sive
395 2846 528 2879 lumbare,
545 2847 618 2882 quod
635 2847 682 2875 Dei
696 2847 807 2875 renibus
825 2848 958 2883 jungitur,
977 2856 1025 2883 po-

262 2936 424 2974 lﬂAdditum
442 2938 555 2970 pessimi.
570 2945 660 2974 neque
677 2938 702 2966 in
720 2938 834 2966 Hebrum
853 2943 909 2969 est,
934 2945 1022 2974 neque

218 2974 253 3015 in
271 2972 482 3015 Hieronymiaua
503 2973 640 3002 versione.

1077 1721 1144 1747 duas
1158 1720 1253 1753 tribus,
1270 1725 1299 1746 ut
1314 1725 1408 1747 essent
1424 1719 1489 1746 mihi
1507 1720 1532 1745 in
1549 1718 1679 1753 populum
1703 1715 1838 1743 nominatum

1077 1772 1101 1794 et
1119 1767 1143 1793 in
1157 1767 1263 1794 laudent
1277 1771 1305 1793 et
1321 1766 1345 1793 in
1362 1766 1496 1801 gloriam;
1514 1770 1541 1792 et
1558 1773 1610 1799 pro
1625 1765 1666 1791 liis
1679 1762 1789 1789 omnibus
1800 1766 1839 1785 n0“

1077 1813 1219 1840 audierunt
1236 1821 1290 1847 me,
1305 1813 1351 1840 sed
1366 1820 1413 1840 sua
1434 1813 1497 1839 vitia
1519 1816 1581 1838 sunt
1599 1811 1693 1838 secuti.
1709 1809 1795 1837 Caveat
1806 1813 1839 1832 er-

1076 1868 1110 1895 go
1129 1861 1173 1895 qui
1191 1865 1277 1895 potest
1294 1860 1385 1887 dicere
1404 1870 1408 1885 :
1429 1859 1493 1886 Milli
1508 1865 1594 1885 natent
1610 1859 1736 1885 adluerrrc
1755 1855 1798 1882 Deo
1807 1855 1840 1880 bo-

1077 1916 1138 1934 num
1154 1913 1189 1934 est
1206 1907 1291 1942 (Psul.
1306 1898 1393 1940 Lxxtt,
1409 1907 1467 1941 28),
1484 1915 1517 1934 ne
1534 1906 1605 1934 forte
1621 1914 1668 1940 per
1681 1901 1839 1940 negligentiam

1077 1955 1111 1981 ab
1128 1954 1200 1981 illius
1216 1954 1325 1981 renibus
1337 1958 1490 1988 separetur,
1512 1958 1537 1980 et
1552 1958 1677 1980 transeat
1697 1950 1839 1983 Euphratem,

1076 2006 1104 2028 et
1117 2001 1197 2028 detur
1212 2000 1236 2027 in
1260 2006 1419 2035 potestatem
1436 2000 1507 2035 regis
1527 2000 1645 2035 Assyrii.
1660 2004 1687 2026 et
1706 2000 1840 2031 nequaquam

1077 2048 1103 2075 iu
1119 2047 1281 2075 solidissima
1298 2053 1384 2082 petra,
1396 2048 1443 2075 sed
1456 2048 1482 2074 in
1499 2047 1632 2074 foramine
1643 2047 1840 2080 pezrrecorrnptl.

1076 2100 1157 2130 atque
1172 2094 1282 2129 vitiatae,
1301 2094 1351 2121 ltoc
1366 2100 1417 2127 e-t,
1431 2095 1624 2122 hereticorum
1642 2094 1760 2121 sordith
1773 2095 1794 2118 et
1808 2088 1841 2115 Vi-

1078 2142 1294 2176 tiisoccupotur,
1313 2147 1338 2169 et
1357 2142 1382 2168 in
1406 2146 1507 2169 laniant
1532 2142 1624 2169 veniat
1645 2140 1841 2176 putredinemmt

1078 2188 1105 2215 in
1127 2196 1203 2215 usum
1227 2194 1255 2216 et
1270 2189 1295 2215 in
1320 2188 1481 2216 cinctorium
1498 2187 1608 2215 Domini
1622 2188 1692 2215 ultra
1707 2186 1784 2214 redire
1801 2187 1840 2209 non

1079 2236 1172 2271 possit.

1114 2282 1205 2318 (Vers.
1221 2282 1254 2310 l2
1266 2287 1356 2317 seqq.)
1378 2281 1451 2309 Dices
1464 2290 1524 2318 ergo
1537 2282 1571 2308 ad
1588 2290 1631 2309 eos
1654 2281 1720 2317 (sive
1738 2280 1767 2306 ad
1779 2284 1840 2314 ρονιε

1079 2330 1144 2366 lam)
1164 2338 1306 2357 sermonem
1321 2330 1409 2356 istum.
1429 2329 1492 2356 Ηιινσ
1512 2330 1574 2356 dicit
1597 2329 1724 2356 Dominus
1744 2327 1799 2354 Deus
1814 2323 1842 2350 Ιιι

1040 2370 1064 2400 D
1078 2377 1153 2405 rael:
1178 2378 1267 2403 Omnis
1290 2377 1430 2413 loguurulu
1451 2376 1522 2413 (sive
1550 2377 1618 2412 uIer)
1638 2376 1777 2410 implebitur
1801 2371 1840 2407 μι.

1077 2423 1392 2460 impleattlr]vin0932.
1409 2423 1441 2450 Et
1454 2423 1540 2450 dirent
1551 2425 1586 2451 ad
1601 2429 1625 2450 ι(⁷
1636 2432 1644 2451 :
1654 2421 1777 2456 Numquid
1789 2420 1842 2455 igtur

1077 2480 1163 2498 ramus
1177 2471 1246 2507 quod
1269 2471 1351 2497 omnis
1382 2470 1525 2507 luguncula
1549 2472 1618 2506 (sive
1645 2474 1709 2503 uteri
1733 2468 1842 2504 impleti!"r

1078 2519 1166 2555 (Vulg.
1185 2518 1341 2555 implrbitur]
1367 2519 1446 2545 nino?
1460 2517 1492 2545 Et
1508 2518 1575 2544 diras
1597 2518 1632 2545 ad
1646 2527 1687 2545 eos
1703 2526 1711 2544 :
1728 2516 1782 2543 lla‘c
1799 2513 1843 2539 tlit'il

1079 2565 1224 2592 Dominus:
1241 2565 1306 2591 (Crte
1318 2573 1363 2600 ego
1378 2564 1489 2594 implebo
1504 2571 1590 2592 ontnes
1618 2564 1769 2591 habitatores
1789 2564 1842 2585 tem!

1076 2612 1164 2648 hujus,
1178 2618 1200 2639 et
1215 2620 1286 2647 reges
1302 2612 1346 2647 qui
1363 2612 1449 2638 sedent
1464 2612 1495 2638 de
1508 2612 1589 2646 stirpe
1600 2612 1673 2647 (sive
1688 2611 1763 2645 ﬁlios)
1779 2604 1842 2633 ΠΜ*Ῑά

1076 2667 1153 2694 super
1167 2658 1290 2685 Iltronum
1304 2661 1359 2695 ejus
1371 2679 1378 2690 ,
1394 2664 1418 2684 et
1435 2660 1579 2686 sacerdotes
1593 2665 1616 2684 et
1629 2658 1760 2694 proli/irtus
1774 2660 1841 2682 etottl‘

1078 2714 1121 2733 ues
1132 2705 1287 2732 habitatores
1302 2704 1448 2732 Jerusalem
1464 2705 1584 2732 ebrietate
1597 2714 1606 2732 .'
1622 2711 1644 2732 et
1660 2706 1792 2740 di.~pergam
1803 2707 1840 2729 tot.

1077 2753 1183 2778 rit-ama
1196 2753 1274 2786 fratre
1287 2760 1333 2778 suo
1346 2772 1352 2784 ,
1370 2756 1393 2778 et
1406 2756 1491 2786 patres
1510 2758 1533 2778 et
1550 2751 1619 2787 ﬁlios
1638 2752 1738 2788 puriter,
1758 2749 1787 2775 uit
1803 2745 1841 2772 Do-

1077 2801 1160 2827 minus
1173 2808 1182 2827 :
1196 2799 1255 2827 Non
1268 2808 1372 2836 parcum
1385 2800 1452 2835 (sive
1469 2808 1518 2826 non
1530 2800 1692 2834 desiderabo)
1705 2803 1727 2825 et
1742 2805 1784 2823 non
1797 2801 1842 2820 cau-

1076 2847 1176 2878 cedaut,
1192 2855 1271 2881 neque
1286 2846 1434 2879 miserebor,
1453 2851 1479 2874 ut
1495 2855 1544 2874 non
1559 2846 1706 2881 disperdat"
1730 2852 1776 2872 eos.
1791 2840 1840 2868 Ver-

1112 2937 1305 2974 bVSuspicatur
1321 2936 1423 2974 Victor.
1439 2937 1582 2973 legendum
1594 2938 1660 2973 lino,
1676 2935 1779 2974 quodtle
1790 2933 1842 2962 lim

1076 2973 1191 3004 lumbari
1208 2980 1297 3001 sermo
1312 2972 1355 3000 slt.

569 3132 1913 3684 -
