4084 6324
245 313 349 370 76ἶὶ

750 310 1403 370 COMMENTARIORUM
1442 311 1505 370 IN
1546 310 1848 378 δειιειιιιι

1959 312 2372 373 [ἪΟΡΗΕΤΑΜ
2402 317 2531 374 LIB.
2576 317 2660 374 Ill.
2701 317 2855 374 CAP.
2900 315 3041 375 XIII.

3443 315 3554 374 κθ

247 432 370 494 bum
428 429 753 496 llebraieum
795 446 967 494 nenec
1013 411 1195 501 (‘33:);
1247 426 1461 496 Aquilae
1503 427 1678 497 prima
1731 427 1848 484 cdi-
1889 431 1938 490 A
1967 431 2357 499 Corrumpitur,
2387 441 2442 488 et
2467 433 2566 490 Dei
2601 433 2976 490 misericordia
3012 431 3263 502 indignus
3294 442 3408 501 est,
3439 434 3560 490 eia-

245 527 341 594 tio,
373 523 708 598 lagunculam
733 540 751 589 ,°
775 521 1014 584 secunda
1050 521 1223 590 ipsum
1254 517 1432 586 nrbel;
1456 517 1846 588 Symmachus,

250 630 532 686 craterem;
563 617 730 686 LXX,
757 628 959 682 utrem;
983 614 1312 680 Theodotio,
1345 630 1455 680 vos,
1490 613 1835 683 interpretati

243 723 367 774 sunt
402 731 417 772 :
449 712 592 783 quod
621 726 782 768 omne
813 723 924 764 non
965 708 1111 774 oleo,
1145 724 1252 762 non
1285 721 1421 776 aqua
1442 751 1456 774 ,
1491 721 1602 762 non
1660 705 1844 770 melle,

246 823 353 872 non
387 806 556 872 lacte,
605 819 714 867 non
745 804 850 860 alia
901 802 1146 874 qualibet
1176 801 1403 856 materia
1445 798 1700 870 liquentis
1744 799 1856 853 ele-

249 903 436 968 menti,
462 900 560 960 sed
594 900 741 964 vino,
765 909 820 954 et
851 898 1111 956 ebrietate
1137 895 1445 966 completur
1471 913 1482 948 :
1535 892 1848 956 ostendens,

244 1009 344 1054 nos
372 1008 468 1050 vas
501 1008 624 1049 esse
655 991 848 1064 fragile
871 991 1021 1060 juxta
1045 989 1366 1061 Apostolom
1396 988 1664 1046 dicentem
1693 1004 1704 1040 :
1736 984 1850 1040 lla-

243 1090 417 1146 bemus
450 1085 754 1142 thesaurum
786 1085 941 1140 istum
975 1083 1032 1137 in
1063 1083 1198 1138 vasis
1229 1079 1478 1150 ﬁctilibus
1511 1079 1576 1151 (ll
1619 1075 1740 1134 Cor.
1773 1093 1846 1146 tv,

245 1181 335 1252 7);
372 1194 475 1236 nec
503 1194 665 1251 posse
695 1178 837 1245 ﬁeri,
869 1187 928 1240 ut
963 1191 1069 1231 non
1114 1173 1245 1230 illud
1291 1174 1579 1244 impleatur
1610 1173 1660 1226 in
1696 1171 1852 1226 nobis

242 1275 386 1348 quod
415 1276 678 1345 scriptum
724 1284 808 1330 est
848 1290 862 1334 ς
913 1271 1033 1332 Non
1073 1273 1210 1328 enim
1238 1269 1437 1324 habitat
1467 1269 1518 1322 in
1557 1283 1712 1321 carne.
1740 1282 1852 1319 mea

241 1369 454 1426 bonum.
492 1369 557 1426 Et
589 1369 786 1424 iterum
817 1385 830 1420 :
868 1365 992 1420 Non
1021 1366 1159 1420 enim
1183 1362 1323 1434 quod
1359 1362 1472 1415 uolo
1505 1361 1728 1426 bonum,
1753 1357 1852 1412 hoc

241 1463 382 1533 [acia
415 1460 554 1522 ἕδεα
589 1459 729 1534 quod
773 1457 894 1514 nolo
927 1458 1148 1522 malum,
1192 1460 1290 1512 lroc
1328 1469 1510 1525 aperor
1543 1451 1722 1524 (Rom.
1755 1466 1848 1515 vtt,

245 1554 357 1622 18).
398 1557 477 1618 Ac
509 1553 717 1612 deinde
752 1571 764 1606 :
801 1551 965 1606 Miser
1003 1567 1098 1625 ego
1137 1549 1316 1614 homo,
1354 1549 1470 1620 quis
1510 1563 1590 1602 me
1616 1545 1850 1602 liberabit

243 1651 304 1706 de
331 1664 545 1720 corpore
573 1647 753 1702 mortis
771 1643 1244 1718 hujns(lbid.,19)
1268 1642 1290 1696 ?
1325 1642 1431 1700 llac
1457 1650 1642 1696 autetn
1668 1640 1850 1696 ebrie-

244 1750 376 1806 tate,
408 1754 513 1811 qua
560 1738 947 1798 obliviscimur
991 1744 1391 1807 praecepturum
1450 1735 1563 1799 Dei,
1610 1742 1664 1788 et
1704 1733 1848 1787 vitiis

241 1843 404 1906 atque
462 1831 698 1902 peccatis
749 1831 932 1894 omnis
983 1829 1243 1900 impletur
1291 1827 1524 1884 humana
1577 1826 1841 1893 conditio,

241 1926 462 1986 dicente
511 1924 792 1994 Propheta
840 1941 852 1976 :
912 1920 1035 1976 Non
1074 1921 1455 1993 justiﬁcabitur
1494 1921 1546 1974 in
1573 1929 1851 1990 conspectu

242 2031 331 2074 tuo
379 2018 551 2081 omnis
602 2019 768 2072 vivens
819 2014 997 2092 (Psal.
1052 2029 1228 2080 cxtu.
1273 2012 1355 2080 2),
1403 2029 1509 2070 non
1572 2011 1637 2067 ad
1695 2025 1852 2066 cant-

244 2111 592 2184 parationem
628 2110 721 2168 Dei
755 2109 838 2181 (ut
865 2120 1082 2170 veteres
1103 2120 1156 2164 et
1201 2106 1331 2164 novi
1362 2106 1608 2164 hasretici
1640 2105 1847 2172 volunt,

242 2205 530 2278 etpatroni
547 2203 1096 2274 hmreticornm),sed
1112 2203 1176 2258 ad
1201 2201 1488 2260 scientiam
1513 2201 1655 2272 ejus:
1683 2199 1852 2256 Homo

245 2299 381 2350 enim
415 2297 552 2354 videt
577 2298 629 2350 in
659 2298 813 2368 facie,
844 2295 984 2351 Deus
1011 2297 1064 2350 in
1093 2295 1245 2354 corde
1277 2294 1320 2365 (Ι
1349 2292 1482 2366 Reg.
1526 2310 1616 2350 th
1638 2337 1652 2362 ,
1677 2293 1769 2362 7);
1798 2299 1856 2348 et

242 2387 386 2460 quod
433 2387 592 2445 nobis
624 2388 902 2444 interdum
935 2389 1198 2446 mundum
1229 2388 1468 2452 videtur,
1504 2387 1651 2444 illius
1679 2385 1853 2440 oculis

245 2481 524 2536 Sordidum
570 2481 1056 2553 deprehenditur:
1092 2497 1199 2538 non
1247 2483 1423 2538 solum
1458 2481 1652 2550 vulgus
1695 2481 1851 2551 igno-

251 2580 362 2634 bile
394 2580 624 2652 vilisque
671 2580 986 2650 plebecula,
1027 2579 1123 2636 sed
1175 2594 1332 2649 reges
1365 2578 1732 2634 Ecclesiarum
1783 2577 1854 2634 de

251 2671 448 2742 stirpe,
474 2673 591 2726 sive
615 2670 710 2726 lilii
740 2671 930 2740 David,
953 2672 1045 2743 qui
1073 2671 1269 2727 sedent
1295 2672 1538 2741 resupini
1565 2679 1854 2740 erectaque

250 2763 494 2830 cervice,
519 2772 572 2817 et
600 2772 856 2834 protento
880 2764 1191 2834 aqualiculo
1217 2778 1382 2834 super
1426 2767 1680 2820 thronum
1711 2763 1849 2832 ejus.

250 2853 581 2912 Sacerdotes
613 2871 830 2926 quoque
876 2856 1003 2925 ipsi,
1055 2856 1332 2912 secundus
1383 2856 1436 2911 in
1477 2855 1854 2912 ecclesiastico

231 2944 465 3004 'hunore
495 2951 722 3022 gradus,
772 2964 823 3006 et
859 2954 1164 3024 propheta}.
1211 2954 1302 3022 qui
1349 2955 1598 3008 vitientur
1651 2952 1854 3008 habere

252 3043 535 3098 scientiam
557 3044 957 3116 Sripturarum,
976 3055 1033 3102 et
1053 3061 1245 3102 otnnes
1272 3046 1606 3100 habitatores
1630 3044 1852 3100 Jerusa-

254 3135 383 3202 lem,
418 3153 516 3208 pro
543 3138 807 3194 varietate
835 3149 1188 3210 peccatorum
1213 3138 1562 3210 complentur
1586 3156 1599 3191 :
1625 3137 1741 3194 sive
1763 3137 1855 3190 Ju-

1957 540 2094 588 vans
2125 540 2183 581 se
2211 526 2476 584 adversus
2499 541 2626 583 eum
2655 543 2752 598 per
2781 527 3117 597 superbiam.

2028 618 2212 692 (Vers.
2257 620 2344 687 {6,
2378 622 2494 691 t7.)
2527 621 2660 678 Dato
2689 619 2917 677 Domino
2953 620 3070 677 Deo
3091 632 3262 678 uestro
3289 620 3400 696 [Μ.
3434 638 3557 677 nos-

1957 709 2058 784 tro]
2102 712 2352 783 gloriam,
2386 721 2662 783 antequam
2701 711 3155 782 contenebrescat,
3197 723 3244 766 et
3277 724 3555 785 antequam

1955 806 2232 877 offendant
2283 808 2435 877 pedes
2482 809 2634 864 vestri
2681 808 2752 860 ad
2805 815 3009 862 montes
3057 807 3374 878 caliginosa
3419 806 3559 876 (sive

1953 895 2291 968 tenebrosos).
2326 897 2707 970 Ezspectabitis
2741 898 2932 966 lucem,
2957 907 3004 952 et
3027 898 3101 954 ibi
3131 897 3314 952 umbra
3345 899 3548 968 mortis,

1954 997 1998 1042 et
2037 997 2290 1059 ponentur
2329 989 2382 1042 in
2421 989 2638 1046 tenebris
2666 999 2690 1026 κ
2729 989 2868 1062 (sive
2917 991 3074 1058 juxta
3112 989 3471 1056 Hebraicum,
3503 999 3553 1046 ct

1957 1093 2109 1150 ponet
2140 1099 2254 1136 eam
2285 1084 2337 1136 in
2369 1084 2602 1138 umbram
2637 1086 2847 1152 manis,
2881 1093 2928 1140 ct
2959 1087 3010 1140 in
3043 1085 3363 1156 caliginem).
3399 1083 3552 1150 Quod

1951 1178 1998 1232 si
2029 1193 2133 1232 non
2163 1177 2433 1236 audieritis
2453 1218 2466 1242 ,
2505 1178 2559 1234 in
2587 1177 2888 1234 abscondito
2917 1178 3143 1250 plorabit
3169 1177 3347 1234 animo
3383 1186 3554 1232 uestra

1953 1266 2136 1342 [Vulg.
2171 1267 2302 1340 mea]
2325 1285 2356 1322 α
2379 1269 2512 1340 {acie
2532 1268 2784 1342 superbia:
2819 1268 2963 1341 (sive
2999 1267 3255 1341 infmia).
3295 1269 3401 1325 Eos
3431 1268 3551 1342 qui-

1953 1363 2054 1422 bus
2090 1363 2303 1418 dixerat
2333 1377 2518 1422 sermo
2556 1363 2775 1418 divinus
2811 1362 3040 1418 :Auditc
3066 1372 3112 1415 et
3134 1365 3347 1416 auribus
3383 1363 3552 1429 perci-

1951 1455 2072 1527 pite,
2104 1465 2149 1508 et
2181 1455 2338 1514 nolite
2363 1456 2575 1519 elerari,
2604 1470 2747 1510 nuuc
2773 1465 3033 1524 provorat
3055 1455 3120 1508 ad
3149 1455 3550 1524 penitentiam,

1953 1557 2011 1602 nt
2064 1549 2381 1616 priusquam
2429 1549 2698 1608 durantur
2749 1548 3119 1620 Babylonem,
3169 1557 3225 1606 et
3269 1547 3555 1604 olfendsnt

1953 1642 2118 1712 pedes
2139 1657 2326 1696 eorum
2357 1641 2423 1698 ad
2453 1653 2669 1698 montes
2689 1642 3049 1714 caligitiosos,
3069 1642 3182 1698 sive
3201 1640 3552 1708 tenebrosus,

1952 1735 2079 1789 dent
2113 1734 2341 1804 gloriam
2383 1734 2512 1789 Deo.
2557 1734 2709 1792 Unde
2739 1746 2796 1790 ot
2835 1733 3218 1803 peccatoribus
3248 1747 3394 1801 sape
3417 1729 3557 1786 diei-

1878 1837 1923 1898 Β
1954 1838 2039 1890 tur
2070 1846 2080 1882 :
2117 1827 2251 1882 Date
2275 1828 2498 1897 gloriam
2532 1825 2645 1882 Deo
2674 1828 2693 1900 (
2721 1826 2865 1884 Psal.
2903 1843 3071 1894 vau,
3106 1825 3178 1882 55
3199 1825 3238 1896 ).
3273 1825 3430 1892 Quod
3460 1841 3556 1882 au—

1957 1933 2066 1980 tem
2113 1923 2377 1994 Babylon,
2421 1933 2478 1978 et
2508 1924 2688 1982 omnis
2722 1922 2871 1993 regio
2901 1920 3308 1990 Chaldaeorum,
3339 1931 3554 1978 montes

1956 2016 2263 2088 caliginosi,
2297 2016 2418 2081 sive
2450 2016 2764 2081 tenebrosi,
2791 2015 3171 2086 appellentur,
3203 2014 3256 2070 iu
3286 2014 3556 2085 principio

1959 2110 2197 2168 Visionis
2225 2107 2380 2166 Isaize
2405 2118 2593 2166 contra
2629 2109 2961 2179 Babylonem
2991 2109 3242 2180 legimus,
3268 2108 3357 2164 ubi
3384 2109 3558 2178 scrip-

1959 2213 2068 2259 tum
2111 2214 2195 2264 est
2241 2223 2252 2258 :
2293 2203 2465 2274 Super
2509 2213 2735 2264 montem
2773 2204 3118 2278 caliginosum
3153 2205 3316 2258 levate
3349 2204 3558 2270 siautem

1957 2298 2093 2368 (Isai
2123 2315 2236 2366 xm,
2260 2298 2340 2371 Ξ),
2365 2298 2511 2369 quod
2540 2299 2810 2362 llebraice
2831 2299 3036 2356 dicitur
3055 2313 3296 2356 κεεεριιι
3321 2298 3551 2370 (natas).

1957 2394 2071 2450 Hoc
2105 2395 2286 2464 itaque
2316 2393 2600 2464 prun-epit,
2627 2401 2685 2450 ut
2717 2402 3012 2461 antequam
3046 2391 3317 2446 ducantur
3343 2391 3396 2446 in
3429 2405 3559 2462 eap-

1959 2489 2251 2550 tivilatem,
2284 2498 2339 2544 et
2381 2488 2664 2550 servitutis
2706 2487 2844 2546 mals
2877 2486 3147 2552 sentiant,
3185 2495 3350 2555 agant
3379 2486 3557 2556 pinni-

1956 2583 2204 2642 tentiam.
2249 2581 2492 2654 Cumque
2531 2589 2860 2650 exspectant
2891 2582 3090 2650 lucem,
3123 2579 3333 2635 seSsuri
3362 2581 3469 2636 sint
3499 2580 3554 2636 in

1959 2676 2220 2736 tenebris.
2249 2675 2343 2730 Siti
2377 2684 2583 2739 autem,
2617 2675 2815 2744 inquit,
2849 2689 2938 2728 me
2963 2673 3156 2727 audire
3191 2672 3482 2732 nolueritis
3507 2673 3562 2726 in

1959 2768 2266 2828 abscondito
2289 2766 2398 2840 [ΑΙ.
2431 2764 2778 2838 abscondite],
2809 2765 2966 2838 juxta
3003 2764 3285 2836 Aquilam,
3325 2765 3378 2818 in
3418 2775 3558 2820 tene-

1960 2864 2084 2932 bris,
2122 2861 2345 2931 plorabit
2376 2862 2552 2916 animo
2581 2869 2749 2916 vestra
2769 2903 2784 2925 ,
2829 2861 2944 2916 sive
2968 2859 3124 2930 juxta
3157 2858 3512 2929 Septuaginta
3536 2901 3552 2926 ,

1959 2974 1988 3009 a
2019 2956 2152 3025 {acie
2177 2955 2464 3024 superbiae;
2497 2964 2554 3008 ut
2591 2970 2658 3008 ne
2689 2956 2925 3024 gemitus
2967 2953 3184 3024 quidem
3217 2963 3272 3008 at
3309 2953 3553 3028 ploratus

1958 3049 2094 3102 liber
2126 3047 2230 3112 sit,
2265 3064 2330 3102 ne
2364 3047 2630 3103 victorum
2671 3045 3016 3102 oliendantur
3055 3046 3220 3102 oculi.
3264 3045 3558 3100 Possumus

1960 3155 2140 3198 autem
2173 3153 2227 3198 et
2251 3141 2328 3197 sic
2352 3143 2529 3197 locum
2563 3143 2724 3198 istum
2762 3141 3110 3210 interpretari
3146 3159 3158 3194 :
3188 3139 3442 3196 Salvator
3475 3142 3553 3193 lo-

253 3230 340 3296 tla,
370 3240 429 3284 ut
451 3229 710 3288 addidere
743 3231 1124 3303 Septuaginta.
1161 3231 1407 3300 Cumque
1445 3232 1583 3286 ebrii
1625 3229 1848 3296 fuerint,
1880 3229 1926 3290 C
1959 3239 2141 3307 quitur
2172 3254 2182 3288 :
2219 3234 2521 3308 Qperamini
2560 3236 2686 3290 dum
2711 3237 2821 3290 dies
2851 3245 2923 3288 est
2955 3254 2967 3289 :
3012 3237 3174 3289 ueniet
3219 3249 3326 3288 nam
3350 3234 3558 3303 quando

254 3324 643 3396 di~perguntur
673 3341 700 3378 a
733 3326 1001 3381 societate
1031 3327 1141 3391 sui,
1170 3337 1461 3394 patresque
1491 3340 1518 3380 a
1553 3324 1681 3379 liliis
1712 3333 1764 3378 et
1795 3323 1854 3378 li-

255 3419 313 3474 lii
335 3435 367 3474 a
400 3419 650 3491 patribus
677 3429 1022 3493 separantur,
1052 3432 1108 3476 ut
1135 3421 1370 3476 diversis
1409 3421 1722 3491 polluantur
1747 3419 1854 3473 lue-

256 3513 492 3580 t'esibus,
517 3514 696 3572 etsth
719 3515 920 3569 Christi
949 3514 1172 3572 nomine
1207 3515 1349 3570 inter
1373 3531 1431 3568 se
1459 3513 1853 3583 digladientur,

255 3616 309 3662 et
339 3606 602 3662 dimicent
631 3617 825 3662 contra
863 3618 1089 3662 matrem
1136 3623 1316 3674 suam,
1366 3623 1485 3678 quas
1517 3623 1615 3662 eos
1645 3605 1850 3674 genuit,

259 3699 583 3756 Ecclesium.
617 3699 769 3754 Unde
791 3699 924 3764 dicit
947 3718 958 3752 :
994 3699 1115 3753 Non
1139 3699 1446 3754 desiderabo
1469 3718 1551 3754 eos
1576 3717 1594 3764 ;
1621 3699 1714 3754 sed
1733 3699 1857 3756 uilio

259 3792 289 3847 li
311 3793 470 3850 ibelio
492 3793 824 3862 sempiterno
851 3812 863 3844 :
915 3808 1014 3845 non
1046 3809 1281 3863 parcam,
1307 3800 1355 3844 et
1403 3810 1505 3848 non
1549 3791 1854 3856 concedam,

258 3902 419 3953 neque
448 3884 759 3940 miserebor:
789 3901 899 3938 non
930 3885 1254 3940 crudelitate
1296 3885 1606 3949 sentcntiae,
1638 3883 1731 3939 sed
1769 3899 1859 3940 ve-

259 3981 426 4035 ritate
453 3979 662 4054 judicii.
698 3979 798 4048 Qui
841 3980 986 4032 enim
1021 3995 1174 4032 meas
1210 3979 1438 4047 populos
1493 3979 1856 4044 trucidarunt,

261 4073 360 4142 ipsi
396 4074 449 4134 in
476 4079 741 4127 aeternum
775 4071 1048 4143 peribunt.
1080 4071 1265 4124 Potest
1299 4071 1398 4126 hoc
1428 4081 1476 4126 et
1501 4072 1652 4140 juxta
1689 4070 1861 4126 histo-

259 4165 396 4218 riam
425 4163 588 4238 933
621 4163 944 4234 simpliciter
984 4163 1180 4234 accipi,
1210 4163 1353 4234 quod
1389 4177 1568 4234 rcges,
1604 4164 1862 4218 sacerdo-

262 4269 362 4325 tes,
395 4269 448 4311 et
485 4257 786 4334 prophetat,
820 4269 873 4312 et
916 4259 1094 4320 omnis
1138 4258 1373 4328 populus
1402 4257 1709 4316 Jerusalem
1743 4257 1861 4316 inc-

264 4353 526 4418 briandus
551 4354 620 4410 sit
645 4353 814 4411 calice
839 4353 1161 4425 Babylonio,
1194 4366 1248 4412 et
1275 4353 1608 4423 captivitatis
1625 4353 1863 4412 obruen-

263 4447 364 4503 dos
393 4447 568 4506 malis.

337 4543 521 4616 (Vers.
560 4541 672 4614 15.)
705 4541 892 4598 Audite
917 4551 964 4596 et
992 4540 1205 4596 auribus
1231 4541 1476 4614 percipite
1505 4558 1522 4596 :
1557 4540 1734 4596 Nolite
1764 4539 1867 4596 elc-

1960 3331 2135 3388 nnllus
2174 3330 2313 3390 ultra
2343 3338 2508 3400 potest
2552 3330 2755 3398 operari
2803 3327 2984 3399 (Joan.
3029 3343 3117 3392 vt,
3165 3327 3285 3398 97).
3323 3327 3400 3382 De
3455 3327 3558 3382 hoc

1961 3432 2208 3496 tempore
2236 3433 2290 3478 et
2319 3421 2471 3478 [saltu
2501 3424 2821 3480 vaticinium
2847 3431 2972 3478 est:
3009 3420 3195 3476 Stella!
3213 3420 3349 3476 enim
3371 3421 3483 3476 σεειί
3509 3429 3561 3475 ct

1964 3518 2147 3580 Orion,
2194 3527 2241 3572 et
2283 3519 2451 3572 omnis
2488 3527 2702 3578 ornatus
2749 3515 2862 3572 caeli
2907 3517 3072 3574 lucem
3107 3532 3212 3570 non
3247 3514 3461 3578 dabunt,
3508 3523 3558 3570 et

1961 3612 2362 3668 tenebrabuntur
2393 3620 2506 3664 crto
2536 3612 2666 3679 sole,
2693 3620 2740 3663 ct
2757 3607 2926 3681 οδε
2945 3608 3070 3662 luna
3098 3624 3200 3661 non
3227 3606 3369 3660 dabit
3395 3607 3562 3662 lucem

1961 3705 2118 3777 (lsai.
2167 3707 2251 3769 i3,
2293 3704 2409 3773 10).
2449 3704 2760 3772 Sophonias
2802 3717 3016 3771 quoque
3051 3701 3102 3753 in
3149 3700 3340 3754 eadem
3391 3700 3556 3754 verba

1959 3800 2260 3866 consentit,
2300 3799 2488 3856 dictatis
2534 3816 2546 3852 :
2589 3797 2713 3854 Dies
2757 3796 3108 3850 tribulationis
3154 3805 3200 3848 et
3246 3795 3502 3865 angustia:
3547 3808 3569 3850 :

1961 3897 2070 3951 dies
2100 3895 2345 3960 miseriae,
2375 3903 2422 3948 et
2453 3891 2763 3962 perditionis
2793 3907 2810 3946 :
2843 3891 2950 3943 dies
2984 3889 3307 3946 tenebrarum
3329 3899 3374 3942 et
3403 3885 3569 3942 turbi-

1962 3993 2040 4046 nis
2064 4008 2082 4046 :
2111 3990 2220 4048 dies
2245 3989 2395 4048 nubis
2423 3997 2469 4042 et
2500 3985 2741 4057 caliginis
2765 3984 3026 4057 (Sopbou.
3047 3999 3087 4048 ι,
3116 3981 3228 4052 15).
3258 3981 3413 4040 Prius
3433 3996 3566 4056 ergo

1962 4101 2126 4156 quam
2165 4083 2350 4154 judicii
2399 4091 2613 4150 tempus
2654 4079 2939 4144 adveniat,
2981 4089 3036 4134 et
3076 4075 3357 4134 olleudant
3395 4075 3562 4146 pedes

1967 4181 2140 4236 nostri
2189 4177 2253 4232 ad
2302 4186 2518 4232 inputes
2561 4174 2917 4240 tenebrosus,
2961 4171 3306 4236 adversarios
3351 4169 3566 4226 scilicet

1966 4271 2330 4336 fortitudines,
2354 4284 2478 4340 qtue
2507 4268 2798 4334 tormentis
2821 4278 2876 4322 et
2895 4266 3234 4322 cruciatibus
3257 4264 3564 4336 praepositae

1963 4373 2114 4431 sunt,
2143 4377 2367 4436 agamus
2399 4361 2806 4433 paenitentiam.
2842 4377 2912 4426 tte
2935 4367 3316 4430 exspectantes
3355 4357 3556 4426 lucem,

1965 4460 2141 4518 noctis
2181 4456 2422 4520 tenebris
2464 4456 2844 4521 involvamur;
2885 4455 3257 4524 sciamusque,
3295 4454 3401 4510 nisi
3453 4453 3557 4510 hoc

1967 4552 2287 4616 iecerimus,
2317 4550 2661 4620 .ploraturam
2705 4549 2982 4614 animam,
3025 4548 3111 4602 vel
3147 4548 3280 4620 Ποῖ..
3326 4547 3410 4603 vel
3437 4546 3571 4610 Pro-

265 4639 395 4706 uari,
431 4639 555 4712 quia
587 4634 846 4690 Dominus
875 4637 1075 4700 locutus
1100 4642 1193 4690 est.
1231 4634 1371 4702 Quia
1408 4649 1571 4704 supra
1612 4634 1862 4690 dixerat:
1891 4623 1945 4684 D
1976 4646 2186 4714 μιιειω,
2222 4660 2251 4700 a
2285 4643 2424 4698 [acie
2451 4653 2654 4700 ηοειηυ
2693 4640 3000 4712 superbia,
3043 4641 3134 4696 Dei
3170 4641 3331 4696 \erba
3371 4640 3562 4702 ammte

266 4734 434 4788 omnis
465 4741 576 4786 uter
613 4731 916 4801 implebitur
943 4731 1061 4786 vino
1095 4746 1114 4785 :
1144 4730 1215 4783 ita
1251 4739 1305 4783 ul
1344 4744 1498 4799 rcges
1528 4744 1777 4802 quoque,
1812 4737 1868 4785 et

266 4828 608 4895 sacerdotes,
636 4834 690 4884 et
723 4829 1024 4898 prophetae,
1053 4833 1107 4880 et
1133 4838 1324 4880 oumes
1354 4823 1688 4878 habitatores
1710 4822 1867 4878 leru-

267 4924 437 4984 salem
470 4922 832 4994 implerentur
862 4919 1155 4986 ebrietate,
1190 4929 1476 4988 propterea
1499 4919 1677 4990 jungit
1704 4928 1755 4972 et
1786 4918 1861 4974 di-

268 5016 344 5072 cit
391 5033 404 5069 :
451 5015 642 5070 Audite
682 5023 727 5070 et
767 5014 980 5070 auribus
1023 5011 1300 5083 percipite,
1343 5022 1449 5067 tam
1487 5011 1870 5078 extrinsecus,

270 5123 434 5181 quam
475 5108 846 5174 intrinsecus,
893 5115 1002 5164 tam
1044 5114 1260 5172 mente,
1301 5121 1462 5178 quam
1504 5121 1769 5176 corpore;
1811 5117 1866 5162 et

270 5206 431 5262 nolite
458 5205 644 5262 elevari
675 5219 770 5275 per
793 5201 1110 5274 superbiam
1130 5245 1142 5268 ,
1173 5203 1479 5274 cogitantes
1517 5201 1866 5273 fragilitatem

269 5308 542 5364 vestram,
574 5307 629 5352 et
658 5297 802 5370 quod
837 5297 1020 5354 nullus
1058 5297 1152 5358 sit,
1185 5297 1274 5367 qui
1317 5312 1415 5366 pro
1441 5297 1705 5368 qualitate
1739 5309 1868 5366 pec-

271 5395 378 5450 cati
419 5396 522 5450 hac
563 5392 836 5450 ebrietate
875 5401 1079 5448 careat.
1113 5390 1270 5450 Unde
1306 5391 1665 5464 disperditur,
1707 5401 1872 5462 atque

347 5587 372 5615 ε
401 5575 538 5632 Cum
580 5589 713 5648 quae
749 5574 906 5648 juxta
952 5572 1282 5648 Hebraicum
1316 5581 1397 5628 est
1441 5571 1867 5648 interpretatio,

273 5647 592 5718 Hieronymi
623 5661 684 5718 ea
717 5645 812 5709 sit,
855 5662 976 5717 qua:
1008 5655 1189 5700 autem
1224 5644 1534 5718 l‘lierop‘ymi
1569 5644 1654 5718 est
1699 5644 1871 5718 conti-

277 5737 386 5776 nuo
443 5714 1015 5788 séptuagintaviralem
1049 5717 1342 5786 pra-cedat,
1389 5714 1684 5776 Victorius,
1717 5716 1871 5769 voci-

273 5795 382 5848 bus
412 5787 521 5848 sive
539 5793 698 5862 juxta
735 5788 1050 5862 Hsbroicum
1078 5792 1387 5862 expunctus,
1421 5790 1596 5843 locum
1627 5787 1770 5842 hunc
1802 5789 1873 5844 ita

279 5881 351 5928 ex
379 5860 608 5934 ingenio
633 5861 826 5934 digerit
854 5882 865 5918 :
893 5860 1272 5934 Exspectabitis
1305 5863 1486 5928 lucem,
1517 5873 1562 5916 et
1587 5870 1735 5936 ponet
1763 5878 1874 5916 eam

1971 4741 2270 4800 nolentium
2308 4756 2321 4791 :
2354 4735 2496 4792 unde
2521 4745 2576 4792 et
2603 4736 2720 4805 ipse
2751 4733 3022 4804 Propheta
3054 4733 3188 4789 dicit
3218 4751 3231 4788 :

2047 4833 2271 4892 Plorans
2311 4829 2536 4904 plorabit
2582 4828 2878 4886 Jerusalem
2905 4828 3048 4900 (sive
3078 4827 3291 4901 plorans
3329 4826 3552 4895 plorabit

1968 4937 2017 4983 et
2051 4926 2266 4982 deducet
2303 4922 2484 4982 oculus
2525 4940 2670 4980 meus
2721 4922 3212 4994 lacrgmam):quia
3265 4931 3449 4993 captus
3489 4929 3567 4975 est

1967 5037 2094 5094 grex
2138 5017 2342 5072 Domini
2386 5016 2522 5085 (sive
2544 5014 2571 5053 δ
2599 5016 2929 5084 doloremque
2968 5031 3134 5070 meum
3163 5012 3333 5066 tacitis
3362 5011 3570 5081 gemiti-

1970 5115 2064 5168 bns
2107 5109 2441 5168 dissimulare
2489 5126 2590 5166 non
2638 5109 2893 5183 possunt).
2941 5107 3130 5164 Omnis
3175 5113 3357 5160 autem
3404 5120 3570 5164 causa

1971 5205 2309 5268 crtteialuum
2335 5211 2438 5269 est,
2469 5202 2612 5273 quod
2645 5215 2834 5272 captus
2864 5204 2934 5258 sit
2975 5218 3105 5270 grex
3140 5198 3372 5258 Domini.
3409 5199 3569 5264 Dica-

1977 5315 2095 5354 mus
2122 5295 2324 5356 Judteis
2356 5304 2406 5349 et
2443 5296 2645 5352 nostris
2667 5293 3076 5366 judaizantibus
3098 5335 3112 5357 ,
3138 5291 3228 5362 qui
3261 5289 3566 5361 simplicem

1981 5401 2190 5446 tantum
2223 5396 2278 5444 et
2305 5387 2647 5450 occidentem
2677 5398 2978 5459 sequuntur
3004 5384 3313 5450 historiam,
3343 5383 3448 5444 nisi
3474 5399 3572 5440 uu-

1973 5571 2027 5632 in
2053 5570 2287 5628 umbram
2331 5570 2508 5624 mortis
2533 5578 2582 5626 et
2607 5570 2661 5624 in
2683 5567 2954 5640 caliginem
2979 5582 2999 5621 :
3023 5564 3152 5621 Sive
3173 5606 3191 5633 ,
3221 5573 3269 5618 et
3298 5564 3366 5620 ibi
3391 5567 3576 5624 umbra

1979 5644 2176 5704 mortis,
2207 5652 2251 5696 et
2282 5652 2540 5714 ponentur
2571 5641 2620 5693 in
2650 5639 2890 5714 tenebris.

2049 5715 2074 5753 δ
2106 5707 2502 5774 Hanealtcram
2528 5709 3058 5782 interpretationem,
3093 5707 3216 5782 Sive
3245 5707 3580 5782 doloremque

1977 5805 2166 5852 meum,
2199 5795 2344 5853 δια,
2377 5783 2521 5854 quod
2563 5783 2616 5836 iu
2649 5783 2800 5836 nullo
2839 5781 3221 5855 sacso_oodice_
3261 5779 3531 5855 invenerit
3562 5827 3580 5855 ,

1980 5861 2132 5934 quasi
2170 5852 2382 5915 temere
2399 5852 2675 5914 intrusum
2706 5855 2981 5927 glossema
3011 5852 3288 5914 Victorias
3314 5853 3499 5930 ejccit.
