4084 6324
557 324 664 384 767

1817 329 1873 386 S.
1917 329 2191 389 EUSEBII
2231 331 2614 391 HIERONYMI

3753 340 3851 401 768

560 445 773 502 dieritis
799 445 1141 511 abscondite,
1179 446 1282 502 hoc
1309 457 1415 514 est,
1444 447 1498 503 in
1524 447 1810 519 mysterio,
1841 448 1959 504 sive
1989 449 2041 504 in
2073 457 2156 505 te-
2182 453 2237 515 Α
2263 459 2384 515 tuo,
2427 468 2586 523 quare
2612 463 2864 508 venerunt
2895 455 3023 509 mihi
3053 457 3206 513 hac?
3231 471 3447 531 propter
3469 459 3851 518 multitudinem

563 539 766 602 nebris,
782 553 918 609 quas
940 539 1284 611 posuiQDeus
1306 539 1588 598 latibulum
1611 556 1772 598 suum
1796 539 1968 614 (Psal.
1996 543 2156 612 xvu),

561 643 618 688 et
643 631 796 703 juxta
831 633 1199 699 Salomonem,
1235 646 1292 690 ut
1322 635 1630 707 intelligant
1655 637 1968 708 paroholam
1999 646 2055 694 et
2082 650 2160 693 te-

565 728 856 782 nebrosum
887 743 1223 794 sermonem,
1249 730 1486 797 plorabit
1507 732 1690 786 anima
1716 732 2023 802 Prophetm,
2047 733 2162 788 sive

565 821 806 892 ipsorum
836 838 864 876 a
893 821 1032 879 facie
1058 825 1350 894 superbitc,
1375 824 1502 879 dum
1532 841 1629 896 per
1654 826 2046 881 contumaciam
2075 841 2162 882 re-

562 914 764 972 sistunt
797 917 930 971 Deo.
977 916 1135 973 Unde
1165 928 1219 973 et
1262 917 1424 973 ﬂetus
1460 918 1570 974 erit
1607 921 1754 990 jugis
1794 919 2160 992 lacrymaeque

565 1021 845 1081 perpetuae
876 1028 890 1065 :
921 1026 988 1067 eo
1019 1013 1165 1084 quod
1195 1029 1223 1067 a
1256 1029 1390 1068 vero
1430 1013 1940 1070 Nabuchodonosor
1971 1023 2161 1086 captus

564 1103 634 1158 sit
659 1119 793 1171 grex
823 1103 1037 1160 Domini
1073 1117 1240 1173 atque
1267 1119 1581 1178 corruptus.

639 1197 824 1267 (Vers.
869 1198 957 1264 l8,
988 1199 1102 1272 l9.)
1135 1199 1235 1256 Dic
1265 1203 1374 1273 regi
1404 1213 1449 1256 et
1476 1204 1808 1259 dominatrici
1841 1204 1979 1276 (sive
2009 1205 2164 1259 dicite

566 1291 676 1363 regi
718 1302 768 1346 et
807 1292 1119 1366 potentibus)
1165 1311 1184 1350 :
1223 1295 1625 1363 Humiliamini,
1674 1298 1873 1363 sedete,
1918 1300 2164 1369 quoniam

570 1385 833 1440 descendit
884 1385 1026 1459 (sive
1065 1387 1272 1443 sublata
1315 1390 1408 1460 est)
1457 1389 1522 1444 de
1560 1392 1728 1461 capite
1767 1400 1932 1446 vestro
1971 1407 2165 1446 corona

569 1478 750 1548 gloriae
778 1489 978 1533 vestrm.
1008 1478 1251 1535 Civitates
1278 1483 1454 1536 Austri
1481 1483 1674 1538 clausa!
1701 1493 1846 1548 sunt,
1878 1494 1926 1538 et
1954 1501 2058 1537 non
2089 1497 2164 1540 est

571 1573 660 1641 qui
689 1572 911 1640 aperiat.
942 1571 1220 1627 Translata
1240 1584 1315 1628 est
1344 1576 1510 1629 omnis
1545 1574 1735 1631 Judtea
1760 1575 1898 1647 (sive
1940 1579 2167 1632 transla-

569 1674 653 1717 tus
682 1675 755 1718 est
789 1669 956 1720 omnis
994 1666 1159 1740 Jutta)
1199 1670 1650 1741 transntigratione
1677 1671 1817 1743 (sive
1842 1670 2164 1743 captivitate)

575 1756 822 1825 perfecta.
883 1756 1168 1828 Propheta:
1223 1761 1574 1831 prtecipitur,
1635 1774 1694 1817 ut
1747 1763 2002 1834 loquatur
2053 1767 2163 1835 regi

2259 543 2552 615 iniquitatis
2583 553 2688 600 tua:
2714 547 2942 601 revelata
2963 558 3087 603 sunt
3111 552 3484 606 verecundiora
3511 564 3623 619 tua,
3647 551 3853 626 polluta!

2262 644 2378 689 sunt
2404 635 2547 708 (sive
2582 636 2933 694 dehonestum?
2952 640 3100 713 sunt)
3123 642 3314 709 plantae
3339 656 3463 701 tute.
3493 645 3631 700 Dum
3658 647 3850 713 nescis,

2260 729 2412 800 quasi
2443 730 2728 786 mulierem
2772 744 2958 803 partus
2993 735 3231 801 subitus,
3263 740 3337 793 ita
3368 748 3422 793 te
3453 740 3746 810 captivitas
3776 757 3856 799 re-

2263 824 2484 893 pentina
2530 827 2978 896 comprehendet.
3013 829 3171 898 Quod
3200 831 3246 885 si
3284 833 3498 888 causari
3531 834 3776 890 volueris
3805 844 3855 893 et

2262 932 2538 986 qumrore,
2567 934 2664 973 cur
2695 920 2890 975 tradita
2933 923 3008 978 sis
3044 923 3291 980 hostibus
3313 969 3328 992 ,
3358 925 3486 994 audi
3520 927 3850 998 manifeste,

2265 1010 2674 1067 ttiultitudincm
2713 1014 2828 1068 haec
2865 1014 2961 1070 tibi
3010 1015 3209 1073 fecisse
3248 1019 3562 1090 iniquitatis
3615 1030 3757 1089 tute,
3804 1030 3858 1078 ut

2264 1103 2418 1171 quasi
2451 1103 2701 1160 mulieris
2733 1108 3070 1174 meretricis,
3105 1110 3336 1167 sublatis
3373 1113 3629 1168 vestibus
3652 1158 3667 1180 ,
3709 1128 3856 1172 reve-

2267 1195 2475 1251 laretur
2506 1198 2803 1268 ignominia
2837 1209 2944 1263 tua,
2975 1211 3030 1257 et
3061 1204 3486 1260 ostenderentur
3515 1206 3738 1276 publice
3758 1206 3859 1262 ior-

2266 1291 2572 1346 uicationes
2605 1302 2732 1347 tunc.
2768 1293 2872 1348 l’er
2897 1311 3017 1366 quae
3048 1295 3328 1364 discimus,
3366 1299 3634 1370 quamdiu
3666 1299 3858 1357 fuerint

2269 1383 2478 1438 minora
2495 1395 2739 1454 peccata,
2760 1400 2923 1456 agere
2940 1388 3224 1444 Dominum
3243 1392 3536 1459 patienter,
3551 1401 3607 1448 et
3629 1407 3858 1463 exspec-

2269 1483 2383 1530 lure
2403 1474 2793 1544 paenitudinem
2812 1488 3077 1535 nostram.
3093 1480 3190 1538 Sin
3210 1495 3394 1539 autem
3422 1486 3860 1544 voluerimusde—

2267 1569 2410 1625 lictis
2422 1572 2680 1642 copulare
2693 1571 2914 1640 delicta,
2931 1585 2982 1630 et
2995 1577 3274 1632 cumulum
3290 1579 3474 1636 facere
3491 1589 3857 1649 peccatorum,

2270 1666 2658 1722 revelabuntur
2686 1668 2938 1738 pudenda
2969 1679 3180 1738 nostra,
3215 1682 3268 1726 et
3294 1673 3667 1729 ostendeutur
3695 1689 3854 1732 cunc-

2273 1762 2340 1815 tis
2372 1761 2568 1832 plantm
2603 1775 2825 1831 nostrae,
2853 1765 2936 1820 vel
2970 1767 3022 1820 in
3055 1768 3314 1836 praesenti
3336 1769 3565 1837 sa'culo,
3590 1771 3680 1826 vel
3707 1772 3757 1826 in
3787 1771 3864 1827 lu-

573 1849 850 1906 Jcctmnim
876 1861 930 1908 et
955 1855 1114 1910 matri
1144 1854 1285 1926 ejus,
1320 1872 1481 1928 quam
1515 1858 1794 1914 dominam
1827 1867 1883 1914 ει
1908 1861 2160 1915 domina.
2199 1860 2240 1919 Β
2271 1863 2413 1908 toro.
2449 1853 2592 1910 Nihil
2624 1867 2709 1912 est
2749 1858 2894 1912 enim
2933 1863 3207 1916 occultum
3243 1862 3389 1933 quod
3437 1879 3546 1919 non
3594 1866 3863 1922 reveletur

576 1943 791 2013 tricem,
821 1946 937 2002 sive
963 1948 1204 2018 reginam
1233 1951 1493 2021 appellat,
1529 1962 1587 2007 ut
1629 1952 1986 2009 ltumilientur
2015 1964 2072 2010 et
2112 1955 2165 2010 in

575 2037 797 2108 pulvere
824 2039 1049 2096 sedeant
1082 2058 1096 2096 :
1131 2043 1433 2113 perdidisse
1457 2045 1601 2100 enim
1633 2061 1731 2102 eos
1755 2047 1960 2118 regiam
1991 2047 2162 2118 digni-

577 2137 766 2198 tatem,
794 2141 850 2186 et
879 2133 992 2204 regi
1025 2133 1319 2190 tradendos
1343 2137 1666 2208 Babylonio.
1693 2137 1955 2196 Civitates
1980 2140 2167 2196 Austri

583 2222 786 2278 claustn
814 2237 962 2293 sunt,
993 2226 1044 2282 id
1083 2237 1188 2296 est,
1225 2230 1398 2285 tribus
1423 2230 1576 2287 Juda:
1603 2241 1657 2288 et
1678 2231 1978 2290 Jerusalem
1999 2279 2012 2303 ,
2049 2253 2168 2306 quae

571 2319 725 2390 juxta
754 2320 1106 2377 solitudinem
1134 2324 1200 2378 ad
1226 2329 1488 2382 Austrum
1531 2342 1686 2383 versa
1717 2339 1820 2394 est,
1857 2339 2041 2385 etnon
2085 2342 2170 2388 est

573 2414 665 2485 qui
695 2415 907 2484 aperiat
933 2417 1222 2474 obsidione
1243 2420 1629 2477 circumdatas.
1654 2421 1935 2479 Translata
1963 2436 2038 2480 est
2062 2443 2172 2481 ont-

577 2509 656 2562 nis
679 2509 892 2576 Juda’a,
917 2512 1031 2568 sive
1062 2515 1225 2568 omnis
1245 2513 1391 2570 Iuda
1417 2518 1875 2590 transmigratione
1899 2525 2129 2592 perfecta
2153 2541 2170 2579 :

577 2603 692 2658 sive
723 2606 931 2675 recepit
959 2608 1103 2677 quod
1149 2610 1459 2666 merebatur
1483 2655 1498 2678 ,
1539 2621 1597 2668 et
1630 2614 1967 2684 completum
1997 2628 2080 2673 est
2115 2619 2169 2674 in

577 2713 663 2765 ea,
690 2711 747 2755 ut
772 2700 1126 2774 Septuaginta
1153 2706 1573 2763 transtulerunt.
1601 2708 1806 2764 Delirat
1829 2710 1880 2764 in
1901 2710 2004 2766 hoc
2027 2711 2167 2780 loco,

576 2793 670 2863 qui
717 2809 929 2866 regem,
975 2797 1286 2864 Christum,
1336 2808 1392 2854 et
1436 2811 1720 2870 pmeutes,
1775 2804 2040 2876 Angelos,
2086 2809 2168 2863 vel

580 2888 873 2956 Apostolus
902 2891 1176 2963 intelligit,
1208 2903 1262 2948 ut
1291 2904 1575 2950 assumant
1595 2911 1795 2968 corpus
1825 2899 2171 2968 humilitatis,

577 2991 632 3035 et
655 2980 820 3053 935
848 2982 900 3038 in
931 2985 1151 3053 pulvere
1178 2986 1433 3054 sedeant,
1467 2989 1793 3046 etamittant
1820 2993 1903 3046 vel
1933 3008 2026 3048 rex
2048 3035 2062 3058 ,
2087 2995 2172 3049 vel

583 3083 836 3141 potentes
857 3119 870 3143 ,
905 3074 972 3130 de
1003 3078 1182 3147 capite
1210 3093 1311 3133 suo
1340 3093 1598 3136 coronam
1623 3099 1637 3148 ;
1671 3090 1728 3137 et
1757 3085 1986 3154 gloriam
2021 3086 2174 3142 Judtc

580 3179 704 3218 esse
728 3167 1068 3234 translatam,
1091 3171 1306 3239 quando
1329 3172 1380 3227 in
1405 3175 1663 3243 passione
1684 3179 2020 3248 completum
2051 3191 2134 3236 est
2161 3200 2172 3234 :

2273 1945 2490 2020 (Matth.
2525 1947 2584 2021 x)
2615 1967 2628 2004 :
2658 1950 2877 2021 quando
2912 1952 3234 2024 implebitur
3265 1955 3397 2011 illud
3438 1956 3688 2014 Danielis
3723 1975 3739 2015 :
3771 1957 3864 2016 Isti

2270 2052 2538 2112 resurgent
2573 2043 2626 2097 in
2666 2046 2825 2097 vitam
2865 2055 3139 2114 (sternam,
3169 2057 3220 2102 et
3251 2047 3333 2104 illi
3367 2050 3421 2104 in
3451 2053 3791 2123 opprobrium
3821 2061 3864 2108 et

2270 2135 2630 2203 confusionem
2659 2138 3028 2207 sempiternam
3055 2138 3218 2213 (Dan.
3253 2158 3352 2211 xu,
3387 2142 3470 2214 Ξ).

2344 2226 2527 2297 (Vers.
2558 2227 2676 2300 ⁴25.)
2706 2229 2768 2284 Si
2794 2241 2995 2286 mutare
3019 2245 3186 2305 potest
3211 2233 3465 2306 zEthiops
3491 2239 3682 2308 pellent
3704 2255 3864 2307 suam,

2271 2332 2362 2375 aut
2393 2324 2588 2393 pardus
2617 2326 2891 2381 varietates
2912 2344 3032 2382 suas
3055 2370 3070 2396 ,
3095 2339 3144 2382 et
3168 2347 3256 2385 vos
3283 2334 3520 2402 poteritis
3550 2335 3864 2406 benefacere,

2270 2414 2436 2486 936
2461 2433 2577 2469 cum
2608 2416 2896 2474 didiceritis
2931 2421 3149 2476 malum.
3186 2423 3298 2479 lloc
3342 2427 3678 2483 testimonio
3719 2440 3869 2484 utun-

2276 2516 2366 2562 tur
2394 2508 2657 2564 adversus
2691 2511 2994 2568 Ecclesiam
3016 2556 3030 2580 ,
3061 2516 3153 2586 qui
3183 2515 3433 2572 diversas
3463 2519 3700 2589 cupiunt
3731 2535 3869 2578 asse-

2274 2616 2396 2656 rere
2420 2613 2641 2657 naturas
2668 2621 2682 2669 ;
2717 2615 2772 2660 et
2799 2614 3006 2662 tantam
3038 2607 3229 2663 dicunt
3260 2625 3384 2665 esse
3415 2612 3498 2667 vel
3533 2612 3868 2683 nigredinem

2281 2695 2365 2748 vel
2390 2696 2708 2751 varietatem
2731 2707 3106 2767 peccatorum,
3132 2711 3190 2755 ut
3216 2701 3270 2756 in
3299 2702 3628 2770 candorem,
3647 2715 3701 2759 et
3721 2705 3870 2762 unius

2276 2787 2476 2843 coloris
2507 2789 2948 2859 puchritudinem
2981 2792 3216 2850 transire
3248 2810 3354 2849 non
3387 2797 3644 2866 possint:
3671 2814 3775 2853 non
3798 2808 3873 2854 at-

2279 2882 2562 2938 tendentes
2604 2884 2706 2939 hoc
2746 2885 2894 2956 quod
2939 2889 3188 2957 sequitur
3219 2907 3232 2943 :
3267 2887 3337 2944 Et
3379 2907 3468 2945 vos
3499 2893 3739 2964 poteritis
3765 2891 3870 2966 [AL

2278 2975 2512 3049 potestis]
2545 2976 2847 3048 benefacere
2875 2996 2994 3034 cum
3025 2981 3314 3036 didiceritis
3353 2984 3572 3039 malum.
3601 2985 3870 3057 Quidquid

2279 3069 2424 3122 enim
2456 3070 2708 3136 dia-itur,
2737 3087 2847 3126 nou
2875 3083 3085 3128 naturae
3107 3085 3213 3139 est,
3241 3074 3334 3130 sed
3365 3076 3534 3130 studii
3561 3088 3616 3132 et
3645 3077 3872 3148 promite

2280 3161 2578 3218 voluntatis
2610 3180 2623 3216 :
2657 3180 2779 3234 qua:
2809 3165 2974 3219 nimia
3006 3167 3408 3224 consuetudine
3433 3178 3490 3224 et
3527 3183 3723 3224 amore
3755 3184 3875 3240 pce-

585 3253 774 3311 Ontnes
803 3258 1210 3332 declinaverunt,
1245 3266 1404 3319 simul
1428 3267 1638 3323 inutiles
1658 3270 1784 3340 facti
1809 3281 1951 3338 sunt,
1978 3291 2078 3327 non
2101 3285 2175 3328 est
2204 3255 2250 3319 (ἶ
2280 3258 2438 3313 eam“
2465 3258 2870 3328 ‘l'lodamm"do
2893 3261 2948 3316 ίη
2975 3271 3222 3320 "almam
3251 3267 3619 3319 (ἴοηνθτιίίυνο
3650 3264 3754 3320 sed
3779 3265 3873 3320 hoc

579 3351 668 3424 qui
687 3353 849 3427 faciat
869 3352 1076 3421 bonum,
1097 3374 1198 3410 non
1223 3369 1298 3413 est
1321 3377 1480 3432 usque
1499 3361 1569 3415 ad
1594 3380 1776 3417 unum.
1805 3363 2044 3421 Verbum
2069 3367 2176 3422 lle-

585 3448 824 3503 braicum
851 3465 1043 3506 GEBIBA
1073 3452 1300 3524 (mm).
1327 3456 1524 3525 Aquila
1545 3466 1600 3512 et
1629 3457 1989 3529 Symmachus
2011 3459 2180 3512 domi-

583 3543 830 3595 natricem
853 3551 908 3596 et
937 3543 1200 3598 dominam
1225 3547 1572 3616 interpretati
1596 3558 1745 3618 sunt,
1777 3549 1921 3620 quod
1948 3549 2179 3619 Septua-

583 3637 732 3705 ginta
778 3644 1108 3706 putavcruut
1157 3655 1440 3696 cssunoru
1491 3641 1797 3714 (mm),
1847 3652 2180 3716 potentesque

581 3730 859 3786 dixerunt.

655 3825 836 3900 (Vers.
863 3828 956 3894 20,
986 3829 1103 3902 9.1.)
1135 3829 1322 3884 Intrate
1351 3834 1527 3887 oculos
1567 3844 1791 3900 vestros,
1824 3845 1870 3888 et
1903 3836 2067 3890 videte
2093 3837 2182 3904 qui

582 3922 762 3976 venitis
797 3923 861 3975 ab
900 3923 1152 3994 Aquilone
1183 3942 1202 3978 :
1228 3924 1316 3978 ubi
1351 3936 1423 3980 est
1453 3944 1596 3999 grex,
1632 3929 1721 3998 qui
1747 3928 1899 3983 datus
1932 3941 2007 3983 est
2052 3929 2176 3996 tibi,

581 4033 735 4088 pecus
760 4018 1013 4089 inclytum
1047 4020 1240 4074 tuum?
1270 4019 1408 4087 Quid
1438 4022 1576 4076 dices
1615 4039 1732 4076 cum
1771 4024 2053 4078 visitaverit
2089 4026 2182 4079 te?

582 4108 664 4164 Tu
692 4113 826 4165 enim
853 4114 1002 4166 doces
1025 4111 1205 4183 (Vulg.
1231 4115 1460 4168 docuisti
1480 4126 1532 4170 et
1555 4114 1774 4170 erudisti
1791 4159 1806 4178 ,
1840 4117 2064 4188 rectius]
2094 4137 2180 4172 eos

581 4203 857 4258 adversum
886 4212 952 4270 te,
982 4213 1027 4258 et
1053 4207 1224 4259 erudis
1256 4207 1308 4260 in
1343 4219 1496 4279 caput
1525 4218 1688 4262 tuum.
1735 4208 2056 4279 Prmeipitur
2080 4211 2178 4264 Ita-

582 4295 908 4350 bitatoribus
938 4297 1266 4364 Jerusalem,
1291 4312 1350 4354 ut
1381 4301 1599 4356 elevcnt
1630 4301 1819 4356 oculos
1842 4317 1995 4369 suos,
2022 4314 2076 4358 et
2099 4304 2182 4357 vi-

582 4387 748 4442 deant
769 4389 1055 4444 Chaldmos
1077 4392 1146 4445 ab
1172 4393 1457 4462 Aquilonis
1479 4407 1633 4463 parte
1653 4397 1936 4452 venientes
1965 4415 1977 4451 :
2010 4399 2182 4453 inter-

584 4489 915 4550 rogaturque
944 4483 1058 4552 ipsa
1087 4483 1310 4548 civitas,
1339 4494 1394 4539 et
1423 4485 1625 4541 dicitur
1646 4488 1696 4541 ei
1734 4507 1746 4542 :
1785 4487 1885 4543 Ubi
1914 4500 1990 4543 est
2020 4508 2180 4561 grex,

581 4573 670 4645 qui
691 4573 935 4636 datusgst
955 4575 1066 4639 tibi,
1084 4593 1238 4647 pecus
1257 4577 1506 4649 inclytum
1526 4590 1670 4633 tuum
1684 4583 1708 4634 ?
1723 4579 1824 4637 Ubi
1845 4591 1928 4636 est
1951 4584 2181 4652 populus

584 4677 730 4734 tuus,
758 4686 919 4738 quem
949 4687 978 4724 a
1011 4671 1119 4726 Deo
1141 4686 1458 4743 acceperas,
1495 4673 1582 4728 ubi
1614 4673 1704 4728 illa
1732 4685 1875 4730 tanta
1899 4684 1955 4730 et
1980 4675 2178 4746 inclyta

583 4762 894 4830 multitudo,
912 4774 967 4818 ut
991 4765 1154 4820 totius
1178 4766 1479 4835 provincia:
1502 4767 1712 4822 turbam
1738 4769 1790 4823 in
1812 4784 1975 4823 unum
2000 4768 2178 4824 locum

581 4857 834 4912 crederes
855 4862 1277 4931 congregatatn?
1306 4861 1444 4930 Quid
1464 4861 1616 4917 dices
1643 4878 1764 4917 cum
1799 4871 1849 4918 te
1875 4863 2178 4918 visitaverit

584 4951 844 5006 Dominus
872 4952 922 5006 in
955 4953 1102 5023 virga
1129 4971 1223 5008 sua
1243 4997 1258 5018 ,
1282 4966 1336 5009 et
1361 4955 1655 5028 Babylonis
1693 4955 1982 5012 tradiderit
2007 4957 2178 5012 hosti-

578 5043 699 5110 bus,
732 5060 904 5114 quos,
946 5046 1240 5102 adversum
1280 5057 1351 5112 te,
1387 5049 1469 5102 vel
1508 5051 1560 5103 iu
1601 5058 1765 5118 caput
1807 5060 1984 5115 tuum,
2023 5050 2108 5103 vel
2143 5065 2174 5103 a

583 5141 854 5210 principio
893 5140 1008 5208 ipsa
1053 5129 1308 5206 docuisti,
1351 5151 1412 5197 ut
1441 5144 1507 5198 ad
1535 5158 1725 5198 eorum
1755 5144 1955 5197 auxilia
1988 5143 2179 5197 confu-

581 5248 763 5303 geres,
786 5247 838 5288 et
864 5237 1104 5305 ipsorum
1124 5234 1267 5290 idola
1287 5236 1613 5300 seetareris;
1638 5236 1730 5306 qui
1762 5236 1862 5289 sub
1888 5235 2180 5290 occasione

580 5325 835 5381 amicitiae
867 5338 1006 5395 tuae,
1031 5329 1346 5384 didicerunt
1381 5345 1475 5398 per
1503 5329 1649 5400 quod
1689 5329 1794 5382 iter
1815 5328 1880 5382 ad
1915 5337 1968 5383 te
1995 5327 2180 5383 venire

582 5416 868 5474 deberent.
915 5421 1112 5475 Audiat
1138 5421 1242 5476 hoc
1272 5420 1516 5476 Ecclesia
1549 5420 1851 5490 negligens,
1885 5419 2031 5487 quod
2065 5420 2179 5489 ipsa

578 5508 775 5565 doceat
804 5513 1152 5569 adversarios
1179 5529 1332 5579 suos,
1361 5512 1638 5582 quomodo
1659 5526 1778 5565 eam
1822 5513 2034 5580 possint
2065 5513 2182 5582 Spi-

583 5603 765 5658 rituali
795 5605 1107 5676 captivitate
1129 5606 1618 5677 comprehendere,
1645 5612 1701 5660 et
1723 5619 1886 5671 pecus
1909 5605 2030 5676 ejus
2063 5606 2181 5662 bes-

583 5697 780 5752 tiarum
811 5701 1134 5757 crudelitate
1166 5704 1426 5757 lacerare.

665 5791 850 5862 (Vers.
881 5794 1002 5860 22.)
1034 5793 1309 5864 Numquid
1339 5810 1443 5848 non
1471 5793 1678 5848 dolores
1708 5793 2090 5864 apprehendent
2113 5805 2180 5859 te,

571 5869 736 5958 quasi
767 5883 1035 5940 mulierem
1059 5886 1432 5953 parturientem
1451 5888 1473 5941 ?
1491 5879 1642 5952 Quod
1665 5886 1709 5939 si
1729 5885 1926 5940 dixeris
1950 5886 2002 5940 in
2027 5885 2180 5942 corde

2281 3352 2422 3420 quod
2466 3353 2776 3406 hominibus
2823 3353 3164 3424 impossibile
3193 3365 3300 3424 est,
3335 3355 3448 3411 Deo
3488 3346 3760 3426 possibile
3797 3367 3875 3412 est

2285 3444 2503 3516 (Matth.
2537 3462 2649 3514 XIX,
2675 3457 2721 3502 et
2751 3447 2880 3504 Luc.
2916 3449 3068 3521 xvut)
3096 3468 3110 3504 :
3142 3461 3199 3505 ut
3241 3467 3584 3523 nequaquam
3629 3452 3874 3524 eEtbiops

2281 3550 2336 3597 et
2361 3543 2561 3611 pardus
2593 3560 2748 3599 suam
2781 3546 3074 3602 videantur
3103 3557 3322 3605 mutare
3353 3561 3643 3618 naturam;
3674 3553 3766 3607 sed
3789 3552 3875 3608 ille

2282 3639 2371 3707 qui
2396 3639 2450 3692 in
2475 3637 2738 3710 Ethiope
2761 3653 3022 3708 operatur
3046 3654 3096 3698 et
3125 3643 3316 3713 pardo,
3341 3643 3561 3700 dicente
3583 3647 3871 3714 Apostolo:

2287 3729 2476 3783 Omnia
2507 3747 2717 3802 possum
2754 3733 2807 3786 in
2844 3750 2902 3787 eo
2931 3735 3020 3805 qui
3059 3752 3140 3790 me
3177 3739 3440 3809 confortat
3481 3737 3692 3793 Christo
3725 3738 3872 3812 (Phi-

2281 3824 2408 3898 lipp.
2437 3842 2509 3894 tv,
2544 3826 2654 3898 l3).
2703 3827 2858 3884 Unde
2899 3840 2952 3883 et
2995 3831 3046 3883 iu
3084 3830 3264 3884 alieno
3297 3831 3416 3886 loco
3451 3852 3467 3889 :
3500 3831 3760 3902 Amplius,
3791 3834 3869 3888 in-

2281 3921 2419 3990 quit,
2453 3920 2562 3975 illis
2593 3922 2828 3975 omnibus
2855 3923 3086 3977 laboravi
3109 3939 3128 3978 :
3155 3940 3258 3978 non
3281 3939 3374 3997 ego
3416 3935 3616 3990 autem,
3647 3926 3739 3980 sed
3761 3944 3873 4000 gra—

2282 4013 2354 4066 tia
2377 4011 2476 4068 Dei
2503 4014 2620 4085 qua:
2645 4025 2719 4069 est
2759 4016 2811 4068 in
2839 4032 2916 4068 nte
2947 4015 2991 4087 (Ι
3029 4015 3152 4071 Cor.
3187 4033 3254 4071 xv
3276 4058 3290 4083 ,
3337 4016 3452 4088 l0).
3496 4018 3561 4073 Et
3591 4037 3605 4074 :
3640 4020 3750 4074 vivo
3766 4023 3871 4094 jam

2283 4123 2386 4162 non
2415 4126 2527 4181 ego,
2569 4111 2686 4163 vivit
2713 4125 2828 4164 vero
2861 4112 2914 4164 in
2939 4128 3017 4166 me
3058 4109 3296 4166 Christus
3326 4110 3528 4183 (Galat.
3561 4131 3618 4177 ιι.
3653 4113 3774 4185 20).
3812 4115 3870 4170 Et

2283 4201 2474 4255 iterum
2504 4203 2764 4274 scriptum
2797 4205 3028 4273 legimus
3056 4223 3068 4259 :
3099 4203 3239 4271 Quid
3260 4205 3421 4258 habes
3453 4207 3717 4274 quodnon
3740 4225 3873 4263 acce-

2281 4293 2440 4364 pisti?
2465 4293 2525 4347 Si
2541 4301 2714 4349 autem
2735 4296 2998 4367 accepisti,
3015 4296 3142 4367 quid
3160 4297 3407 4368 gloriaris
3433 4301 3586 4368 quasi
3617 4315 3718 4353 non
3742 4316 3874 4354 acce-

2281 4387 2416 4456 peris
2447 4387 2488 4458 (Ι
2513 4383 2633 4442 Cor.
2672 4403 2750 4454 tv,
2776 4388 2872 4458 7)?
2899 4389 3045 4456 Quas
3073 4389 3144 4445 ob
3161 4404 3354 4446 causas
3375 4407 3483 4446 non
3510 4392 3780 4462 glorietur
3794 4406 3874 4446 sa-

2282 4479 2437 4548 piens
2465 4480 2517 4534 in
2539 4483 2804 4550 sapientia
2823 4496 2944 4548 sua,
2966 4499 3141 4554 neque
3167 4484 3320 4538 fortis
3350 4486 3401 4539 in
3427 4483 3750 4540 fortitudine
3762 4499 3871 4551 sua,

2281 4587 2384 4626 nec
2412 4572 2568 4628 dives
2595 4574 2645 4627 in
2673 4573 2875 4629 divitiis
2902 4575 3048 4641 suis,
3085 4590 3185 4630 nec
3211 4575 3439 4644 pudicus
3468 4576 3519 4629 iu
3547 4591 3644 4630 sua
3673 4575 3872 4646 pudici-

2207 4647 2262 4708 D
2289 4665 2384 4728 tia,
2421 4666 2626 4732 sciens,
2667 4667 2810 4737 quod
2846 4668 2897 4722 in
2931 4667 3184 4722 omnibus
3219 4667 3302 4722 his
3329 4667 3538 4722 Christi
3569 4668 3748 4724 virtus
3773 4669 3867 4732 sit,

2281 4773 2390 4813 non
2417 4774 2606 4814 eorum
2639 4762 2726 4831 qui
2758 4761 2811 4815 in
2839 4761 2953 4814 suis
2983 4760 3274 4816 virtutibus
3295 4761 3630 4832 gloriantur.

2354 4849 2537 4922 (Vers.
2571 4851 2663 4918 ‘24,
2698 4851 2817 4923 ΞΒ.)
2860 4853 2927 4907 Ει
2958 4853 3305 4907 disseminabo
3344 4870 3430 4908 eos
3453 4855 3608 4924 quasi
3633 4854 3874 4924 stipulam

2279 4964 2396 5018 qua:
2424 4960 2571 5002 vento
2605 4959 2847 5018 raptatur
2876 4950 2928 5003 in
2959 4953 3184 5004 deserto.
3223 4949 3351 5004 Hice
3388 4967 3501 5004 sors
3525 4960 3618 5005 tua
3659 4963 3876 5022 parsque

2283 5056 2540 5095 mensurae
2570 5050 2671 5095 tua:
2697 5057 2729 5094 a
2753 5057 2852 5106 me,
2883 5040 3006 5095 dicit
3028 5040 3288 5096 Dominus
3314 5041 3451 5113 (sive
3475 5051 3522 5094 et
3564 5059 3687 5112 pars
3708 5039 3874 5094 inobe-

2285 5137 2491 5190 dientiw
2514 5145 2616 5190 tuae
2654 5135 2928 5190 aduersum
2970 5135 3093 5202 me).
3122 5136 3261 5204 Quia
3291 5135 3455 5189 nimia
3487 5133 3873 5190 consuetudine

2285 5229 2550 5284 malorum
2583 5243 2689 5283 nou
2722 5238 3017 5299 potuerunt
3057 5238 3269 5284 mutare
3299 5241 3548 5283 naturam
3569 5268 3586 5294 ,
3619 5243 3724 5282 non
3752 5226 3873 5280 vitio

2285 5321 2622 5391 conditoris,
2675 5322 2769 5378 sed
2810 5321 2996 5377 studio
3046 5322 3223 5378 iuoliti
3269 5322 3536 5391 sceleris,
3585 5331 3872 5394 propterea

2285 5415 2442 5488 quasi
2466 5416 2724 5488 stipulam
2755 5425 2920 5472 vento
2945 5425 3211 5486 raptatam
3239 5417 3551 5487 dispergam
3578 5429 3679 5472 eos
3710 5416 3763 5470 in
3791 5427 3875 5467 so-

2283 5511 2592 5578 litudinem,
2613 5511 2762 5582 juxta
2787 5510 2918 5565 illud
2941 5511 3086 5582 quod
3109 5509 3235 5565 alibi
3266 5510 3534 5579 scriptum
3561 5518 3645 5564 est
3674 5527 3690 5563 :
3720 5506 3870 5562 Tam-

2281 5624 2434 5679 quam
2501 5606 2668 5678 pulvis
2719 5621 2868 5677 quem
2934 5607 3142 5677 proiicit
3199 5615 3375 5659 ventus
3439 5622 3473 5658 a
3539 5606 3676 5672 facie
3733 5616 3873 5658 terror

2284 5699 2456 5770 (Psal.
2491 5715 2531 5765 ι,
2573 5701 2648 5769 4).
2689 5696 2950 5769 Facitque
2988 5697 3374 5768 apostropham
3406 5696 3474 5750 ad
3509 5697 3685 5773 ipsam
3725 5695 3874 5752 Jeru-

2281 5794 2451 5849 salem
2488 5812 2502 5849 :
2537 5792 2680 5864 quod
2715 5796 2832 5848 hac
2862 5794 2936 5849 sit
2964 5806 3086 5848 sors
3120 5793 3240 5862 ejus
3262 5831 3278 5856 ,
3309 5800 3363 5846 et
3395 5790 3500 5865 ista
3532 5805 3687 5862 pars,
3717 5799 3868 5861 quam

2291 5879 2404 5960 ipsa
2435 5885 2535 5942 sibi
2563 5887 2787 5958 clcgcrit
2819 5869 2928 5958 [Αἰ.
2959 5883 3167 5959 elegit],
3199 5875 3511 5943 mensuram
3544 5886 3868 5942 ctunulatam
