  <div class='ocr_page' id='page_1' title='image "/cluster/home/n/w/nwhite01/storage/ocr_20150623/24/hvd.32044015471386/390.png"; bbox 0 0 4084 6324; ppageno 0'>
   <div class='ocr_carea' id='block_1_1' title="bbox 213 285 315 343">
    <p class='ocr_par' dir='ltr' id='par_1_1' title="bbox 213 285 315 343">
     <span class='ocr_line' id='line_1_1' title="bbox 213 285 315 343; baseline -0.029 0"><span class='ocrx_word' id='word_1_1' title='bbox 213 285 315 343; x_wconf 80' lang='lat'><strong>769</strong></span> 
     </span>
    </p>
   </div>
   <div class='ocr_carea' id='block_1_2' title="bbox 709 276 3001 344">
    <p class='ocr_par' dir='ltr' id='par_1_2' title="bbox 709 276 3001 344">
     <span class='ocr_line' id='line_1_2' title="bbox 709 276 3001 344; baseline -0.003 -1"><span class='ocrx_word' id='word_1_2' title='bbox 709 279 1356 344; x_wconf 76' lang='lat' dir='ltr'><strong><em>COMMENTARIORU‘M</em></strong></span> <span class='ocrx_word' id='word_1_3' title='bbox 1399 282 1464 339; x_wconf 73' lang='lat' dir='ltr'><strong><em>lN</em></strong></span> <span class='ocrx_word' id='word_1_4' title='bbox 1505 277 1850 338; x_wconf 74' lang='lat' dir='ltr'><strong><em>JEREMIAM</em></strong></span> <span class='ocrx_word' id='word_1_5' title='bbox 1890 276 2315 337; x_wconf 72' lang='lat' dir='ltr'><strong><em>PROPHETMI</em></strong></span> <span class='ocrx_word' id='word_1_6' title='bbox 2359 279 2490 337; x_wconf 85' lang='lat' dir='ltr'><strong><em>LIB.</em></strong></span> <span class='ocrx_word' id='word_1_7' title='bbox 2535 280 2620 337; x_wconf 90' lang='lat' dir='ltr'><strong><em>Ill.</em></strong></span> <span class='ocrx_word' id='word_1_8' title='bbox 2663 279 2819 339; x_wconf 80' lang='lat' dir='ltr'><strong><em>CAP.</em></strong></span> <span class='ocrx_word' id='word_1_9' title='bbox 2863 281 3001 340; x_wconf 80' lang='lat' dir='ltr'><strong><em>XIV.</em></strong></span> 
     </span>
    </p>
   </div>
   <div class='ocr_carea' id='block_1_3' title="bbox 3401 286 3506 343">
    <p class='ocr_par' dir='ltr' id='par_1_3' title="bbox 3401 286 3506 343">
     <span class='ocr_line' id='line_1_3' title="bbox 3401 286 3506 343; baseline 0.019 -3"><span class='ocrx_word' id='word_1_10' title='bbox 3401 286 3506 343; x_wconf 86' lang='lat'><strong><em>770</em></strong></span> 
     </span>
    </p>
   </div>
   <div class='ocr_carea' id='block_1_4' title="bbox 216 398 3508 474">
    <p class='ocr_par' dir='ltr' id='par_1_4' title="bbox 216 398 3508 474">
     <span class='ocr_line' id='line_1_4' title="bbox 216 398 3508 474; baseline -0.001 -16"><span class='ocrx_word' id='word_1_11' title='bbox 216 412 374 473; x_wconf 88' lang='lat' dir='ltr'><strong><em>atque</em></strong></span> <span class='ocrx_word' id='word_1_12' title='bbox 407 404 704 472; x_wconf 78' lang='lat' dir='ltr'><strong><em>perfectam</em></strong></span> <span class='ocrx_word' id='word_1_13' title='bbox 732 447 746 471; x_wconf 91' lang='lat'><strong><em>,</em></strong></span> <span class='ocrx_word' id='word_1_14' title='bbox 779 415 834 461; x_wconf 90' lang='lat' dir='ltr'><strong><em>ct</em></strong></span> <span class='ocrx_word' id='word_1_15' title='bbox 875 401 1416 474; x_wconf 83' lang='lat' dir='ltr'><strong><em>superell‘undeutem</em></strong></span> <span class='ocrx_word' id='word_1_16' title='bbox 1457 399 1566 474; x_wconf 84' lang='grc' dir='ltr'><strong><em>[Αι.</em></strong></span> <span class='ocrx_word' id='word_1_17' title='bbox 1609 415 1804 470; x_wconf 60' lang='grc' dir='ltr'><strong><em>βαρεῖ·</em></strong></span> <span class='ocrx_word' id='word_1_18' title='bbox 1835 407 1883 464; x_wconf 79' lang='grc' dir='ltr'>Α</span> <span class='ocrx_word' id='word_1_19' title='bbox 1904 398 2164 471; x_wconf 87' lang='lat' dir='ltr'><strong><em>juniores)</em></strong></span> <span class='ocrx_word' id='word_1_20' title='bbox 2187 417 2308 455; x_wconf 85' lang='lat' dir='ltr'><strong><em>suos</em></strong></span> <span class='ocrx_word' id='word_1_21' title='bbox 2327 401 2887 472; x_wconf 73' lang='lat' dir='ltr'><strong><em>adaquamweuerunt</em></strong></span> <span class='ocrx_word' id='word_1_22' title='bbox 2909 399 2978 454; x_wconf 86' lang='lat' dir='ltr'><strong><em>ad</em></strong></span> <span class='ocrx_word' id='word_1_23' title='bbox 2999 399 3344 456; x_wconf 75' lang='lat' dir='ltr'><strong><em>hauriendum</em></strong></span> <span class='ocrx_word' id='word_1_24' title='bbox 3367 403 3508 474; x_wconf 83' lang='lat' dir='ltr'><strong><em>(Sl\c</em></strong></span> 
     </span>
    </p>
   </div>
   <div class='ocr_carea' id='block_1_5' title="bbox 218 495 1807 572">
    <p class='ocr_par' dir='ltr' id='par_1_5' title="bbox 218 495 1807 572">
     <span class='ocr_line' id='line_1_5' title="bbox 218 495 1807 572; baseline -0.004 -18"><span class='ocrx_word' id='word_1_25' title='bbox 218 497 551 572; x_wconf 75' lang='lat' dir='ltr'><strong><em>eﬂluentetn]</em></strong></span> <span class='ocrx_word' id='word_1_26' title='bbox 569 498 718 568; x_wconf 87' lang='lat' dir='ltr'><strong><em>(Luc.</em></strong></span> <span class='ocrx_word' id='word_1_27' title='bbox 743 498 844 568; x_wconf 78' lang='lat' dir='ltr'><strong><em>vr),</em></strong></span> <span class='ocrx_word' id='word_1_28' title='bbox 873 499 988 554; x_wconf 83' lang='lat' dir='ltr'><strong><em>sive</em></strong></span> <span class='ocrx_word' id='word_1_29' title='bbox 1010 508 1222 569; x_wconf 84' lang='lat' dir='ltr'><strong><em>partem</em></strong></span> <span class='ocrx_word' id='word_1_30' title='bbox 1250 495 1634 553; x_wconf 73' lang='lat' dir='ltr'><strong><em>inobedientia:</em></strong></span> <span class='ocrx_word' id='word_1_31' title='bbox 1662 509 1773 549; x_wconf 78' lang='lat' dir='ltr'><strong><em>stuc</em></strong></span> <span class='ocrx_word' id='word_1_32' title='bbox 1794 534 1807 558; x_wconf 92' lang='lat'><strong><em>,</em></strong></span> 
     </span>
    </p>
   </div>
   <div class='ocr_carea' id='block_1_6' title="bbox 217 587 1810 664">
    <p class='ocr_par' dir='ltr' id='par_1_6' title="bbox 217 587 1810 664">
     <span class='ocr_line' id='line_1_6' title="bbox 217 587 1810 664; baseline -0.006 -16"><span class='ocrx_word' id='word_1_33' title='bbox 217 607 316 662; x_wconf 90' lang='lat' dir='ltr'><strong><em>qua</em></strong></span> <span class='ocrx_word' id='word_1_34' title='bbox 362 593 541 649; x_wconf 86' lang='lat' dir='ltr'><strong><em>noluit</em></strong></span> <span class='ocrx_word' id='word_1_35' title='bbox 583 593 696 649; x_wconf 85' lang='lat' dir='ltr'><strong><em>Deo</em></strong></span> <span class='ocrx_word' id='word_1_36' title='bbox 729 593 1106 664; x_wconf 79' lang='lat' dir='ltr'><strong><em>acquiescere.</em></strong></span> <span class='ocrx_word' id='word_1_37' title='bbox 1158 592 1214 646; x_wconf 87' lang='lat' dir='ltr'><strong><em>In</em></strong></span> <span class='ocrx_word' id='word_1_38' title='bbox 1246 606 1350 663; x_wconf 91' lang='lat' dir='ltr'><strong><em>qua</em></strong></span> <span class='ocrx_word' id='word_1_39' title='bbox 1381 587 1525 645; x_wconf 89' lang='lat' dir='ltr'><strong><em>enim</em></strong></span> <span class='ocrx_word' id='word_1_40' title='bbox 1557 601 1810 643; x_wconf 82' lang='lat' dir='ltr'><strong><em>mensura</em></strong></span> 
     </span>
    </p>
   </div>
   <div class='ocr_carea' id='block_1_7' title="bbox 217 681 1501 757">
    <p class='ocr_par' dir='ltr' id='par_1_7' title="bbox 217 681 1501 757">
     <span class='ocr_line' id='line_1_7' title="bbox 217 681 1501 757; baseline -0.008 -11"><span class='ocrx_word' id='word_1_41' title='bbox 217 688 641 754; x_wconf 85' lang='lat' dir='ltr'><strong><em>mensuravcrit,</em></strong></span> <span class='ocrx_word' id='word_1_42' title='bbox 667 686 988 743; x_wconf 78' lang='lat' dir='ltr'><strong><em>remetiatur</em></strong></span> <span class='ocrx_word' id='word_1_43' title='bbox 1020 685 1094 740; x_wconf 87' lang='lat' dir='ltr'><strong>illi</strong></span> <span class='ocrx_word' id='word_1_44' title='bbox 1132 683 1347 757; x_wconf 78' lang='lat' dir='ltr'><strong><em>(Matth.</em></strong></span> <span class='ocrx_word' id='word_1_45' title='bbox 1378 681 1501 755; x_wconf 88' lang='lat' dir='ltr'><strong><em>vn).</em></strong></span> 
     </span>
    </p>
   </div>
   <div class='ocr_carea' id='block_1_8' title="bbox 1914 493 3510 564">
    <p class='ocr_par' dir='ltr' id='par_1_8' title="bbox 1914 493 3510 564">
     <span class='ocr_line' id='line_1_8' title="bbox 1914 493 3510 564; baseline 0.002 -20"><span class='ocrx_word' id='word_1_46' title='bbox 1914 493 1982 544; x_wconf 78' lang='lat' dir='ltr'><strong><em>ad</em></strong></span> <span class='ocrx_word' id='word_1_47' title='bbox 2003 493 2206 564; x_wconf 82' lang='lat' dir='ltr'><strong><em>puteos)</em></strong></span> <span class='ocrx_word' id='word_1_48' title='bbox 2231 502 2277 546; x_wconf 82' lang='lat' dir='ltr'><strong><em>et</em></strong></span> <span class='ocrx_word' id='word_1_49' title='bbox 2301 510 2403 547; x_wconf 87' lang='lat' dir='ltr'><strong><em>non</em></strong></span> <span class='ocrx_word' id='word_1_50' title='bbox 2424 495 2728 548; x_wconf 76' lang='lat' dir='ltr'><strong><em>invenerunt</em></strong></span> <span class='ocrx_word' id='word_1_51' title='bbox 2748 510 2956 564; x_wconf 89' lang='lat' dir='ltr'><strong><em>aquam,</em></strong></span> <span class='ocrx_word' id='word_1_52' title='bbox 2973 504 3366 564; x_wconf 69' lang='lat' dir='ltr'><strong><em>reportaverunt</em></strong></span> <span class='ocrx_word' id='word_1_53' title='bbox 3389 511 3510 550; x_wconf 84' lang='lat' dir='ltr'><strong><em>rasa</em></strong></span> 
     </span>
    </p>
   </div>
   <div class='ocr_carea' id='block_1_9' title="bbox 1915 587 3514 661">
    <p class='ocr_par' dir='ltr' id='par_1_9' title="bbox 1915 587 3514 661">
     <span class='ocr_line' id='line_1_9' title="bbox 1915 587 3514 661; baseline 0.003 -21"><span class='ocrx_word' id='word_1_54' title='bbox 1915 603 2010 641; x_wconf 87' lang='lat' dir='ltr'><strong><em>sua</em></strong></span> <span class='ocrx_word' id='word_1_55' title='bbox 2039 603 2223 654; x_wconf 84' lang='lat' dir='ltr'><strong><em>racua,</em></strong></span> <span class='ocrx_word' id='word_1_56' title='bbox 2257 587 2464 656; x_wconf 77' lang='lat' dir='ltr'><strong><em>confusi</em></strong></span> <span class='ocrx_word' id='word_1_57' title='bbox 2489 598 2608 642; x_wconf 87' lang='lat' dir='ltr'><strong><em>sunt</em></strong></span> <span class='ocrx_word' id='word_1_58' title='bbox 2631 597 2678 642; x_wconf 91' lang='lat' dir='ltr'><strong><em>et</em></strong></span> <span class='ocrx_word' id='word_1_59' title='bbox 2703 589 2889 660; x_wconf 79' lang='lat' dir='ltr'><strong><em>afﬂicti</em></strong></span> <span class='ocrx_word' id='word_1_60' title='bbox 2915 587 3053 661; x_wconf 86' lang='lat' dir='ltr'><strong><em>(sive</em></strong></span> <span class='ocrx_word' id='word_1_61' title='bbox 3081 587 3440 658; x_wconf 87' lang='lat' dir='ltr'><strong><em>erubuerunt),</em></strong></span> <span class='ocrx_word' id='word_1_62' title='bbox 3463 599 3514 645; x_wconf 87' lang='lat' dir='ltr'><strong><em>et</em></strong></span> 
     </span>
    </p>
   </div>
   <div class='ocr_carea' id='block_1_10' title="bbox 1919 682 3515 756">
    <p class='ocr_par' dir='ltr' id='par_1_10' title="bbox 1919 682 3515 756">
     <span class='ocr_line' id='line_1_10' title="bbox 1919 682 3515 756; baseline 0.003 -22"><span class='ocrx_word' id='word_1_63' title='bbox 1919 690 2228 752; x_wconf 83' lang='lat' dir='ltr'><strong><em>operuerunt</em></strong></span> <span class='ocrx_word' id='word_1_64' title='bbox 2274 683 2444 754; x_wconf 78' lang='lat' dir='ltr'><strong><em>capita</em></strong></span> <span class='ocrx_word' id='word_1_65' title='bbox 2492 697 2587 736; x_wconf 89' lang='lat' dir='ltr'><strong><em>sua</em></strong></span> <span class='ocrx_word' id='word_1_66' title='bbox 2619 690 2828 752; x_wconf 85' lang='lat' dir='ltr'><strong><em>propter</em></strong></span> <span class='ocrx_word' id='word_1_67' title='bbox 2854 690 3006 737; x_wconf 71' lang='lat' dir='ltr'><strong><em>terrm</em></strong></span> <span class='ocrx_word' id='word_1_68' title='bbox 3042 683 3332 738; x_wconf 78' lang='lat' dir='ltr'><strong><em>vastitatem</em></strong></span> <span class='ocrx_word' id='word_1_69' title='bbox 3376 682 3515 756; x_wconf 87' lang='lat' dir='ltr'><strong><em>(sive</em></strong></span> 
     </span>
    </p>
   </div>
   <div class='ocr_carea' id='block_1_11' title="bbox 287 773 3514 854">
    <p class='ocr_par' dir='ltr' id='par_1_11' title="bbox 287 773 3514 854">
     <span class='ocr_line' id='line_1_11' title="bbox 287 773 3514 854; baseline -0.002 -18"><span class='ocrx_word' id='word_1_70' title='bbox 287 781 468 854; x_wconf 86' lang='lat' dir='ltr'><strong><em>(Vers.</em></strong></span> <span class='ocrx_word' id='word_1_71' title='bbox 503 780 624 852; x_wconf 75' lang='grc'><strong><em>26.)</em></strong></span> <span class='ocrx_word' id='word_1_72' title='bbox 665 780 802 849; x_wconf 82' lang='lat' dir='ltr'><strong><em>Quia</em></strong></span> <span class='ocrx_word' id='word_1_73' title='bbox 833 780 989 835; x_wconf 84' lang='lat' dir='ltr'><strong><em>oblita</em></strong></span> <span class='ocrx_word' id='word_1_74' title='bbox 1020 795 1072 834; x_wconf 86' lang='lat' dir='ltr'><strong><em>es</em></strong></span> <span class='ocrx_word' id='word_1_75' title='bbox 1103 779 1201 834; x_wconf 87' lang='lat' dir='ltr'><strong><em>mei</em></strong></span> <span class='ocrx_word' id='word_1_76' title='bbox 1227 819 1243 846; x_wconf 95' lang='lat'><strong><em>,</em></strong></span> <span class='ocrx_word' id='word_1_77' title='bbox 1291 785 1342 832; x_wconf 89' lang='lat' dir='ltr'><strong><em>et</em></strong></span> <span class='ocrx_word' id='word_1_78' title='bbox 1372 776 1570 847; x_wconf 85' lang='lat' dir='ltr'><strong><em>conﬁsa</em></strong></span> <span class='ocrx_word' id='word_1_79' title='bbox 1595 791 1647 829; x_wconf 85' lang='lat' dir='ltr'><strong><em>es</em></strong></span> <span class='ocrx_word' id='word_1_80' title='bbox 1679 773 1816 846; x_wconf 87' lang='lat' dir='ltr'><strong><em>(sive</em></strong></span> <span class='ocrx_word' id='word_1_81' title='bbox 1917 785 1966 829; x_wconf 86' lang='lat' dir='ltr'><strong><em>et</em></strong></span> <span class='ocrx_word' id='word_1_82' title='bbox 2007 790 2167 845; x_wconf 92' lang='lat' dir='ltr'><strong><em>opera</em></strong></span> <span class='ocrx_word' id='word_1_83' title='bbox 2203 784 2373 840; x_wconf 65' lang='lat' dir='ltr'><strong><em>terra,</em></strong></span> <span class='ocrx_word' id='word_1_84' title='bbox 2420 777 2667 847; x_wconf 90' lang='lat' dir='ltr'><strong><em>quoniam</em></strong></span> <span class='ocrx_word' id='word_1_85' title='bbox 2695 774 3040 849; x_wconf 79' lang='lat' dir='ltr'><strong><em>defecerunt),</em></strong></span> <span class='ocrx_word' id='word_1_86' title='bbox 3071 777 3196 849; x_wconf 89' lang='lat' dir='ltr'><strong><em>quia</em></strong></span> <span class='ocrx_word' id='word_1_87' title='bbox 3240 794 3343 832; x_wconf 92' lang='lat' dir='ltr'><strong><em>non</em></strong></span> <span class='ocrx_word' id='word_1_88' title='bbox 3381 777 3514 833; x_wconf 79' lang='lat' dir='ltr'><strong><em>venit</em></strong></span> 
     </span>
    </p>
   </div>
   <div class='ocr_carea' id='block_1_12' title="bbox 219 868 1818 948">
    <p class='ocr_par' dir='ltr' id='par_1_12' title="bbox 219 868 1818 948">
     <span class='ocr_line' id='line_1_12' title="bbox 219 868 1818 948; baseline -0.009 -16"><span class='ocrx_word' id='word_1_89' title='bbox 219 875 461 948; x_wconf 84' lang='lat' dir='ltr'><strong><em>sperasti)</em></strong></span> <span class='ocrx_word' id='word_1_90' title='bbox 504 874 560 928; x_wconf 91' lang='lat' dir='ltr'><strong><em>in</em></strong></span> <span class='ocrx_word' id='word_1_91' title='bbox 590 873 860 928; x_wconf 86' lang='lat' dir='ltr'><strong><em>mendacio</em></strong></span> <span class='ocrx_word' id='word_1_92' title='bbox 893 889 912 927; x_wconf 90' lang='lat'><strong><em>:</em></strong></span> <span class='ocrx_word' id='word_1_93' title='bbox 942 871 1080 927; x_wconf 86' lang='lat' dir='ltr'><strong><em>unde</em></strong></span> <span class='ocrx_word' id='word_1_94' title='bbox 1115 880 1161 926; x_wconf 88' lang='lat' dir='ltr'><strong><em>et</em></strong></span> <span class='ocrx_word' id='word_1_95' title='bbox 1205 885 1300 942; x_wconf 87' lang='lat' dir='ltr'><strong><em>ego</em></strong></span> <span class='ocrx_word' id='word_1_96' title='bbox 1333 869 1526 924; x_wconf 79' lang='lat' dir='ltr'><strong><em>nudari</em></strong></span> <span class='ocrx_word' id='word_1_97' title='bbox 1555 868 1694 939; x_wconf 84' lang='lat' dir='ltr'><strong><em>(sive</em></strong></span> <span class='ocrx_word' id='word_1_98' title='bbox 1721 882 1818 920; x_wconf 86' lang='lat' dir='ltr'><strong><em>nu-</em></strong></span> 
     </span>
    </p>
   </div>
   <div class='ocr_carea' id='block_1_13' title="bbox 221 963 1818 1041">
    <p class='ocr_par' dir='ltr' id='par_1_13' title="bbox 221 963 1818 1041">
     <span class='ocr_line' id='line_1_13' title="bbox 221 963 1818 1041; baseline -0.008 -16"><span class='ocrx_word' id='word_1_99' title='bbox 221 971 349 1025; x_wconf 89' lang='lat' dir='ltr'><strong><em>dabo</em></strong></span> <span class='ocrx_word' id='word_1_100' title='bbox 377 980 427 1025; x_wconf 89' lang='lat' dir='ltr'><strong><em>et</em></strong></span> <span class='ocrx_word' id='word_1_101' title='bbox 457 966 716 1038; x_wconf 87' lang='lat' dir='ltr'><strong><em>revelabo)</em></strong></span> <span class='ocrx_word' id='word_1_102' title='bbox 745 971 976 1041; x_wconf 81' lang='lat' dir='ltr'><strong><em>femora,</em></strong></span> <span class='ocrx_word' id='word_1_103' title='bbox 1011 975 1059 1019; x_wconf 90' lang='lat' dir='ltr'><strong><em>et</em></strong></span> <span class='ocrx_word' id='word_1_104' title='bbox 1096 967 1381 1033; x_wconf 85' lang='lat' dir='ltr'><strong><em>posteriora</em></strong></span> <span class='ocrx_word' id='word_1_105' title='bbox 1410 970 1500 1016; x_wconf 91' lang='lat' dir='ltr'><strong><em>tua</em></strong></span> <span class='ocrx_word' id='word_1_106' title='bbox 1527 969 1707 1015; x_wconf 88' lang='lat' dir='ltr'><strong><em>contra</em></strong></span> <span class='ocrx_word' id='word_1_107' title='bbox 1738 963 1818 1030; x_wconf 80' lang='lat' dir='ltr'><strong><em>fa-</em></strong></span> 
     </span>
    </p>
   </div>
   <div class='ocr_carea' id='block_1_14' title="bbox 219 1053 1822 1134">
    <p class='ocr_par' dir='ltr' id='par_1_14' title="bbox 219 1053 1822 1134">
     <span class='ocr_line' id='line_1_14' title="bbox 219 1053 1822 1134; baseline -0.008 -16"><span class='ocrx_word' id='word_1_108' title='bbox 219 1063 345 1118; x_wconf 85' lang='lat' dir='ltr'><strong><em>ciem</em></strong></span> <span class='ocrx_word' id='word_1_109' title='bbox 375 1072 550 1126; x_wconf 88' lang='lat' dir='ltr'><strong><em>tuam,</em></strong></span> <span class='ocrx_word' id='word_1_110' title='bbox 592 1071 639 1116; x_wconf 89' lang='lat' dir='ltr'><strong><em>et</em></strong></span> <span class='ocrx_word' id='word_1_111' title='bbox 669 1060 937 1134; x_wconf 80' lang='lat' dir='ltr'><strong><em>apparebit</em></strong></span> <span class='ocrx_word' id='word_1_112' title='bbox 979 1058 1176 1133; x_wconf 85' lang='lat' dir='ltr'><strong><em>[Vulg.</em></strong></span> <span class='ocrx_word' id='word_1_113' title='bbox 1224 1053 1504 1130; x_wconf 85' lang='lat' dir='ltr'><strong><em>apparuit]</em></strong></span> <span class='ocrx_word' id='word_1_114' title='bbox 1535 1053 1822 1127; x_wconf 85' lang='lat' dir='ltr'><strong><em>ignominia</em></strong></span> 
     </span>
    </p>
   </div>
   <div class='ocr_carea' id='block_1_15' title="bbox 221 1147 1818 1223">
    <p class='ocr_par' dir='ltr' id='par_1_15' title="bbox 221 1147 1818 1223">
     <span class='ocr_line' id='line_1_15' title="bbox 221 1147 1818 1223; baseline -0.007 -12"><span class='ocrx_word' id='word_1_115' title='bbox 221 1166 327 1223; x_wconf 88' lang='lat' dir='ltr'><strong><em>tua,</em></strong></span> <span class='ocrx_word' id='word_1_116' title='bbox 365 1154 630 1209; x_wconf 84' lang='lat' dir='ltr'><strong><em>adulteria</em></strong></span> <span class='ocrx_word' id='word_1_117' title='bbox 658 1162 770 1219; x_wconf 91' lang='lat' dir='ltr'><strong><em>tua,</em></strong></span> <span class='ocrx_word' id='word_1_118' title='bbox 805 1163 852 1208; x_wconf 87' lang='lat' dir='ltr'><strong><em>et</em></strong></span> <span class='ocrx_word' id='word_1_119' title='bbox 895 1151 1124 1206; x_wconf 85' lang='lat' dir='ltr'><strong><em>hinnitus</em></strong></span> <span class='ocrx_word' id='word_1_120' title='bbox 1153 1159 1308 1216; x_wconf 85' lang='lat' dir='ltr'><strong><em>tuus,</em></strong></span> <span class='ocrx_word' id='word_1_121' title='bbox 1349 1149 1518 1203; x_wconf 87' lang='lat' dir='ltr'><strong><em>scelus</em></strong></span> <span class='ocrx_word' id='word_1_122' title='bbox 1548 1147 1656 1218; x_wconf 85' lang='lat' dir='ltr'><strong><em>(vel</em></strong></span> <span class='ocrx_word' id='word_1_123' title='bbox 1691 1147 1818 1200; x_wconf 84' lang='lat' dir='ltr'><strong><em>alie-</em></strong></span> 
     </span>
    </p>
   </div>
   <div class='ocr_carea' id='block_1_16' title="bbox 221 1238 1825 1318">
    <p class='ocr_par' dir='ltr' id='par_1_16' title="bbox 221 1238 1825 1318">
     <span class='ocr_line' id='line_1_16' title="bbox 221 1238 1825 1318; baseline -0.006 -15"><span class='ocrx_word' id='word_1_124' title='bbox 221 1249 383 1318; x_wconf 82' lang='lat' dir='ltr'><strong><em>natio)</em></strong></span> <span class='ocrx_word' id='word_1_125' title='bbox 418 1245 788 1318; x_wconf 76' lang='lat' dir='ltr'><strong><em>fornicationis</em></strong></span> <span class='ocrx_word' id='word_1_126' title='bbox 817 1254 919 1301; x_wconf 77' lang='lat' dir='ltr'><strong><em>tua:</em></strong></span> <span class='ocrx_word' id='word_1_127' title='bbox 949 1260 968 1300; x_wconf 90' lang='lat'><strong><em>:</em></strong></span> <span class='ocrx_word' id='word_1_128' title='bbox 999 1244 1176 1299; x_wconf 84' lang='lat' dir='ltr'><strong><em>Causa</em></strong></span> <span class='ocrx_word' id='word_1_129' title='bbox 1209 1241 1573 1314; x_wconf 90' lang='lat' dir='ltr'><strong><em>dispersionis</em></strong></span> <span class='ocrx_word' id='word_1_130' title='bbox 1606 1238 1825 1296; x_wconf 82' lang='lat' dir='ltr'><strong><em>Jerusa-</em></strong></span> 
     </span>
    </p>
   </div>
   <div class='ocr_carea' id='block_1_17' title="bbox 221 1333 1828 1413">
    <p class='ocr_par' dir='ltr' id='par_1_17' title="bbox 221 1333 1828 1413">
     <span class='ocr_line' id='line_1_17' title="bbox 221 1333 1828 1413; baseline -0.007 -13"><span class='ocrx_word' id='word_1_131' title='bbox 221 1343 350 1409; x_wconf 87' lang='lat' dir='ltr'><strong><em>lem,</em></strong></span> <span class='ocrx_word' id='word_1_132' title='bbox 381 1343 526 1413; x_wconf 91' lang='lat' dir='ltr'><strong><em>quod</em></strong></span> <span class='ocrx_word' id='word_1_133' title='bbox 557 1341 727 1398; x_wconf 90' lang='lat' dir='ltr'><strong><em>oblita</em></strong></span> <span class='ocrx_word' id='word_1_134' title='bbox 755 1341 826 1396; x_wconf 92' lang='lat' dir='ltr'><strong><em>sit</em></strong></span> <span class='ocrx_word' id='word_1_135' title='bbox 853 1339 989 1407; x_wconf 91' lang='lat' dir='ltr'><strong><em>Dei,</em></strong></span> <span class='ocrx_word' id='word_1_136' title='bbox 1028 1347 1084 1395; x_wconf 88' lang='lat' dir='ltr'><strong><em>et</em></strong></span> <span class='ocrx_word' id='word_1_137' title='bbox 1112 1339 1316 1395; x_wconf 92' lang='lat' dir='ltr'><strong><em>conlisa</em></strong></span> <span class='ocrx_word' id='word_1_138' title='bbox 1339 1379 1353 1404; x_wconf 89' lang='lat'><strong><em>,</em></strong></span> <span class='ocrx_word' id='word_1_139' title='bbox 1394 1338 1480 1394; x_wconf 90' lang='lat' dir='ltr'><strong><em>vel</em></strong></span> <span class='ocrx_word' id='word_1_140' title='bbox 1517 1333 1828 1408; x_wconf 81' lang='lat' dir='ltr'><strong><em>speraverit</em></strong></span> 
     </span>
    </p>
   </div>
   <div class='ocr_carea' id='block_1_18' title="bbox 222 1426 1829 1503">
    <p class='ocr_par' dir='ltr' id='par_1_18' title="bbox 222 1426 1829 1503">
     <span class='ocr_line' id='line_1_18' title="bbox 222 1426 1829 1503; baseline -0.007 -10"><span class='ocrx_word' id='word_1_141' title='bbox 222 1435 277 1494; x_wconf 89' lang='lat' dir='ltr'><strong><em>in</em></strong></span> <span class='ocrx_word' id='word_1_142' title='bbox 320 1433 644 1490; x_wconf 74' lang='lat' dir='ltr'><strong><em>mendaciis.</em></strong></span> <span class='ocrx_word' id='word_1_143' title='bbox 693 1433 797 1500; x_wconf 84' lang='lat' dir='ltr'><strong><em>Qui</em></strong></span> <span class='ocrx_word' id='word_1_144' title='bbox 845 1443 1047 1503; x_wconf 62' lang='lat' dir='ltr'><strong><em>praeter</em></strong></span> <span class='ocrx_word' id='word_1_145' title='bbox 1087 1432 1259 1486; x_wconf 92' lang='lat' dir='ltr'><strong><em>Deum</em></strong></span> <span class='ocrx_word' id='word_1_146' title='bbox 1307 1430 1360 1486; x_wconf 91' lang='lat' dir='ltr'><strong><em>in</em></strong></span> <span class='ocrx_word' id='word_1_147' title='bbox 1399 1429 1562 1485; x_wconf 83' lang='lat' dir='ltr'><strong><em>rebus</em></strong></span> <span class='ocrx_word' id='word_1_148' title='bbox 1603 1426 1829 1485; x_wconf 88' lang='lat' dir='ltr'><strong><em>conlidit</em></strong></span> 
     </span>
    </p>
   </div>
   <div class='ocr_carea' id='block_1_19' title="bbox 223 1519 1829 1594">
    <p class='ocr_par' dir='ltr' id='par_1_19' title="bbox 223 1519 1829 1594">
     <span class='ocr_line' id='line_1_19' title="bbox 223 1519 1829 1594; baseline -0.007 -8"><span class='ocrx_word' id='word_1_149' title='bbox 223 1529 434 1594; x_wconf 80' lang='lat' dir='ltr'><strong><em>saeculi,</em></strong></span> <span class='ocrx_word' id='word_1_150' title='bbox 457 1526 806 1583; x_wconf 85' lang='lat' dir='ltr'><strong><em>obliviscitur</em></strong></span> <span class='ocrx_word' id='word_1_151' title='bbox 822 1525 941 1580; x_wconf 88' lang='lat' dir='ltr'><strong><em>Dei.</em></strong></span> <span class='ocrx_word' id='word_1_152' title='bbox 967 1523 1124 1580; x_wconf 80' lang='lat' dir='ltr'><strong><em>Unde</em></strong></span> <span class='ocrx_word' id='word_1_153' title='bbox 1148 1525 1464 1581; x_wconf 80' lang='lat' dir='ltr'><strong><em>revelantur</em></strong></span> <span class='ocrx_word' id='word_1_154' title='bbox 1481 1522 1710 1588; x_wconf 84' lang='lat' dir='ltr'><strong><em>femora,</em></strong></span> <span class='ocrx_word' id='word_1_155' title='bbox 1743 1519 1829 1576; x_wconf 88' lang='lat' dir='ltr'><strong><em>vel</em></strong></span> 
     </span>
    </p>
   </div>
   <div class='ocr_carea' id='block_1_20' title="bbox 225 1616 1830 1692">
    <p class='ocr_par' dir='ltr' id='par_1_20' title="bbox 225 1616 1830 1692">
     <span class='ocr_line' id='line_1_20' title="bbox 225 1616 1830 1692; baseline -0.007 -14"><span class='ocrx_word' id='word_1_156' title='bbox 225 1620 531 1692; x_wconf 85' lang='lat' dir='ltr'><strong><em>posteriora</em></strong></span> <span class='ocrx_word' id='word_1_157' title='bbox 557 1619 698 1689; x_wconf 85' lang='lat' dir='ltr'><strong><em>ejus,</em></strong></span> <span class='ocrx_word' id='word_1_158' title='bbox 726 1628 784 1674; x_wconf 94' lang='lat' dir='ltr'><strong><em>ut</em></strong></span> <span class='ocrx_word' id='word_1_159' title='bbox 811 1617 997 1673; x_wconf 79' lang='lat' dir='ltr'><strong><em>videat</em></strong></span> <span class='ocrx_word' id='word_1_160' title='bbox 1025 1616 1379 1688; x_wconf 77' lang='lat' dir='ltr'><strong><em>ignominiam</em></strong></span> <span class='ocrx_word' id='word_1_161' title='bbox 1407 1631 1560 1670; x_wconf 91' lang='lat' dir='ltr'><strong><em>suam</em></strong></span> <span class='ocrx_word' id='word_1_162' title='bbox 1589 1631 1604 1668; x_wconf 88' lang='lat'><strong>:</strong></span> <span class='ocrx_word' id='word_1_163' title='bbox 1635 1621 1690 1669; x_wconf 89' lang='lat' dir='ltr'><strong><em>et</em></strong></span> <span class='ocrx_word' id='word_1_164' title='bbox 1711 1627 1830 1683; x_wconf 69' lang='lat' dir='ltr'><strong><em>quae</em></strong></span> 
     </span>
    </p>
   </div>
   <div class='ocr_carea' id='block_1_21' title="bbox 226 1710 1831 1781">
    <p class='ocr_par' dir='ltr' id='par_1_21' title="bbox 226 1710 1831 1781">
     <span class='ocr_line' id='line_1_21' title="bbox 226 1710 1831 1781; baseline -0.006 -10"><span class='ocrx_word' id='word_1_165' title='bbox 226 1725 374 1771; x_wconf 88' lang='lat' dir='ltr'><strong><em>retro</em></strong></span> <span class='ocrx_word' id='word_1_166' title='bbox 416 1728 540 1770; x_wconf 88' lang='lat' dir='ltr'><strong><em>esse</em></strong></span> <span class='ocrx_word' id='word_1_167' title='bbox 568 1712 868 1778; x_wconf 88' lang='lat' dir='ltr'><strong><em>deberent,</em></strong></span> <span class='ocrx_word' id='word_1_168' title='bbox 906 1711 1036 1766; x_wconf 89' lang='lat' dir='ltr'><strong><em>liant</em></strong></span> <span class='ocrx_word' id='word_1_169' title='bbox 1067 1711 1121 1764; x_wconf 91' lang='lat' dir='ltr'><strong><em>in</em></strong></span> <span class='ocrx_word' id='word_1_170' title='bbox 1166 1710 1444 1781; x_wconf 86' lang='lat' dir='ltr'><strong><em>prioribus</em></strong></span> <span class='ocrx_word' id='word_1_171' title='bbox 1479 1727 1491 1763; x_wconf 90' lang='lat'>:</span> <span class='ocrx_word' id='word_1_172' title='bbox 1527 1718 1831 1778; x_wconf 89' lang='lat' dir='ltr'><strong><em>cernatque</em></strong></span> 
     </span>
    </p>
   </div>
   <div class='ocr_carea' id='block_1_22' title="bbox 1922 867 3513 944">
    <p class='ocr_par' dir='ltr' id='par_1_22' title="bbox 1922 867 3513 944">
     <span class='ocr_line' id='line_1_22' title="bbox 1922 867 3513 944; baseline 0.002 -21"><span class='ocrx_word' id='word_1_173' title='bbox 1922 868 2066 940; x_wconf 90' lang='lat' dir='ltr'><strong><em>(sive</em></strong></span> <span class='ocrx_word' id='word_1_174' title='bbox 2085 885 2186 924; x_wconf 92' lang='lat' dir='ltr'><strong><em>non</em></strong></span> <span class='ocrx_word' id='word_1_175' title='bbox 2211 868 2344 942; x_wconf 89' lang='lat' dir='ltr'><strong><em>erat)</em></strong></span> <span class='ocrx_word' id='word_1_176' title='bbox 2366 867 2543 934; x_wconf 83' lang='lat' dir='ltr'><strong><em>pluria</em></strong></span> <span class='ocrx_word' id='word_1_177' title='bbox 2568 887 2725 941; x_wconf 85' lang='lat' dir='ltr'><strong><em>super</em></strong></span> <span class='ocrx_word' id='word_1_178' title='bbox 2744 881 2933 925; x_wconf 86' lang='lat' dir='ltr'><strong><em>terram</em></strong></span> <span class='ocrx_word' id='word_1_179' title='bbox 2957 888 2976 926; x_wconf 89' lang='lat'><strong><em>:</em></strong></span> <span class='ocrx_word' id='word_1_180' title='bbox 2995 875 3197 944; x_wconf 79' lang='lat' dir='ltr'><strong><em>confusi</em></strong></span> <span class='ocrx_word' id='word_1_181' title='bbox 3229 881 3349 928; x_wconf 86' lang='lat' dir='ltr'><strong><em>sunt</em></strong></span> <span class='ocrx_word' id='word_1_182' title='bbox 3370 872 3513 944; x_wconf 83' lang='lat' dir='ltr'><strong><em>agri-</em></strong></span> 
     </span>
    </p>
   </div>
   <div class='ocr_carea' id='block_1_23' title="bbox 1922 964 3515 1036">
    <p class='ocr_par' dir='ltr' id='par_1_23' title="bbox 1922 964 3515 1036">
     <span class='ocr_line' id='line_1_23' title="bbox 1922 964 3515 1036; baseline 0.004 -20"><span class='ocrx_word' id='word_1_183' title='bbox 1922 964 2084 1030; x_wconf 75' lang='lat' dir='ltr'><strong><em>colcc,</em></strong></span> <span class='ocrx_word' id='word_1_184' title='bbox 2133 975 2449 1036; x_wconf 86' lang='lat' dir='ltr'><strong><em>aperuerunt</em></strong></span> <span class='ocrx_word' id='word_1_185' title='bbox 2501 965 2672 1035; x_wconf 84' lang='lat' dir='ltr'><strong><em>capita</em></strong></span> <span class='ocrx_word' id='word_1_186' title='bbox 2719 983 2834 1020; x_wconf 86' lang='lat' dir='ltr'><strong><em>sua.</em></strong></span> <span class='ocrx_word' id='word_1_187' title='bbox 2889 966 3160 1036; x_wconf 86' lang='lat' dir='ltr'><strong><em>Tempore</em></strong></span> <span class='ocrx_word' id='word_1_188' title='bbox 3212 967 3515 1034; x_wconf 89' lang='lat' dir='ltr'><strong><em>siccitatis,</em></strong></span> 
     </span>
    </p>
   </div>
   <div class='ocr_carea' id='block_1_24' title="bbox 1924 1056 3522 1130">
    <p class='ocr_par' dir='ltr' id='par_1_24' title="bbox 1924 1056 3522 1130">
     <span class='ocr_line' id='line_1_24' title="bbox 1924 1056 3522 1130; baseline 0.005 -22"><span class='ocrx_word' id='word_1_189' title='bbox 1924 1056 2147 1127; x_wconf 90' lang='lat' dir='ltr'><strong><em>quando</em></strong></span> <span class='ocrx_word' id='word_1_190' title='bbox 2172 1058 2340 1130; x_wconf 74' lang='lat'><strong><em>938</em></strong></span> <span class='ocrx_word' id='word_1_191' title='bbox 2365 1056 2565 1113; x_wconf 81' lang='lat' dir='ltr'><strong><em>famem</em></strong></span> <span class='ocrx_word' id='word_1_192' title='bbox 2614 1059 2816 1130; x_wconf 87' lang='lat' dir='ltr'><strong><em>patitur</em></strong></span> <span class='ocrx_word' id='word_1_193' title='bbox 2837 1060 3133 1116; x_wconf 89' lang='lat' dir='ltr'><strong><em>multitudo</em></strong></span> <span class='ocrx_word' id='word_1_194' title='bbox 3175 1060 3434 1116; x_wconf 85' lang='lat' dir='ltr'><strong><em>audiendi</em></strong></span> <span class='ocrx_word' id='word_1_195' title='bbox 3465 1070 3522 1116; x_wconf 88' lang='lat' dir='ltr'><strong><em>et</em></strong></span> 
     </span>
    </p>
   </div>
   <div class='ocr_carea' id='block_1_25' title="bbox 1927 1149 3523 1223">
    <p class='ocr_par' dir='ltr' id='par_1_25' title="bbox 1927 1149 3523 1223">
     <span class='ocr_line' id='line_1_25' title="bbox 1927 1149 3523 1223; baseline 0.005 -21"><span class='ocrx_word' id='word_1_196' title='bbox 1927 1157 1953 1184; x_wconf 73' lang='grc' dir='ltr'>α</span> <span class='ocrx_word' id='word_1_197' title='bbox 1985 1149 2231 1205; x_wconf 88' lang='lat' dir='ltr'><strong><em>discendi</em></strong></span> <span class='ocrx_word' id='word_1_198' title='bbox 2259 1165 2576 1207; x_wconf 87' lang='lat' dir='ltr'><strong><em>sermonem</em></strong></span> <span class='ocrx_word' id='word_1_199' title='bbox 2605 1151 2724 1220; x_wconf 82' lang='lat' dir='ltr'><strong><em>Dei,</em></strong></span> <span class='ocrx_word' id='word_1_200' title='bbox 2762 1153 3146 1223; x_wconf 74' lang='lat' dir='ltr'><strong><em>lugetludzra,</em></strong></span> <span class='ocrx_word' id='word_1_201' title='bbox 3177 1156 3387 1211; x_wconf 76' lang='lat' dir='ltr'><strong><em>cultum</em></strong></span> <span class='ocrx_word' id='word_1_202' title='bbox 3423 1155 3523 1212; x_wconf 89' lang='lat' dir='ltr'><strong><em>Dei</em></strong></span> 
     </span>
    </p>
   </div>
   <div class='ocr_carea' id='block_1_26' title="bbox 1927 1243 3519 1319">
    <p class='ocr_par' dir='ltr' id='par_1_26' title="bbox 1927 1243 3519 1319">
     <span class='ocr_line' id='line_1_26' title="bbox 1927 1243 3519 1319; baseline 0.006 -23"><span class='ocrx_word' id='word_1_203' title='bbox 1927 1243 2080 1313; x_wconf 90' lang='lat' dir='ltr'><strong><em>prius</em></strong></span> <span class='ocrx_word' id='word_1_204' title='bbox 2101 1243 2306 1300; x_wconf 90' lang='lat' dir='ltr'><strong><em>habere</em></strong></span> <span class='ocrx_word' id='word_1_205' title='bbox 2335 1259 2395 1300; x_wconf 89' lang='lat' dir='ltr'><strong><em>se</em></strong></span> <span class='ocrx_word' id='word_1_206' title='bbox 2411 1245 2650 1316; x_wconf 90' lang='lat' dir='ltr'><strong><em>jactans,</em></strong></span> <span class='ocrx_word' id='word_1_207' title='bbox 2675 1255 2730 1301; x_wconf 89' lang='lat' dir='ltr'><strong><em>et</em></strong></span> <span class='ocrx_word' id='word_1_208' title='bbox 2758 1247 3168 1305; x_wconf 79' lang='lat' dir='ltr'><strong><em>confessionem</em></strong></span> <span class='ocrx_word' id='word_1_209' title='bbox 3194 1266 3341 1306; x_wconf 69' lang='lat' dir='ltr'><strong><em>vera:</em></strong></span> <span class='ocrx_word' id='word_1_210' title='bbox 3371 1251 3519 1319; x_wconf 90' lang='lat' dir='ltr'><strong><em>lidci,</em></strong></span> 
     </span>
    </p>
   </div>
   <div class='ocr_carea' id='block_1_27' title="bbox 1928 1339 3522 1418">
    <p class='ocr_par' dir='ltr' id='par_1_27' title="bbox 1928 1339 3522 1418">
     <span class='ocr_line' id='line_1_27' title="bbox 1928 1339 3522 1418; baseline 0.008 -28"><span class='ocrx_word' id='word_1_211' title='bbox 1928 1346 2212 1409; x_wconf 64' lang='lat' dir='ltr'><strong><em>portaeque</em></strong></span> <span class='ocrx_word' id='word_1_212' title='bbox 2251 1339 2372 1410; x_wconf 85' lang='lat' dir='ltr'><strong><em>ejus</em></strong></span> <span class='ocrx_word' id='word_1_213' title='bbox 2395 1341 2482 1396; x_wconf 92' lang='lat' dir='ltr'><strong><em>vel</em></strong></span> <span class='ocrx_word' id='word_1_214' title='bbox 2506 1352 2827 1408; x_wconf 85' lang='lat' dir='ltr'><strong><em>vacuantur,</em></strong></span> <span class='ocrx_word' id='word_1_215' title='bbox 2857 1345 2940 1399; x_wconf 85' lang='lat' dir='ltr'><strong><em>vel</em></strong></span> <span class='ocrx_word' id='word_1_216' title='bbox 2969 1357 3267 1412; x_wconf 88' lang='lat' dir='ltr'><strong><em>corruunt,</em></strong></span> <span class='ocrx_word' id='word_1_217' title='bbox 3295 1361 3430 1418; x_wconf 87' lang='lat' dir='ltr'><strong><em>quas</em></strong></span> <span class='ocrx_word' id='word_1_218' title='bbox 3455 1347 3522 1403; x_wconf 86' lang='lat' dir='ltr'><strong><em>ad</em></strong></span> 
     </span>
    </p>
   </div>
   <div class='ocr_carea' id='block_1_28' title="bbox 1930 1430 3527 1512">
    <p class='ocr_par' dir='ltr' id='par_1_28' title="bbox 1930 1430 3527 1512">
     <span class='ocr_line' id='line_1_28' title="bbox 1930 1430 3527 1512; baseline 0.009 -29"><span class='ocrx_word' id='word_1_219' title='bbox 1930 1445 2126 1486; x_wconf 91' lang='lat' dir='ltr'><strong><em>sensus</em></strong></span> <span class='ocrx_word' id='word_1_220' title='bbox 2151 1430 2361 1488; x_wconf 78' lang='lat' dir='ltr'><strong><em>referre</em></strong></span> <span class='ocrx_word' id='word_1_221' title='bbox 2387 1433 2656 1490; x_wconf 88' lang='lat' dir='ltr'><strong><em>debemus</em></strong></span> <span class='ocrx_word' id='word_1_222' title='bbox 2673 1478 2688 1501; x_wconf 86' lang='lat'><strong><em>,</em></strong></span> <span class='ocrx_word' id='word_1_223' title='bbox 2718 1453 2816 1504; x_wconf 86' lang='lat' dir='ltr'><strong><em>pcr</em></strong></span> <span class='ocrx_word' id='word_1_224' title='bbox 2836 1453 2974 1508; x_wconf 92' lang='lat' dir='ltr'><strong><em>quos</em></strong></span> <span class='ocrx_word' id='word_1_225' title='bbox 2995 1439 3191 1494; x_wconf 70' lang='lat' dir='ltr'><strong><em>anima:</em></strong></span> <span class='ocrx_word' id='word_1_226' title='bbox 3217 1441 3527 1512; x_wconf 84' lang='lat' dir='ltr'><strong><em>concipitur</em></strong></span> 
     </span>
    </p>
   </div>
   <div class='ocr_carea' id='block_1_29' title="bbox 1933 1523 3528 1595">
    <p class='ocr_par' dir='ltr' id='par_1_29' title="bbox 1933 1523 3528 1595">
     <span class='ocr_line' id='line_1_29' title="bbox 1933 1523 3528 1595; baseline 0.008 -18"><span class='ocrx_word' id='word_1_227' title='bbox 1933 1523 2289 1595; x_wconf 63' lang='lat' dir='ltr'><strong><em>adisciplina.</em></strong></span> <span class='ocrx_word' id='word_1_228' title='bbox 2311 1526 2466 1583; x_wconf 88' lang='lat' dir='ltr'><strong><em>Tunc</em></strong></span> <span class='ocrx_word' id='word_1_229' title='bbox 2489 1527 2856 1586; x_wconf 86' lang='lat' dir='ltr'><strong><em>obscurantur</em></strong></span> <span class='ocrx_word' id='word_1_230' title='bbox 2881 1532 3066 1587; x_wconf 90' lang='lat' dir='ltr'><strong><em>omnia</em></strong></span> <span class='ocrx_word' id='word_1_231' title='bbox 3098 1542 3152 1589; x_wconf 90' lang='lat' dir='ltr'><strong><em>ct</em></strong></span> <span class='ocrx_word' id='word_1_232' title='bbox 3177 1533 3528 1590; x_wconf 78' lang='lat' dir='ltr'><strong><em>involvuntur</em></strong></span> 
     </span>
    </p>
   </div>
   <div class='ocr_carea' id='block_1_30' title="bbox 1933 1621 3528 1700">
    <p class='ocr_par' dir='ltr' id='par_1_30' title="bbox 1933 1621 3528 1700">
     <span class='ocr_line' id='line_1_30' title="bbox 1933 1621 3528 1700; baseline 0.008 -26"><span class='ocrx_word' id='word_1_233' title='bbox 1933 1621 2208 1686; x_wconf 87' lang='lat' dir='ltr'><strong><em>tenebris;</em></strong></span> <span class='ocrx_word' id='word_1_234' title='bbox 2265 1631 2318 1677; x_wconf 89' lang='lat' dir='ltr'><strong><em>et</em></strong></span> <span class='ocrx_word' id='word_1_235' title='bbox 2350 1638 2692 1694; x_wconf 82' lang='lat' dir='ltr'><strong><em>nequaquam</em></strong></span> <span class='ocrx_word' id='word_1_236' title='bbox 2727 1625 2778 1679; x_wconf 92' lang='lat' dir='ltr'><strong><em>in</em></strong></span> <span class='ocrx_word' id='word_1_237' title='bbox 2811 1624 3113 1682; x_wconf 79' lang='lat' dir='ltr'><strong><em>Jerusalem</em></strong></span> <span class='ocrx_word' id='word_1_238' title='bbox 3160 1627 3306 1685; x_wconf 88' lang='lat' dir='ltr'><strong><em>ratio</em></strong></span> <span class='ocrx_word' id='word_1_239' title='bbox 3332 1638 3528 1700; x_wconf 83' lang='lat' dir='ltr'><strong><em>regnat</em></strong></span> 
     </span>
    </p>
   </div>
   <div class='ocr_carea' id='block_1_31' title="bbox 1933 1716 3532 1792">
    <p class='ocr_par' dir='ltr' id='par_1_31' title="bbox 1933 1716 3532 1792">
     <span class='ocr_line' id='line_1_31' title="bbox 1933 1716 3532 1792; baseline 0.006 -24"><span class='ocrx_word' id='word_1_240' title='bbox 1933 1723 1990 1768; x_wconf 88' lang='lat' dir='ltr'><strong><em>et</em></strong></span> <span class='ocrx_word' id='word_1_241' title='bbox 2020 1729 2203 1769; x_wconf 88' lang='lat' dir='ltr'><strong><em>sermo</em></strong></span> <span class='ocrx_word' id='word_1_242' title='bbox 2227 1716 2533 1785; x_wconf 69' lang='lat' dir='ltr'><strong><em>doctrinre;</em></strong></span> <span class='ocrx_word' id='word_1_243' title='bbox 2569 1717 2665 1773; x_wconf 90' lang='lat' dir='ltr'><strong><em>sed</em></strong></span> <span class='ocrx_word' id='word_1_244' title='bbox 2696 1718 2906 1774; x_wconf 89' lang='lat' dir='ltr'><strong><em>clamor</em></strong></span> <span class='ocrx_word' id='word_1_245' title='bbox 2926 1729 3094 1792; x_wconf 89' lang='lat' dir='ltr'><strong><em>atque</em></strong></span> <span class='ocrx_word' id='word_1_246' title='bbox 3115 1721 3386 1778; x_wconf 81' lang='lat' dir='ltr'><strong><em>confusio.</em></strong></span> <span class='ocrx_word' id='word_1_247' title='bbox 3421 1723 3532 1780; x_wconf 67' lang='lat' dir='ltr'><strong><em>hia-</em></strong></span> 
     </span>
    </p>
   </div>
   <div class='ocr_carea' id='block_1_32' title="bbox 226 1802 3538 1884">
    <p class='ocr_par' dir='ltr' id='par_1_32' title="bbox 226 1802 3538 1884">
     <span class='ocr_line' id='line_1_32' title="bbox 226 1802 3538 1884; baseline -0.003 -18"><span class='ocrx_word' id='word_1_248' title='bbox 226 1808 340 1881; x_wconf 89' lang='lat' dir='ltr'><strong><em>ipsa</em></strong></span> <span class='ocrx_word' id='word_1_249' title='bbox 369 1809 517 1880; x_wconf 91' lang='lat' dir='ltr'><strong><em>quod</em></strong></span> <span class='ocrx_word' id='word_1_250' title='bbox 539 1807 689 1872; x_wconf 85' lang='lat' dir='ltr'><strong><em>fecit,</em></strong></span> <span class='ocrx_word' id='word_1_251' title='bbox 704 1817 759 1862; x_wconf 90' lang='lat' dir='ltr'><strong><em>et</em></strong></span> <span class='ocrx_word' id='word_1_252' title='bbox 780 1805 1222 1878; x_wconf 80' lang='lat' dir='ltr'><strong><em>appareat937</em></strong></span> <span class='ocrx_word' id='word_1_253' title='bbox 1239 1802 1536 1876; x_wconf 88' lang='lat' dir='ltr'><strong><em>ignominia</em></strong></span> <span class='ocrx_word' id='word_1_254' title='bbox 1554 1803 1698 1872; x_wconf 85' lang='lat' dir='ltr'><strong><em>ejus,</em></strong></span> <span class='ocrx_word' id='word_1_255' title='bbox 1725 1817 1834 1858; x_wconf 90' lang='lat' dir='ltr'><strong><em>non</em></strong></span> <span class='ocrx_word' id='word_1_256' title='bbox 1867 1803 1913 1865; x_wconf 89' lang='lat' dir='ltr'><strong>B</strong></span> <span class='ocrx_word' id='word_1_257' title='bbox 1941 1808 2093 1880; x_wconf 87' lang='lat' dir='ltr'><strong><em>jores</em></strong></span> <span class='ocrx_word' id='word_1_258' title='bbox 2117 1824 2336 1879; x_wconf 89' lang='lat' dir='ltr'><strong><em>quoque</em></strong></span> <span class='ocrx_word' id='word_1_259' title='bbox 2362 1811 2454 1881; x_wconf 90' lang='lat' dir='ltr'><strong><em>qui</em></strong></span> <span class='ocrx_word' id='word_1_260' title='bbox 2476 1809 2746 1867; x_wconf 88' lang='lat' dir='ltr'><strong><em>deberent</em></strong></span> <span class='ocrx_word' id='word_1_261' title='bbox 2774 1811 2879 1882; x_wconf 88' lang='lat' dir='ltr'><strong><em>ipsi</em></strong></span> <span class='ocrx_word' id='word_1_262' title='bbox 2904 1829 3136 1884; x_wconf 75' lang='lat' dir='ltr'><strong><em>pergere</em></strong></span> <span class='ocrx_word' id='word_1_263' title='bbox 3164 1814 3230 1870; x_wconf 77' lang='lat' dir='ltr'><strong><em>ad</em></strong></span> <span class='ocrx_word' id='word_1_264' title='bbox 3275 1815 3538 1872; x_wconf 65' lang='grc' dir='ltr'><strong><em>ιηιιητερη-</em></strong></span> 
     </span>
    </p>
   </div>
   <div class='ocr_carea' id='block_1_33' title="bbox 227 1896 1832 1974">
    <p class='ocr_par' dir='ltr' id='par_1_33' title="bbox 227 1896 1832 1974">
     <span class='ocr_line' id='line_1_33' title="bbox 227 1896 1832 1974; baseline -0.007 -14"><span class='ocrx_word' id='word_1_265' title='bbox 227 1911 436 1960; x_wconf 84' lang='lat' dir='ltr'><strong><em>tantum</em></strong></span> <span class='ocrx_word' id='word_1_266' title='bbox 467 1903 592 1974; x_wconf 84' lang='lat' dir='ltr'><strong><em>ipsi,</em></strong></span> <span class='ocrx_word' id='word_1_267' title='bbox 627 1901 722 1958; x_wconf 91' lang='lat' dir='ltr'><strong><em>sed</em></strong></span> <span class='ocrx_word' id='word_1_268' title='bbox 752 1911 809 1957; x_wconf 91' lang='lat' dir='ltr'><strong><em>et</em></strong></span> <span class='ocrx_word' id='word_1_269' title='bbox 839 1900 1114 1956; x_wconf 77' lang='lat' dir='ltr'><strong><em>omnibus.</em></strong></span> <span class='ocrx_word' id='word_1_270' title='bbox 1149 1899 1423 1954; x_wconf 83' lang='lat' dir='ltr'><strong><em>Adulteria</em></strong></span> <span class='ocrx_word' id='word_1_271' title='bbox 1448 1937 1463 1962; x_wconf 87' lang='lat'><strong><em>,</em></strong></span> <span class='ocrx_word' id='word_1_272' title='bbox 1499 1896 1708 1966; x_wconf 81' lang='lat' dir='ltr'><strong><em>inquit,</em></strong></span> <span class='ocrx_word' id='word_1_273' title='bbox 1741 1906 1832 1948; x_wconf 86' lang='lat' dir='ltr'><strong><em>tua</em></strong></span> 
     </span>
    </p>
   </div>
   <div class='ocr_carea' id='block_1_34' title="bbox 229 1987 1832 2058">
    <p class='ocr_par' dir='ltr' id='par_1_34' title="bbox 229 1987 1832 2058">
     <span class='ocr_line' id='line_1_34' title="bbox 229 1987 1832 2058; baseline -0.009 -3"><span class='ocrx_word' id='word_1_274' title='bbox 229 2012 278 2056; x_wconf 87' lang='lat' dir='ltr'><strong><em>et</em></strong></span> <span class='ocrx_word' id='word_1_275' title='bbox 302 1997 540 2052; x_wconf 80' lang='lat' dir='ltr'><strong><em>hinnitus</em></strong></span> <span class='ocrx_word' id='word_1_276' title='bbox 564 2006 685 2050; x_wconf 87' lang='lat' dir='ltr'><strong><em>tuus</em></strong></span> <span class='ocrx_word' id='word_1_277' title='bbox 712 2011 821 2050; x_wconf 90' lang='lat' dir='ltr'><strong><em>non</em></strong></span> <span class='ocrx_word' id='word_1_278' title='bbox 852 1993 1030 2050; x_wconf 91' lang='lat' dir='ltr'><strong><em>solum</em></strong></span> <span class='ocrx_word' id='word_1_279' title='bbox 1069 1991 1354 2047; x_wconf 88' lang='lat' dir='ltr'><strong><em>libidinem</em></strong></span> <span class='ocrx_word' id='word_1_280' title='bbox 1379 2035 1392 2058; x_wconf 89' lang='lat'><strong><em>,</em></strong></span> <span class='ocrx_word' id='word_1_281' title='bbox 1439 1989 1534 2045; x_wconf 90' lang='lat' dir='ltr'><strong><em>sed</em></strong></span> <span class='ocrx_word' id='word_1_282' title='bbox 1567 1987 1832 2043; x_wconf 70' lang='lat' dir='ltr'><strong><em>insaniam</em></strong></span> 
     </span>
    </p>
   </div>
   <div class='ocr_carea' id='block_1_35' title="bbox 229 2081 1832 2157">
    <p class='ocr_par' dir='ltr' id='par_1_35' title="bbox 229 2081 1832 2157">
     <span class='ocr_line' id='line_1_35' title="bbox 229 2081 1832 2157; baseline -0.009 -8"><span class='ocrx_word' id='word_1_283' title='bbox 229 2091 475 2149; x_wconf 84' lang='lat' dir='ltr'><strong><em>OSleudil.</em></strong></span> <span class='ocrx_word' id='word_1_284' title='bbox 519 2089 766 2146; x_wconf 88' lang='lat' dir='ltr'><strong><em>libidinis</em></strong></span> <span class='ocrx_word' id='word_1_285' title='bbox 789 2133 804 2157; x_wconf 89' lang='lat'><strong><em>,</em></strong></span> <span class='ocrx_word' id='word_1_286' title='bbox 837 2103 1103 2157; x_wconf 89' lang='lat' dir='ltr'><strong><em>equarum</em></strong></span> <span class='ocrx_word' id='word_1_287' title='bbox 1139 2101 1330 2152; x_wconf 89' lang='lat' dir='ltr'><strong><em>more,</em></strong></span> <span class='ocrx_word' id='word_1_288' title='bbox 1368 2101 1489 2156; x_wconf 70' lang='lat' dir='ltr'><strong><em>quae</em></strong></span> <span class='ocrx_word' id='word_1_289' title='bbox 1520 2082 1586 2138; x_wconf 89' lang='lat' dir='ltr'><strong><em>ad</em></strong></span> <span class='ocrx_word' id='word_1_290' title='bbox 1629 2081 1832 2138; x_wconf 87' lang='lat' dir='ltr'><strong><em>coitum</em></strong></span> 
     </span>
    </p>
   </div>
   <div class='ocr_carea' id='block_1_36' title="bbox 230 2176 1834 2257">
    <p class='ocr_par' dir='ltr' id='par_1_36' title="bbox 230 2176 1834 2257">
     <span class='ocr_line' id='line_1_36' title="bbox 230 2176 1834 2257; baseline -0.006 -16"><span class='ocrx_word' id='word_1_291' title='bbox 230 2185 494 2257; x_wconf 86' lang='lat' dir='ltr'><strong><em>gestiunt,</em></strong></span> <span class='ocrx_word' id='word_1_292' title='bbox 529 2190 589 2238; x_wconf 91' lang='lat' dir='ltr'><strong><em>ut</em></strong></span> <span class='ocrx_word' id='word_1_293' title='bbox 616 2192 701 2239; x_wconf 92' lang='lat' dir='ltr'><strong><em>est</em></strong></span> <span class='ocrx_word' id='word_1_294' title='bbox 725 2181 856 2237; x_wconf 91' lang='lat' dir='ltr'><strong><em>illud</em></strong></span> <span class='ocrx_word' id='word_1_295' title='bbox 890 2179 1102 2251; x_wconf 75' lang='lat' dir='ltr'><strong><em>Virgilii</em></strong></span> <span class='ocrx_word' id='word_1_296' title='bbox 1133 2176 1350 2252; x_wconf 80' lang='lat' dir='ltr'><strong><em>(Georg.</em></strong></span> <span class='ocrx_word' id='word_1_297' title='bbox 1383 2193 1464 2244; x_wconf 88' lang='grc' dir='ltr'><strong><em>ιιι,</em></strong></span> <span class='ocrx_word' id='word_1_298' title='bbox 1495 2177 1628 2242; x_wconf 70' lang='lat'><strong><em>280,</em></strong></span> <span class='ocrx_word' id='word_1_299' title='bbox 1662 2176 1791 2246; x_wconf 75' lang='lat' dir='ltr'><strong><em>‘28t)</em></strong></span> <span class='ocrx_word' id='word_1_300' title='bbox 1820 2191 1834 2232; x_wconf 94' lang='lat'>:</span> 
     </span>
    </p>
   </div>
   <div class='ocr_carea' id='block_1_37' title="bbox 429 2295 1594 2363">
    <p class='ocr_par' dir='ltr' id='par_1_37' title="bbox 429 2295 1594 2363">
     <span class='ocr_line' id='line_1_37' title="bbox 429 2295 1594 2363; baseline -0.006 -12"><span class='ocrx_word' id='word_1_301' title='bbox 429 2298 874 2363; x_wconf 83' lang='lat' dir='ltr'><strong><em>....Hippomanes,</em></strong></span> <span class='ocrx_word' id='word_1_302' title='bbox 899 2295 1399 2363; x_wconf 75' lang='lat' dir='ltr'><strong><em>veroquodnomine</em></strong></span> <span class='ocrx_word' id='word_1_303' title='bbox 1423 2295 1594 2363; x_wconf 76' lang='lat' dir='ltr'><strong><em>dicunt</em></strong></span> 
     </span>
    </p>
   </div>
   <div class='ocr_carea' id='block_1_38' title="bbox 421 2357 1618 2420">
    <p class='ocr_par' dir='ltr' id='par_1_38' title="bbox 421 2357 1618 2420">
     <span class='ocr_line' id='line_1_38' title="bbox 421 2357 1618 2420; baseline -0.005 -8"><span class='ocrx_word' id='word_1_304' title='bbox 421 2357 676 2420; x_wconf 72' lang='lat' dir='ltr'><strong><em>Pastorés,</em></strong></span> <span class='ocrx_word' id='word_1_305' title='bbox 703 2357 892 2412; x_wconf 85' lang='lat' dir='ltr'><strong><em>lentum</em></strong></span> <span class='ocrx_word' id='word_1_306' title='bbox 914 2357 1119 2410; x_wconf 84' lang='lat' dir='ltr'><strong><em>distillat</em></strong></span> <span class='ocrx_word' id='word_1_307' title='bbox 1146 2359 1210 2409; x_wconf 86' lang='lat' dir='ltr'><strong><em>ab</em></strong></span> <span class='ocrx_word' id='word_1_308' title='bbox 1234 2357 1440 2420; x_wconf 89' lang='lat' dir='ltr'><strong><em>inguine</em></strong></span> <span class='ocrx_word' id='word_1_309' title='bbox 1467 2357 1618 2407; x_wconf 87' lang='lat' dir='ltr'><strong><em>virus.</em></strong></span> 
     </span>
    </p>
   </div>
   <div class='ocr_carea' id='block_1_39' title="bbox 237 2463 1841 2544">
    <p class='ocr_par' dir='ltr' id='par_1_39' title="bbox 237 2463 1841 2544">
     <span class='ocr_line' id='line_1_39' title="bbox 237 2463 1841 2544; baseline -0.007 -14"><span class='ocrx_word' id='word_1_310' title='bbox 237 2473 514 2544; x_wconf 77' lang='lat' dir='ltr'><strong><em>Rogemus</em></strong></span> <span class='ocrx_word' id='word_1_311' title='bbox 564 2469 750 2526; x_wconf 84' lang='lat' dir='ltr'><strong><em>Jesum</em></strong></span> <span class='ocrx_word' id='word_1_312' title='bbox 801 2477 860 2524; x_wconf 93' lang='lat' dir='ltr'><strong><em>ut</em></strong></span> <span class='ocrx_word' id='word_1_313' title='bbox 889 2483 988 2524; x_wconf 91' lang='lat' dir='ltr'><strong><em>nec</em></strong></span> <span class='ocrx_word' id='word_1_314' title='bbox 1021 2467 1074 2523; x_wconf 92' lang='lat' dir='ltr'><strong><em>in</em></strong></span> <span class='ocrx_word' id='word_1_315' title='bbox 1129 2465 1386 2537; x_wconf 62' lang='lat' dir='ltr'><strong><em>prasenti</em></strong></span> <span class='ocrx_word' id='word_1_316' title='bbox 1429 2480 1530 2520; x_wconf 90' lang='lat' dir='ltr'><strong><em>nec</em></strong></span> <span class='ocrx_word' id='word_1_317' title='bbox 1576 2465 1630 2520; x_wconf 93' lang='lat' dir='ltr'><strong><em>in</em></strong></span> <span class='ocrx_word' id='word_1_318' title='bbox 1659 2463 1841 2519; x_wconf 77' lang='lat' dir='ltr'><strong><em>futuro</em></strong></span> 
     </span>
    </p>
   </div>
   <div class='ocr_carea' id='block_1_40' title="bbox 240 2560 1841 2636">
    <p class='ocr_par' dir='ltr' id='par_1_40' title="bbox 240 2560 1841 2636">
     <span class='ocr_line' id='line_1_40' title="bbox 240 2560 1841 2636; baseline -0.009 -10"><span class='ocrx_word' id='word_1_319' title='bbox 240 2569 449 2626; x_wconf 69' lang='lat' dir='ltr'><strong><em>swculo</em></strong></span> <span class='ocrx_word' id='word_1_320' title='bbox 477 2566 696 2624; x_wconf 89' lang='lat' dir='ltr'><strong><em>revelet</em></strong></span> <span class='ocrx_word' id='word_1_321' title='bbox 724 2564 930 2621; x_wconf 80' lang='lat' dir='ltr'><strong><em>femora</em></strong></span> <span class='ocrx_word' id='word_1_322' title='bbox 957 2563 1068 2636; x_wconf 83' lang='lat' dir='ltr'><strong><em>[AL</em></strong></span> <span class='ocrx_word' id='word_1_323' title='bbox 1102 2561 1414 2635; x_wconf 82' lang='lat' dir='ltr'><strong><em>feminalia],</em></strong></span> <span class='ocrx_word' id='word_1_324' title='bbox 1450 2570 1506 2618; x_wconf 90' lang='lat' dir='ltr'><strong><em>et</em></strong></span> <span class='ocrx_word' id='word_1_325' title='bbox 1535 2560 1841 2631; x_wconf 86' lang='lat' dir='ltr'><strong><em>posteriora</em></strong></span> 
     </span>
    </p>
   </div>
   <div class='ocr_carea' id='block_1_41' title="bbox 241 2657 1845 2726">
    <p class='ocr_par' dir='ltr' id='par_1_41' title="bbox 241 2657 1845 2726">
     <span class='ocr_line' id='line_1_41' title="bbox 241 2657 1845 2726; baseline -0.007 -7"><span class='ocrx_word' id='word_1_326' title='bbox 241 2674 450 2725; x_wconf 83' lang='lat' dir='ltr'><strong><em>nostra,</em></strong></span> <span class='ocrx_word' id='word_1_327' title='bbox 477 2660 575 2717; x_wconf 89' lang='lat' dir='ltr'><strong><em>sed</em></strong></span> <span class='ocrx_word' id='word_1_328' title='bbox 610 2671 667 2714; x_wconf 90' lang='lat' dir='ltr'><strong><em>ut</em></strong></span> <span class='ocrx_word' id='word_1_329' title='bbox 697 2659 878 2716; x_wconf 85' lang='lat' dir='ltr'><strong><em>deleat</em></strong></span> <span class='ocrx_word' id='word_1_330' title='bbox 918 2673 1111 2714; x_wconf 87' lang='lat' dir='ltr'><strong><em>omnes</em></strong></span> <span class='ocrx_word' id='word_1_331' title='bbox 1161 2657 1477 2726; x_wconf 88' lang='lat' dir='ltr'><strong><em>iniquitates</em></strong></span> <span class='ocrx_word' id='word_1_332' title='bbox 1528 2663 1764 2719; x_wconf 88' lang='lat' dir='ltr'><strong><em>nostras,</em></strong></span> <span class='ocrx_word' id='word_1_333' title='bbox 1789 2662 1845 2708; x_wconf 90' lang='lat' dir='ltr'><strong><em>et</em></strong></span> 
     </span>
    </p>
   </div>
   <div class='ocr_carea' id='block_1_42' title="bbox 242 2747 1325 2824">
    <p class='ocr_par' dir='ltr' id='par_1_42' title="bbox 242 2747 1325 2824">
     <span class='ocr_line' id='line_1_42' title="bbox 242 2747 1325 2824; baseline -0.011 -10"><span class='ocrx_word' id='word_1_334' title='bbox 242 2757 428 2814; x_wconf 86' lang='lat' dir='ltr'><strong><em>omnia</em></strong></span> <span class='ocrx_word' id='word_1_335' title='bbox 461 2754 669 2811; x_wconf 84' lang='lat' dir='ltr'><strong><em>scelera</em></strong></span> <span class='ocrx_word' id='word_1_336' title='bbox 697 2766 967 2824; x_wconf 87' lang='lat' dir='ltr'><strong><em>apparere</em></strong></span> <span class='ocrx_word' id='word_1_337' title='bbox 998 2764 1106 2804; x_wconf 90' lang='lat' dir='ltr'><strong><em>non</em></strong></span> <span class='ocrx_word' id='word_1_338' title='bbox 1139 2747 1325 2803; x_wconf 78' lang='lat' dir='ltr'><strong><em>faciat.</em></strong></span> 
     </span>
    </p>
   </div>
   <div class='ocr_carea' id='block_1_43' title="bbox 318 2838 1848 2923">
    <p class='ocr_par' dir='ltr' id='par_1_43' title="bbox 318 2838 1848 2923">
     <span class='ocr_line' id='line_1_43' title="bbox 318 2838 1848 2923; baseline -0.007 -21"><span class='ocrx_word' id='word_1_339' title='bbox 318 2849 502 2923; x_wconf 86' lang='lat' dir='ltr'><strong><em>(Vers.</em></strong></span> <span class='ocrx_word' id='word_1_340' title='bbox 536 2842 656 2916; x_wconf 76' lang='lat'><strong><em>27.)</em></strong></span> <span class='ocrx_word' id='word_1_341' title='bbox 681 2846 855 2918; x_wconf 80' lang='lat' dir='ltr'><strong><em>Super</em></strong></span> <span class='ocrx_word' id='word_1_342' title='bbox 884 2842 1045 2898; x_wconf 82' lang='lat' dir='ltr'><strong><em>colles</em></strong></span> <span class='ocrx_word' id='word_1_343' title='bbox 1066 2843 1121 2897; x_wconf 87' lang='lat' dir='ltr'><strong><em>iu</em></strong></span> <span class='ocrx_word' id='word_1_344' title='bbox 1148 2857 1278 2915; x_wconf 90' lang='lat' dir='ltr'><strong><em>agro</em></strong></span> <span class='ocrx_word' id='word_1_345' title='bbox 1302 2841 1408 2894; x_wconf 86' lang='lat' dir='ltr'><strong><em>vidi</em></strong></span> <span class='ocrx_word' id='word_1_346' title='bbox 1435 2838 1848 2894; x_wconf 82' lang='lat' dir='ltr'><strong><em>abominationcs</em></strong></span> 
     </span>
    </p>
   </div>
   <div class='ocr_carea' id='block_1_44' title="bbox 245 2930 1850 3004">
    <p class='ocr_par' dir='ltr' id='par_1_44' title="bbox 245 2930 1850 3004">
     <span class='ocr_line' id='line_1_44' title="bbox 245 2930 1850 3004; baseline -0.01 -6"><span class='ocrx_word' id='word_1_347' title='bbox 245 2954 381 2998; x_wconf 87' lang='lat' dir='ltr'><strong><em>tuas.</em></strong></span> <span class='ocrx_word' id='word_1_348' title='bbox 423 2940 516 2996; x_wconf 74' lang='grc' dir='ltr'><strong><em>γω</em></strong></span> <span class='ocrx_word' id='word_1_349' title='bbox 539 2939 654 3002; x_wconf 82' lang='lat' dir='ltr'><strong><em>tibi.</em></strong></span> <span class='ocrx_word' id='word_1_350' title='bbox 681 2937 1004 3002; x_wconf 81' lang='lat' dir='ltr'><strong><em>Jerusalem,</em></strong></span> <span class='ocrx_word' id='word_1_351' title='bbox 1059 2953 1165 2990; x_wconf 91' lang='lat' dir='ltr'><strong><em>non</em></strong></span> <span class='ocrx_word' id='word_1_352' title='bbox 1186 2933 1517 2989; x_wconf 80' lang='lat' dir='ltr'><strong><em>mundabcris</em></strong></span> <span class='ocrx_word' id='word_1_353' title='bbox 1560 2932 1698 3004; x_wconf 79' lang='lat' dir='ltr'><strong><em>(sive</em></strong></span> <span class='ocrx_word' id='word_1_354' title='bbox 1727 2930 1850 3002; x_wconf 88' lang='lat' dir='ltr'><strong><em>quia</em></strong></span> 
     </span>
    </p>
   </div>
   <div class='ocr_carea' id='block_1_45' title="bbox 245 3024 1848 3103">
    <p class='ocr_par' dir='ltr' id='par_1_45' title="bbox 245 3024 1848 3103">
     <span class='ocr_line' id='line_1_45' title="bbox 245 3024 1848 3103; baseline -0.008 -13"><span class='ocrx_word' id='word_1_355' title='bbox 245 3052 348 3090; x_wconf 89' lang='lat' dir='ltr'><strong><em>non</em></strong></span> <span class='ocrx_word' id='word_1_356' title='bbox 379 3052 431 3089; x_wconf 87' lang='lat' dir='ltr'><strong><em>es</em></strong></span> <span class='ocrx_word' id='word_1_357' title='bbox 457 3030 734 3102; x_wconf 88' lang='lat' dir='ltr'><strong><em>mundata)</em></strong></span> <span class='ocrx_word' id='word_1_358' title='bbox 753 3041 867 3103; x_wconf 90' lang='lat' dir='ltr'><strong><em>post</em></strong></span> <span class='ocrx_word' id='word_1_359' title='bbox 890 3046 990 3097; x_wconf 87' lang='lat' dir='ltr'><strong><em>nte,</em></strong></span> <span class='ocrx_word' id='word_1_360' title='bbox 1015 3043 1276 3099; x_wconf 70' lang='lat' dir='ltr'><strong><em>usquequo</em></strong></span> <span class='ocrx_word' id='word_1_361' title='bbox 1298 3025 1470 3080; x_wconf 84' lang='lat' dir='ltr'><strong><em>adhuc</em></strong></span> <span class='ocrx_word' id='word_1_362' title='bbox 1487 3027 1512 3078; x_wconf 87' lang='lat'><strong><em>?</em></strong></span> <span class='ocrx_word' id='word_1_363' title='bbox 1537 3039 1643 3079; x_wconf 91' lang='lat' dir='ltr'><strong><em>non</em></strong></span> <span class='ocrx_word' id='word_1_364' title='bbox 1673 3024 1848 3077; x_wconf 88' lang='lat' dir='ltr'><strong><em>solum</em></strong></span> 
     </span>
    </p>
   </div>
   <div class='ocr_carea' id='block_1_46' title="bbox 248 3117 1852 3187">
    <p class='ocr_par' dir='ltr' id='par_1_46' title="bbox 248 3117 1852 3187">
     <span class='ocr_line' id='line_1_46' title="bbox 248 3117 1852 3187; baseline -0.007 -3"><span class='ocrx_word' id='word_1_365' title='bbox 248 3127 301 3184; x_wconf 91' lang='lat' dir='ltr'><strong><em>in</em></strong></span> <span class='ocrx_word' id='word_1_366' title='bbox 321 3127 506 3184; x_wconf 85' lang='lat' dir='ltr'><strong><em>media</em></strong></span> <span class='ocrx_word' id='word_1_367' title='bbox 526 3126 658 3181; x_wconf 87' lang='lat' dir='ltr'><strong><em>urbe</em></strong></span> <span class='ocrx_word' id='word_1_368' title='bbox 670 3124 998 3187; x_wconf 82' lang='lat' dir='ltr'><strong><em>Jerusalem,</em></strong></span> <span class='ocrx_word' id='word_1_369' title='bbox 1015 3120 1113 3177; x_wconf 91' lang='lat' dir='ltr'><strong><em>sed</em></strong></span> <span class='ocrx_word' id='word_1_370' title='bbox 1127 3121 1180 3176; x_wconf 91' lang='lat' dir='ltr'><strong><em>in</em></strong></span> <span class='ocrx_word' id='word_1_371' title='bbox 1202 3121 1350 3175; x_wconf 86' lang='lat' dir='ltr'><strong><em>omni</em></strong></span> <span class='ocrx_word' id='word_1_372' title='bbox 1365 3118 1509 3174; x_wconf 90' lang='lat' dir='ltr'><strong><em>colle</em></strong></span> <span class='ocrx_word' id='word_1_373' title='bbox 1531 3117 1852 3184; x_wconf 85' lang='lat' dir='ltr'><strong><em>cunctisque</em></strong></span> 
     </span>
    </p>
   </div>
   <div class='ocr_carea' id='block_1_47' title="bbox 1936 1898 3537 1976">
    <p class='ocr_par' dir='ltr' id='par_1_47' title="bbox 1936 1898 3537 1976">
     <span class='ocr_line' id='line_1_47' title="bbox 1936 1898 3537 1976; baseline 0.006 -22"><span class='ocrx_word' id='word_1_374' title='bbox 1936 1898 2036 1954; x_wconf 87' lang='lat' dir='ltr'><strong><em>das</em></strong></span> <span class='ocrx_word' id='word_1_375' title='bbox 2067 1914 2260 1969; x_wconf 86' lang='lat' dir='ltr'><strong><em>aquas,</em></strong></span> <span class='ocrx_word' id='word_1_376' title='bbox 2288 1901 2801 1972; x_wconf 90' lang='lat' dir='ltr'><strong><em>mittuntjuniores,</em></strong></span> <span class='ocrx_word' id='word_1_377' title='bbox 2825 1904 2876 1960; x_wconf 91' lang='lat' dir='ltr'><strong><em>in</em></strong></span> <span class='ocrx_word' id='word_1_378' title='bbox 2907 1907 3108 1976; x_wconf 88' lang='lat' dir='ltr'><strong><em>quibus</em></strong></span> <span class='ocrx_word' id='word_1_379' title='bbox 3133 1908 3253 1962; x_wconf 88' lang='lat' dir='ltr'><strong><em>cani</em></strong></span> <span class='ocrx_word' id='word_1_380' title='bbox 3277 1923 3384 1965; x_wconf 92' lang='lat' dir='ltr'><strong><em>non</em></strong></span> <span class='ocrx_word' id='word_1_381' title='bbox 3410 1920 3537 1964; x_wconf 88' lang='lat' dir='ltr'><strong><em>sunt</em></strong></span> 
     </span>
    </p>
   </div>
   <div class='ocr_carea' id='block_1_48' title="bbox 1937 1992 3538 2070">
    <p class='ocr_par' dir='ltr' id='par_1_48' title="bbox 1937 1992 3538 2070">
     <span class='ocr_line' id='line_1_48' title="bbox 1937 1992 3538 2070; baseline 0.008 -24"><span class='ocrx_word' id='word_1_382' title='bbox 1937 1992 2250 2063; x_wconf 55' lang='lat' dir='ltr'><strong><em>sapientiae,</em></strong></span> <span class='ocrx_word' id='word_1_383' title='bbox 2275 2004 2332 2050; x_wconf 91' lang='lat' dir='ltr'><strong><em>et</em></strong></span> <span class='ocrx_word' id='word_1_384' title='bbox 2355 1994 2563 2051; x_wconf 90' lang='lat' dir='ltr'><strong><em>idcirco</em></strong></span> <span class='ocrx_word' id='word_1_385' title='bbox 2591 1997 2821 2052; x_wconf 88' lang='lat' dir='ltr'><strong><em>veniunt</em></strong></span> <span class='ocrx_word' id='word_1_386' title='bbox 2843 1998 2910 2054; x_wconf 86' lang='lat' dir='ltr'><strong><em>ad</em></strong></span> <span class='ocrx_word' id='word_1_387' title='bbox 2937 2009 3153 2070; x_wconf 88' lang='lat' dir='ltr'><strong><em>puteos,</em></strong></span> <span class='ocrx_word' id='word_1_388' title='bbox 3175 2011 3232 2057; x_wconf 91' lang='lat' dir='ltr'><strong><em>et</em></strong></span> <span class='ocrx_word' id='word_1_389' title='bbox 3255 2017 3362 2058; x_wconf 91' lang='lat' dir='ltr'><strong><em>non</em></strong></span> <span class='ocrx_word' id='word_1_390' title='bbox 3387 2003 3538 2059; x_wconf 83' lang='lat' dir='ltr'><strong><em>inve-</em></strong></span> 
     </span>
    </p>
   </div>
   <div class='ocr_carea' id='block_1_49' title="bbox 1939 2087 3540 2162">
    <p class='ocr_par' dir='ltr' id='par_1_49' title="bbox 1939 2087 3540 2162">
     <span class='ocr_line' id='line_1_49' title="bbox 1939 2087 3540 2162; baseline 0.007 -20"><span class='ocrx_word' id='word_1_391' title='bbox 1939 2087 2100 2144; x_wconf 89' lang='lat' dir='ltr'><strong><em>niunt</em></strong></span> <span class='ocrx_word' id='word_1_392' title='bbox 2129 2105 2322 2160; x_wconf 88' lang='lat' dir='ltr'><strong><em>aquas,</em></strong></span> <span class='ocrx_word' id='word_1_393' title='bbox 2354 2107 2490 2162; x_wconf 89' lang='lat' dir='ltr'><strong><em>quas</em></strong></span> <span class='ocrx_word' id='word_1_394' title='bbox 2518 2093 2862 2162; x_wconf 83' lang='lat' dir='ltr'><strong><em>patriarchas</em></strong></span> <span class='ocrx_word' id='word_1_395' title='bbox 2889 2093 3166 2152; x_wconf 86' lang='lat' dir='ltr'><strong><em>invenisse</em></strong></span> <span class='ocrx_word' id='word_1_396' title='bbox 3198 2105 3384 2154; x_wconf 87' lang='lat' dir='ltr'><strong><em>narrat</em></strong></span> <span class='ocrx_word' id='word_1_397' title='bbox 3428 2097 3540 2154; x_wconf 88' lang='lat' dir='ltr'><strong><em>bis-</em></strong></span> 
     </span>
    </p>
   </div>
   <div class='ocr_carea' id='block_1_50' title="bbox 1941 2181 3538 2264">
    <p class='ocr_par' dir='ltr' id='par_1_50' title="bbox 1941 2181 3538 2264">
     <span class='ocr_line' id='line_1_50' title="bbox 1941 2181 3538 2264; baseline 0.007 -27"><span class='ocrx_word' id='word_1_398' title='bbox 1941 2182 2082 2238; x_wconf 86' lang='lat' dir='ltr'><strong><em>toria</em></strong></span> <span class='ocrx_word' id='word_1_399' title='bbox 2132 2181 2338 2256; x_wconf 79' lang='lat' dir='ltr'><strong><em>(Cenes.</em></strong></span> <span class='ocrx_word' id='word_1_400' title='bbox 2371 2185 2544 2258; x_wconf 80' lang='lat' dir='ltr'><strong><em>xxvi).</em></strong></span> <span class='ocrx_word' id='word_1_401' title='bbox 2597 2185 2901 2258; x_wconf 80' lang='lat' dir='ltr'><strong><em>Reperiam</em></strong></span> <span class='ocrx_word' id='word_1_402' title='bbox 2931 2205 3058 2246; x_wconf 91' lang='lat' dir='ltr'><strong><em>vasa</em></strong></span> <span class='ocrx_word' id='word_1_403' title='bbox 3087 2207 3185 2248; x_wconf 91' lang='lat' dir='ltr'><strong><em>sua</em></strong></span> <span class='ocrx_word' id='word_1_404' title='bbox 3211 2207 3402 2260; x_wconf 87' lang='lat' dir='ltr'><strong><em>vacua,</em></strong></span> <span class='ocrx_word' id='word_1_405' title='bbox 3451 2193 3538 2264; x_wconf 82' lang='lat' dir='ltr'><strong><em>iu-</em></strong></span> 
     </span>
    </p>
   </div>
   <div class='ocr_carea' id='block_1_51' title="bbox 1942 2276 3540 2353">
    <p class='ocr_par' dir='ltr' id='par_1_51' title="bbox 1942 2276 3540 2353">
     <span class='ocr_line' id='line_1_51' title="bbox 1942 2276 3540 2353; baseline 0.006 -22"><span class='ocrx_word' id='word_1_406' title='bbox 1942 2276 2127 2332; x_wconf 91' lang='lat' dir='ltr'><strong><em>niores</em></strong></span> <span class='ocrx_word' id='word_1_407' title='bbox 2154 2277 2444 2334; x_wconf 87' lang='lat' dir='ltr'><strong><em>videlicet:</em></strong></span> <span class='ocrx_word' id='word_1_408' title='bbox 2499 2294 2606 2335; x_wconf 91' lang='lat' dir='ltr'><strong><em>non</em></strong></span> <span class='ocrx_word' id='word_1_409' title='bbox 2631 2281 2775 2350; x_wconf 87' lang='lat' dir='ltr'><strong><em>quod</em></strong></span> <span class='ocrx_word' id='word_1_410' title='bbox 2802 2297 2958 2353; x_wconf 73' lang='lat' dir='ltr'><strong><em>aqua:</em></strong></span> <span class='ocrx_word' id='word_1_411' title='bbox 3003 2299 3111 2338; x_wconf 91' lang='lat' dir='ltr'><strong><em>non</em></strong></span> <span class='ocrx_word' id='word_1_412' title='bbox 3145 2286 3388 2352; x_wconf 91' lang='lat' dir='ltr'><strong><em>luerint;</em></strong></span> <span class='ocrx_word' id='word_1_413' title='bbox 3441 2286 3540 2340; x_wconf 88' lang='lat' dir='ltr'><strong><em>sed</em></strong></span> 
     </span>
    </p>
   </div>
   <div class='ocr_carea' id='block_1_52' title="bbox 1941 2371 3540 2450">
    <p class='ocr_par' dir='ltr' id='par_1_52' title="bbox 1941 2371 3540 2450">
     <span class='ocr_line' id='line_1_52' title="bbox 1941 2371 3540 2450; baseline 0.004 -24"><span class='ocrx_word' id='word_1_414' title='bbox 1941 2371 2086 2444; x_wconf 91' lang='lat' dir='ltr'><strong><em>quod</em></strong></span> <span class='ocrx_word' id='word_1_415' title='bbox 2116 2372 2192 2427; x_wconf 89' lang='lat' dir='ltr'><strong><em>illi</em></strong></span> <span class='ocrx_word' id='word_1_416' title='bbox 2217 2373 2461 2428; x_wconf 87' lang='lat' dir='ltr'><strong><em>invenire</em></strong></span> <span class='ocrx_word' id='word_1_417' title='bbox 2493 2389 2602 2429; x_wconf 89' lang='lat' dir='ltr'><strong><em>non</em></strong></span> <span class='ocrx_word' id='word_1_418' title='bbox 2627 2374 2922 2444; x_wconf 77' lang='lat' dir='ltr'><strong><em>potuerint.</em></strong></span> <span class='ocrx_word' id='word_1_419' title='bbox 2953 2376 3173 2449; x_wconf 79' lang='lat' dir='ltr'><strong><em>Confusi</em></strong></span> <span class='ocrx_word' id='word_1_420' title='bbox 3195 2388 3342 2446; x_wconf 87' lang='lat' dir='ltr'><strong><em>sunt,</em></strong></span> <span class='ocrx_word' id='word_1_421' title='bbox 3373 2387 3423 2434; x_wconf 88' lang='lat' dir='ltr'><strong><em>et</em></strong></span> <span class='ocrx_word' id='word_1_422' title='bbox 3453 2382 3540 2450; x_wconf 53' lang='lat' dir='ltr'><strong><em>af.</em></strong></span> 
     </span>
    </p>
   </div>
   <div class='ocr_carea' id='block_1_53' title="bbox 1943 2465 3540 2545">
    <p class='ocr_par' dir='ltr' id='par_1_53' title="bbox 1943 2465 3540 2545">
     <span class='ocr_line' id='line_1_53' title="bbox 1943 2465 3540 2545; baseline 0.007 -28"><span class='ocrx_word' id='word_1_423' title='bbox 1943 2465 2097 2534; x_wconf 86' lang='lat' dir='ltr'><strong><em>ﬂicti,</em></strong></span> <span class='ocrx_word' id='word_1_424' title='bbox 2153 2466 2271 2521; x_wconf 88' lang='lat' dir='ltr'><strong><em>sive</em></strong></span> <span class='ocrx_word' id='word_1_425' title='bbox 2292 2465 2608 2524; x_wconf 88' lang='lat' dir='ltr'><strong><em>erubuerunt</em></strong></span> <span class='ocrx_word' id='word_1_426' title='bbox 2627 2477 2676 2522; x_wconf 91' lang='lat' dir='ltr'><strong><em>et</em></strong></span> <span class='ocrx_word' id='word_1_427' title='bbox 2704 2479 3016 2541; x_wconf 86' lang='lat' dir='ltr'><strong><em>aperuerunt</em></strong></span> <span class='ocrx_word' id='word_1_428' title='bbox 3045 2473 3220 2540; x_wconf 84' lang='lat' dir='ltr'><strong><em>capita</em></strong></span> <span class='ocrx_word' id='word_1_429' title='bbox 3260 2489 3389 2540; x_wconf 88' lang='lat' dir='ltr'><strong><em>sua;</em></strong></span> <span class='ocrx_word' id='word_1_430' title='bbox 3417 2473 3540 2545; x_wconf 90' lang='lat' dir='ltr'><strong><em>quia</em></strong></span> 
     </span>
    </p>
   </div>
   <div class='ocr_carea' id='block_1_54' title="bbox 1946 2559 3545 2632">
    <p class='ocr_par' dir='ltr' id='par_1_54' title="bbox 1946 2559 3545 2632">
     <span class='ocr_line' id='line_1_54' title="bbox 1946 2559 3545 2632; baseline 0.006 -21"><span class='ocrx_word' id='word_1_431' title='bbox 1946 2572 2054 2612; x_wconf 93' lang='lat' dir='ltr'><strong><em>non</em></strong></span> <span class='ocrx_word' id='word_1_432' title='bbox 2090 2567 2341 2626; x_wconf 89' lang='lat' dir='ltr'><strong><em>poterant</em></strong></span> <span class='ocrx_word' id='word_1_433' title='bbox 2372 2559 2556 2616; x_wconf 87' lang='lat' dir='ltr'><strong><em>dicere</em></strong></span> <span class='ocrx_word' id='word_1_434' title='bbox 2587 2577 2711 2616; x_wconf 92' lang='lat' dir='ltr'><strong><em>cum</em></strong></span> <span class='ocrx_word' id='word_1_435' title='bbox 2743 2563 3041 2632; x_wconf 85' lang='lat' dir='ltr'><strong><em>Apostolo:</em></strong></span> <span class='ocrx_word' id='word_1_436' title='bbox 3091 2563 3206 2621; x_wconf 87' lang='lat' dir='ltr'><strong><em>Nos</em></strong></span> <span class='ocrx_word' id='word_1_437' title='bbox 3226 2575 3396 2622; x_wconf 85' lang='lat' dir='ltr'><strong><em>autem</em></strong></span> <span class='ocrx_word' id='word_1_438' title='bbox 3435 2583 3545 2621; x_wconf 81' lang='lat' dir='ltr'><strong><em>om-</em></strong></span> 
     </span>
    </p>
   </div>
   <div class='ocr_carea' id='block_1_55' title="bbox 1948 2649 3546 2729">
    <p class='ocr_par' dir='ltr' id='par_1_55' title="bbox 1948 2649 3546 2729">
     <span class='ocr_line' id='line_1_55' title="bbox 1948 2649 3546 2729; baseline 0.007 -25"><span class='ocrx_word' id='word_1_439' title='bbox 1948 2663 2038 2705; x_wconf 86' lang='lat' dir='ltr'><strong><em>nes</em></strong></span> <span class='ocrx_word' id='word_1_440' title='bbox 2056 2649 2276 2705; x_wconf 82' lang='lat' dir='ltr'><strong><em>revelata</em></strong></span> <span class='ocrx_word' id='word_1_441' title='bbox 2297 2653 2431 2722; x_wconf 82' lang='lat' dir='ltr'><strong><em>[acie</em></strong></span> <span class='ocrx_word' id='word_1_442' title='bbox 2450 2651 2672 2724; x_wconf 84' lang='lat' dir='ltr'><strong><em>gloriam</em></strong></span> <span class='ocrx_word' id='word_1_443' title='bbox 2697 2653 2908 2708; x_wconf 87' lang='lat' dir='ltr'><strong><em>Dommi</em></strong></span> <span class='ocrx_word' id='word_1_444' title='bbox 2930 2657 3395 2729; x_wconf 73' lang='lat' dir='ltr'><strong><em>contemplamurﬂ</em></strong></span> <span class='ocrx_word' id='word_1_445' title='bbox 3417 2657 3546 2716; x_wconf 87' lang='lat' dir='ltr'><strong><em>Cor.</em></strong></span> 
     </span>
    </p>
   </div>
   <div class='ocr_carea' id='block_1_56' title="bbox 1949 2743 3549 2826">
    <p class='ocr_par' dir='ltr' id='par_1_56' title="bbox 1949 2743 3549 2826">
     <span class='ocr_line' id='line_1_56' title="bbox 1949 2743 3549 2826; baseline 0.004 -25"><span class='ocrx_word' id='word_1_446' title='bbox 1949 2760 2030 2813; x_wconf 84' lang='lat' dir='ltr'><strong><em>nr,</em></strong></span> <span class='ocrx_word' id='word_1_447' title='bbox 2060 2745 2168 2816; x_wconf 85' lang='lat' dir='ltr'><strong><em>l8).</em></strong></span> <span class='ocrx_word' id='word_1_448' title='bbox 2203 2743 2429 2817; x_wconf 85' lang='lat' dir='ltr'><strong><em>Propter</em></strong></span> <span class='ocrx_word' id='word_1_449' title='bbox 2471 2755 2620 2802; x_wconf 77' lang='lat' dir='ltr'><strong><em>teme</em></strong></span> <span class='ocrx_word' id='word_1_450' title='bbox 2651 2747 2959 2817; x_wconf 81' lang='lat' dir='ltr'><strong><em>vastitatem,</em></strong></span> <span class='ocrx_word' id='word_1_451' title='bbox 2989 2752 3104 2806; x_wconf 87' lang='lat' dir='ltr'><strong><em>sive</em></strong></span> <span class='ocrx_word' id='word_1_452' title='bbox 3133 2760 3182 2806; x_wconf 89' lang='lat' dir='ltr'><strong><em>et</em></strong></span> <span class='ocrx_word' id='word_1_453' title='bbox 3202 2761 3355 2808; x_wconf 77' lang='lat' dir='ltr'><strong><em>terra:</em></strong></span> <span class='ocrx_word' id='word_1_454' title='bbox 3391 2769 3549 2826; x_wconf 86' lang='lat' dir='ltr'><strong><em>opera</em></strong></span> 
     </span>
    </p>
   </div>
   <div class='ocr_carea' id='block_1_57' title="bbox 1951 2837 3550 2912">
    <p class='ocr_par' dir='ltr' id='par_1_57' title="bbox 1951 2837 3550 2912">
     <span class='ocr_line' id='line_1_57' title="bbox 1951 2837 3550 2912; baseline 0.006 -22"><span class='ocrx_word' id='word_1_455' title='bbox 1951 2837 2268 2907; x_wconf 79' lang='lat' dir='ltr'><strong><em>defecerunt.</em></strong></span> <span class='ocrx_word' id='word_1_456' title='bbox 2295 2853 2392 2908; x_wconf 90' lang='lat' dir='ltr'><strong><em>per</em></strong></span> <span class='ocrx_word' id='word_1_457' title='bbox 2411 2854 2534 2910; x_wconf 66' lang='lat' dir='ltr'><strong><em>qua:</em></strong></span> <span class='ocrx_word' id='word_1_458' title='bbox 2554 2839 2619 2894; x_wconf 89' lang='lat' dir='ltr'><strong><em>ad</em></strong></span> <span class='ocrx_word' id='word_1_459' title='bbox 2647 2839 2739 2894; x_wconf 82' lang='lat' dir='ltr'><strong><em>Dei</em></strong></span> <span class='ocrx_word' id='word_1_460' title='bbox 2762 2843 3012 2896; x_wconf 87' lang='lat' dir='ltr'><strong><em>notitiam</em></strong></span> <span class='ocrx_word' id='word_1_461' title='bbox 3033 2843 3326 2912; x_wconf 80' lang='lat' dir='ltr'><strong><em>pergimus.</em></strong></span> <span class='ocrx_word' id='word_1_462' title='bbox 3345 2845 3550 2900; x_wconf 87' lang='lat' dir='ltr'><strong><em>Causa-</em></strong></span> 
     </span>
    </p>
   </div>
   <div class='ocr_carea' id='block_1_58' title="bbox 1951 2931 3551 3009">
    <p class='ocr_par' dir='ltr' id='par_1_58' title="bbox 1951 2931 3551 3009">
     <span class='ocr_line' id='line_1_58' title="bbox 1951 2931 3551 3009; baseline 0.007 -25"><span class='ocrx_word' id='word_1_463' title='bbox 1951 2946 2057 3002; x_wconf 90' lang='lat' dir='ltr'><strong><em>que</em></strong></span> <span class='ocrx_word' id='word_1_464' title='bbox 2082 2931 2370 3002; x_wconf 85' lang='lat' dir='ltr'><strong><em>perspicua</em></strong></span> <span class='ocrx_word' id='word_1_465' title='bbox 2397 2948 2411 2984; x_wconf 91' lang='lat'><strong>:</strong></span> <span class='ocrx_word' id='word_1_466' title='bbox 2460 2932 2584 3002; x_wconf 85' lang='lat' dir='ltr'><strong><em>quia</em></strong></span> <span class='ocrx_word' id='word_1_467' title='bbox 2627 2949 2731 2987; x_wconf 85' lang='lat' dir='ltr'><strong><em>non</em></strong></span> <span class='ocrx_word' id='word_1_468' title='bbox 2759 2933 2917 3000; x_wconf 80' lang='lat' dir='ltr'><strong><em>venit,</em></strong></span> <span class='ocrx_word' id='word_1_469' title='bbox 2960 2934 3160 3004; x_wconf 89' lang='lat' dir='ltr'><strong><em>inquit,</em></strong></span> <span class='ocrx_word' id='word_1_470' title='bbox 3189 2935 3366 3008; x_wconf 81' lang='lat' dir='ltr'><strong><em>pluvia</em></strong></span> <span class='ocrx_word' id='word_1_471' title='bbox 3393 2954 3551 3009; x_wconf 81' lang='lat' dir='ltr'><strong><em>super</em></strong></span> 
     </span>
    </p>
   </div>
   <div class='ocr_carea' id='block_1_59' title="bbox 1953 3024 3553 3102">
    <p class='ocr_par' dir='ltr' id='par_1_59' title="bbox 1953 3024 3553 3102">
     <span class='ocr_line' id='line_1_59' title="bbox 1953 3024 3553 3102; baseline 0.007 -24"><span class='ocrx_word' id='word_1_472' title='bbox 1953 3034 2166 3080; x_wconf 83' lang='lat' dir='ltr'><strong><em>terram.</em></strong></span> <span class='ocrx_word' id='word_1_473' title='bbox 2199 3024 2512 3081; x_wconf 85' lang='lat' dir='ltr'><strong><em>Mandatum</em></strong></span> <span class='ocrx_word' id='word_1_474' title='bbox 2558 3035 2642 3081; x_wconf 90' lang='lat' dir='ltr'><strong><em>est</em></strong></span> <span class='ocrx_word' id='word_1_475' title='bbox 2687 3028 2890 3098; x_wconf 90' lang='lat' dir='ltr'><strong><em>quippe</em></strong></span> <span class='ocrx_word' id='word_1_476' title='bbox 2940 3029 3178 3086; x_wconf 91' lang='lat' dir='ltr'><strong><em>nubibus</em></strong></span> <span class='ocrx_word' id='word_1_477' title='bbox 3213 3047 3280 3086; x_wconf 90' lang='lat' dir='ltr'><strong><em>ne</em></strong></span> <span class='ocrx_word' id='word_1_478' title='bbox 3311 3031 3553 3102; x_wconf 89' lang='lat' dir='ltr'><strong><em>pluerint</em></strong></span> 
     </span>
    </p>
   </div>
   <div class='ocr_carea' id='block_1_60' title="bbox 1954 3120 3552 3200">
    <p class='ocr_par' dir='ltr' id='par_1_60' title="bbox 1954 3120 3552 3200">
     <span class='ocr_line' id='line_1_60' title="bbox 1954 3120 3552 3200; baseline 0.006 -24"><span class='ocrx_word' id='word_1_479' title='bbox 1954 3135 2122 3189; x_wconf 89' lang='lat' dir='ltr'><strong><em>super</em></strong></span> <span class='ocrx_word' id='word_1_480' title='bbox 2144 3135 2264 3176; x_wconf 89' lang='lat' dir='ltr'><strong><em>eam</em></strong></span> <span class='ocrx_word' id='word_1_481' title='bbox 2295 3120 2526 3176; x_wconf 89' lang='lat' dir='ltr'><strong><em>imbrem</em></strong></span> <span class='ocrx_word' id='word_1_482' title='bbox 2558 3121 2718 3192; x_wconf 86' lang='lat' dir='ltr'><strong><em>(Isai.</em></strong></span> <span class='ocrx_word' id='word_1_483' title='bbox 2744 3121 2822 3196; x_wconf 89' lang='lat' dir='ltr'><strong><em>v).</em></strong></span> <span class='ocrx_word' id='word_1_484' title='bbox 2857 3125 3129 3196; x_wconf 79' lang='lat' dir='ltr'><strong><em>Agricola:</em></strong></span> <span class='ocrx_word' id='word_1_485' title='bbox 3152 3142 3398 3199; x_wconf 91' lang='lat' dir='ltr'><strong><em>quoque,</em></strong></span> <span class='ocrx_word' id='word_1_486' title='bbox 3412 3143 3552 3200; x_wconf 88' lang='lat' dir='ltr'><strong><em>quo-</em></strong></span> 
     </span>
    </p>
   </div>
   <div class='ocr_carea' id='block_1_61' title="bbox 244 3207 3554 3295">
    <p class='ocr_par' dir='ltr' id='par_1_61' title="bbox 244 3207 3554 3295">
     <span class='ocr_line' id='line_1_61' title="bbox 244 3207 3554 3295; baseline -0.001 -16"><span class='ocrx_word' id='word_1_487' title='bbox 244 3221 558 3295; x_wconf 80' lang='lat' dir='ltr'><strong><em>regionibus</em></strong></span> <span class='ocrx_word' id='word_1_488' title='bbox 587 3219 692 3274; x_wconf 87' lang='lat' dir='ltr'><strong><em>vidi</em></strong></span> <span class='ocrx_word' id='word_1_489' title='bbox 726 3217 872 3274; x_wconf 89' lang='lat' dir='ltr'><strong><em>idola</em></strong></span> <span class='ocrx_word' id='word_1_490' title='bbox 901 3223 1016 3280; x_wconf 89' lang='lat' dir='ltr'><strong><em>tua,</em></strong></span> <span class='ocrx_word' id='word_1_491' title='bbox 1065 3213 1212 3270; x_wconf 89' lang='lat' dir='ltr'><strong><em>unde</em></strong></span> <span class='ocrx_word' id='word_1_492' title='bbox 1241 3214 1444 3269; x_wconf 90' lang='lat' dir='ltr'><strong><em>dicitur</em></strong></span> <span class='ocrx_word' id='word_1_493' title='bbox 1467 3211 1534 3266; x_wconf 91' lang='lat' dir='ltr'><strong><em>ad</em></strong></span> <span class='ocrx_word' id='word_1_494' title='bbox 1566 3225 1686 3267; x_wconf 87' lang='lat' dir='ltr'><strong><em>eam</em></strong></span> <span class='ocrx_word' id='word_1_495' title='bbox 1716 3227 1729 3262; x_wconf 90' lang='lat'><strong>:</strong></span> <span class='ocrx_word' id='word_1_496' title='bbox 1765 3207 1852 3263; x_wconf 76' lang='lat' dir='ltr'><strong><em>Va:</em></strong></span> <span class='ocrx_word' id='word_1_497' title='bbox 1879 3214 1924 3276; x_wconf 88' lang='lat' dir='ltr'><strong>C</strong></span> <span class='ocrx_word' id='word_1_498' title='bbox 1961 3231 2077 3269; x_wconf 87' lang='lat' dir='ltr'><strong><em>rum</em></strong></span> <span class='ocrx_word' id='word_1_499' title='bbox 2111 3229 2249 3269; x_wconf 91' lang='lat' dir='ltr'><strong><em>unus</em></strong></span> <span class='ocrx_word' id='word_1_500' title='bbox 2276 3213 2539 3287; x_wconf 88' lang='lat' dir='ltr'><strong><em>loquitur,</em></strong></span> <span class='ocrx_word' id='word_1_501' title='bbox 2570 3213 2670 3272; x_wconf 86' lang='lat' dir='ltr'><strong><em>Dei</em></strong></span> <span class='ocrx_word' id='word_1_502' title='bbox 2698 3217 3026 3288; x_wconf 85' lang='lat' dir='ltr'><strong><em>agricultura</em></strong></span> <span class='ocrx_word' id='word_1_503' title='bbox 3053 3222 3202 3288; x_wconf 83' lang='lat' dir='ltr'><strong><em>estis,</em></strong></span> <span class='ocrx_word' id='word_1_504' title='bbox 3254 3221 3356 3276; x_wconf 86' lang='lat' dir='ltr'><strong><em>Dei</em></strong></span> <span class='ocrx_word' id='word_1_505' title='bbox 3383 3223 3554 3294; x_wconf 68' lang='lat' dir='ltr'><strong><em>(ediﬁ-</em></strong></span> 
     </span>
    </p>
   </div>
   <div class='ocr_carea' id='block_1_62' title="bbox 194 3308 1851 3384">
    <p class='ocr_par' dir='ltr' id='par_1_62' title="bbox 194 3308 1851 3384">
     <span class='ocr_line' id='line_1_62' title="bbox 194 3308 1851 3384; baseline -0.008 -14"><span class='ocrx_word' id='word_1_506' title='bbox 194 3354 205 3362; x_wconf 88' lang='grc'><strong><em>-</em></strong></span> <span class='ocrx_word' id='word_1_507' title='bbox 248 3315 363 3383; x_wconf 88' lang='lat' dir='ltr'><strong><em>tibi,</em></strong></span> <span class='ocrx_word' id='word_1_508' title='bbox 395 3313 708 3378; x_wconf 82' lang='lat' dir='ltr'><strong><em>Jerusalem,</em></strong></span> <span class='ocrx_word' id='word_1_509' title='bbox 731 3312 854 3384; x_wconf 87' lang='lat' dir='ltr'><strong><em>quia</em></strong></span> <span class='ocrx_word' id='word_1_510' title='bbox 893 3327 997 3364; x_wconf 92' lang='lat' dir='ltr'><strong><em>non</em></strong></span> <span class='ocrx_word' id='word_1_511' title='bbox 1020 3327 1071 3364; x_wconf 88' lang='lat' dir='ltr'><strong><em>es</em></strong></span> <span class='ocrx_word' id='word_1_512' title='bbox 1089 3308 1341 3362; x_wconf 88' lang='lat' dir='ltr'><strong><em>ntunduta</em></strong></span> <span class='ocrx_word' id='word_1_513' title='bbox 1372 3313 1487 3375; x_wconf 89' lang='lat' dir='ltr'><strong><em>post</em></strong></span> <span class='ocrx_word' id='word_1_514' title='bbox 1517 3322 1616 3368; x_wconf 87' lang='lat' dir='ltr'><strong><em>me,</em></strong></span> <span class='ocrx_word' id='word_1_515' title='bbox 1643 3312 1702 3358; x_wconf 88' lang='lat' dir='ltr'><strong><em>ut</em></strong></span> <span class='ocrx_word' id='word_1_516' title='bbox 1729 3316 1851 3358; x_wconf 88' lang='lat' dir='ltr'><strong><em>cum</em></strong></span> 
     </span>
    </p>
   </div>
   <div class='ocr_carea' id='block_1_63' title="bbox 249 3396 1853 3480">
    <p class='ocr_par' dir='ltr' id='par_1_63' title="bbox 249 3396 1853 3480">
     <span class='ocr_line' id='line_1_63' title="bbox 249 3396 1853 3480; baseline -0.011 -12"><span class='ocrx_word' id='word_1_517' title='bbox 249 3426 369 3468; x_wconf 89' lang='lat' dir='ltr'><strong><em>mea</em></strong></span> <span class='ocrx_word' id='word_1_518' title='bbox 400 3419 454 3467; x_wconf 90' lang='lat' dir='ltr'><strong><em>te</em></strong></span> <span class='ocrx_word' id='word_1_519' title='bbox 477 3409 716 3480; x_wconf 75' lang='lat' dir='ltr'><strong><em>iactares</em></strong></span> <span class='ocrx_word' id='word_1_520' title='bbox 739 3407 892 3478; x_wconf 89' lang='lat' dir='ltr'><strong><em>sequi</em></strong></span> <span class='ocrx_word' id='word_1_521' title='bbox 920 3401 1172 3474; x_wconf 86' lang='lat' dir='ltr'><strong><em>vestigia,</em></strong></span> <span class='ocrx_word' id='word_1_522' title='bbox 1221 3409 1277 3458; x_wconf 91' lang='lat' dir='ltr'><strong><em>et</em></strong></span> <span class='ocrx_word' id='word_1_523' title='bbox 1297 3400 1700 3456; x_wconf 81' lang='lat' dir='ltr'><strong><em>confessionem</em></strong></span> <span class='ocrx_word' id='word_1_524' title='bbox 1747 3396 1853 3452; x_wconf 91' lang='lat' dir='ltr'><strong><em>mei</em></strong></span> 
     </span>
    </p>
   </div>
   <div class='ocr_carea' id='block_1_64' title="bbox 251 3492 1855 3570">
    <p class='ocr_par' dir='ltr' id='par_1_64' title="bbox 251 3492 1855 3570">
     <span class='ocr_line' id='line_1_64' title="bbox 251 3492 1855 3570; baseline -0.011 -7"><span class='ocrx_word' id='word_1_525' title='bbox 251 3505 492 3564; x_wconf 89' lang='lat' dir='ltr'><strong><em>nominis</em></strong></span> <span class='ocrx_word' id='word_1_526' title='bbox 529 3505 849 3570; x_wconf 84' lang='lat' dir='ltr'><strong><em>ventilares,</em></strong></span> <span class='ocrx_word' id='word_1_527' title='bbox 895 3509 1080 3556; x_wconf 89' lang='lat' dir='ltr'><strong><em>tamen</em></strong></span> <span class='ocrx_word' id='word_1_528' title='bbox 1129 3513 1422 3568; x_wconf 85' lang='lat' dir='ltr'><strong><em>numquam</em></strong></span> <span class='ocrx_word' id='word_1_529' title='bbox 1475 3503 1704 3567; x_wconf 86' lang='lat' dir='ltr'><strong><em>purgata</em></strong></span> <span class='ocrx_word' id='word_1_530' title='bbox 1747 3492 1855 3560; x_wconf 88' lang='lat' dir='ltr'><strong><em>sis,</em></strong></span> 
     </span>
    </p>
   </div>
   <div class='ocr_carea' id='block_1_65' title="bbox 252 3585 1858 3673">
    <p class='ocr_par' dir='ltr' id='par_1_65' title="bbox 252 3585 1858 3673">
     <span class='ocr_line' id='line_1_65' title="bbox 252 3585 1858 3673; baseline -0.01 -17"><span class='ocrx_word' id='word_1_531' title='bbox 252 3600 380 3673; x_wconf 85' lang='lat' dir='ltr'><strong><em>quia</em></strong></span> <span class='ocrx_word' id='word_1_532' title='bbox 407 3598 575 3656; x_wconf 85' lang='lat' dir='ltr'><strong><em>oblita</em></strong></span> <span class='ocrx_word' id='word_1_533' title='bbox 605 3611 666 3652; x_wconf 92' lang='lat' dir='ltr'><strong><em>es</em></strong></span> <span class='ocrx_word' id='word_1_534' title='bbox 698 3598 835 3661; x_wconf 87' lang='lat' dir='ltr'><strong><em>mei,</em></strong></span> <span class='ocrx_word' id='word_1_535' title='bbox 891 3602 946 3650; x_wconf 93' lang='lat' dir='ltr'><strong><em>et</em></strong></span> <span class='ocrx_word' id='word_1_536' title='bbox 984 3591 1218 3664; x_wconf 90' lang='lat' dir='ltr'><strong><em>sperasti</em></strong></span> <span class='ocrx_word' id='word_1_537' title='bbox 1262 3591 1318 3645; x_wconf 94' lang='lat' dir='ltr'><strong><em>in</em></strong></span> <span class='ocrx_word' id='word_1_538' title='bbox 1346 3587 1666 3644; x_wconf 85' lang='lat' dir='ltr'><strong><em>mendaciis.</em></strong></span> <span class='ocrx_word' id='word_1_539' title='bbox 1699 3585 1858 3643; x_wconf 86' lang='lat' dir='ltr'><strong><em>Unde</em></strong></span> 
     </span>
    </p>
   </div>
   <div class='ocr_carea' id='block_1_66' title="bbox 253 3684 1855 3764">
    <p class='ocr_par' dir='ltr' id='par_1_66' title="bbox 253 3684 1855 3764">
     <span class='ocr_line' id='line_1_66' title="bbox 253 3684 1855 3764; baseline -0.009 -15"><span class='ocrx_word' id='word_1_540' title='bbox 253 3693 507 3764; x_wconf 85' lang='lat' dir='ltr'><strong><em>increpat</em></strong></span> <span class='ocrx_word' id='word_1_541' title='bbox 528 3706 650 3747; x_wconf 88' lang='lat' dir='ltr'><strong><em>eam</em></strong></span> <span class='ocrx_word' id='word_1_542' title='bbox 679 3700 734 3746; x_wconf 91' lang='lat' dir='ltr'><strong><em>et</em></strong></span> <span class='ocrx_word' id='word_1_543' title='bbox 751 3688 911 3752; x_wconf 91' lang='lat' dir='ltr'><strong><em>dicit,</em></strong></span> <span class='ocrx_word' id='word_1_544' title='bbox 930 3686 1208 3759; x_wconf 84' lang='lat' dir='ltr'><strong><em>Usquequo</em></strong></span> <span class='ocrx_word' id='word_1_545' title='bbox 1229 3685 1400 3739; x_wconf 86' lang='lat' dir='ltr'><strong><em>adhuc</em></strong></span> <span class='ocrx_word' id='word_1_546' title='bbox 1415 3684 1439 3738; x_wconf 73' lang='grc' dir='ltr'><strong><em>ε)</em></strong></span> <span class='ocrx_word' id='word_1_547' title='bbox 1455 3696 1509 3739; x_wconf 86' lang='lat' dir='ltr'><strong><em>et</em></strong></span> <span class='ocrx_word' id='word_1_548' title='bbox 1534 3691 1618 3738; x_wconf 89' lang='lat' dir='ltr'><strong><em>est</em></strong></span> <span class='ocrx_word' id='word_1_549' title='bbox 1639 3695 1855 3748; x_wconf 88' lang='lat' dir='ltr'><strong><em>sensus,</em></strong></span> 
     </span>
    </p>
   </div>
   <div class='ocr_carea' id='block_1_67' title="bbox 253 3778 1860 3860">
    <p class='ocr_par' dir='ltr' id='par_1_67' title="bbox 253 3778 1860 3860">
     <span class='ocr_line' id='line_1_67' title="bbox 253 3778 1860 3860; baseline -0.007 -17"><span class='ocrx_word' id='word_1_550' title='bbox 253 3787 516 3860; x_wconf 90' lang='lat' dir='ltr'><strong><em>quamdiu</em></strong></span> <span class='ocrx_word' id='word_1_551' title='bbox 553 3796 606 3841; x_wconf 92' lang='lat' dir='ltr'><strong><em>te</em></strong></span> <span class='ocrx_word' id='word_1_552' title='bbox 635 3782 1000 3854; x_wconf 77' lang='lat' dir='ltr'><strong><em>exspectabo?</em></strong></span> <span class='ocrx_word' id='word_1_553' title='bbox 1030 3781 1291 3853; x_wconf 88' lang='lat' dir='ltr'><strong><em>quamdiu</em></strong></span> <span class='ocrx_word' id='word_1_554' title='bbox 1326 3778 1538 3835; x_wconf 79' lang='lat' dir='ltr'><strong><em>feram?</em></strong></span> <span class='ocrx_word' id='word_1_555' title='bbox 1570 3791 1860 3849; x_wconf 90' lang='lat' dir='ltr'><strong><em>usquequo</em></strong></span> 
     </span>
    </p>
   </div>
   <div class='ocr_carea' id='block_1_68' title="bbox 255 3877 1861 3946">
    <p class='ocr_par' dir='ltr' id='par_1_68' title="bbox 255 3877 1861 3946">
     <span class='ocr_line' id='line_1_68' title="bbox 255 3877 1861 3946; baseline -0.007 -7"><span class='ocrx_word' id='word_1_556' title='bbox 255 3883 610 3939; x_wconf 80' lang='lat' dir='ltr'><strong><em>Oblivisceris</em></strong></span> <span class='ocrx_word' id='word_1_557' title='bbox 640 3881 745 3936; x_wconf 92' lang='lat' dir='ltr'><strong><em>mei</em></strong></span> <span class='ocrx_word' id='word_1_558' title='bbox 772 3879 826 3934; x_wconf 91' lang='lat' dir='ltr'><strong><em>in</em></strong></span> <span class='ocrx_word' id='word_1_559' title='bbox 851 3877 1042 3945; x_wconf 89' lang='lat' dir='ltr'><strong><em>linem,</em></strong></span> <span class='ocrx_word' id='word_1_560' title='bbox 1066 3885 1123 3932; x_wconf 90' lang='lat' dir='ltr'><strong><em>et</em></strong></span> <span class='ocrx_word' id='word_1_561' title='bbox 1148 3891 1267 3931; x_wconf 91' lang='lat' dir='ltr'><strong><em>mea</em></strong></span> <span class='ocrx_word' id='word_1_562' title='bbox 1301 3883 1574 3946; x_wconf 65' lang='lat' dir='ltr'><strong><em>praecepta</em></strong></span> <span class='ocrx_word' id='word_1_563' title='bbox 1607 3880 1861 3928; x_wconf 88' lang='lat' dir='ltr'><strong><em>contem-</em></strong></span> 
     </span>
    </p>
   </div>
   <div class='ocr_carea' id='block_1_69' title="bbox 257 3968 1861 4040">
    <p class='ocr_par' dir='ltr' id='par_1_69' title="bbox 257 3968 1861 4040">
     <span class='ocr_line' id='line_1_69' title="bbox 257 3968 1861 4040; baseline -0.009 -4"><span class='ocrx_word' id='word_1_564' title='bbox 257 3993 359 4036; x_wconf 89' lang='lat' dir='ltr'><strong><em>nes</em></strong></span> <span class='ocrx_word' id='word_1_565' title='bbox 377 3978 402 4030; x_wconf 69' lang='grc' dir='ltr'><em>Ἰ</em></span> <span class='ocrx_word' id='word_1_566' title='bbox 435 3973 771 4033; x_wconf 85' lang='lat' dir='ltr'><strong><em>Fornieatur</em></strong></span> <span class='ocrx_word' id='word_1_567' title='bbox 803 3973 854 4027; x_wconf 92' lang='lat' dir='ltr'><strong><em>in</em></strong></span> <span class='ocrx_word' id='word_1_568' title='bbox 884 3971 1116 4028; x_wconf 90' lang='lat' dir='ltr'><strong><em>collibus</em></strong></span> <span class='ocrx_word' id='word_1_569' title='bbox 1141 3978 1198 4025; x_wconf 90' lang='lat' dir='ltr'><strong><em>et</em></strong></span> <span class='ocrx_word' id='word_1_570' title='bbox 1221 3970 1274 4024; x_wconf 92' lang='lat' dir='ltr'><strong><em>in</em></strong></span> <span class='ocrx_word' id='word_1_571' title='bbox 1297 3968 1466 4040; x_wconf 87' lang='lat' dir='ltr'><strong><em>agris,</em></strong></span> <span class='ocrx_word' id='word_1_572' title='bbox 1487 3977 1542 4023; x_wconf 93' lang='lat' dir='ltr'><strong><em>et</em></strong></span> <span class='ocrx_word' id='word_1_573' title='bbox 1567 3982 1861 4037; x_wconf 88' lang='lat' dir='ltr'><strong><em>numquam</em></strong></span> 
     </span>
    </p>
   </div>
   <div class='ocr_carea' id='block_1_70' title="bbox 257 4060 1863 4142">
    <p class='ocr_par' dir='ltr' id='par_1_70' title="bbox 257 4060 1863 4142">
     <span class='ocr_line' id='line_1_70' title="bbox 257 4060 1863 4142; baseline -0.008 -12"><span class='ocrx_word' id='word_1_574' title='bbox 257 4069 688 4142; x_wconf 74' lang='lat' dir='ltr'><strong><em>munulatur.qui</em></strong></span> <span class='ocrx_word' id='word_1_575' title='bbox 718 4076 900 4126; x_wconf 86' lang='lat' dir='ltr'><strong><em>erecta</em></strong></span> <span class='ocrx_word' id='word_1_576' title='bbox 926 4066 1141 4122; x_wconf 90' lang='lat' dir='ltr'><strong><em>cervice</em></strong></span> <span class='ocrx_word' id='word_1_577' title='bbox 1170 4081 1268 4136; x_wconf 87' lang='lat' dir='ltr'><strong><em>per</em></strong></span> <span class='ocrx_word' id='word_1_578' title='bbox 1295 4062 1608 4134; x_wconf 88' lang='lat' dir='ltr'><strong><em>superbiam</em></strong></span> <span class='ocrx_word' id='word_1_579' title='bbox 1641 4077 1749 4116; x_wconf 90' lang='lat' dir='ltr'><strong><em>non</em></strong></span> <span class='ocrx_word' id='word_1_580' title='bbox 1773 4060 1863 4117; x_wconf 89' lang='lat' dir='ltr'><strong><em>bu-</em></strong></span> 
     </span>
    </p>
   </div>
   <div class='ocr_carea' id='block_1_71' title="bbox 259 4154 1866 4232">
    <p class='ocr_par' dir='ltr' id='par_1_71' title="bbox 259 4154 1866 4232">
     <span class='ocr_line' id='line_1_71' title="bbox 259 4154 1866 4232; baseline -0.009 -9"><span class='ocrx_word' id='word_1_581' title='bbox 259 4165 508 4223; x_wconf 88' lang='lat' dir='ltr'><strong><em>miliatur</em></strong></span> <span class='ocrx_word' id='word_1_582' title='bbox 535 4161 638 4218; x_wconf 90' lang='lat' dir='ltr'><strong><em>sub</em></strong></span> <span class='ocrx_word' id='word_1_583' title='bbox 663 4160 872 4232; x_wconf 91' lang='lat' dir='ltr'><strong><em>potenti</em></strong></span> <span class='ocrx_word' id='word_1_584' title='bbox 897 4175 1063 4215; x_wconf 89' lang='lat' dir='ltr'><strong><em>manu</em></strong></span> <span class='ocrx_word' id='word_1_585' title='bbox 1092 4157 1222 4223; x_wconf 91' lang='lat' dir='ltr'><strong><em>Dei,</em></strong></span> <span class='ocrx_word' id='word_1_586' title='bbox 1277 4155 1374 4212; x_wconf 83' lang='lat' dir='ltr'><strong><em>sed</em></strong></span> <span class='ocrx_word' id='word_1_587' title='bbox 1407 4156 1460 4210; x_wconf 94' lang='lat' dir='ltr'><strong><em>in</em></strong></span> <span class='ocrx_word' id='word_1_588' title='bbox 1498 4155 1614 4211; x_wconf 93' lang='lat' dir='ltr'><strong><em>suis</em></strong></span> <span class='ocrx_word' id='word_1_589' title='bbox 1641 4154 1866 4211; x_wconf 90' lang='lat' dir='ltr'><strong><em>sceleri-</em></strong></span> 
     </span>
    </p>
   </div>
   <div class='ocr_carea' id='block_1_72' title="bbox 262 4255 932 4321">
    <p class='ocr_par' dir='ltr' id='par_1_72' title="bbox 262 4255 932 4321">
     <span class='ocr_line' id='line_1_72' title="bbox 262 4255 932 4321; baseline -0.013 -3"><span class='ocrx_word' id='word_1_590' title='bbox 262 4261 367 4318; x_wconf 85' lang='lat' dir='ltr'><strong><em>bus</em></strong></span> <span class='ocrx_word' id='word_1_591' title='bbox 390 4259 654 4321; x_wconf 69' lang='lat' dir='ltr'><strong><em>vitiisque</em></strong></span> <span class='ocrx_word' id='word_1_592' title='bbox 678 4255 932 4312; x_wconf 87' lang='lat' dir='ltr'><strong><em>conlidit.</em></strong></span> 
     </span>
    </p>
   </div>
   <div class='ocr_carea' id='block_1_73' title="bbox 336 4347 1867 4430">
    <p class='ocr_par' dir='ltr' id='par_1_73' title="bbox 336 4347 1867 4430">
     <span class='ocr_line' id='line_1_73' title="bbox 336 4347 1867 4430; baseline -0.008 -18"><span class='ocrx_word' id='word_1_593' title='bbox 336 4356 498 4430; x_wconf 83' lang='lat' dir='ltr'><strong><em>(Cap.</em></strong></span> <span class='ocrx_word' id='word_1_594' title='bbox 531 4352 674 4410; x_wconf 81' lang='lat' dir='ltr'><strong><em>XIV.</em></strong></span> <span class='ocrx_word' id='word_1_595' title='bbox 703 4382 775 4393; x_wconf 96' lang='lat'><strong>—</strong></span> <span class='ocrx_word' id='word_1_596' title='bbox 800 4349 960 4408; x_wconf 82' lang='lat' dir='ltr'><strong><em>Vers.</em></strong></span> <span class='ocrx_word' id='word_1_597' title='bbox 993 4349 1075 4420; x_wconf 84' lang='lat' dir='ltr'><strong><em>l.)</em></strong></span> <span class='ocrx_word' id='word_1_598' title='bbox 1127 4347 1279 4418; x_wconf 84' lang='lat' dir='ltr'><strong><em>Quod</em></strong></span> <span class='ocrx_word' id='word_1_599' title='bbox 1327 4351 1521 4422; x_wconf 76' lang='lat' dir='ltr'><strong><em>factum</em></strong></span> <span class='ocrx_word' id='word_1_600' title='bbox 1560 4355 1635 4402; x_wconf 90' lang='lat' dir='ltr'><strong><em>est</em></strong></span> <span class='ocrx_word' id='word_1_601' title='bbox 1662 4347 1867 4401; x_wconf 82' lang='lat' dir='ltr'><strong><em>uerbum</em></strong></span> 
     </span>
    </p>
   </div>
   <div class='ocr_carea' id='block_1_74' title="bbox 265 4439 1864 4508">
    <p class='ocr_par' dir='ltr' id='par_1_74' title="bbox 265 4439 1864 4508">
     <span class='ocr_line' id='line_1_74' title="bbox 265 4439 1864 4508; baseline -0.009 0"><span class='ocrx_word' id='word_1_602' title='bbox 265 4450 484 4508; x_wconf 85' lang='lat' dir='ltr'><strong><em>Domini</em></strong></span> <span class='ocrx_word' id='word_1_603' title='bbox 511 4449 581 4502; x_wconf 85' lang='lat' dir='ltr'><strong><em>ad</em></strong></span> <span class='ocrx_word' id='word_1_604' title='bbox 600 4445 885 4502; x_wconf 78' lang='lat' dir='ltr'><strong><em>Jeremiam</em></strong></span> <span class='ocrx_word' id='word_1_605' title='bbox 913 4443 977 4498; x_wconf 89' lang='lat' dir='ltr'><strong><em>de</em></strong></span> <span class='ocrx_word' id='word_1_606' title='bbox 998 4441 1317 4498; x_wconf 86' lang='lat' dir='ltr'><strong><em>sermonibus</em></strong></span> <span class='ocrx_word' id='word_1_607' title='bbox 1340 4440 1605 4496; x_wconf 83' lang='lat' dir='ltr'><strong><em>siccitatis.</em></strong></span> <span class='ocrx_word' id='word_1_608' title='bbox 1630 4439 1730 4495; x_wconf 57' lang='lat' dir='ltr'><strong><em>lra‘.</em></strong></span> <span class='ocrx_word' id='word_1_609' title='bbox 1771 4439 1864 4495; x_wconf 89' lang='lat' dir='ltr'><strong><em>Dei</em></strong></span> 
     </span>
    </p>
   </div>
   <div class='ocr_carea' id='block_1_75' title="bbox 265 4535 1869 4606">
    <p class='ocr_par' dir='ltr' id='par_1_75' title="bbox 265 4535 1869 4606">
     <span class='ocr_line' id='line_1_75' title="bbox 265 4535 1869 4606; baseline -0.009 -4"><span class='ocrx_word' id='word_1_610' title='bbox 265 4545 528 4602; x_wconf 85' lang='lat' dir='ltr'><strong><em>universa</em></strong></span> <span class='ocrx_word' id='word_1_611' title='bbox 555 4539 931 4597; x_wconf 89' lang='lat' dir='ltr'><strong><em>consentiunt.</em></strong></span> <span class='ocrx_word' id='word_1_612' title='bbox 967 4535 1124 4594; x_wconf 89' lang='lat' dir='ltr'><strong><em>Unde</em></strong></span> <span class='ocrx_word' id='word_1_613' title='bbox 1144 4544 1199 4591; x_wconf 91' lang='lat' dir='ltr'><strong><em>et</em></strong></span> <span class='ocrx_word' id='word_1_614' title='bbox 1229 4535 1315 4590; x_wconf 88' lang='lat' dir='ltr'><strong><em>sol</em></strong></span> <span class='ocrx_word' id='word_1_615' title='bbox 1346 4549 1514 4604; x_wconf 88' lang='lat' dir='ltr'><strong><em>super</em></strong></span> <span class='ocrx_word' id='word_1_616' title='bbox 1545 4543 1869 4606; x_wconf 88' lang='lat' dir='ltr'><strong><em>peccatores</em></strong></span> 
     </span>
    </p>
   </div>
   <div class='ocr_carea' id='block_1_76' title="bbox 1958 3307 3553 3389">
    <p class='ocr_par' dir='ltr' id='par_1_76' title="bbox 1958 3307 3553 3389">
     <span class='ocr_line' id='line_1_76' title="bbox 1958 3307 3553 3389; baseline 0.006 -27"><span class='ocrx_word' id='word_1_617' title='bbox 1958 3308 2095 3362; x_wconf 88' lang='lat' dir='ltr'><strong><em>catio</em></strong></span> <span class='ocrx_word' id='word_1_618' title='bbox 2115 3310 2236 3362; x_wconf 86' lang='lat' dir='ltr'><strong><em>estis</em></strong></span> <span class='ocrx_word' id='word_1_619' title='bbox 2264 3307 2468 3380; x_wconf 88' lang='lat' dir='ltr'><strong><em>(llCor.</em></strong></span> <span class='ocrx_word' id='word_1_620' title='bbox 2495 3325 2576 3378; x_wconf 82' lang='lat' dir='ltr'><strong><em>ut,</em></strong></span> <span class='ocrx_word' id='word_1_621' title='bbox 2601 3310 2684 3382; x_wconf 91' lang='lat'><strong><em>9).</em></strong></span> <span class='ocrx_word' id='word_1_622' title='bbox 2706 3311 2775 3366; x_wconf 88' lang='lat' dir='ltr'><strong><em>Et</em></strong></span> <span class='ocrx_word' id='word_1_623' title='bbox 2799 3311 2850 3366; x_wconf 94' lang='lat' dir='ltr'><strong><em>in</em></strong></span> <span class='ocrx_word' id='word_1_624' title='bbox 2871 3312 2981 3368; x_wconf 89' lang='lat' dir='ltr'><strong><em>alio</em></strong></span> <span class='ocrx_word' id='word_1_625' title='bbox 3007 3312 3036 3352; x_wconf 68' lang='grc' dir='ltr'>δ</span> <span class='ocrx_word' id='word_1_626' title='bbox 3068 3314 3188 3372; x_wconf 90' lang='lat' dir='ltr'><strong><em>loco</em></strong></span> <span class='ocrx_word' id='word_1_627' title='bbox 3209 3332 3222 3368; x_wconf 93' lang='lat'><strong>:</strong></span> <span class='ocrx_word' id='word_1_628' title='bbox 3243 3313 3338 3370; x_wconf 86' lang='lat' dir='ltr'><strong><em>Dei</em></strong></span> <span class='ocrx_word' id='word_1_629' title='bbox 3361 3333 3553 3389; x_wconf 81' lang='lat' dir='ltr'><strong><em>coOpe-</em></strong></span> 
     </span>
    </p>
   </div>
   <div class='ocr_carea' id='block_1_77' title="bbox 1955 3405 3554 3476">
    <p class='ocr_par' dir='ltr' id='par_1_77' title="bbox 1955 3405 3554 3476">
     <span class='ocr_line' id='line_1_77' title="bbox 1955 3405 3554 3476; baseline 0.006 -20"><span class='ocrx_word' id='word_1_630' title='bbox 1955 3411 2154 3457; x_wconf 91' lang='lat' dir='ltr'><strong><em>ratores</em></strong></span> <span class='ocrx_word' id='word_1_631' title='bbox 2173 3419 2371 3470; x_wconf 86' lang='lat' dir='ltr'><strong><em>sumus,</em></strong></span> <span class='ocrx_word' id='word_1_632' title='bbox 2401 3405 2658 3474; x_wconf 89' lang='lat' dir='ltr'><strong><em>operiunt</em></strong></span> <span class='ocrx_word' id='word_1_633' title='bbox 2680 3414 2846 3476; x_wconf 89' lang='lat' dir='ltr'><strong><em>caput</em></strong></span> <span class='ocrx_word' id='word_1_634' title='bbox 2896 3422 3080 3474; x_wconf 91' lang='lat' dir='ltr'><strong><em>suum,</em></strong></span> <span class='ocrx_word' id='word_1_635' title='bbox 3123 3416 3180 3462; x_wconf 90' lang='lat' dir='ltr'><strong><em>ct</em></strong></span> <span class='ocrx_word' id='word_1_636' title='bbox 3206 3408 3554 3466; x_wconf 82' lang='lat' dir='ltr'><strong><em>confundun-</em></strong></span> 
     </span>
    </p>
   </div>
   <div class='ocr_carea' id='block_1_78' title="bbox 1959 3494 3552 3572">
    <p class='ocr_par' dir='ltr' id='par_1_78' title="bbox 1959 3494 3552 3572">
     <span class='ocr_line' id='line_1_78' title="bbox 1959 3494 3552 3572; baseline 0.008 -24"><span class='ocrx_word' id='word_1_637' title='bbox 1959 3502 2068 3560; x_wconf 88' lang='lat' dir='ltr'><strong><em>tur,</em></strong></span> <span class='ocrx_word' id='word_1_638' title='bbox 2102 3494 2466 3567; x_wconf 89' lang='lat' dir='ltr'><strong><em>intelligentes</em></strong></span> <span class='ocrx_word' id='word_1_639' title='bbox 2512 3498 2632 3552; x_wconf 91' lang='lat' dir='ltr'><strong><em>sine</em></strong></span> <span class='ocrx_word' id='word_1_640' title='bbox 2654 3497 2750 3553; x_wconf 88' lang='lat' dir='ltr'><strong><em>Dei</em></strong></span> <span class='ocrx_word' id='word_1_641' title='bbox 2776 3501 2954 3570; x_wconf 88' lang='lat' dir='ltr'><strong><em>gratia</em></strong></span> <span class='ocrx_word' id='word_1_642' title='bbox 2977 3509 3032 3556; x_wconf 91' lang='lat' dir='ltr'><strong><em>et</em></strong></span> <span class='ocrx_word' id='word_1_643' title='bbox 3051 3501 3328 3572; x_wconf 89' lang='lat' dir='ltr'><strong><em>adjutorio</em></strong></span> <span class='ocrx_word' id='word_1_644' title='bbox 3354 3503 3552 3561; x_wconf 72' lang='lat' dir='ltr'><strong><em>{rustra</em></strong></span> 
     </span>
    </p>
   </div>
   <div class='ocr_carea' id='block_1_79' title="bbox 1961 3589 2301 3645">
    <p class='ocr_par' dir='ltr' id='par_1_79' title="bbox 1961 3589 2301 3645">
     <span class='ocr_line' id='line_1_79' title="bbox 1961 3589 2301 3645; baseline 0.003 -2"><span class='ocrx_word' id='word_1_645' title='bbox 1961 3602 2021 3643; x_wconf 91' lang='lat' dir='ltr'><strong><em>se</em></strong></span> <span class='ocrx_word' id='word_1_646' title='bbox 2054 3589 2301 3645; x_wconf 89' lang='lat' dir='ltr'><strong><em>tendere.</em></strong></span> 
     </span>
    </p>
   </div>
   <div class='ocr_carea' id='block_1_80' title="bbox 2035 3679 3559 3764">
    <p class='ocr_par' dir='ltr' id='par_1_80' title="bbox 2035 3679 3559 3764">
     <span class='ocr_line' id='line_1_80' title="bbox 2035 3679 3559 3764; baseline 0.008 -30"><span class='ocrx_word' id='word_1_647' title='bbox 2035 3679 2215 3752; x_wconf 88' lang='lat' dir='ltr'><strong><em>(Vers.</em></strong></span> <span class='ocrx_word' id='word_1_648' title='bbox 2234 3682 2292 3745; x_wconf 84' lang='grc'><strong><em>5,</em></strong></span> <span class='ocrx_word' id='word_1_649' title='bbox 2309 3681 2390 3746; x_wconf 89' lang='grc'><strong><em>6.)</em></strong></span> <span class='ocrx_word' id='word_1_650' title='bbox 2413 3682 2558 3737; x_wconf 86' lang='lat' dir='ltr'><strong><em>Nam</em></strong></span> <span class='ocrx_word' id='word_1_651' title='bbox 2570 3694 2617 3739; x_wconf 90' lang='lat' dir='ltr'><strong><em>et</em></strong></span> <span class='ocrx_word' id='word_1_652' title='bbox 2639 3701 2785 3739; x_wconf 83' lang='lat' dir='ltr'><strong><em>cerva</em></strong></span> <span class='ocrx_word' id='word_1_653' title='bbox 2803 3685 2942 3758; x_wconf 90' lang='lat' dir='ltr'><strong><em>(sive</em></strong></span> <span class='ocrx_word' id='word_1_654' title='bbox 2965 3686 3153 3760; x_wconf 70' lang='lat' dir='ltr'><strong><em>cerva’)</em></strong></span> <span class='ocrx_word' id='word_1_655' title='bbox 3177 3689 3229 3743; x_wconf 91' lang='lat' dir='ltr'><strong><em>in</em></strong></span> <span class='ocrx_word' id='word_1_656' title='bbox 3252 3705 3380 3758; x_wconf 90' lang='lat' dir='ltr'><strong><em>agro</em></strong></span> <span class='ocrx_word' id='word_1_657' title='bbox 3407 3707 3559 3764; x_wconf 84' lang='lat' dir='ltr'><strong><em>pepe-</em></strong></span> 
     </span>
    </p>
   </div>
   <div class='ocr_carea' id='block_1_81' title="bbox 1961 3774 3561 3857">
    <p class='ocr_par' dir='ltr' id='par_1_81' title="bbox 1961 3774 3561 3857">
     <span class='ocr_line' id='line_1_81' title="bbox 1961 3774 3561 3857; baseline 0.008 -30"><span class='ocrx_word' id='word_1_658' title='bbox 1961 3774 2030 3828; x_wconf 86' lang='lat' dir='ltr'><strong><em>rit</em></strong></span> <span class='ocrx_word' id='word_1_659' title='bbox 2056 3774 2196 3848; x_wconf 90' lang='lat' dir='ltr'><strong><em>(sive</em></strong></span> <span class='ocrx_word' id='word_1_660' title='bbox 2226 3777 2555 3849; x_wconf 86' lang='lat' dir='ltr'><strong><em>pepererunt)</em></strong></span> <span class='ocrx_word' id='word_1_661' title='bbox 2584 3789 2634 3833; x_wconf 91' lang='lat' dir='ltr'><strong><em>et</em></strong></span> <span class='ocrx_word' id='word_1_662' title='bbox 2667 3778 2881 3851; x_wconf 83' lang='lat' dir='ltr'><strong><em>reliquit</em></strong></span> <span class='ocrx_word' id='word_1_663' title='bbox 2907 3777 3050 3850; x_wconf 90' lang='lat' dir='ltr'><strong><em>(sive</em></strong></span> <span class='ocrx_word' id='word_1_664' title='bbox 3067 3779 3410 3857; x_wconf 82' lang='lat' dir='ltr'><strong><em>reliquerunt)</em></strong></span> <span class='ocrx_word' id='word_1_665' title='bbox 3435 3786 3561 3856; x_wconf 85' lang='lat' dir='ltr'><strong><em>quia</em></strong></span> 
     </span>
    </p>
   </div>
   <div class='ocr_carea' id='block_1_82' title="bbox 1965 3871 3563 3950">
    <p class='ocr_par' dir='ltr' id='par_1_82' title="bbox 1965 3871 3563 3950">
     <span class='ocr_line' id='line_1_82' title="bbox 1965 3871 3563 3950; baseline 0.008 -26"><span class='ocrx_word' id='word_1_666' title='bbox 1965 3889 2069 3926; x_wconf 89' lang='lat' dir='ltr'><strong><em>non</em></strong></span> <span class='ocrx_word' id='word_1_667' title='bbox 2101 3880 2210 3925; x_wconf 86' lang='lat' dir='ltr'><strong><em>erat</em></strong></span> <span class='ocrx_word' id='word_1_668' title='bbox 2243 3871 2422 3927; x_wconf 82' lang='lat' dir='ltr'><strong><em>herba.</em></strong></span> <span class='ocrx_word' id='word_1_669' title='bbox 2458 3871 2529 3927; x_wconf 87' lang='lat' dir='ltr'><strong><em>Et</em></strong></span> <span class='ocrx_word' id='word_1_670' title='bbox 2549 3875 2733 3946; x_wconf 89' lang='lat' dir='ltr'><strong><em>onagri</em></strong></span> <span class='ocrx_word' id='word_1_671' title='bbox 2761 3884 3010 3931; x_wconf 85' lang='lat' dir='ltr'><strong><em>steterunt</em></strong></span> <span class='ocrx_word' id='word_1_672' title='bbox 3033 3876 3087 3932; x_wconf 91' lang='lat' dir='ltr'><strong><em>in</em></strong></span> <span class='ocrx_word' id='word_1_673' title='bbox 3115 3878 3353 3950; x_wconf 84' lang='lat' dir='ltr'><strong><em>rupibus,</em></strong></span> <span class='ocrx_word' id='word_1_674' title='bbox 3387 3889 3563 3936; x_wconf 70' lang='lat' dir='ltr'><strong><em>traxe-</em></strong></span> 
     </span>
    </p>
   </div>
   <div class='ocr_carea' id='block_1_83' title="bbox 1961 3967 3560 4040">
    <p class='ocr_par' dir='ltr' id='par_1_83' title="bbox 1961 3967 3560 4040">
     <span class='ocr_line' id='line_1_83' title="bbox 1961 3967 3560 4040; baseline 0.005 -22"><span class='ocrx_word' id='word_1_675' title='bbox 1961 3975 2084 4019; x_wconf 88' lang='lat' dir='ltr'><strong><em>runt</em></strong></span> <span class='ocrx_word' id='word_1_676' title='bbox 2138 3974 2340 4020; x_wconf 81' lang='lat' dir='ltr'><strong><em>ventum</em></strong></span> <span class='ocrx_word' id='word_1_677' title='bbox 2380 3967 2530 4038; x_wconf 87' lang='lat' dir='ltr'><strong><em>quasi</em></strong></span> <span class='ocrx_word' id='word_1_678' title='bbox 2588 3967 2878 4032; x_wconf 86' lang='lat' dir='ltr'><strong><em>dracones,</em></strong></span> <span class='ocrx_word' id='word_1_679' title='bbox 2933 3969 3229 4040; x_wconf 80' lang='lat' dir='ltr'><strong><em>defecerunt</em></strong></span> <span class='ocrx_word' id='word_1_680' title='bbox 3286 3969 3427 4026; x_wconf 82' lang='lat' dir='ltr'><strong><em>oculi</em></strong></span> <span class='ocrx_word' id='word_1_681' title='bbox 3475 3989 3560 4028; x_wconf 91' lang='lat' dir='ltr'><strong><em>eo-</em></strong></span> 
     </span>
    </p>
   </div>
   <div class='ocr_carea' id='block_1_84' title="bbox 1965 4058 3565 4135">
    <p class='ocr_par' dir='ltr' id='par_1_84' title="bbox 1965 4058 3565 4135">
     <span class='ocr_line' id='line_1_84' title="bbox 1965 4058 3565 4135; baseline 0.009 -25"><span class='ocrx_word' id='word_1_682' title='bbox 1965 4073 2080 4112; x_wconf 89' lang='lat' dir='ltr'><strong><em>rum</em></strong></span> <span class='ocrx_word' id='word_1_683' title='bbox 2103 4097 2118 4122; x_wconf 93' lang='lat'><strong><em>,</em></strong></span> <span class='ocrx_word' id='word_1_684' title='bbox 2157 4058 2280 4127; x_wconf 86' lang='lat' dir='ltr'><strong><em>quia</em></strong></span> <span class='ocrx_word' id='word_1_685' title='bbox 2300 4074 2402 4112; x_wconf 91' lang='lat' dir='ltr'><strong><em>non</em></strong></span> <span class='ocrx_word' id='word_1_686' title='bbox 2441 4068 2552 4113; x_wconf 83' lang='lat' dir='ltr'><strong><em>erat</em></strong></span> <span class='ocrx_word' id='word_1_687' title='bbox 2581 4059 2740 4114; x_wconf 81' lang='lat' dir='ltr'><strong><em>herba</em></strong></span> <span class='ocrx_word' id='word_1_688' title='bbox 2763 4060 2903 4134; x_wconf 90' lang='lat' dir='ltr'><strong><em>(sive</em></strong></span> <span class='ocrx_word' id='word_1_689' title='bbox 2926 4063 3150 4135; x_wconf 78' lang='lat' dir='ltr'><strong><em>fenum).</em></strong></span> <span class='ocrx_word' id='word_1_690' title='bbox 3186 4063 3420 4122; x_wconf 88' lang='lat' dir='ltr'><strong><em>Grandis</em></strong></span> <span class='ocrx_word' id='word_1_691' title='bbox 3451 4073 3565 4123; x_wconf 87' lang='lat' dir='ltr'><strong><em>ste-</em></strong></span> 
     </span>
    </p>
   </div>
   <div class='ocr_carea' id='block_1_85' title="bbox 1967 4152 3562 4229">
    <p class='ocr_par' dir='ltr' id='par_1_85' title="bbox 1967 4152 3562 4229">
     <span class='ocr_line' id='line_1_85' title="bbox 1967 4152 3562 4229; baseline 0.007 -23"><span class='ocrx_word' id='word_1_692' title='bbox 1967 4152 2166 4220; x_wconf 90' lang='lat' dir='ltr'><strong><em>rilitas,</em></strong></span> <span class='ocrx_word' id='word_1_693' title='bbox 2197 4154 2414 4223; x_wconf 85' lang='lat' dir='ltr'><strong><em>quando</em></strong></span> <span class='ocrx_word' id='word_1_694' title='bbox 2435 4163 2490 4210; x_wconf 95' lang='lat' dir='ltr'><strong><em>et</em></strong></span> <span class='ocrx_word' id='word_1_695' title='bbox 2516 4169 2697 4211; x_wconf 63' lang='lat' dir='ltr'><strong><em>cerva:</em></strong></span> <span class='ocrx_word' id='word_1_696' title='bbox 2737 4156 2790 4211; x_wconf 93' lang='lat' dir='ltr'><strong><em>in</em></strong></span> <span class='ocrx_word' id='word_1_697' title='bbox 2835 4172 2968 4227; x_wconf 83' lang='lat' dir='ltr'><strong><em>agro</em></strong></span> <span class='ocrx_word' id='word_1_698' title='bbox 3009 4158 3257 4229; x_wconf 85' lang='lat' dir='ltr'><strong><em>pariunt,</em></strong></span> <span class='ocrx_word' id='word_1_699' title='bbox 3312 4169 3366 4217; x_wconf 90' lang='lat' dir='ltr'><strong><em>et</em></strong></span> <span class='ocrx_word' id='word_1_700' title='bbox 3391 4161 3562 4217; x_wconf 87' lang='lat' dir='ltr'><strong><em>relin-</em></strong></span> 
     </span>
    </p>
   </div>
   <div class='ocr_carea' id='block_1_86' title="bbox 1970 4244 3570 4320">
    <p class='ocr_par' dir='ltr' id='par_1_86' title="bbox 1970 4244 3570 4320">
     <span class='ocr_line' id='line_1_86' title="bbox 1970 4244 3570 4320; baseline 0.006 -21"><span class='ocrx_word' id='word_1_701' title='bbox 1970 4254 2146 4317; x_wconf 92' lang='lat' dir='ltr'><strong><em>quunt</em></strong></span> <span class='ocrx_word' id='word_1_702' title='bbox 2192 4244 2337 4302; x_wconf 84' lang='lat' dir='ltr'><strong><em>fetus</em></strong></span> <span class='ocrx_word' id='word_1_703' title='bbox 2370 4262 2521 4314; x_wconf 91' lang='lat' dir='ltr'><strong><em>suos,</em></strong></span> <span class='ocrx_word' id='word_1_704' title='bbox 2555 4248 2681 4319; x_wconf 91' lang='lat' dir='ltr'><strong><em>quia</em></strong></span> <span class='ocrx_word' id='word_1_705' title='bbox 2708 4262 2819 4304; x_wconf 91' lang='lat' dir='ltr'><strong><em>non</em></strong></span> <span class='ocrx_word' id='word_1_706' title='bbox 2845 4247 2917 4305; x_wconf 89' lang='lat' dir='ltr'><strong><em>sit</em></strong></span> <span class='ocrx_word' id='word_1_707' title='bbox 2938 4249 3107 4307; x_wconf 84' lang='lat' dir='ltr'><strong><em>herba</em></strong></span> <span class='ocrx_word' id='word_1_708' title='bbox 3141 4251 3228 4307; x_wconf 90' lang='lat' dir='ltr'><strong><em>vel</em></strong></span> <span class='ocrx_word' id='word_1_709' title='bbox 3250 4252 3466 4320; x_wconf 75' lang='lat' dir='ltr'><strong><em>fenum;</em></strong></span> <span class='ocrx_word' id='word_1_710' title='bbox 3509 4262 3570 4309; x_wconf 90' lang='lat' dir='ltr'><strong><em>ut</em></strong></span> 
     </span>
    </p>
   </div>
   <div class='ocr_carea' id='block_1_87' title="bbox 1969 4337 3568 4412">
    <p class='ocr_par' dir='ltr' id='par_1_87' title="bbox 1969 4337 3568 4412">
     <span class='ocr_line' id='line_1_87' title="bbox 1969 4337 3568 4412; baseline 0.007 -20"><span class='ocrx_word' id='word_1_711' title='bbox 1969 4355 2092 4410; x_wconf 73' lang='lat' dir='ltr'><strong><em>quas</em></strong></span> <span class='ocrx_word' id='word_1_712' title='bbox 2122 4337 2292 4396; x_wconf 89' lang='lat' dir='ltr'><strong><em>odore</em></strong></span> <span class='ocrx_word' id='word_1_713' title='bbox 2321 4343 2533 4396; x_wconf 89' lang='lat' dir='ltr'><strong><em>narium</em></strong></span> <span class='ocrx_word' id='word_1_714' title='bbox 2556 4351 2847 4412; x_wconf 88' lang='lat' dir='ltr'><strong><em>serpentes</em></strong></span> <span class='ocrx_word' id='word_1_715' title='bbox 2878 4343 3179 4400; x_wconf 81' lang='lat' dir='ltr'><strong><em>extrahunt</em></strong></span> <span class='ocrx_word' id='word_1_716' title='bbox 3204 4343 3274 4402; x_wconf 90' lang='lat' dir='ltr'><strong><em>de</em></strong></span> <span class='ocrx_word' id='word_1_717' title='bbox 3291 4347 3568 4411; x_wconf 85' lang='lat' dir='ltr'><strong><em>cavernis,</em></strong></span> 
     </span>
    </p>
   </div>
   <div class='ocr_carea' id='block_1_88' title="bbox 1970 4434 3568 4510">
    <p class='ocr_par' dir='ltr' id='par_1_88' title="bbox 1970 4434 3568 4510">
     <span class='ocr_line' id='line_1_88' title="bbox 1970 4434 3568 4510; baseline 0.004 -20"><span class='ocrx_word' id='word_1_718' title='bbox 1970 4443 2024 4490; x_wconf 91' lang='lat' dir='ltr'><strong><em>et</em></strong></span> <span class='ocrx_word' id='word_1_719' title='bbox 2055 4443 2320 4490; x_wconf 82' lang='lat' dir='ltr'><strong><em>venenata</em></strong></span> <span class='ocrx_word' id='word_1_720' title='bbox 2355 4434 2692 4492; x_wconf 82' lang='lat' dir='ltr'><strong><em>interﬁciunt</em></strong></span> <span class='ocrx_word' id='word_1_721' title='bbox 2721 4436 3041 4506; x_wconf 89' lang='lat' dir='ltr'><strong><em>animantia,</em></strong></span> <span class='ocrx_word' id='word_1_722' title='bbox 3075 4437 3202 4494; x_wconf 90' lang='lat' dir='ltr'><strong><em>cibo</em></strong></span> <span class='ocrx_word' id='word_1_723' title='bbox 3227 4440 3418 4510; x_wconf 66' lang='lat' dir='ltr'><strong><em>gratiae</em></strong></span> <span class='ocrx_word' id='word_1_724' title='bbox 3461 4457 3568 4498; x_wconf 89' lang='lat' dir='ltr'><strong><em>non</em></strong></span> 
     </span>
    </p>
   </div>
   <div class='ocr_carea' id='block_1_89' title="bbox 1973 4528 3570 4604">
    <p class='ocr_par' dir='ltr' id='par_1_89' title="bbox 1973 4528 3570 4604">
     <span class='ocr_line' id='line_1_89' title="bbox 1973 4528 3570 4604; baseline 0.005 -22"><span class='ocrx_word' id='word_1_725' title='bbox 1973 4537 2220 4583; x_wconf 87' lang='lat' dir='ltr'><strong><em>utantur.</em></strong></span> <span class='ocrx_word' id='word_1_726' title='bbox 2257 4528 2454 4600; x_wconf 86' lang='lat' dir='ltr'><strong><em>Onagri</em></strong></span> <span class='ocrx_word' id='word_1_727' title='bbox 2497 4545 2718 4601; x_wconf 91' lang='lat' dir='ltr'><strong><em>quoque</em></strong></span> <span class='ocrx_word' id='word_1_728' title='bbox 2746 4529 2816 4586; x_wconf 88' lang='lat' dir='ltr'><strong><em>de</em></strong></span> <span class='ocrx_word' id='word_1_729' title='bbox 2855 4531 3054 4600; x_wconf 85' lang='lat' dir='ltr'><strong><em>quibus</em></strong></span> <span class='ocrx_word' id='word_1_730' title='bbox 3097 4533 3360 4604; x_wconf 83' lang='lat' dir='ltr'><strong><em>scriptum</em></strong></span> <span class='ocrx_word' id='word_1_731' title='bbox 3401 4546 3488 4592; x_wconf 89' lang='lat' dir='ltr'><strong><em>est</em></strong></span> <span class='ocrx_word' id='word_1_732' title='bbox 3518 4535 3570 4591; x_wconf 89' lang='lat' dir='ltr'><strong><em>in</em></strong></span> 
     </span>
    </p>
   </div>
   <div class='ocr_carea' id='block_1_90' title="bbox 265 4611 3572 4702">
    <p class='ocr_par' dir='ltr' id='par_1_90' title="bbox 265 4611 3572 4702">
     <span class='ocr_line' id='line_1_90' title="bbox 265 4611 3572 4702; baseline -0.004 -8"><span class='ocrx_word' id='word_1_733' title='bbox 265 4637 470 4697; x_wconf 90' lang='lat' dir='ltr'><strong><em>occidit</em></strong></span> <span class='ocrx_word' id='word_1_734' title='bbox 502 4633 758 4700; x_wconf 89' lang='lat' dir='ltr'><strong><em>meridie,</em></strong></span> <span class='ocrx_word' id='word_1_735' title='bbox 790 4639 847 4688; x_wconf 90' lang='lat' dir='ltr'><strong><em>et</em></strong></span> <span class='ocrx_word' id='word_1_736' title='bbox 869 4631 996 4686; x_wconf 86' lang='lat' dir='ltr'><strong><em>luna</em></strong></span> <span class='ocrx_word' id='word_1_737' title='bbox 1022 4636 1280 4699; x_wconf 86' lang='lat' dir='ltr'><strong><em>astraque</em></strong></span> <span class='ocrx_word' id='word_1_738' title='bbox 1302 4638 1357 4684; x_wconf 90' lang='lat' dir='ltr'><strong><em>et</em></strong></span> <span class='ocrx_word' id='word_1_739' title='bbox 1379 4635 1578 4682; x_wconf 67' lang='lat' dir='ltr'><strong><em>caitera</em></strong></span> <span class='ocrx_word' id='word_1_740' title='bbox 1599 4641 1706 4682; x_wconf 89' lang='lat' dir='ltr'><strong><em>non</em></strong></span> <span class='ocrx_word' id='word_1_741' title='bbox 1740 4626 1874 4681; x_wconf 84' lang='lat' dir='ltr'><strong><em>dant,</em></strong></span> <span class='ocrx_word' id='word_1_742' title='bbox 1899 4611 1954 4670; x_wconf 84' lang='lat' dir='ltr'><strong><em>D</em></strong></span> <span class='ocrx_word' id='word_1_743' title='bbox 1977 4621 2110 4677; x_wconf 82' lang='lat' dir='ltr'><strong><em>Job:</em></strong></span> <span class='ocrx_word' id='word_1_744' title='bbox 2145 4621 2275 4688; x_wconf 84' lang='lat' dir='ltr'><strong><em>Quis</em></strong></span> <span class='ocrx_word' id='word_1_745' title='bbox 2299 4622 2498 4677; x_wconf 75' lang='lat' dir='ltr'><strong><em>dimisit</em></strong></span> <span class='ocrx_word' id='word_1_746' title='bbox 2525 4624 2578 4677; x_wconf 88' lang='lat' dir='ltr'><strong><em>in</em></strong></span> <span class='ocrx_word' id='word_1_747' title='bbox 2600 4623 2884 4679; x_wconf 87' lang='lat' dir='ltr'><strong><em>solitudine</em></strong></span> <span class='ocrx_word' id='word_1_748' title='bbox 2909 4641 3163 4698; x_wconf 86' lang='lat' dir='ltr'><strong><em>onagrum</em></strong></span> <span class='ocrx_word' id='word_1_749' title='bbox 3191 4627 3413 4683; x_wconf 84' lang='lat' dir='ltr'><strong><em>liberum</em></strong></span> <span class='ocrx_word' id='word_1_750' title='bbox 3426 4629 3572 4702; x_wconf 85' lang='lat' dir='ltr'><strong><em>(Job.</em></strong></span> 
     </span>
    </p>
   </div>
   <div class='ocr_carea' id='block_1_91' title="bbox 269 4719 1874 4804">
    <p class='ocr_par' dir='ltr' id='par_1_91' title="bbox 269 4719 1874 4804">
     <span class='ocr_line' id='line_1_91' title="bbox 269 4719 1874 4804; baseline -0.009 -14"><span class='ocrx_word' id='word_1_751' title='bbox 269 4733 459 4790; x_wconf 90' lang='lat' dir='ltr'><strong><em>lumen</em></strong></span> <span class='ocrx_word' id='word_1_752' title='bbox 483 4744 644 4785; x_wconf 91' lang='lat' dir='ltr'><strong><em>suum</em></strong></span> <span class='ocrx_word' id='word_1_753' title='bbox 667 4726 846 4804; x_wconf 68' lang='lat' dir='ltr'><strong><em>(Antos</em></strong></span> <span class='ocrx_word' id='word_1_754' title='bbox 868 4721 1005 4790; x_wconf 84' lang='lat' dir='ltr'><strong><em>vni).</em></strong></span> <span class='ocrx_word' id='word_1_755' title='bbox 1021 4721 1441 4792; x_wconf 86' lang='lat' dir='ltr'><strong><em>Putandumque</em></strong></span> <span class='ocrx_word' id='word_1_756' title='bbox 1462 4731 1546 4776; x_wconf 92' lang='lat' dir='ltr'><strong><em>est</em></strong></span> <span class='ocrx_word' id='word_1_757' title='bbox 1567 4719 1874 4776; x_wconf 88' lang='lat' dir='ltr'><strong><em>obsidionis</em></strong></span> 
     </span>
    </p>
   </div>
   <div class='ocr_carea' id='block_1_92' title="bbox 274 4812 1874 4897">
    <p class='ocr_par' dir='ltr' id='par_1_92' title="bbox 274 4812 1874 4897">
     <span class='ocr_line' id='line_1_92' title="bbox 274 4812 1874 4897; baseline -0.009 -15"><span class='ocrx_word' id='word_1_758' title='bbox 274 4836 526 4897; x_wconf 89' lang='lat' dir='ltr'><strong><em>tempore</em></strong></span> <span class='ocrx_word' id='word_1_759' title='bbox 556 4819 769 4892; x_wconf 89' lang='lat' dir='ltr'><strong><em>pluvias</em></strong></span> <span class='ocrx_word' id='word_1_760' title='bbox 799 4833 906 4873; x_wconf 92' lang='lat' dir='ltr'><strong><em>non</em></strong></span> <span class='ocrx_word' id='word_1_761' title='bbox 939 4815 1128 4882; x_wconf 84' lang='lat' dir='ltr'><strong><em>luisse,</em></strong></span> <span class='ocrx_word' id='word_1_762' title='bbox 1160 4821 1222 4869; x_wconf 89' lang='lat' dir='ltr'><strong><em>ut</em></strong></span> <span class='ocrx_word' id='word_1_763' title='bbox 1265 4812 1611 4869; x_wconf 85' lang='lat' dir='ltr'><strong><em>sterilitatem</em></strong></span> <span class='ocrx_word' id='word_1_764' title='bbox 1656 4812 1874 4868; x_wconf 88' lang='lat' dir='ltr'><strong><em>obsessi</em></strong></span> 
     </span>
    </p>
   </div>
   <div class='ocr_carea' id='block_1_93' title="bbox 271 4905 1878 4986">
    <p class='ocr_par' dir='ltr' id='par_1_93' title="bbox 271 4905 1878 4986">
     <span class='ocr_line' id='line_1_93' title="bbox 271 4905 1878 4986; baseline -0.007 -10"><span class='ocrx_word' id='word_1_765' title='bbox 271 4921 614 4976; x_wconf 86' lang='lat' dir='ltr'><strong><em>sustinerent</em></strong></span> <span class='ocrx_word' id='word_1_766' title='bbox 655 4929 832 4986; x_wconf 68' lang='lat' dir='ltr'><strong><em>aquae.</em></strong></span> <span class='ocrx_word' id='word_1_767' title='bbox 889 4909 1008 4968; x_wconf 90' lang='lat' dir='ltr'><strong><em>Uno</em></strong></span> <span class='ocrx_word' id='word_1_768' title='bbox 1057 4908 1264 4979; x_wconf 88' lang='lat' dir='ltr'><strong><em>quippe</em></strong></span> <span class='ocrx_word' id='word_1_769' title='bbox 1304 4907 1455 4962; x_wconf 88' lang='lat' dir='ltr'><strong><em>l&#39;onte</em></strong></span> <span class='ocrx_word' id='word_1_770' title='bbox 1483 4906 1658 4971; x_wconf 86' lang='lat' dir='ltr'><strong><em>Siloe,</em></strong></span> <span class='ocrx_word' id='word_1_771' title='bbox 1689 4916 1745 4962; x_wconf 91' lang='lat' dir='ltr'><strong><em>et</em></strong></span> <span class='ocrx_word' id='word_1_772' title='bbox 1774 4905 1878 4966; x_wconf 90' lang='lat' dir='ltr'><strong><em>hoc</em></strong></span> 
     </span>
    </p>
   </div>
   <div class='ocr_carea' id='block_1_94' title="bbox 276 4999 1875 5080">
    <p class='ocr_par' dir='ltr' id='par_1_94' title="bbox 276 4999 1875 5080">
     <span class='ocr_line' id='line_1_94' title="bbox 276 4999 1875 5080; baseline -0.009 -11"><span class='ocrx_word' id='word_1_773' title='bbox 276 5027 387 5069; x_wconf 91' lang='lat' dir='ltr'><strong><em>non</em></strong></span> <span class='ocrx_word' id='word_1_774' title='bbox 419 5018 684 5080; x_wconf 88' lang='lat' dir='ltr'><strong><em>perpetuo</em></strong></span> <span class='ocrx_word' id='word_1_775' title='bbox 709 5005 882 5060; x_wconf 92' lang='lat' dir='ltr'><strong><em>utitur</em></strong></span> <span class='ocrx_word' id='word_1_776' title='bbox 909 5001 1108 5058; x_wconf 84' lang='lat' dir='ltr'><strong><em>civitas</em></strong></span> <span class='ocrx_word' id='word_1_777' title='bbox 1131 5041 1144 5066; x_wconf 91' lang='lat'><strong><em>,</em></strong></span> <span class='ocrx_word' id='word_1_778' title='bbox 1176 5007 1233 5055; x_wconf 89' lang='lat' dir='ltr'><strong><em>et</em></strong></span> <span class='ocrx_word' id='word_1_779' title='bbox 1262 5013 1439 5070; x_wconf 87' lang='lat' dir='ltr'><strong><em>usque</em></strong></span> <span class='ocrx_word' id='word_1_780' title='bbox 1464 4999 1517 5053; x_wconf 92' lang='lat' dir='ltr'><strong><em>in</em></strong></span> <span class='ocrx_word' id='word_1_781' title='bbox 1547 5008 1875 5068; x_wconf 60' lang='lat' dir='ltr'><strong><em>prasentem</em></strong></span> 
     </span>
    </p>
   </div>
   <div class='ocr_carea' id='block_1_95' title="bbox 276 5089 1878 5168">
    <p class='ocr_par' dir='ltr' id='par_1_95' title="bbox 276 5089 1878 5168">
     <span class='ocr_line' id='line_1_95' title="bbox 276 5089 1878 5168; baseline -0.009 -8"><span class='ocrx_word' id='word_1_782' title='bbox 276 5103 423 5160; x_wconf 91' lang='lat' dir='ltr'><strong><em>diem</em></strong></span> <span class='ocrx_word' id='word_1_783' title='bbox 470 5099 736 5157; x_wconf 86' lang='lat' dir='ltr'><strong><em>sterilitas</em></strong></span> <span class='ocrx_word' id='word_1_784' title='bbox 765 5097 1098 5168; x_wconf 87' lang='lat' dir='ltr'><strong><em>pluviarum,</em></strong></span> <span class='ocrx_word' id='word_1_785' title='bbox 1155 5107 1265 5148; x_wconf 92' lang='lat' dir='ltr'><strong><em>non</em></strong></span> <span class='ocrx_word' id='word_1_786' title='bbox 1293 5092 1472 5148; x_wconf 90' lang='lat' dir='ltr'><strong><em>solum</em></strong></span> <span class='ocrx_word' id='word_1_787' title='bbox 1507 5089 1750 5163; x_wconf 83' lang='lat' dir='ltr'><strong><em>frugum,</em></strong></span> <span class='ocrx_word' id='word_1_788' title='bbox 1779 5091 1878 5147; x_wconf 88' lang='lat' dir='ltr'><strong><em>sed</em></strong></span> 
     </span>
    </p>
   </div>
   <div class='ocr_carea' id='block_1_96' title="bbox 280 5189 1036 5262">
    <p class='ocr_par' dir='ltr' id='par_1_96' title="bbox 280 5189 1036 5262">
     <span class='ocr_line' id='line_1_96' title="bbox 280 5189 1036 5262; baseline -0.016 -8"><span class='ocrx_word' id='word_1_789' title='bbox 280 5206 337 5254; x_wconf 90' lang='lat' dir='ltr'><strong><em>et</em></strong></span> <span class='ocrx_word' id='word_1_790' title='bbox 363 5193 588 5254; x_wconf 88' lang='lat' dir='ltr'><strong><em>bibendi</em></strong></span> <span class='ocrx_word' id='word_1_791' title='bbox 612 5192 858 5262; x_wconf 89' lang='lat' dir='ltr'><strong><em>inopiam</em></strong></span> <span class='ocrx_word' id='word_1_792' title='bbox 883 5189 1036 5244; x_wconf 74' lang='lat' dir='ltr'><strong><em>facit.</em></strong></span> 
     </span>
    </p>
   </div>
   <div class='ocr_carea' id='block_1_97' title="bbox 1979 4715 3571 4793">
    <p class='ocr_par' dir='ltr' id='par_1_97' title="bbox 1979 4715 3571 4793">
     <span class='ocr_line' id='line_1_97' title="bbox 1979 4715 3571 4793; baseline 0.004 -22"><span class='ocrx_word' id='word_1_793' title='bbox 1979 4731 2166 4780; x_wconf 77' lang='lat' dir='ltr'><strong><em>xxxix,</em></strong></span> <span class='ocrx_word' id='word_1_794' title='bbox 2196 4715 2292 4788; x_wconf 83' lang='lat'><strong><em>5)?</em></strong></span> <span class='ocrx_word' id='word_1_795' title='bbox 2340 4717 2502 4788; x_wconf 91' lang='lat' dir='ltr'><strong><em>plana</em></strong></span> <span class='ocrx_word' id='word_1_796' title='bbox 2531 4723 2587 4772; x_wconf 90' lang='lat' dir='ltr'><strong><em>et</em></strong></span> <span class='ocrx_word' id='word_1_797' title='bbox 2628 4718 2962 4787; x_wconf 89' lang='lat' dir='ltr'><strong><em>campestria</em></strong></span> <span class='ocrx_word' id='word_1_798' title='bbox 2991 4721 3388 4793; x_wconf 82' lang='lat' dir='ltr'><strong><em>relinquentes,</em></strong></span> <span class='ocrx_word' id='word_1_799' title='bbox 3423 4733 3571 4780; x_wconf 88' lang='lat' dir='ltr'><strong><em>stent</em></strong></span> 
     </span>
    </p>
   </div>
   <div class='ocr_carea' id='block_1_98' title="bbox 1981 4811 3578 4886">
    <p class='ocr_par' dir='ltr' id='par_1_98' title="bbox 1981 4811 3578 4886">
     <span class='ocr_line' id='line_1_98' title="bbox 1981 4811 3578 4886; baseline 0.003 -18"><span class='ocrx_word' id='word_1_800' title='bbox 1981 4813 2036 4868; x_wconf 91' lang='lat' dir='ltr'><strong><em>in</em></strong></span> <span class='ocrx_word' id='word_1_801' title='bbox 2068 4811 2322 4884; x_wconf 88' lang='lat' dir='ltr'><strong><em>rupibus,</em></strong></span> <span class='ocrx_word' id='word_1_802' title='bbox 2347 4820 2401 4869; x_wconf 92' lang='lat' dir='ltr'><strong><em>et</em></strong></span> <span class='ocrx_word' id='word_1_803' title='bbox 2420 4828 2646 4869; x_wconf 91' lang='lat' dir='ltr'><strong><em>currere</em></strong></span> <span class='ocrx_word' id='word_1_804' title='bbox 2669 4823 2961 4886; x_wconf 83' lang='lat' dir='ltr'><strong><em>nequeant,</em></strong></span> <span class='ocrx_word' id='word_1_805' title='bbox 2979 4825 3034 4872; x_wconf 89' lang='lat' dir='ltr'><strong><em>et</em></strong></span> <span class='ocrx_word' id='word_1_806' title='bbox 3059 4817 3341 4873; x_wconf 88' lang='lat' dir='ltr'><strong><em>attraliant</em></strong></span> <span class='ocrx_word' id='word_1_807' title='bbox 3358 4827 3578 4873; x_wconf 88' lang='lat' dir='ltr'><strong><em>ventum</em></strong></span> 
     </span>
    </p>
   </div>
   <div class='ocr_carea' id='block_1_99' title="bbox 1984 4903 3581 4981">
    <p class='ocr_par' dir='ltr' id='par_1_99' title="bbox 1984 4903 3581 4981">
     <span class='ocr_line' id='line_1_99' title="bbox 1984 4903 3581 4981; baseline 0.004 -20"><span class='ocrx_word' id='word_1_808' title='bbox 1984 4907 2039 4962; x_wconf 91' lang='lat' dir='ltr'><strong><em>in</em></strong></span> <span class='ocrx_word' id='word_1_809' title='bbox 2068 4903 2480 4961; x_wconf 87' lang='lat' dir='ltr'><strong><em>similitudinem</em></strong></span> <span class='ocrx_word' id='word_1_810' title='bbox 2513 4905 2843 4977; x_wconf 88' lang='lat' dir='ltr'><strong><em>draconum,</em></strong></span> <span class='ocrx_word' id='word_1_811' title='bbox 2893 4907 3266 4981; x_wconf 83' lang='lat' dir='ltr'><strong><em>deﬁciantque</em></strong></span> <span class='ocrx_word' id='word_1_812' title='bbox 3297 4909 3441 4966; x_wconf 90' lang='lat' dir='ltr'><strong><em>oculi</em></strong></span> <span class='ocrx_word' id='word_1_813' title='bbox 3484 4925 3581 4967; x_wconf 85' lang='lat' dir='ltr'><strong><em>eo-</em></strong></span> 
     </span>
    </p>
   </div>
   <div class='ocr_carea' id='block_1_100' title="bbox 1985 4997 3580 5071">
    <p class='ocr_par' dir='ltr' id='par_1_100' title="bbox 1985 4997 3580 5071">
     <span class='ocr_line' id='line_1_100' title="bbox 1985 4997 3580 5071; baseline 0.003 -17"><span class='ocrx_word' id='word_1_814' title='bbox 1985 5014 2130 5064; x_wconf 91' lang='lat' dir='ltr'><strong><em>rum,</em></strong></span> <span class='ocrx_word' id='word_1_815' title='bbox 2161 5007 2214 5052; x_wconf 89' lang='lat' dir='ltr'><strong><em>et</em></strong></span> <span class='ocrx_word' id='word_1_816' title='bbox 2239 4997 2445 5053; x_wconf 84' lang='lat' dir='ltr'><strong><em>claram</em></strong></span> <span class='ocrx_word' id='word_1_817' title='bbox 2477 4999 2650 5055; x_wconf 88' lang='lat' dir='ltr'><strong><em>lucem</em></strong></span> <span class='ocrx_word' id='word_1_818' title='bbox 2679 5015 2910 5057; x_wconf 88' lang='lat' dir='ltr'><strong><em>cernere</em></strong></span> <span class='ocrx_word' id='word_1_819' title='bbox 2952 5011 3246 5071; x_wconf 89' lang='lat' dir='ltr'><strong><em>nequeant,</em></strong></span> <span class='ocrx_word' id='word_1_820' title='bbox 3280 5001 3580 5058; x_wconf 86' lang='lat' dir='ltr'><strong><em>rationabi-</em></strong></span> 
     </span>
    </p>
   </div>
   <div class='ocr_carea' id='block_1_101' title="bbox 1988 5089 3586 5164">
    <p class='ocr_par' dir='ltr' id='par_1_101' title="bbox 1988 5089 3586 5164">
     <span class='ocr_line' id='line_1_101' title="bbox 1988 5089 3586 5164; baseline 0.003 -18"><span class='ocrx_word' id='word_1_821' title='bbox 1988 5091 2133 5146; x_wconf 91' lang='lat' dir='ltr'><strong><em>libus</em></strong></span> <span class='ocrx_word' id='word_1_822' title='bbox 2169 5089 2466 5146; x_wconf 89' lang='lat' dir='ltr'><strong><em>subtractis</em></strong></span> <span class='ocrx_word' id='word_1_823' title='bbox 2505 5092 2665 5148; x_wconf 87' lang='lat' dir='ltr'><strong><em>cibis.</em></strong></span> <span class='ocrx_word' id='word_1_824' title='bbox 2711 5093 2949 5150; x_wconf 87' lang='lat' dir='ltr'><strong><em>Siccitas</em></strong></span> <span class='ocrx_word' id='word_1_825' title='bbox 2976 5094 3093 5149; x_wconf 70' lang='lat' dir='ltr'><strong><em>haec</em></strong></span> <span class='ocrx_word' id='word_1_826' title='bbox 3137 5109 3282 5164; x_wconf 80' lang='lat' dir='ltr'><strong><em>saepe</em></strong></span> <span class='ocrx_word' id='word_1_827' title='bbox 3309 5095 3510 5150; x_wconf 90' lang='lat' dir='ltr'><strong><em>accidit</em></strong></span> <span class='ocrx_word' id='word_1_828' title='bbox 3533 5096 3586 5151; x_wconf 91' lang='lat' dir='ltr'><strong><em>in</em></strong></span> 
     </span>
    </p>
   </div>
   <div class='ocr_carea' id='block_1_102' title="bbox 1989 5181 3589 5258">
    <p class='ocr_par' dir='ltr' id='par_1_102' title="bbox 1989 5181 3589 5258">
     <span class='ocr_line' id='line_1_102' title="bbox 1989 5181 3589 5258; baseline 0.004 -21"><span class='ocrx_word' id='word_1_829' title='bbox 1989 5181 2276 5253; x_wconf 85' lang='lat' dir='ltr'><strong><em>Ecclesiis,</em></strong></span> <span class='ocrx_word' id='word_1_830' title='bbox 2305 5183 2526 5252; x_wconf 89' lang='lat' dir='ltr'><strong><em>quando</em></strong></span> <span class='ocrx_word' id='word_1_831' title='bbox 2557 5185 2708 5240; x_wconf 87' lang='lat' dir='ltr'><strong><em>cervi</em></strong></span> <span class='ocrx_word' id='word_1_832' title='bbox 2737 5193 2796 5242; x_wconf 89' lang='lat' dir='ltr'><strong><em>et</em></strong></span> <span class='ocrx_word' id='word_1_833' title='bbox 2816 5185 3011 5258; x_wconf 79' lang='lat' dir='ltr'><strong><em>onagri</em></strong></span> <span class='ocrx_word' id='word_1_834' title='bbox 3032 5185 3392 5242; x_wconf 81' lang='lat' dir='ltr'><strong><em>inveniuntur</em></strong></span> <span class='ocrx_word' id='word_1_835' title='bbox 3415 5186 3467 5241; x_wconf 94' lang='lat' dir='ltr'><strong><em>in</em></strong></span> <span class='ocrx_word' id='word_1_836' title='bbox 3491 5202 3589 5258; x_wconf 84' lang='lat' dir='ltr'><strong><em>po-</em></strong></span> 
     </span>
    </p>
   </div>
   <div class='ocr_carea' id='block_1_103' title="bbox 356 5275 3596 5364">
    <p class='ocr_par' dir='ltr' id='par_1_103' title="bbox 356 5275 3596 5364">
     <span class='ocr_line' id='line_1_103' title="bbox 356 5275 3596 5364; baseline -0.002 -18"><span class='ocrx_word' id='word_1_837' title='bbox 356 5288 545 5364; x_wconf 75' lang='lat' dir='ltr'><strong><em>(Vera.</em></strong></span> <span class='ocrx_word' id='word_1_838' title='bbox 572 5285 610 5341; x_wconf 73' lang='lat'><strong>2</strong></span> <span class='ocrx_word' id='word_1_839' title='bbox 637 5283 819 5356; x_wconf 90' lang='lat' dir='ltr'><strong><em>seqq.)</em></strong></span> <span class='ocrx_word' id='word_1_840' title='bbox 864 5281 1024 5338; x_wconf 72' lang='lat' dir='ltr'><strong><em>Luxit</em></strong></span> <span class='ocrx_word' id='word_1_841' title='bbox 1051 5279 1242 5336; x_wconf 77' lang='lat' dir='ltr'><strong><em>Judcea</em></strong></span> <span class='ocrx_word' id='word_1_842' title='bbox 1272 5278 1412 5352; x_wconf 90' lang='lat' dir='ltr'><strong><em>(sive</em></strong></span> <span class='ocrx_word' id='word_1_843' title='bbox 1431 5277 1598 5350; x_wconf 82' lang='lat' dir='ltr'><strong><em>Juda)</em></strong></span> <span class='ocrx_word' id='word_1_844' title='bbox 1631 5288 1679 5334; x_wconf 90' lang='lat' dir='ltr'><strong><em>et</em></strong></span> <span class='ocrx_word' id='word_1_845' title='bbox 1722 5287 1886 5348; x_wconf 73' lang='lat' dir='ltr'><strong><em>porta:</em></strong></span> <span class='ocrx_word' id='word_1_846' title='bbox 1989 5275 2157 5347; x_wconf 88' lang='lat' dir='ltr'><strong><em>pulis,</em></strong></span> <span class='ocrx_word' id='word_1_847' title='bbox 2190 5284 2246 5333; x_wconf 89' lang='lat' dir='ltr'><strong><em>et</em></strong></span> <span class='ocrx_word' id='word_1_848' title='bbox 2277 5278 2659 5348; x_wconf 88' lang='lat' dir='ltr'><strong><em>magistrorum</em></strong></span> <span class='ocrx_word' id='word_1_849' title='bbox 2691 5278 2921 5350; x_wconf 90' lang='lat' dir='ltr'><strong><em>penuria</em></strong></span> <span class='ocrx_word' id='word_1_850' title='bbox 2955 5279 3360 5335; x_wconf 79' lang='lat' dir='ltr'><strong><em>contabescunt</em></strong></span> <span class='ocrx_word' id='word_1_851' title='bbox 3395 5296 3409 5334; x_wconf 91' lang='lat'>:</span> <span class='ocrx_word' id='word_1_852' title='bbox 3465 5290 3596 5338; x_wconf 86' lang='lat' dir='ltr'><strong><em>sunt</em></strong></span> 
     </span>
    </p>
   </div>
   <div class='ocr_carea' id='block_1_104' title="bbox 282 5371 3593 5456">
    <p class='ocr_par' dir='ltr' id='par_1_104' title="bbox 282 5371 3593 5456">
     <span class='ocr_line' id='line_1_104' title="bbox 282 5371 3593 5456; baseline -0.002 -17"><span class='ocrx_word' id='word_1_853' title='bbox 282 5386 398 5456; x_wconf 80' lang='lat' dir='ltr'><strong><em>ejus</em></strong></span> <span class='ocrx_word' id='word_1_854' title='bbox 429 5386 735 5436; x_wconf 84' lang='lat' dir='ltr'><strong><em>corruerunt</em></strong></span> <span class='ocrx_word' id='word_1_855' title='bbox 769 5375 907 5440; x_wconf 82' lang='lat' dir='ltr'><strong><em>(sive</em></strong></span> <span class='ocrx_word' id='word_1_856' title='bbox 935 5388 1108 5428; x_wconf 76' lang='lat' dir='ltr'><strong><em>vacuw</em></strong></span> <span class='ocrx_word' id='word_1_857' title='bbox 1137 5372 1291 5443; x_wconf 74' lang='lat' dir='ltr'><strong><em>facite</em></strong></span> <span class='ocrx_word' id='word_1_858' title='bbox 1313 5371 1479 5443; x_wconf 88' lang='lat' dir='ltr'><strong><em>sunt),</em></strong></span> <span class='ocrx_word' id='word_1_859' title='bbox 1526 5379 1576 5426; x_wconf 85' lang='lat' dir='ltr'><strong><em>et</em></strong></span> <span class='ocrx_word' id='word_1_860' title='bbox 1606 5371 1890 5426; x_wconf 74' lang='lat' dir='ltr'><strong><em>obscuratae</em></strong></span> <span class='ocrx_word' id='word_1_861' title='bbox 1993 5373 2086 5443; x_wconf 92' lang='lat' dir='ltr'><strong><em>qui</em></strong></span> <span class='ocrx_word' id='word_1_862' title='bbox 2113 5380 2342 5442; x_wconf 90' lang='lat' dir='ltr'><strong><em>possunt</em></strong></span> <span class='ocrx_word' id='word_1_863' title='bbox 2361 5371 2600 5436; x_wconf 89' lang='lat' dir='ltr'><strong><em>discere,</em></strong></span> <span class='ocrx_word' id='word_1_864' title='bbox 2625 5383 2682 5429; x_wconf 91' lang='lat' dir='ltr'><strong><em>et</em></strong></span> <span class='ocrx_word' id='word_1_865' title='bbox 2708 5389 2819 5428; x_wconf 91' lang='lat' dir='ltr'><strong><em>non</em></strong></span> <span class='ocrx_word' id='word_1_866' title='bbox 2852 5381 2982 5428; x_wconf 90' lang='lat' dir='ltr'><strong><em>sunt</em></strong></span> <span class='ocrx_word' id='word_1_867' title='bbox 3005 5373 3093 5442; x_wconf 90' lang='lat' dir='ltr'><strong><em>qui</em></strong></span> <span class='ocrx_word' id='word_1_868' title='bbox 3120 5382 3349 5441; x_wconf 89' lang='lat' dir='ltr'><strong><em>possunt</em></strong></span> <span class='ocrx_word' id='word_1_869' title='bbox 3371 5372 3593 5432; x_wconf 85' lang='lat' dir='ltr'><strong><em>docere.</em></strong></span> 
     </span>
    </p>
   </div>
   <div class='ocr_carea' id='block_1_105' title="bbox 285 5463 1891 5548">
    <p class='ocr_par' dir='ltr' id='par_1_105' title="bbox 285 5463 1891 5548">
     <span class='ocr_line' id='line_1_105' title="bbox 285 5463 1891 5548; baseline -0.008 -17"><span class='ocrx_word' id='word_1_870' title='bbox 285 5477 353 5548; x_wconf 90' lang='lat' dir='ltr'><strong><em>(si</em></strong></span> <span class='ocrx_word' id='word_1_871' title='bbox 363 5491 427 5531; x_wconf 76' lang='lat' dir='ltr'><strong><em>re</em></strong></span> <span class='ocrx_word' id='word_1_872' title='bbox 447 5469 826 5528; x_wconf 76' lang='lat' dir='ltr'><strong><em>contenebratw</em></strong></span> <span class='ocrx_word' id='word_1_873' title='bbox 849 5463 990 5539; x_wconf 89' lang='lat' dir='ltr'><strong><em>sunt)</em></strong></span> <span class='ocrx_word' id='word_1_874' title='bbox 1029 5483 1183 5536; x_wconf 88' lang='lat' dir='ltr'><strong><em>super</em></strong></span> <span class='ocrx_word' id='word_1_875' title='bbox 1206 5475 1418 5532; x_wconf 85' lang='lat' dir='ltr'><strong><em>terram,</em></strong></span> <span class='ocrx_word' id='word_1_876' title='bbox 1442 5473 1490 5519; x_wconf 89' lang='lat' dir='ltr'><strong><em>et</em></strong></span> <span class='ocrx_word' id='word_1_877' title='bbox 1519 5463 1716 5519; x_wconf 81' lang='lat' dir='ltr'><strong><em>clamor</em></strong></span> <span class='ocrx_word' id='word_1_878' title='bbox 1735 5463 1891 5519; x_wconf 78' lang='lat' dir='ltr'><strong><em>Jeru-</em></strong></span> 
     </span>
    </p>
   </div>
   <div class='ocr_carea' id='block_1_106' title="bbox 2070 5463 3594 5539">
    <p class='ocr_par' dir='ltr' id='par_1_106' title="bbox 2070 5463 3594 5539">
     <span class='ocr_line' id='line_1_106' title="bbox 2070 5463 3594 5539; baseline 0 -18"><span class='ocrx_word' id='word_1_879' title='bbox 2070 5464 2133 5521; x_wconf 89' lang='lat' dir='ltr'><strong><em>Si</em></strong></span> <span class='ocrx_word' id='word_1_880' title='bbox 2162 5465 2461 5537; x_wconf 72' lang='lat' dir='ltr'><strong><em>iniquitates</em></strong></span> <span class='ocrx_word' id='word_1_881' title='bbox 2491 5473 2682 5520; x_wconf 71' lang='lat' dir='ltr'><strong><em>nostra:</em></strong></span> <span class='ocrx_word' id='word_1_882' title='bbox 2719 5463 3077 5534; x_wconf 86' lang='lat' dir='ltr'><strong><em>responderint</em></strong></span> <span class='ocrx_word' id='word_1_883' title='bbox 3124 5463 3262 5535; x_wconf 88' lang='lat' dir='ltr'><strong><em>(sive</em></strong></span> <span class='ocrx_word' id='word_1_884' title='bbox 3290 5467 3594 5539; x_wconf 81' lang='lat' dir='ltr'><strong><em>restiterim)</em></strong></span> 
     </span>
    </p>
   </div>
   <div class='ocr_carea' id='block_1_107' title="bbox 287 5558 3604 5635">
    <p class='ocr_par' dir='ltr' id='par_1_107' title="bbox 287 5558 3604 5635">
     <span class='ocr_line' id='line_1_107' title="bbox 287 5558 3604 5635; baseline -0.003 -11"><span class='ocrx_word' id='word_1_885' title='bbox 287 5571 450 5627; x_wconf 85' lang='lat' dir='ltr'><strong><em>salem</em></strong></span> <span class='ocrx_word' id='word_1_886' title='bbox 489 5561 746 5621; x_wconf 87' lang='lat' dir='ltr'><strong><em>ascendit.</em></strong></span> <span class='ocrx_word' id='word_1_887' title='bbox 791 5559 1023 5635; x_wconf 83' lang='lat' dir='ltr'><strong><em>Majores</em></strong></span> <span class='ocrx_word' id='word_1_888' title='bbox 1053 5562 1167 5632; x_wconf 86' lang='lat' dir='ltr'><strong><em>ejus</em></strong></span> <span class='ocrx_word' id='word_1_889' title='bbox 1199 5560 1446 5615; x_wconf 75' lang='lat' dir='ltr'><strong><em>miserunt</em></strong></span> <span class='ocrx_word' id='word_1_890' title='bbox 1482 5559 1709 5615; x_wconf 88' lang='lat' dir='ltr'><strong><em>minores</em></strong></span> <span class='ocrx_word' id='word_1_891' title='bbox 1753 5559 1896 5632; x_wconf 91' lang='lat' dir='ltr'><strong><em>(sive</em></strong></span> <span class='ocrx_word' id='word_1_892' title='bbox 1997 5559 2164 5632; x_wconf 78' lang='lat'><strong><em>939</em></strong></span> <span class='ocrx_word' id='word_1_893' title='bbox 2189 5559 2356 5628; x_wconf 84' lang='lat' dir='ltr'><strong><em>nobis,</em></strong></span> <span class='ocrx_word' id='word_1_894' title='bbox 2385 5558 2628 5628; x_wconf 87' lang='lat' dir='ltr'><strong><em>Domine,</em></strong></span> <span class='ocrx_word' id='word_1_895' title='bbox 2659 5560 2744 5629; x_wconf 73' lang='lat' dir='ltr'><strong><em>{ac</em></strong></span> <span class='ocrx_word' id='word_1_896' title='bbox 2792 5565 3006 5629; x_wconf 84' lang='lat' dir='ltr'><strong><em>prapter</em></strong></span> <span class='ocrx_word' id='word_1_897' title='bbox 3031 5571 3214 5611; x_wconf 88' lang='lat' dir='ltr'><strong><em>nomen</em></strong></span> <span class='ocrx_word' id='word_1_898' title='bbox 3245 5566 3413 5625; x_wconf 87' lang='lat' dir='ltr'><strong><em>tuum,</em></strong></span> <span class='ocrx_word' id='word_1_899' title='bbox 3473 5576 3604 5630; x_wconf 91' lang='lat' dir='ltr'><strong><em>quo-</em></strong></span> 
     </span>
    </p>
   </div>
   <div class='ocr_carea' id='block_1_108' title="bbox 367 5751 1911 5826">
    <p class='ocr_par' dir='ltr' id='par_1_108' title="bbox 367 5751 1911 5826">
     <span class='ocr_line' id='line_1_108' title="bbox 367 5751 1911 5826; baseline -0.005 -8"><span class='ocrx_word' id='word_1_900' title='bbox 367 5771 395 5800; x_wconf 80' lang='grc' dir='ltr'>ἰ</span> <span class='ocrx_word' id='word_1_901' title='bbox 428 5761 544 5818; x_wconf 86' lang='lat' dir='ltr'><strong><em>Alt.</em></strong></span> <span class='ocrx_word' id='word_1_902' title='bbox 571 5767 708 5815; x_wconf 83' lang='lat' dir='ltr'><strong><em>mss.</em></strong></span> <span class='ocrx_word' id='word_1_903' title='bbox 741 5764 788 5810; x_wconf 88' lang='lat' dir='ltr'><strong><em>et</em></strong></span> <span class='ocrx_word' id='word_1_904' title='bbox 833 5752 1034 5810; x_wconf 87' lang='lat' dir='ltr'><strong><em>sciendi</em></strong></span> <span class='ocrx_word' id='word_1_905' title='bbox 1061 5751 1270 5810; x_wconf 73' lang='lat' dir='ltr'><strong><em>verbum</em></strong></span> <span class='ocrx_word' id='word_1_906' title='bbox 1309 5751 1426 5810; x_wconf 84' lang='lat' dir='ltr'><strong><em>Dei.</em></strong></span> <span class='ocrx_word' id='word_1_907' title='bbox 1461 5753 1628 5811; x_wconf 89' lang='lat' dir='ltr'><strong><em>Levia</em></strong></span> <span class='ocrx_word' id='word_1_908' title='bbox 1659 5753 1911 5826; x_wconf 63' lang='lat' dir='ltr'><strong><em>quaedam</em></strong></span> 
     </span>
    </p>
   </div>
   <div class='ocr_carea' id='block_1_109' title="bbox 293 5829 842 5899">
    <p class='ocr_par' dir='ltr' id='par_1_109' title="bbox 293 5829 842 5899">
     <span class='ocr_line' id='line_1_109' title="bbox 293 5829 842 5899; baseline -0.011 -7"><span class='ocrx_word' id='word_1_909' title='bbox 293 5833 437 5899; x_wconf 80' lang='lat' dir='ltr'><strong><em>infra</em></strong></span> <span class='ocrx_word' id='word_1_910' title='bbox 465 5829 842 5891; x_wconf 88' lang='lat' dir='ltr'><strong><em>emendamus.</em></strong></span> 
     </span>
    </p>
   </div>
   <div class='ocr_carea' id='block_1_110' title="bbox 2090 5745 3605 5818">
    <p class='ocr_par' dir='ltr' id='par_1_110' title="bbox 2090 5745 3605 5818">
     <span class='ocr_line' id='line_1_110' title="bbox 2090 5745 3605 5818; baseline -0.001 -9"><span class='ocrx_word' id='word_1_911' title='bbox 2090 5753 2118 5792; x_wconf 74' lang='grc' dir='ltr'>δ</span> <span class='ocrx_word' id='word_1_912' title='bbox 2145 5752 2346 5809; x_wconf 84' lang='lat' dir='ltr'><strong><em>Mavult</em></strong></span> <span class='ocrx_word' id='word_1_913' title='bbox 2372 5755 2429 5806; x_wconf 84' lang='lat' dir='ltr'><strong><em>in</em></strong></span> <span class='ocrx_word' id='word_1_914' title='bbox 2449 5749 2629 5806; x_wconf 88' lang='lat' dir='ltr'><strong><em>eodem</em></strong></span> <span class='ocrx_word' id='word_1_915' title='bbox 2655 5747 2770 5803; x_wconf 85' lang='lat' dir='ltr'><strong><em>loco</em></strong></span> <span class='ocrx_word' id='word_1_916' title='bbox 2796 5745 3006 5805; x_wconf 77' lang='lat' dir='ltr'><strong><em>Victor.</em></strong></span> <span class='ocrx_word' id='word_1_917' title='bbox 3031 5745 3174 5818; x_wconf 91' lang='lat' dir='ltr'><strong><em>quod</em></strong></span> <span class='ocrx_word' id='word_1_918' title='bbox 3203 5745 3317 5805; x_wconf 71' lang='lat' dir='ltr'><strong><em>haec</em></strong></span> <span class='ocrx_word' id='word_1_919' title='bbox 3344 5747 3442 5808; x_wconf 88' lang='lat' dir='ltr'><strong><em>tibi</em></strong></span> <span class='ocrx_word' id='word_1_920' title='bbox 3466 5751 3605 5814; x_wconf 79' lang='lat' dir='ltr'><strong><em>invi-</em></strong></span> 
     </span>
    </p>
   </div>
   <div class='ocr_carea' id='block_1_111' title="bbox 2013 5822 2500 5898">
    <p class='ocr_par' dir='ltr' id='par_1_111' title="bbox 2013 5822 2500 5898">
     <span class='ocr_line' id='line_1_111' title="bbox 2013 5822 2500 5898; baseline -0.018 -13"><span class='ocrx_word' id='word_1_921' title='bbox 2013 5841 2130 5885; x_wconf 86' lang='lat' dir='ltr'><strong><em>cem</em></strong></span> <span class='ocrx_word' id='word_1_922' title='bbox 2155 5825 2342 5898; x_wconf 88' lang='lat' dir='ltr'><strong><em>juncta</em></strong></span> <span class='ocrx_word' id='word_1_923' title='bbox 2371 5822 2500 5880; x_wconf 90' lang='lat' dir='ltr'><strong><em>sint.</em></strong></span> 
     </span>
    </p>
   </div>
  </div>
