1923 3752
231 187 281 215 771

858 187 887 215 S.
908 186 1046 215 EUSEBII
1061 187 1254 216 HlEllUNYill
1791 184 1829 225 τῃ

227 245 393 273 ιιίιιιιιηιιιιιιε
403 245 614 272 utnttwersiones
626 248 723 272 nostra:
731 244 896 282 (velpeccata
908 245 1021 281 nostra).
1037 248 1062 277 Α
1075 247 1169 282 quievit
1185 247 1255 283 (sive
1272 253 1322 274 non
1337 251 1504 283 pepercerunt
1517 246 1571 284 [AL
1590 249 1700 285 pepercit]
1709 255 1728 277 et
1746 250 1829 279 Domino

229 293 286 320 Tibi
300 293 473 329 peccauimus,
488 293 646 328 exspectatio
665 292 763 320 Israel:
779 293 902 321 Salvator
924 296 981 330 ejus
1002 296 1028 321 in

228 345 343 375 tempore
357 340 544 367 tribulationis.
574 340 602 368 Si
619 340 774 368 dubitamus
798 348 882 375 quare
898 348 951 368 non
982 342 1028 368 de-

229 389 362 417 5eendant.
371 388 561 423 pluvitesnper
574 392 686 421 terram,
699 395 784 422 quare
794 392 890 416 cuncta
903 389 1028 416 ariditate

229 441 415 467 marcescant.
436 436 591 463 audiamus.
618 436 778 471 luiquitates
795 441 897 463 nostrre
922 436 1029 464 restite-

227 488 291 512 runt
302 484 396 517 nobis;
408 489 567 520 propterea,
581 484 706 516 Domine,
718 491 770 511 non
781 483 932 511 secundum
947 491 1029 518 opera

226 535 332 564 nostra,
348 531 396 559 sed
421 531 570 558 secundum
594 534 717 558 sanctum
743 538 842 558 nomen
859 535 932 558 tuum
948 530 1029 557 vince

228 579 329 606 multas
342 579 501 606 eversiones
521 581 638 605 nostras.
663 578 722 605 Tibi
746 578 818 605 enim
842 577 1026 612 peccavimus,

226 633 307 660 quem
321 625 414 653 cordis
429 629 534 653 secreta
550 633 603 652 non
621 625 727 657 fallunt,
745 630 772 652 et
789 630 815 652 te
828 625 1026 660 prmstolamur,

226 673 272 708 qui
289 680 353 700 vera
369 680 432 708 spes
446 678 472 701 et
487 672 660 707 exspectatio
673 679 702 699 es
716 671 798 699 Israel
811 680 817 698 :
844 677 871 699 et
883 672 970 699 salvas
981 678 1029 699 eos

226 719 254 747 in
269 725 391 754 tempore
404 719 602 751 tribulationis,
626 719 702 753 juxta
719 718 786 745 illttd
802 718 875 753 quod
896 719 1027 753 scriptum

229 772 270 795 est
285 777 291 794 :
307 767 345 794 Ad
362 767 503 794 Dominum
516 774 576 793 cum
589 766 727 793 lribularor
741 765 862 798 clamaui,
878 769 901 791 et
918 763 1026 791 mundi-

225 815 260 841 uit
275 822 313 840 me.
325 812 386 849 (Pa.
399 821 472 847 cxtx,
491 813 528 848 1).
544 813 672 840 Dicamus
684 816 712 839 et
727 819 777 839 nos
792 813 819 839 in
837 816 961 846 tempore
977 811 1029 838 sic—

227 860 328 892 citatis,
344 867 531 894 aquarumque
554 859 683 894 penuria:
711 858 771 886 Tibi
795 857 983 892 peccavimus,
1003 862 1030 884 et

226 907 329 934 malum
343 914 437 934 coram
452 911 477 934 te
494 906 607 933 fecimus
621 905 706 941 (Psal.
724 906 762 941 ι).
790 910 866 932 tuum
886 905 1028 940 prmstola-

1081 303 1131 321 non
1144 294 1241 329 placuit
1255 294 1323 330 (sive
1338 299 1362 321 et
1375 295 1445 322 Deus
1460 303 1511 322 non
1527 294 1626 331 placuit
1640 295 1689 331 [Αι.
1700 299 1830 335 compita-uit]

1080 343 1129 369 sibi
1142 342 1169 369 in
1180 343 1243 377 eis);
1256 349 1324 369 nunc
1351 343 1531 370 necordabitur
1547 344 1701 378 iniquitatum
1714 353 1797 379 eorum,
1814 352 1832 374 et

1080 388 1193 415 visitubit
1207 393 1311 423 peccata
1321 396 1422 416 eorum.
1433 389 1546 416 Dicente
1563 390 1672 424 populo:
1688 398 1759 426 quare
1769 392 1833 420 iactus

1080 442 1109 462 es
1126 440 1153 462 ut
1176 435 1292 467 advena,
1317 440 1343 462 et
1360 436 1448 463 viator
1463 439 1492 463 ct
1504 444 1597 471 vagus.
1623 443 1648 464 ut
1664 442 1726 465 tuam
1745 435 1831 467 deseras

1081 480 1275 508 mansionem?
1292 481 1450 516 Respondet
1477 482 1607 509 Dominus
1623 483 1711 517 populo
1729 484 1834 518 quondam

1080 534 1131 554 suo
1141 527 1201 555 :Vis
1214 535 1294 555 nosse
1307 527 1461 556 rationem?
1471 529 1593 556 ausculta
1606 528 1672 564 quod
1682 529 1833 564 dicitur-:Quia

1082 574 1179 602 dilexit
1197 576 1313 610 populus
1330 581 1439 603 movere
1456 575 1539 611 pedes
1554 583 1628 607 suos,
1654 581 1678 603 et
1691 583 1737 603 nun
1748 573 1836 604 abstulit

1083 629 1130 649 eos
1146 622 1181 649 de
1205 622 1338 657 compede
1362 627 1553 658 peccaturum,
1570 623 1627 650 sive
1647 627 1694 651 non
1715 624 1806 658 quievit,
1817 627 1836 651 et

1080 674 1153 697 stare
1169 677 1223 697 nun
1240 672 1343 706 potuit:
1375 671 1477 698 idcirco
1492 678 1518 698 et
1534 670 1642 698 deserui
1662 678 1732 703 eum,
1745 676 1767 698 cl
1782 671 1837 698 nulla

1082 721 1122 744 cst
1136 716 1160 743 in
1174 717 1221 744 illo
1234 716 1300 744 mihi
1317 718 1529 752 Complacentia.
1541 714 1594 750 Qui
1612 716 1689 752 igitur
1697 716 1737 745 diu
1750 715 1837 750 distulit,

1081 769 1105 790 et
1124 770 1171 798 per
1196 764 1354 798 patientiam
1382 765 1468 791 noluit
1486 765 1585 799 punire
1603 767 1745 799 peccantes,
1759 764 1808 799 quia
1819 765 1839 792 in

1082 811 1188 838 scelere
1201 816 1432 846 permanserunt;
1448 811 1638 839 rcCordabitur
1651 811 1798 846 iniquitatum
1806 819 1839 839 eo-

1083 867 1159 891 rum;
1176 863 1203 885 et
1218 859 1293 894 quasi
1309 859 1512 893 mgrotantium,
1538 864 1564 886 et
1583 859 1665 886 Deum
1686 866 1734 885 non
1746 858 1840 886 sentien-

1083 904 1161 936 tium,
1180 910 1289 939 peccata
1317 904 1449 938 visitabit,
1466 909 1493 931 ιιι
1509 905 1578 931 ultra
1594 912 1704 939 peccare
1725 904 1838 931 desistant.

224 962 286 981 mur
304 953 460 986 adventum,
479 954 524 988 qui
540 953 627 981 salvas
643 952 726 979 Israel
739 973 746 985 ,
772 960 825 979 non
849 960 900 979 suo
916 950 1024 986 merito,
1043 950 1066 980 Β
1080 950 1233 978 Notandum
1249 956 1339 978 autem
1353 951 1380 978 in
1397 951 1549 987 Scripturis
1563 952 1665 978 sanctis
1683 950 1748 986 quod
1760 958 1841 986 semper

224 1000 274 1028 sed
288 1004 333 1027 tua
346 999 503 1027 clementia.

262 1045 355 1080 (Vera.
371 1045 411 1080 9.)
430 1045 518 1078 Quare
533 1045 638 1079 futurus
650 1052 676 1072 es
691 1045 767 1080 quasi
782 1044 890 1072 colonus
903 1045 930 1071 in
946 1049 1023 1077 terra,

226 1096 250 1118 et
262 1092 337 1126 quasi
348 1092 431 1118 viator
442 1091 577 1118 declinans
591 1092 625 1117 ad
637 1092 814 1118 manendum?
824 1099 903 1126 quare
922 1092 1027 1126 futurus

226 1146 254 1165 es
270 1137 338 1165 velut
351 1139 389 1164 vir
400 1146 494 1174 vagus,
504 1143 550 1164 aut
563 1137 655 1173 [Vulg.
670 1137 708 1174 ut]
724 1138 809 1174 (artis,
822 1138 866 1173 qui
881 1147 934 1165 non
946 1143 1028 1173 potest

223 1186 345 1214 sulcare?
357 1185 444 1213 LXX:
458 1187 546 1220 Quare
560 1187 646 1221 factus
661 1193 687 1213 es
703 1187 768 1213 sicut
781 1186 881 1213 advena
894 1186 919 1212 in
945 1190 1024 1219 terra,

228 1238 252 1261 et
267 1234 343 1269 quasi
367 1234 489 1269 indigena
508 1233 638 1260 diuertens
653 1234 688 1260 ad
703 1233 879 1260 manendum?
900 1233 1027 1268 numquid

227 1281 279 1308 eris
290 1281 364 1315 quasi
377 1280 454 1308 homo
471 1280 615 1314 dormiens,
631 1284 655 1307 rt
666 1281 741 1316 quasi
757 1281 794 1308 uir
804 1281 849 1316 qui
864 1280 964 1308 sulvare
975 1287 1026 1308 non

227 1327 328 1363 possit?
342 1327 429 1355 Jodwi
442 1327 514 1354 hunc
528 1327 617 1355 locum
629 1328 669 1355 sic.
682 1328 857 1363 intelligunt:
881 1327 971 1361 Quare
984 1335 1027 1355 se-

225 1381 323 1409 greges
335 1379 362 1401 to
376 1383 389 1400 ιι
401 1374 502 1409 populo
514 1375 580 1401 tuo?
589 1378 617 1401 et
629 1374 709 1409 quasi
719 1375 808 1402 viator
820 1379 931 1410 propter
945 1375 1027 1402 unius

230 1421 306 1448 hom
320 1421 490 1457 refrigerium
500 1440 509 1455 ,
524 1428 579 1449 non
594 1428 677 1448 curas
693 1422 765 1456 quali
783 1422 873 1450 utaris
888 1422 1024 1457 hospitio,

227 1468 278 1495 sed
290 1467 323 1495 ad
340 1467 393 1494 alia
408 1468 576 1495 transiturus
590 1475 642 1495 non
656 1468 747 1495 salvas
759 1470 888 1504 populum
903 1473 989 1502 tuum,
1000 1474 1027 1496 et

226 1514 356 1548 templum
371 1513 510 1549 quondam
523 1513 656 1549 inclytum
673 1514 798 1542 deseris?
811 1514 903 1542 Nostri
916 1522 981 1542 vero
991 1515 1025 1542 de

230 1561 323 1588 futura
335 1561 441 1589 Christi
464 1561 675 1596 dispensatione
689 1562 741 1589 dici
765 1567 876 1597 ptrtant,
893 1563 964 1597 quod
982 1562 1025 1589 l‘u-

227 1613 307 1636 turus
318 1609 353 1636 sit
370 1609 532 1644 peregrinus
544 1608 572 1636 in
589 1612 673 1643 terra,
689 1614 716 1637 et
734 1617 818 1643 parvo
832 1614 956 1644 tempore
973 1614 1026 1637 ter-

1081 1002 1258 1033 pecuatorum
1286 1003 1448 1026 moveantur
1474 998 1570 1033 pedes,
1596 1002 1624 1026 et
1647 998 1745 1026 Sanctis
1763 997 1842 1025 dicatur

1078 1052 1138 1072 cum
1149 1043 1255 1080 Moyse:
1273 1044 1311 1072 Tu
1325 1053 1381 1072 vero
1397 1045 1439 1072 hic
1452 1050 1491 1072 sta
1506 1054 1604 1072 mecum
1620 1044 1705 1081 (Deut.
1721 1053 1746 1078 v,
1758 1044 1804 1079 δι).
1815 1044 1839 1071 Et

1078 1091 1142 1119 alibi
1157 1092 1291 1127 scriptum
1304 1092 1354 1118 sit:
1372 1090 1490 1119 Luudute
1503 1092 1571 1119 servi
1582 1091 1729 1123 Dominum,
1744 1090 1845 1125 quistatit

1078 1138 1104 1164 in
1129 1138 1204 1164 domo
1228 1137 1342 1171 Domini,
1358 1139 1383 1165 in
1410 1139 1484 1165 atriis
1501 1138 1595 1165 domus
1618 1138 1666 1165 Dei
1684 1138 1757 1165 nostri
1774 1135 1843 1172 (Psal.

1079 1192 1187 1216 cxxxtv,
1204 1184 1229 1218 1,
1244 1184 1283 1220 2).

1114 1232 1206 1267 (Vers.
1224 1232 1267 1263 ll,
1285 1230 1337 1267 1‘2.)
1353 1229 1385 1258 Et
1399 1230 1602 1258 (lixitDorninus
1620 1231 1652 1257 nd
1664 1227 1846 1258 nte:Noliorart

1078 1286 1125 1313 pro
1135 1278 1230 1313 populo
1246 1278 1294 1305 ista
1306 1279 1331 1304 in
1343 1279 1446 1305 bonum.
1459 1277 1718 1314 Cuntjt'jnttttuei‘iut,
1730 1285 1774 1303 non
1786 1283 1848 1303 mtt-

1079 1326 1148 1352 diam
1160 1333 1247 1361 preces
1261 1333 1364 1357 eorum,
1387 1330 1412 1352 ct
1423 1327 1444 1352 si
1459 1325 1604 1352 obtulerint
1619 1324 1848 1352 holocaustoutatact

1079 1373 1206 1406 victimas,
1236 1381 1285 1399 non
1300 1372 1442 1408 suscipiam
1464 1379 1524 1399 cus:
1551 1373 1676 1407 quoniam
1692 1371 1782 1407 gladio,
1799 1372 1850 1400 fame

1080 1423 1102 1445 et
1124 1424 1193 1453 peste
1220 1427 1268 1455 ego
1284 1426 1434 1445 consumunt
1451 1426 1503 1445 eos.
1531 1418 1654 1446 Stultum
1671 1424 1710 1445 est
1726 1412 1799 1444 orare
1813 1422 1850 1451 pro

1078 1474 1112 1493 eo
1126 1467 1171 1501 qui
1189 1467 1341 1501 peccaverit
1358 1466 1390 1493 ad
1410 1471 1537 1499 mortem,
1558 1466 1672 1493 dieente
1690 1465 1796 1492 Joanne:
1817 1462 1852 1489 Ειι

1079 1518 1212 1548 peccatum
1231 1513 1265 1540 ad
1280 1518 1399 1546 mortem,
1419 1521 1469 1540 non
1487 1518 1533 1549 pro
1550 1512 1599 1540 illo
1614 1513 1671 1540 dico
1690 1516 1716 1540 ut
1737 1516 1799 1548 roget
1810 1510 1853 1546 quis

1078 1559 1168 1596 (Juun.
1187 1568 1213 1593 v,
1231 1560 1285 1596 16).
1306 1560 1402 1588 Omnis
1418 1561 1547 1596 iniquitas
1564 1565 1711 1595 peccatum
1727 1562 1774 1591 est,
1789 1561 1854 1585 etest

1079 1613 1222 1642 peccatum
1237 1615 1290 1635 non
1306 1612 1317 1625 ³
1334 1607 1366 1635 ad
1389 1611 1516 1635 mortem.
1533 1607 1657 1642 Jrjunia,
1683 1609 1710 1633 et
1724 1611 1815 1641 preces,
1833 1604 1854 1629 et

225 1663 264 1683 ra:
278 1662 380 1682 usurus
395 1654 526 1689 hospitio,
539 1660 565 1682 et
581 1656 659 1689 quasi
675 1656 715 1682 vir
732 1656 921 1690 pertransiens
933 1663 964 1683 ac
980 1664 1025 1683 ro-
1039 1649 1063 1681 C
1079 1653 1194 1681 victimae
1206 1674 1213 1687 ,
1240 1659 1266 1681 et
1289 1654 1445 1681 holocausta
1464 1659 1526 1681 tunc
1542 1655 1710 1688 proﬁciunt,
1726 1658 1781 1680 cttm
1794 1656 1854 1678 rece-

227 1703 335 1737 buslus,
351 1703 450 1731 relicto
463 1702 558 1736 Israel,
577 1703 669 1730 tendat
683 1703 715 1730 ad
731 1703 855 1738 gentium
873 1704 1026 1731 multitudi-

224 1758 304 1783 nem;
319 1754 346 1777 ut
363 1750 468 1778 deloco
484 1750 516 1777 ad
530 1750 620 1776 locum
631 1771 639 1783 ,
655 1749 689 1777 de
714 1750 815 1784 popqu
829 1751 862 1777 ad
878 1751 1023 1786 pepulum,

223 1796 258 1825 de
270 1796 386 1832 Templo
401 1796 434 1823 ad
446 1796 596 1824 Ecclesiam
611 1801 743 1824 transeat.
756 1797 833 1830 Quod
844 1802 934 1824 autem
945 1797 1023 1833 juxta

224 1844 405 1880 Septuaginta
420 1844 539 1872 dicitur:
558 1843 695 1879 Numquid
711 1845 762 1870 eris
780 1844 855 1880 quasi
871 1844 946 1871 homo
961 1845 1022 1871 dor-

224 1892 317 1925 miens,
333 1897 356 1919 et
371 1891 447 1927 quasi
468 1891 506 1918 vir
517 1892 561 1925 qui
575 1890 678 1917 salt-are
698 1899 749 1918 non
764 1891 867 1926 possit!
894 1892 1025 1918 similitu-

225 1939 318 1966 dinem
343 1939 430 1973 ponit,
448 1942 475 1966 et
489 1945 544 1965 nou
558 1938 596 1965 rei
612 1939 768 1970 veritatem,
785 1939 935 1966 scentulum
956 1938 1023 1966 illud

223 1986 298 2021 quod
308 1986 443 2021 scriptum
454 1990 510 2019 est;
529 1985 625 2022 Surge,
637 1993 684 2012 cur
692 1985 802 2018 dormis,
816 1985 926 2012 Domine
934 1984 1023 2021 (Psnl.

225 2042 302 2067 xuii,
316 2033 384 2068 ιδῃ
401 2040 454 2060 non
467 2032 539 2067 quod
552 2031 686 2059 Dominus
700 2032 829 2065 dormiat,
841 2032 875 2060 de
887 2041 939 2066 quo
953 2032 1023 2059 dici-

226 2086 289 2108 tur:
316 2079 379 2107 Nou
405 2079 571 2111 dormitubit,
597 2087 679 2114 neque
708 2079 817 2106 dormiet
843 2079 888 2114 qui
912 2080 1024 2106 custodit

224 2126 309 2154 Israel
322 2126 482 2161 (Psal.cxx,
498 2125 541 2160 A);
558 2125 607 2153 sed
622 2125 693 2161 quod
708 2127 747 2152 his
764 2125 890 2152 videatur
903 2125 1024 2153 dormire

225 2181 295 2209 quos
307 2173 420 2201 deserit.
437 2173 561 2206 Denique
574 2173 600 2199 iu
613 2172 793 2207 sequentibus
805 2180 859 2199 non
876 2172 1024 2199 scribitur:

225 2221 264 2247 vir
278 2221 409 2247 dormitm
423 2220 467 2255 qui
483 2219 584 2246 sulcare
598 2227 649 2245 non
665 2220 746 2255 possit
760 2227 769 2251 ,'
785 2219 834 2246 sed
844 2220 917 2253 quasi
933 2220 982 2253 vir,
997 2220 1025 2246 in

226 2271 345 2302 utroque
359 2267 565 2304 ὰνθρωπσπάθως
577 2265 720 2293 scribitur.

261 2314 301 2342 Tu
316 2320 403 2342 autem
417 2315 444 2341 in
458 2313 531 2340 nobis
541 2321 583 2346 ea,
598 2312 720 2344 Domine,
745 2317 768 2339 et
783 2321 876 2340 nomen
893 2318 966 2339 tuum
981 2313 1023 2339 in-

1078 1701 1169 1728 dimus
1181 1709 1194 1728 a
1210 1701 1294 1734 vitiis,
1312 1706 1338 1728 et
1355 1701 1452 1729 ﬂemus
1468 1701 1579 1736 antiqua
1594 1705 1720 1737 peccata.
1732 1698 1775 1727 Siti
1784 1700 1855 1725 autem

1079 1749 1104 1776 in
1118 1749 1269 1776 sceleribus
1289 1753 1490 1783 permanentes,
1509 1748 1702 1784 putaverimus
1718 1747 1783 1775 rotis
1793 1749 1857 1779 auiae

1077 1795 1248 1824 sacrificiisb
1265 1796 1400 1823 redimere
1430 1804 1497 1828 nos,
1525 1795 1711 1824 vehementer“
1738 1798 1853 1825 erramus,

1077 1844 1200 1877 iniquum
1217 1843 1383 1870 arbitrantes
1400 1843 1494 1869 Deum.
1512 1842 1563 1877 Qui
1577 1843 1657 1870 enim
1679 1839 1858 1876 semclgladiO.

1080 1894 1108 1918 et
1133 1890 1214 1924 fami,
1231 1896 1257 1918 et
1276 1891 1343 1926 pesti
1361 1890 1442 1918 fuerit
1465 1890 1635 1923 destinatos,
1655 1890 1736 1917 nullis
1754 1887 1862 1924 precibus

1077 1937 1135 1964 erui
1160 1942 1260 1972 potest.
1288 1937 1365 1965 Unde
1383 1942 1410 1965 et
1431 1937 1576 1972 Propheta:
1592 1937 1710 1970 dicitur,
1737 1943 1768 1963 ne
1781 1934 1862 1961 frustra

1078 1989 1153 2019 roget
1165 1984 1237 2018 quod
1253 1984 1400 2018 impetrare
1414 1991 1467 2010 non
1483 1983 1581 2018 possit.

1114 2031 1205 2066 (Vcrs.
1217 2030 1326 2065 15.14.)
1341 2029 1450 2063 Et'diri,
1460 2029 1506 2063 ah,
1518 2029 1563 2063 ult,
1580 2031 1629 2062 alt,
1645 2029 1759 2057 Domine
1771 2027 1841 2059 Deus,
1855 2030 1862 2043 ε

1077 2079 1147 2114 (sive
1162 2077 1246 2114 94],
1262 2078 1304 2113 qui
1332 2086 1370 2110 es,
1392 2077 1503 2104 Domine
1525 2077 1612 2113 Deus)
1631 2076 1775 2111 Prophettc
1787 2075 1864 2101 άὶσιιιιῐ

1077 2127 1124 2158 eis,
1142 2135 1192 2152 non
1211 2126 1328 2152 videbitis
1342 2124 1470 2162 gladium,
1486 2129 1509 2152 et
1524 2126 1609 2161 [mnes
1625 2134 1679 2152 non
1697 2125 1745 2151 erit
1757 2124 1781 2150 in
1793 2121 1866 2148 vobis:

1077 2173 1120 2200 sed
1133 2181 1221 2207 pacem
1234 2181 1320 2199 rerum
1336 2173 1407 2199 dabit
1422 2171 1491 2198 vobis
1503 2172 1529 2198 in
1544 2171 1603 2199 loco
1618 2173 1682 2199 isto.
1702 2170 1736 2198 Et
1747 2170 1810 2197 dixit
1822 2167 1866 2194 Do-

1077 2221 1161 2247 minus
1177 2220 1212 2246 ad
1223 2228 1283 2247 me:
1299 2220 1366 2255 falso
1382 2218 1524 2255 Propheta?
1540 2220 1729 2247 vaticinantur
1740 2220 1765 2245 lit
1784 2218 1869 2244 nomine

1077 2275 1149 2294 meo:
1164 2275 1214 2294 non
1231 2267 1290 2294 miri
1304 2274 1355 2300 eos,
1369 2272 1394 2294 et
1411 2273 1462 2293 non
1477 2267 1589 2301 p‘ravce‘pl
1607 2268 1661 2300 eis,
1688 2270 1770 2301 neque
1785 2264 1869 2291 locum

1076 2322 1133 2341 sum
1147 2313 1181 2340 ad
1194 2322 1246 2341 eos.
1261 2311 1393 2340 Visionem
1405 2313 1566 2345 ntendarem,
1576 2317 1601 2340 et
1614 2313 1806 2340 divinationem
1816 2310 1872 2345 frau-

224 2366 343 2390 oocatum
356 2366 394 2388 est
406 2368 553 2395 supernos,
568 2367 599 2387 rte
610 2359 775 2395 derelinquas
790 2368 836 2387 nos
849 2359 918 2395 (sive
931 2368 960 2387 ne
976 2359 1021 2387 οὑ·
1036 2351 1065 2381 Ῑ)
1076 2361 1211 2388 dztlentam
1228 2360 1320 2396 (Vulg.
1347 2364 1371 2387 et
1389 2360 1596 2395 fraudulentiam
1609 2360 1619 2397 j
1635 2382 1642 2392 ,
1663 2364 1689 2387 ct
1711 2358 1872 2387 seductioan

221 2409 349 2437 liviscaris
361 2407 466 2443 nostri).
479 2407 529 2441 Qui
539 2406 809 2443 apudswtrdzeos
824 2408 902 2442 quasi
918 2407 1022 2434 advena

222 2455 332 2483 iuturus
345 2462 376 2482 es
392 2459 421 2482 ot
433 2454 535 2486 viator,
558 2458 586 2480 et
601 2454 643 2480 vir
658 2460 755 2489 vagus,
776 2458 805 2481 et
820 2454 962 2489 antiquam
977 2453 1026 2481 de-

218 2510 316 2531 serens
326 2502 509 2533 mansionem,
518 2501 545 2528 in
559 2501 638 2528 nobis
651 2501 760 2529 habitas
771 2510 778 2534 ;
790 2505 817 2529 et
830 2509 930 2529 nomen
944 2507 1019 2529 tuum

224 2551 383 2578 invocatum
397 2554 439 2577 est
464 2554 548 2584 super
562 2555 612 2576 nos
625 2548 717 2584 (Prov.
737 2549 812 2584 xxxi)
828 2570 834 2581 ,
858 2554 885 2576 ut
903 2549 1023 2584 appelle-

222 2605 286 2625 mur
298 2596 461 2629 Christiani,
479 2595 584 2622 ideirco
598 2602 651 2622 non
668 2595 842 2629 derelinquas
859 2603 908 2623 nos
920 2616 927 2630 ,
943 2601 969 2623 ct
987 2604 1020 2624 nc

223 2643 397 2672 obliviscaris
419 2643 524 2675 nostri,
542 2642 641 2677 quibus
661 2642 694 2669 de
711 2642 801 2670 futuro
816 2643 936 2670 adventu
962 2649 1019 2676 tuo,

223 2692 345 2720 omnium
362 2689 559 2724 Prophetarum
577 2696 625 2716 ora
642 2689 811 2716 cecinerunt.

256 2736 423 2774 (Vers.10.)
443 2735 508 2762 Hcce
520 2735 583 2762 dicit
604 2735 730 2762 Dominus
754 2736 850 2770 populo
874 2736 943 2768 huic,
959 2736 1021 2771 quia

222 2787 314 2815 dilexit
329 2786 401 2819 (sive
422 2784 584 2820 diter-erunt)
603 2790 705 2811 movere
728 2783 807 2819 pedes
828 2792 888 2811 suos
901 2805 907 2817 ,
925 2789 948 2811 ct
969 2793 1020 2811 non

257 2875 269 2888 ιι
287 2866 407 2903 Negandi
422 2866 582 2903 particulam
596 2866 648 2893 hoc
670 2866 735 2903 loco
753 2865 891 2893 Victorius
902 2866 1019 2903 resnuit,

222 2905 297 2943 quod
308 2901 408 2943 inipso
421 2902 546 2943 taurinis,
558 2909 638 2943 quiem
653 2901 759 2936 alludit,
784 2902 986 2943 textu'non'sit.

261 2941 275 2960 ι’
287 2934 376 2967 ιἐιιέε
389 2937 540 2970 Rabanum,
548 2934 674 2964 redimere
686 2946 731 2964 nos
743 2934 818 2965 aures
826 2936 883 2971 Dei,
892 2936 1026 2965 tte/tenten-

228 2984 275 3011 ter,
293 2980 345 3004 etc.
359 2975 386 3002 In
404 2974 489 3002 Vatic.
501 2977 604 3007 autem,
627 2980 658 3000 ac
673 2972 785 3001 Cisterc.
799 2981 864 3001 mss.
876 2973 966 3001 redimi
983 2981 1027 3001 nos

1075 2409 1163 2435 cordis
1175 2408 1216 2434 sui
1233 2407 1388 2443 propheta/tt
1412 2407 1491 2434 vobis.
1508 2407 1636 2435 Audiam
1663 2408 1726 2435 haec
1753 2403 1871 2441 magistri.

1075 2456 1119 2490 qui
1136 2455 1313 2490 peccantibus
1324 2459 1350 2482 et
1363 2455 1388 2481 iu
1402 2455 1459 2481 suis
1471 2454 1543 2482 vitiis
1560 2453 1809 2490 permanentibus,
1823 2456 1874 2487 pto-

1073 2510 1152 2536 spera
1167 2502 1341 2537 pollicentur,
1352 2500 1653 2537 qnifdicuntidivitibus
1664 2510 1671 2529 :
1681 2500 1742 2529 Non
1757 2498 1873 2526 videbitis

1074 2549 1193 2584 gladium
1216 2553 1416 2576 tormentorum
1433 2548 1492 2581 Dei,
1515 2551 1542 2575 et
1554 2547 1648 2576 fames
1663 2552 1721 2575 non
1738 2546 1875 2576 eritinro-

1076 2597 1127 2623 his.
1140 2595 1337 2623 Saturahimini
1352 2596 1452 2630 quippe
1463 2594 1645 2622 sermonibus
1663 2592 1734 2629 Dei;
1753 2597 1781 2622 et
1797 2598 1877 2629 pacem

1076 2644 1151 2672 dabit
1173 2644 1251 2671 vobis
1269 2643 1400 2670 Dominus
1420 2642 1592 2670 reriSsimam
1612 2643 1642 2670 in
1661 2640 1727 2670 loco
1746 2638 1877 2671 Ecclesia‘.

1075 2689 1131 2717 sive
1144 2689 1306 2717 Jerusalem.
1318 2688 1393 2722 Quod
1410 2692 1502 2716 autem
1517 2688 1599 2721 dixit,
1610 2689 1702 2723 juxta
1713 2685 1879 2716 ﬂebraieum.

1076 2737 1156 2764 tertio
1168 2737 1212 2768 alt,
1229 2735 1273 2768 alt,
1291 2736 1334 2769 alt,
1350 2736 1383 2763 ad
1402 2736 1491 2771 priora
1511 2734 1566 2771 [ΑΙ.
1580 2735 1721 2772 propria]
1737 2732 1879 2771 respondit,

1076 2785 1120 2813 ubi
1135 2784 1266 2811 Dominus
1280 2783 1367 2811 fuerat
1382 2783 1575 2815 comtninatus,
1598 2783 1709 2811 dicens
1724 2793 1729 2810 :
1748 2780 1850 2812 Gladio,
1863 2783 1882 2805 el

1074 2865 1206 2892 auditores
1220 2864 1279 2891 Dei.

1117 2906 1127 2920 ε
1142 2901 1250 2928 Addunt
1265 2900 1366 2935 vulgati
1381 2899 1447 2928 libri
1455 2907 1536 2933 matis,
1551 2899 1629 2934 quod
1646 2906 1810 2934 pronomen
1823 2903 1880 2925 mss.

1080 2938 1123 2965 hic
1137 2944 1190 2965 non
1206 2940 1365 2971 agnoscunt.
