4080 6326
534 260 644 317 775

1784 260 1844 317 S.
1889 257 2164 319 EUSEBII
2204 255 2591 317 HIERONYMI

3744 259 3842 318 770

534 386 620 434 est
650 376 796 433 enim
831 375 974 433 Deus
1003 375 1096 447 qui
1124 389 1281 433 suum
1303 375 1542 433 instruat
1573 376 1854 448 populum,
1879 386 1936 434 et
1964 377 2147 434 diver—
2173 380 2219 440 Α
2250 376 2477 450 (Philip.
2521 380 2637 449 ιιι),
2671 379 3038 448 posteriorum
3078 377 3443 447 obliviscens,
3475 377 3546 436 ad
3582 376 3766 449 priora
3791 394 3843 436 se

535 472 725 528 sitates
751 470 937 542 gratize
961 471 1165 526 tribuat
1188 471 1638 543 exspectantibus
1661 486 1743 526 se.

605 565 761 636 (C-p.
793 564 910 621 XV.
936 596 1003 605 —
1033 565 1191 622 Vers.
1224 563 1303 638 l.)
1336 564 1402 620 Et
1441 566 1574 621 dixit
1611 565 1863 621 Dominus
1903 566 1970 618 ad
2018 583 2096 619 me
2117 582 2137 621 :

536 662 597 716 Si
621 661 816 716 steterit
864 659 1070 732 Moyses
1106 669 1152 714 et
1194 659 1410 716 Samuel
1451 677 1628 715 coram
1667 677 1746 714 me
1775 661 1918 732 (sive
1957 668 2138 715 contra

534 756 638 828 me)
685 773 789 811 non
821 765 896 811 est
927 756 1102 810 anima
1129 772 1242 809 mea
1280 755 1350 809 ad
1371 755 1622 829 populum
1641 756 1819 812 istum.
1850 755 1961 812 Hos
1991 755 2136 811 enim

532 851 767 923 legimus
791 850 886 907 ira:
908 850 1119 906 Domini
1146 865 1244 921 pro
1268 850 1471 922 popqu
1501 851 1800 920 restitisse,
1826 858 1883 906 et
1901 849 2014 920 jam
2039 849 2139 903 im-

531 943 860 1013 pendentem
903 943 1171 1000 avertisse
1215 945 1570 1001 sententiam.
1607 944 1760 1010 Etsi,
1805 944 2006 1014 inquit,
2059 941 2136 997 illi

531 1040 816 1107 steterint,
858 1040 945 1097 vel
994 1040 1047 1096 in
1096 1048 1394 1110 conspectu
1444 1055 1604 1107 meo,
1650 1038 1738 1095 vel
1781 1047 1972 1093 contra
2018 1051 2137 1100 me,

530 1148 763 1205 quorum
814 1133 908 1190 uni
953 1133 1090 1190 dixit
1133 1135 1322 1190 Deus:
1366 1133 1579 1189 Dimitte
1623 1150 1737 1199 me,
1772 1141 1822 1186 et
1853 1132 2138 1204 percutiam

531 1227 786 1298 populum
823 1228 979 1282 istum
1002 1225 1204 1300 (Exod.
1237 1243 1392 1282 xxxii
1414 1269 1428 1292 ,
1461 1227 1592 1296 iu):
1623 1236 1803 1280 tamen
1837 1239 1944 1278 non
1976 1237 2140 1278 exau-

531 1319 677 1375 diam
703 1338 718 1375 :
743 1319 1003 1392 quoniam
1031 1328 1410 1376 consummata
1439 1327 1568 1375 sunt
1587 1318 1796 1376 scelera
1825 1316 2012 1388 populi
2041 1316 2138 1371 de-

535 1411 854 1479 linquentis.

606 1502 756 1577 Ejice
780 1504 888 1579 (vel
915 1505 1109 1577 emitte)
1147 1504 1265 1560 illos
1286 1522 1319 1558 a
1348 1505 1480 1575 facie
1509 1521 1622 1557 mea
1645 1545 1660 1571 ,
1702 1513 1750 1558 et
1777 1503 2136 1577 egrediantur.

531 1596 651 1653 Non
687 1597 808 1655 loco
842 1599 1104 1656 recedunt
1131 1613 1161 1654 a
1199 1599 1312 1654 Deo
1337 1596 1506 1671 946.
1535 1607 1850 1667 peccatores
1870 1640 1884 1662 ,
1915 1597 2012 1653 sed
2041 1613 2138 1651 vo-

532 1689 747 1747 luntate
778 1709 790 1745 :
823 1706 1151 1762 quamquam
1182 1691 1427 1762 legamus
1457 1699 1512 1746 et
1541 1690 1714 1745 Adam
1746 1699 1801 1744 et
1827 1688 1959 1745 Cain
1986 1689 2134 1758 ejec-

533 1796 618 1842 tos
650 1801 772 1842 esse
794 1802 823 1841 a
857 1787 992 1843 [acie
1020 1786 1116 1841 Dei
1149 1783 1306 1859 (Gen.
1339 1801 1396 1841 ιιι
1427 1798 1475 1841 et
1505 1785 1645 1856 vm).

605 1879 785 1952 (Vers.
817 1881 876 1948 2,
908 1879 989 1955 5.)
1022 1881 1176 1948 Quod
1215 1881 1261 1936 si
1293 1881 1519 1936 dixerint
1548 1881 1616 1934 ad
1637 1889 1686 1936 te
1709 1897 1728 1935 :
1757 1880 1873 1948 Quo
1909 1879 2141 1950 egredie-

535 1975 686 2029 mur?
711 1973 862 2029 Dices
887 1974 958 2028 ad
983 1990 1069 2029 eos
1089 1991 1108 2030 :
1141 1973 1271 2029 Htec
1295 1974 1421 2028 dicit
1450 1972 1728 2028 Dominus.
1756 1972 1857 2040 Qui
1888 1972 1958 2025 ad
1996 1988 2138 2024 mor-

530 2079 653 2135 tem,
676 2067 745 2123 ad
766 2078 1018 2132 mortem;
1048 2078 1094 2124 et
1121 2068 1207 2138 qui
1231 2069 1299 2121 ad
1321 2067 1574 2139 gladium,
1597 2068 1666 2121 ad
1688 2067 1958 2140 gladium;
1980 2075 2026 2120 et
2048 2064 2136 2133 qui

530 2163 600 2216 ad
619 2164 810 2234 [autent
833 2203 850 2229 ,
877 2161 945 2216 ad
963 2165 1188 2230 famem;
1210 2171 1258 2216 et
1278 2162 1367 2233 qui
1387 2161 1456 2216 ad
1475 2161 1846 2230 captivitatem,
1873 2159 1942 2212 ad
1967 2159 2138 2227 capti.

532 2254 761 2312 vitatem.
782 2253 849 2310 Et
867 2255 1085 2310 visitabo
1106 2271 1260 2323 super
1299 2270 1383 2309 eos
1398 2253 1509 2327 [AL
1535 2253 1646 2326 vos]
1668 2261 1891 2325 quatuor
1909 2253 2101 2321 species
2121 2293 2135 2319 ,

532 2345 658 2402 dicit
692 2347 966 2414 Dominus,
992 2347 1231 2422 gladium
1262 2347 1334 2402 ad
1355 2347 1688 2412 occisionem,
1719 2356 1766 2400 et
1796 2362 1949 2400 canes
1970 2345 2040 2398 ad
2061 2345 2140 2399 la-

534 2441 817 2496 cerandum
846 2440 959 2514 [AL
997 2439 1351 2514 intrandum],
1394 2450 1441 2496 et
1482 2438 1715 2495 volatilia
1736 2439 1848 2494 caeli
1870 2447 1918 2494 et
1953 2439 2139 2494 bestias

531 2542 685 2590 terra:
708 2535 778 2588 ad
799 2533 1170 2598 devorandum,
1193 2543 1242 2587 et
1263 2531 1644 2597 dissipandum.
1661 2532 1906 2599 Quatuor
1926 2531 2133 2602 plagas,

531 2625 729 2698 quibus
770 2626 1002 2683 traditus
1036 2635 1124 2683 est
1155 2626 1389 2698 populus
1418 2625 1764 2693 Judaaorum,
1799 2626 1964 2682 etiam
2005 2627 2139 2680 Eze-

527 2717 720 2775 chielis
742 2719 1030 2792 prophetia
1049 2717 1419 2785 demonstrat,
1442 2718 1709 2790 gladium,
1741 2719 2132 2790 pestilentiam,

528 2811 762 2880 famem,
805 2813 1009 2870 bestias
1040 2821 1098 2868 et
1135 2801 1764 2884 captivitatemi(Esecb.
1810 2813 1944 2882 xrv).
1991 2811 2136 2866 Inter

526 2905 733 2962 bestias
779 2915 962 2962 autem
1007 2920 1171 2962 canes
1215 2920 1432 2977 quoque
1475 2914 1532 2962 et
1575 2904 1815 2961 volatilia
1855 2904 2129 2974 intellige,

523 2999 721 3072 quibus
765 3000 1054 3056 laceranda
1083 3009 1138 3056 et
1176 2999 1520 3065 devorando,
1565 3007 1623 3055 et
1659 2998 1977 3070 dissipanda
2013 3013 2133 3055 cor-

529 3109 660 3165 p0ra
687 3094 884 3151 tradita
913 3104 1061 3152 sunt.
1089 3094 1275 3166 Neque
1303 3095 1451 3151 enim
1475 3094 1596 3151 ﬁeri
1621 3104 1856 3166 poterat,
1887 3104 1944 3150 ut
1964 3093 2131 3150 Crea-

2242 471 2541 528 extendere
2589 471 2881 542 debuerit,
2927 488 2960 531 e
2987 473 3273 529 contrario
3316 485 3626 530 retroversa
3675 473 3765 535 sit.
3795 483 3840 528 et

2241 564 2522 638 Egyptias
2545 583 2745 625 carnes
2773 568 3129 626 desiderarit.

2309 660 2473 734 945
2497 661 2566 717 Et
2589 664 2862 719 extendam
2889 681 3106 720 manum
3127 679 3292 719 meam
3313 679 3472 736 super
3494 670 3563 729 te,
3585 672 3636 717 et
3651 663 3844 730 interti-

2241 753 2374 807 ciam
2394 764 2442 808 te
2462 769 2482 810 :
2507 755 2740 812 laboravi
2765 766 2976 829 rogatus
2998 756 3152 830 (sive
3172 755 3395 828 rogans)
3417 774 3429 808 :
3454 769 3559 828 pro
3579 770 3687 826 quo
3707 753 3842 812 LXX

2243 849 3034 922 transtuleruntznequaquam
3086 850 3231 904 ultra
3282 848 3547 903 dimittam
3584 865 3692 903 eos.
3741 847 3844 904 Μη-

2241 957 2344 996 nus
2373 952 2627 1010 extenta,
2667 945 3030 1015 percutientis
3067 943 3332 999 indicium
3373 951 3462 1000 est
3493 960 3508 998 :
3537 943 3845 1000 interfectio

2241 1044 2618 1104 peccatorum,
2668 1035 2806 1091 iram
2858 1036 3137 1109 signiﬁcat
3181 1045 3646 1093 consummatam.
3697 1036 3843 1106 Quod

2238 1136 2420 1183 autem
2449 1127 2638 1183 intulit
2673 1145 2694 1182 :~
2719 1127 2981 1184 Laboravi
3007 1138 3251 1202 rogatus,
3280 1129 3399 1186 sive
3419 1146 3638 1200 rogans,
3673 1129 3843 1200 dupli-

2240 1234 2359 1276 cem
2402 1219 2568 1278 habet
2611 1235 2861 1288 sensum,
2895 1223 3042 1294 quod
3073 1224 3189 1293 jam
3219 1221 3491 1279 defecerit
3523 1221 3699 1290 Deus,
3725 1237 3843 1278 crcv

2242 1313 2340 1369 bro
2367 1313 2448 1370 eis
2480 1315 2843 1386 ignoscendo,
2877 1327 2932 1372 et
2957 1317 3146 1372 lassus
3166 1315 3241 1371 sit
3271 1331 3492 1388 semper
3523 1330 3622 1372 eos
3645 1331 3842 1388 provo-

2241 1422 2376 1462 cans
2397 1407 2466 1463 ad
2500 1407 2759 1465 salutem.

2313 1501 2507 1570 (Vers.
2557 1501 2648 1574 7.)
2698 1502 2767 1557 Et
2805 1502 3105 1575 dispergam
3137 1519 3226 1558 eos
3253 1503 3541 1559 ventilabro
3589 1504 3646 1558 in
3685 1506 3844 1575 portis

2242 1607 2391 1652 terra:
2440 1595 2595 1669 (sive
2642 1597 2823 1670 populi
2861 1598 3021 1670 mei).
3057 1597 3305 1669 lnterfeci
3339 1608 3387 1653 et
3427 1597 3839 1674 perdidi[ang.

2241 1689 2553 1764 disperdidi]
2582 1691 2834 1764 populum
2863 1709 3068 1762 meum;
3108 1701 3158 1748 et
3206 1702 3377 1748 tamen
3405 1711 3437 1747 a
3477 1694 3577 1748 viis
3598 1695 3709 1750 suis
3746 1712 3841 1750 non

2167 1775 2216 1836 B
2241 1793 2360 1839 sunt
2379 1785 2588 1840 reversi.
2620 1785 2759 1854 Quid
2793 1786 3019 1857 prodest
3048 1786 3247 1857 smpius
3278 1801 3368 1843 me
3392 1789 3610 1858 rogari,
3655 1803 3775 1844 cum
3813 1805 3840 1843 a

2247 1878 2351 1932 viis
2376 1878 2494 1932 suis
2524 1880 2779 1950 pessimis
2808 1895 2914 1935 non
2943 1888 3312 1949 revertantur,
3347 1894 3450 1936 nec
3479 1890 3647 1952 agant
3680 1882 3842 1953 pumi-

2247 1973 2514 2031 tentiam?
2556 1974 2802 2046 Dispersi
2859 1977 3003 2033 enim
3049 1991 3147 2032 eos
3193 1976 3348 2046 quasi
3394 1975 3744 2045 ventilabro,
3791 1988 3842 2032 ut

2244 2086 2533 2142 purgarem
2563 2087 2749 2127 aream
2783 2086 2984 2127 meam.
3020 2071 3088 2126 Et
3108 2071 3351 2142 dispersi
3384 2071 3440 2127 in
3464 2073 3642 2144 portis
3666 2083 3841 2141 terraz,

2244 2178 2303 2222 ut
2345 2166 2548 2223 inferni
2582 2166 2988 2240 quodammodo
3017 2170 3300 2222 calcarent
3330 2166 3540 2222 limina.
3578 2167 3650 2224 Et
3680 2168 3839 2227 inter.

2244 2262 2375 2319 ferci
2400 2272 2455 2319 et
2477 2263 2691 2336 perdidi
2725 2265 2981 2336 pottulum
3017 2281 3196 2320 meum
3221 2307 3237 2332 ,
3269 2275 3327 2322 ut
3363 2267 3541 2323 coacti
3582 2267 3838 2324 malorum

2242 2356 2595 2423 necessitate,
2625 2357 3000 2426 impendentia
3029 2356 3265 2414 vitarent
3293 2358 3455 2413 mala.

2313 2449 2504 2521 (Vers.
2532 2447 2615 2520 8.)
2648 2449 2699 2503 Μ
2709 2449 3020 2521 nltiplicatte
3047 2459 3171 2506 sunt
3201 2449 3331 2503 mihi
3366 2450 3539 2504 viduae
3587 2454 3705 2523 ejus
3749 2469 3835 2506 su-

2240 2558 2331 2614 per
2361 2559 2572 2597 arcnam
2603 2543 2765 2598 moris
2806 2559 2826 2598 :
2862 2543 3050 2598 induxi
3080 2543 3154 2599 eis
3185 2559 3342 2614 super
3384 2552 3606 2600 matrem
3647 2544 3838 2600 adoles-

2239 2639 2402 2690 centis
2431 2643 2746 2691 vastatorem
2775 2635 2994 2691 meridie
3021 2653 3040 2691 :
3069 2636 3187 2690 misi
3204 2653 3359 2709 super
3380 2637 3614 2692 civitates
3645 2649 3836 2710 repente

2240 2737 2507 2784 terrorem.
2543 2729 2790 2786 Diversis
2832 2729 3291 2786 medicaminibus
3350 2732 3503 2802 cupit
3554 2732 3698 2789 Deus
3735 2734 3833 2788 sal-

2239 2835 2368 2876 vare
2407 2833 2695 2890 peccantes
2726 2839 2740 2877 :
2769 2831 2831 2878 ut
2852 2824 2941 2893 qui
2964 2832 3416 2894 contempserant
3443 2824 3828 2890 blandientem,

2239 2913 2472 2971 timeant
2499 2916 2953 2974 comminantem.
2993 2917 3180 2974 Vidua
3205 2917 3574 2988 multiplicata
3601 2931 3718 2976 sunt
3745 2937 3829 2976 su-

2238 3023 2330 3076 per
2358 3025 2567 3062 arenam
2597 3010 2778 3078 maris,
2810 3009 3121 3067 interiectis
3150 3010 3320 3078 viris;
3349 3021 3581 3078 matres,
3609 3013 3830 3086 perditis

2237 3099 2446 3168 liberis,
2473 3117 2698 3160 sensere
2726 3112 3054 3170 vastantem,
3091 3120 3197 3161 non
3233 3105 3285 3160 in
3311 3113 3476 3162 nocte
3502 3117 3558 3163 et
3575 3122 3675 3177 per
3701 3109 3828 3163 insi-

533 3199 652 3246 tore
681 3190 960 3260 neglecto,
990 3205 1098 3246 non
1130 3191 1382 3246 universa
1407 3199 1658 3246 creatura
1690 3199 2041 3261 consurgeret
2072 3189 2130 3244 in
2159 3176 2204 3240 C
2236 3192 2373 3260 dias,
2403 3193 2496 3250 sed
2524 3194 2671 3250 clara
2715 3195 2839 3252 luce
2873 3213 2887 3251 :
2918 3206 2976 3252 ut
3002 3196 3259 3253 ostendat
3283 3208 3533 3269 apertam
3579 3176 3694 3254 vim
3743 3200 3831 3254 ad-

530 3291 870 3354 peccatores.

599 3379 784 3451 (Vere.
812 3378 894 3452 4.)
920 3378 987 3435 Et
1013 3380 1147 3435 dabo
1177 3396 1262 3436 eos
1287 3380 1342 3435 in
1373 3383 1625 3452 fervorem
1653 3379 1792 3452 (sive
1825 3381 2128 3434 commotio-

526 3490 643 3530 nem
667 3484 715 3528 et
739 3474 1034 3549 angustias)
1068 3473 1318 3529 universis
1339 3474 1512 3549 regnis
1543 3484 1692 3529 terra:
1713 3515 1728 3539 ,
1762 3482 1971 3544 propter
2005 3471 2122 3526 Ma-

523 3584 708 3622 nassen
739 3565 907 3638 ﬁlium
941 3565 1175 3621 Ezechiae
1206 3567 1344 3638 regis
1370 3565 1536 3630 Iuda,
1569 3583 1724 3638 super
1752 3566 1989 3619 omnibus
2007 3581 2126 3636 qua

521 3663 647 3733 fecit
667 3661 720 3715 in
743 3658 1054 3716 Jerusalem.
1074 3660 1328 3733 Legimus
1352 3660 1406 3716 in
1431 3661 1649 3716 Dierum
1676 3660 1982 3728 volumine,
2010 3661 2121 3716 Ma-

524 3769 723 3811 nassen
768 3764 892 3826 post
921 3755 1290 3826 captivitatem
1323 3763 1380 3810 et
1419 3755 1796 3826 penitentiam
1837 3768 2117 3810 reversum

520 3847 576 3904 in
613 3847 918 3905 Jerusalem
961 3858 1127 3922 atque
1166 3861 1426 3920 regnasse
1460 3846 1532 3920 (Il
1574 3845 1702 3901 Par.
1751 3845 1964 3921 sntit).
2011 3847 2116 3905 Sed

517 3941 797 4014 quomodo
825 3951 1139 3998 sanctorum
1165 3942 1354 3998 merita
1383 3939 1724 3997 descendunt
1748 3940 1814 3995 ad
1843 3951 2113 4010 posteros,

514 4034 658 4091 sicut
679 4033 847 4090 David
875 4043 930 4090 et
954 4043 1278 4090 caeterorum
1312 4051 1323 4087 :
1349 4035 1428 4088 sic
1451 4041 1797 4103 peccatorum
1819 4031 2045 4104 ﬂagitia,
2069 4033 2113 4088 si

513 4126 669 4182 liberi
700 4140 1037 4199 nepotesque
1067 4127 1267 4183 similia
1296 4128 1599 4200 gesserint,
1624 4126 1692 4182 ad
1718 4136 1966 4198 posteros
1991 4143 2116 4200 per-

509 4220 754 4278 veniunt.
801 4221 956 4288 Quod
998 4234 1181 4275 autem
1206 4221 1340 4275 dicit
1371 4239 1383 4274 :
1418 4219 1568 4274 Dabo
1607 4237 1694 4275 eos
1735 4219 1791 4274 in
1820 4224 2108 4289 fervorem,

508 4313 626 4369 sive
655 4313 1046 4368 commotionem
1067 4322 1114 4367 et
1140 4313 1407 4387 angustias
1437 4313 1688 4368 universa:
1713 4322 1861 4369 terra;
1882 4355 1896 4380 ,
1923 4323 1978 4370 et
2007 4314 2110 4368 sub

509 4403 826 4477 Babyloniis
845 4419 911 4460 ex
934 4415 1086 4476 parte
1113 4404 1449 4475 completum
1475 4414 1581 4472 est,
1604 4415 1661 4461 et
1685 4420 1827 4462 nunc
1855 4407 2109 4478 expletur

2234 3288 2461 3344 versarii
2492 3289 2756 3346 fortioris.
2794 3289 2939 3356 Misi,
2973 3289 3187 3362 inquit,
3216 3307 3371 3364 super
3400 3291 3660 3361 civitates,
3695 3292 3825 3348 haud

2231 3381 2454 3436 dubium
2478 3384 2611 3453 quin
2637 3382 2797 3452 Juda,
2830 3394 2885 3440 et
2911 3385 3093 3455 populi
3125 3386 3464 3456 peccatoris,
3495 3396 3707 3457 repente
3735 3399 3827 3442 ter-

2229 3491 2400 3531 rorem
2423 3491 2443 3530 :
2469 3485 2527 3531 ttt
2558 3487 2762 3547 quanto
2793 3476 2896 3534 fuit
2921 3478 3164 3534 subitum
3196 3477 3422 3544 malum,
3457 3470 3825 3537 tanto‘diﬂlci-

2229 3566 2335 3623 lius
2361 3577 2510 3625 esset
2531 3569 2819 3642 effugium.

2299 3663 2492 3734 (Vers.
2537 3664 2636 3737 9.)
2676 3665 2959 3735 Inﬁrmata
2986 3676 3060 3720 est
3091 3666 3246 3737 (sive
3274 3666 3491 3738 abiecit,
3532 3676 3630 3723 aut
3671 3685 3821 3723 vacua

2221 3757 2367 3828 facta
2403 3756 2511 3830 est)
2555 3775 2671 3826 qua:
2699 3760 2900 3831 peperit
2929 3769 3126 3830 septem
3157 3759 3307 3832 (sive
3334 3759 3660 3832 plurimos);
3687 3763 3820 3832 defe-

2221 3852 2290 3907 cit
2333 3854 2508 3908 anima
2535 3855 2692 3926 ejus:
2719 3853 2908 3908 occidit
2954 3853 3002 3907 ei
3038 3851 3139 3921 sol,
3169 3869 3285 3909 cum
3330 3853 3502 3909 adhuc
3537 3863 3670 3910 esset
3715 3853 3820 3909 dies

2222 3945 2348 4017 (aut
2376 3947 2579 4003 medius
2618 3947 2783 4017 dies).
2817 3945 3047 4018 Confusa
3089 3957 3184 4013 est,
3231 3956 3278 4002 et
3326 3947 3576 4002 erubuit:
3601 3957 3656 4004 et
3697 3948 3816 4003 resi-

2219 4041 2348 4094 duos
2377 4042 2491 4112 ejus
2515 4042 2569 4094 in
2600 4039 2838 4112 gladium
2886 4039 3022 4094 dabo
3064 4041 3120 4095 in
3171 4054 3447 4111 conspectu
3493 4041 3814 4097 inimicorum

2217 4147 2417 4199 eorum,
2449 4132 2522 4188 ait
2552 4131 2833 4189 Dominus.
2867 4133 3026 4205 Saepe
3049 4133 3295 4189 diximus
3322 4133 3551 4190 verbum
3587 4135 3812 4192 llebrai-

2215 4242 2339 4284 cum
2369 4243 2498 4284 sses
2522 4227 2722 4300 (πω),
2752 4225 2838 4282 vel
2865 4237 3078 4298 septem,
3109 4227 3193 4283 vel
3209 4231 3575 4300 jnramentum
3594 4243 3808 4296 sonare,

2215 4321 2301 4376 vel
2350 4320 2630 4392 plurimos.
2678 4318 2834 4376 Unde
2875 4327 2934 4376 et
2975 4319 3192 4377 diversa
3243 4330 3329 4377 est
3381 4320 3808 4394 interpretatio:

2213 4415 2432 4488 Aquila,
2457 4415 2818 4487 Septuaginta
2849 4425 2905 4471 et
2928 4415 3333 4482 Theodotione,
3357 4427 3554 4487 septem
3587 4417 3809 4474 transic-

506 4501 561 4556 in
592 4507 728 4568 toto,
757 4498 976 4571 quando
1008 4499 1303 4570 pessimum
1337 4515 1562 4571 regem,
1600 4510 1656 4556 ct
1682 4500 1772 4571 qui
1812 4502 2106 4571 repleverit
2133 4577 2168 4581 _r
2216 4508 2464 4563 rentibus
2494 4506 2888 4581 :Symmacho,
2914 4508 3192 4576 plurimos.
3224 4507 3358 4577 Qua:
3388 4508 3559 4580 igitur
3581 4519 3703 4565 erat
3725 4510 3801 4566 di-

503 4591 807 4651 Jerusalem
834 4609 864 4650 a
892 4604 1046 4664 porta
1070 4609 1240 4667 usque
1260 4593 1328 4650 ad
1355 4602 1566 4665 portam
1592 4609 1788 4651 cruore
1803 4595 2100 4667 justorum,
2133 4577 2183 4638 Ῑ)
2213 4615 2307 4656 ves
2336 4601 2552 4668 liberis,
2574 4577 2710 4657 orba
2740 4601 2927 4656 subito
2967 4599 3110 4658 facta
3144 4611 3256 4667 est,
3287 4611 3342 4658 et
3379 4577 3523 4658 clara
3552 4601 3673 4659 luce
3701 4602 3804 4658 dis-

500 4687 736 4762 populus
791 4688 1031 4745 imitatus
1086 4699 1168 4746 est
1229 4688 1450 4760 impius.
1505 4689 1584 4745 EX
1634 4703 1744 4760 quo
1799 4687 2099 4754 discimus,

497 4801 687 4859 regum
714 4799 778 4842 ac
802 4784 1112 4857 principum
1134 4828 1149 4852 ,
1187 4794 1243 4842 et
1271 4786 1684 4857 przrpositorum
1714 4784 1950 4852 scelere,
1995 4799 2094 4856 po-

496 4879 655 4952 pulos
675 4879 996 4952 plerumque
1016 4877 1212 4934 deleri.

2211 4693 2396 4766 periit,
2422 4701 2476 4751 et
2496 4693 2720 4750 confusa
2745 4704 2830 4750 est
2853 4695 2905 4749 in
2935 4693 3237 4750 solitudine
3261 4695 3369 4749 sui.
3404 4693 3692 4764 Reliquum
3713 4711 3802 4751 au-

2211 4794 2341 4855 tem,
2382 4787 2481 4854 ait,
2519 4787 2779 4859 populum
2838 4785 3048 4842 tradam
3102 4786 3285 4859 gladio
3319 4802 3340 4843 :
3367 4796 3430 4842 ut
3477 4799 3708 4845 mortem
3750 4797 3802 4846 et

2207 4881 2342 4936 iram
2388 4879 2486 4937 Dei
2534 4880 2716 4936 nullus
2762 4879 3009 4952 etl'ugiat.
3045 4879 3151 4936 Alit
3183 4878 3250 4935 ad
3283 4879 3628 4952 Synagogam
3667 4881 3802 4938 rele-

565 4974 751 5048 (Vers.
800 4974 882 5046 5.)
921 4974 1052 5040 Quis
1096 4974 1232 5027 enim
1268 4974 1592 5029 miserebitur
1618 4974 1726 5040 tui,
1761 4973 2096 5032 Jerusalem?
2205 4983 2352 5039 runt,
2385 4987 2509 5044 qua:
2542 4972 2816 5029 inﬁrmata
2843 4981 2950 5040 est,
2984 4982 3042 5028 ut
3071 4971 3334 5029 Ecclesiae
3363 4983 3645 5030 cresceret
3664 4973 3800 5029 mul-

491 5079 584 5125 aut
605 5072 722 5140 quis
762 5067 1151 5124 contristabitur
1182 5083 1276 5138 pro
1303 5067 1388 5122 te?
1416 5078 1506 5122 aut
1529 5069 1643 5138 quis
1669 5068 1761 5122 ibit
1804 5069 1874 5124 ad
1896 5087 2091 5144 rogan-
2206 5065 2417 5132 titudo;
2443 5065 2602 5136 juxta
2632 5066 2764 5122 illud
2787 5065 2933 5136 quod
2956 5065 3220 5138 scriptum
3247 5075 3334 5121 est
3364 5082 3378 5120 :
3410 5064 3625 5122 Sterilis
3651 5084 3796 5138 prpe-

489 5164 616 5218 dum
636 5179 730 5236 pro
751 5179 878 5234 pace
900 5165 1030 5216 tua?
1056 5160 1277 5216 Nullum
1305 5160 1451 5216 enim
1481 5170 1684 5231 potest,
1716 5162 1926 5219 oﬂ'enso
1957 5166 2089 5231 Deo,
2195 5161 2262 5215 rit
2291 5158 2461 5232 946
2488 5169 2681 5231 septem
2702 5201 2719 5227 ,
2747 5159 2866 5215 sive
2908 5157 3164 5231 plurimos
3192 5174 3211 5214 :
3241 5167 3288 5212 et
3312 5173 3429 5229 qua
3473 5159 3669 5213 multos
3705 5156 3796 5211 lut-

487 5274 590 5330 pro
622 5257 842 5330 ﬂagitiis
878 5271 1074 5329 rogare
1116 5257 1492 5328 peccantium;
1535 5257 1660 5328 quia
1695 5272 1795 5313 nec
1826 5268 1933 5312 tam
1974 5259 2088 5313 cle-
2193 5253 2339 5308 bebat
2384 5252 2592 5320 liberos,
2640 5253 2908 5323 infirmata
2951 5263 3026 5308 est
3075 5251 3135 5321 (ι
3163 5251 3297 5323 Reg.
3322 5265 3385 5316 ιι,
3417 5247 3509 5324 5).
3548 5248 3706 5307 Unde
3743 5258 3796 5305 et

488 5366 647 5406 mens
685 5360 864 5422 potest
893 5360 1147 5408 creatura
1178 5365 1343 5422 quam
1383 5349 1636 5405 conditor
1684 5364 1840 5417 esse,
1884 5364 1984 5405 nec
2016 5349 2086 5404 ita
2192 5350 2394 5406 occidit
2425 5350 2476 5406 ei
2505 5350 2586 5405 sol
2614 5348 2864 5420 iustitiae,
2907 5349 2961 5404 in
3009 5348 3166 5418 cujus
3217 5347 3415 5418 pennis
3456 5354 3546 5402 est
3590 5346 3793 5401 sanitas

483 5444 695 5500 alienus
723 5446 999 5510 externis,
1031 5443 1306 5514 quomodo
1329 5442 1593 5498 Dominus
1619 5442 1733 5497 suis
1767 5456 2010 5510 parcere.
2191 5445 2211 5515 (
2240 5442 2470 5497 Malaclt.
2505 5442 2594 5515 tv)
2643 5461 2655 5498 :
2689 5453 2747 5500 et
2787 5442 2996 5499 idcirco
3032 5450 3240 5498 aeterna
3291 5439 3620 5497 confusione
3668 5455 3791 5496 coo-

559 5538 742 5613 (Vers.
765 5537 847 5609 6.)
876 5537 958 5594 Tu
996 5536 1317 5608 dereliquisti
1347 5551 1461 5604 me,
1503 5536 1626 5590 dicit
1661 5534 1957 5590 Dominus:
1997 5551 2082 5590 re-
2192 5543 2344 5604 perta
2375 5543 2480 5601 est,
2510 5535 2748 5606 perdens
2787 5535 3050 5608 populum
3093 5549 3250 5590 suum
3275 5531 3462 5605 gladio
3498 5532 3786 5604 spirituali.

484 5639 709 5686 trorsum
736 5632 932 5686 abiisti.
961 5629 1137 5688 Causa
1174 5629 1441 5697 redditur,
1484 5646 1655 5701 quare
1695 5630 1877 5686 nullus
1916 5631 2080 5688 mise-
2259 5631 2452 5703 (Vers.
2499 5630 2634 5705 i0.)
2671 5631 2950 5704 Victorini,
3002 5639 3167 5687 mater
3195 5645 3344 5696 mea,
3373 5645 3538 5702 quare
3566 5630 3790 5702 genuisti

482 5731 671 5778 reatur
702 5721 1008 5780 Jerusalem
1031 5764 1047 5790 ,
1079 5738 1183 5780 nec
1211 5723 1569 5780 contristetur
1599 5737 1697 5792 pro
1724 5737 1820 5790 ea,
1853 5739 1955 5781 nec
1982 5739 2079 5795 pro
2183 5743 2264 5782 me
2301 5727 2470 5783 virum
2495 5726 2798 5800 riaw(sive
2823 5726 3041 5800 judicii)
3061 5770 3076 5796 ,
3109 5726 3281 5780 virum
3318 5723 3599 5780 discordiae
3632 5724 3787 5797 (sive

481 5831 617 5892 pace
654 5815 798 5872 illius
829 5817 1118 5874 obsecret:
1159 5818 1306 5888 quod
1332 5833 1455 5874 cum
1477 5861 1493 5886 ,
1541 5816 1697 5888 juxta
1752 5818 2073 5889 Apostolum
2178 5821 2265 5892 qui
2284 5821 2497 5894 judicer
2520 5823 2562 5893 ),
2588 5823 2643 5876 in
2675 5823 2913 5878 universa
2945 5821 3161 5892 terra)?
3183 5821 3370 5878 Potest
3401 5820 3510 5878 hoc
3535 5819 3782 5878 συνεκδοο
