4080 6326
237 359 343 416 771

750 359 1403 419 COMMENTARIORUM
1441 359 1509 419 IN
1548 359 1899 418 JEREMIAM
1927 360 2355 424 PROPHETAM
2395 369 2526 428 LIB.
2571 371 2660 430 Ill.
2701 374 2858 436 CAP.
2900 376 3018 434 XV.

3431 383 3539 440 778

241 484 407 551 χικῶς
458 475 528 532 de
561 475 798 535 Ieremia
843 479 1098 552 intelligi,
1131 479 1273 551 quod
1304 496 1412 536 non
1461 480 1515 535 in
1551 488 1668 536 toto
1696 479 1833 536 orbe

1940 497 2021 535 me
2042 485 2272 556 genuisti
2295 486 2488 552 uirum,
2511 491 2600 560 qui
2613 493 2832 565 judice?
2851 504 2899 548 et
2922 493 3191 552 discernar
3201 499 3343 554 omni
3355 505 3539 556 temer

238 582 530 640 terrarum,
565 575 660 630 sed
710 575 761 629 in
803 563 958 632 terra
1005 576 1188 632 ludtea
1237 575 1310 632 sit
1343 575 1640 646 judicatus.
1691 574 1835 631 Vcre

238 677 420 726 autem
460 669 695 725 Domino
727 669 984 741 competit
1014 670 1327 735 SalVatori,
1360 669 1453 742 qui
1495 669 1736 740 quuitur
1777 668 1832 725 in

238 761 536 835 Evnngelio
569 781 582 818 :
618 761 684 818 In
715 763 980 837 judicium
1004 780 1100 836 ego
1131 765 1184 818 in
1217 764 1372 819 istum
1403 763 1652 818 mundum
1693 763 1831 829 veni,

234 858 398 930 utqui
434 873 540 912 non
577 857 782 923 uident,
817 857 1044 924 uideant,
1086 867 1136 914 et
1180 859 1271 929 qui
1317 858 1522 922 uident,
1551 857 1674 912 cteci
1702 857 1836 927 fiant

233 947 429 1021 (Joaa.
469 966 547 1012 ιι.
579 949 652 1008 59
674 951 714 1019 );
765 949 835 1006 de
871 966 982 1021 quo
1011 950 1274 1019 scriptum
1309 960 1394 1006 est
1437 967 1451 1005 :
1495 948 1630 1004 Ecce
1652 949 1737 1002 hic
1755 957 1834 1004 est

230 1047 428 1115 positus
454 1044 510 1099 ia
533 1044 767 1110 “ruinam,
807 1053 856 1100 et
901 1045 958 1100 in
992 1045 1426 1100 resurrectionem
1465 1047 1748 1098 multorum
1775 1043 1830 1096 in

230 1135 401 1192 Israel
431 1155 452 1192 .'
479 1145 529 1192 et
557 1137 614 1193 in
648 1137 860 1208 signum
887 1139 972 1193 cui
999 1137 1385 1194 contradicetur
1411 1137 1430 1208 (
1455 1135 1584 1192 Luc.
1614 1152 1672 1202 tt,
1703 1136 1826 1205 54).

230 1228 364 1298 Quis
385 1230 532 1284 enim
565 1229 1041 1300 philosophorum,
1073 1230 1197 1301 quis
1221 1228 1532 1301 gentilium,
1564 1226 1688 1296 quis
1721 1228 1831 1281 ha:-

230 1324 526 1380 reticorum
576 1340 684 1378 non
731 1323 946 1393 judicat
976 1322 1286 1389 Christum,
1322 1321 1638 1392 ponentium
1671 1318 1724 1375 ei
1752 1318 1829 1375 le-

228 1432 324 1490 ges
355 1416 690 1475 nativitatis.
731 1425 788 1472 et
819 1417 1114 1487 passionis,
1154 1411 1682 1483 resurrectionisque
1715 1425 1830 1467 sua)

229 1510 630 1570 "substantia!l
651 1510 764 1570 Nec
793 1513 991 1567 mirum
1014 1511 1166 1582 juxta
1186 1509 1453 1580 assumpti
1472 1505 1831 1578 corporisve-

227 1605 471 1671 ritatem,
504 1605 786 1661 Christum
817 1604 1042 1660 dicere:
1083 1602 1170 1659 Vat:
1189 1601 1318 1656 mihi
1339 1609 1504 1654 mafer
1534 1615 1681 1666 mea;
1703 1614 1828 1654 cum

229 1705 283 1756 et
329 1698 386 1754 in
428 1698 538 1752 alio
570 1697 691 1752 loco
723 1696 1008 1768 perspicue
1061 1710 1312 1766 persona:
1365 1695 1485 1763 ejus
1540 1693 1833 1748 conveniat

227 1789 368 1863 quod
397 1790 601 1846 dicitur
625 1807 640 1844 :
675 1787 762 1845 Va:
794 1788 920 1843 mihi
942 1788 1064 1858 quia
1085 1792 1256 1860 factus
1277 1803 1393 1842 sum
1414 1786 1550 1840 sicut
1570 1785 1659 1854 qui
1680 1784 1832 1838 colli-

1938 576 2236 644 elreliqua,
2253 581 2536 648 respondit
2552 584 2841 642 Dominus:
2867 587 2990 644 Noli
3015 591 3371 650 considerare
3398 609 3538 664 prte-

1935 670 2133 738 sentia,
2169 671 2266 726 sed
2298 673 2509 742 futura;
2547 678 2794 749 reliquiae
2825 683 2974 737 enim
3005 694 3114 739 tua-
3146 696 3200 743 et
3235 688 3532 746 novissima

1936 762 2182 817 eruntin
2214 762 2440 821 bonum.
2478 768 2724 840 Denique
2768 782 2824 828 et
2863 774 2916 829 in
2951 779 3364 845 praesentiarum
3410 796 3533 837 cum

1937 862 1990 909 te
2019 865 2287 926 cuperent
2317 859 2523 916 inimici
2551 864 2881 933 opprimere,
2917 867 3044 924 all‘ui
3078 869 3204 939 tibi,
3236 881 3291 928 et
3320 891 3444 931 meo
3472 891 3535 932 es

1934 957 2216 1018 protectus
2262 951 2488 1008 auxilio.
2531 955 2647 1012 Hoc
2694 969 2877 1015 autem
2929 970 3038 1018 tam
3092 965 3158 1020 ad
3213 967 3536 1040 Jcremiam,

1931 1054 2093 1110 quam
2140 1044 2442 1100 secundum
2493 1047 2966 1118 diSpensatiouetn
3003 1058 3186 1113 carnis
3212 1074 3531 1133 assumptte,

1933 1133 2128 1224 referri
2160 1145 2344 1205 potest
2369 1139 2436 1192 ad
2465 1138 2828 1198 Salvatorem.
2857 1144 2962 1200 Pro
2988 1163 3055 1203 eo
3083 1150 3229 1220 quod
3256 1168 3357 1205 nos
3377 1152 3534 1224 juxta

1933 1223 2262 1284 llehraicum
2311 1230 2660 1302 interpretati
2703 1253 2938 1294 sumus:
2974 1239 3166 1299 Omnes
3213 1247 3536 1305 maledicunt

1933 1316 2082 1384 mihi,
2116 1335 2290 1389 usque
2315 1325 2382 1379 ad
2417 1341 2541 1381 emn
2569 1329 2745 1384 locum
2771 1332 2859 1387 ubi
2891 1336 3156 1404 scriptum
3188 1349 3291 1405 est,
3325 1343 3378 1396 in
3402 1352 3532 1397 tem-

1933 1426 2058 1480 pore
2084 1413 2436 1472 tribulationis
2455 1420 2701 1477 adversus
2726 1424 3018 1497 inimicum,
3046 1429 3098 1484 in
3133 1432 3374 1489 editione
3400 1435 3530 1490 Vul-

1933 1513 2055 1597 gata
2086 1504 2159 1560 ita
2203 1509 2464 1580 scriptum
2515 1515 2694 1583 reperi
2729 1533 2745 1568 ι
2778 1516 3058 1574 Fortitudo
3101 1540 3211 1579 mea
3254 1527 3438 1597 defecit
3477 1532 3532 1586 in

1935 1595 2041 1664 his,
2074 1601 2165 1670 qui
2192 1602 2510 1661 maledicunt
2544 1608 2704 1677 mihi;
2745 1611 2860 1680 fiat,
2910 1613 3149 1681 Domine,
3192 1595 3534 1691 diriqentibus

1931 1692 2062 1759 illis,
2090 1695 2137 1748 si
2159 1713 2264 1751 non
2298 1700 2442 1754 astiti
2470 1702 2562 1756 tibi
2587 1704 2641 1756 in
2683 1715 2911 1775 tempore
2935 1709 3243 1781 afflictionis
3262 1731 3464 1782 eorum,
3489 1726 3538 1774 et

1934 1785 1989 1840 in
2017 1798 2243 1861 tempore
2271 1792 2625 1851 tribulationis
2663 1813 2865 1865 eorum,
2899 1800 2953 1854 in
2995 1803 3129 1856 bona
3153 1818 3337 1860 contra
3359 1810 3535 1864 inimi—

227 1885 302 1959 git
331 1884 582 1951 stipulam
608 1883 662 1938 in
691 1900 868 1951 messe,
897 1894 946 1938 et
975 1883 1108 1938 sicut
1149 1896 1414 1936 racemum
1452 1880 1507 1934 in
1546 1878 1826 1944 vindemia,
1859 1882 1910 1944 B
1934 1897 2072 1937 cum.
2106 1883 2170 1936 Et
2205 1895 2292 1940 est
2335 1900 2534 1943 sensus
2567 1905 2586 1944 :
2623 1888 2910 1948 Fortitudo
2951 1911 3066 1950 mea
3097 1898 3286 1969 defecit
3335 1902 3388 1956 in
3427 1903 3532 1973 his,

228 1996 332 2036 non
370 1978 566 2035 habens
594 1981 814 2050 spicam,
859 1989 918 2032 ut
955 1976 1190 2032 comedat
1212 1975 1516 2048 primitioa(
1545 1973 1707 2029 Mica.
1733 1989 1828 2043 vn,

230 2075 324 2146 1).
357 2075 422 2129 Ει
449 2090 518 2129 ne
558 2085 816 2144 putemus
844 2072 1145 2131 neminium
1177 2069 1439 2126 vilitatem
1474 2067 1586 2141 [AL
1626 2067 1834 2123 utilita-

230 2167 374 2241 tem]
418 2167 616 2224 referri
664 2167 731 2224 ad
767 2166 1002 2223 Verbum
1036 2166 1129 2220 Dei
1157 2206 1171 2230 ,
1193 2164 1285 2236 qui
1313 2163 1385 2219 sit
1414 2165 1516 2218 iste
1543 2162 1639 2233 qui
1676 2163 1830 2232 plalt-

229 2272 341 2337 gat,
379 2261 566 2318 statitn
611 2263 858 2333 sequitur
888 2278 903 2315 :
931 2259 1046 2321 .Va:
1092 2259 1220 2312 mihi
1264 2257 1481 2321 anima;
1509 2255 1630 2328 quia
1671 2255 1828 2326 periit

227 2369 484 2414 revertens
513 2374 546 2411 a
584 2366 725 2412 terra
757 2371 776 2412 :
809 2371 918 2412 non
946 2354 1070 2426 quia
1102 2352 1412 2410 dividamus
1446 2351 1736 2415 Personas,
1773 2359 1832 2406 ut

230 2454 379 2521 impii
414 2453 658 2518 faciunt;
687 2451 784 2508 sed
817 2467 926 2522 quo
954 2465 1096 2506 unus
1115 2445 1295 2521 ‘atque
1319 2447 1461 2502 idem
1497 2446 1668 2502 Filius
1706 2446 1828 2513 Dei,

229 2563 372 2605 nunc
413 2548 568 2620 juxta
615 2562 862 2617 carnem,
911 2561 1056 2602 nunc
1100 2545 1260 2617 juxta
1293 2541 1531 2599 Verbum
1569 2541 1831 2612 loquatur

229 2641 345 2700 Dei.

300 2734 427 2791 Non
464 2734 726 2805 fenerari,
749 2751 843 2790 nec
880 2733 1130 2805 fenerauit
1160 2731 1286 2786 mihi
1307 2730 1587 2803 quisquam
1611 2743 1630 2783 :
1655 2743 1832 2784 omnes

229 2830 548 2886 maledicunt
571 2831 722 2885 mihi.
749 2830 854 2884 l'ro
886 2845 994 2896 quo
1021 2828 1379 2898 Septuaginta
1417 2843 1430 2878 :
1474 2823 1598 2879 Non
1628 2823 1828 2895 profui,

228 2943 390 2994 neque
413 2925 611 3000 profuit
643 2923 774 2979 mihi
803 2925 1100 2996 quisquam.
1133 2920 1443 2977 Theodotio
1476 2936 1490 2973 :
1524 2936 1625 2973 non
1651 2918 1827 2984 debui,

229 3036 390 3090 neque
432 3021 612 3074 debuit
665 3017 795 3072 mihi
831 3017 1127 3090 quisquam.
1169 3006 1414 3084 Quorum
1461 3027 1589 3068 omn
1617 3027 1706 3065 um
1743 3009 1832 3066 hic

229 3128 426 3171 sensus
480 3123 564 3169 est
615 3129 682 3169 ex
725 3127 956 3184 perstma
992 3109 1233 3166 Christi:
1260 3108 1454 3165 Nullus
1481 3122 1542 3163 se
1572 3105 1828 3174 prte'huit,

230 3209 318 3280 qui
367 3207 537 3278 digne
573 3222 696 3264 mea
744 3221 850 3261 aera
882 3205 1226 3275 susciperet;
1258 3217 1357 3258 nec.
1390 3200 1660 3258 leneravit
1694 3197 1831 3254 mihi

1934 1977 2022 2045 qui
2054 1978 2375 2034 maledicunt
2407 1983 2558 2040 mihi.
2587 1984 2704 2040 Non
2741 1988 2886 2042 enim
2930 1988 3238 2063 intelligunt
3275 1994 3536 2054 virtutem

1935 2084 2136 2138 meam,
2167 2089 2288 2142 quae
2320 2075 2372 2129 in
2397 2076 2716 2134 infirmitate
2752 2082 3057 2152 perlicilur,
3091 2096 3146 2142 et
3180 2098 3386 2156 quanto
3417 2092 3538 2162 plus

1936 2162 2068 2218 mihi
2121 2166 2529 2234 maledixerint,
2581 2180 2733 2226 tanto
2784 2190 2904 2230 mea
2958 2177 3009 2230 in
3059 2176 3170 2232 illis
3203 2181 3325 2248 plus
3354 2181 3541 2240 deﬁcit

1936 2252 2219 2313 fortitudo.
2266 2258 2564 2333 Jungitque
2590 2264 2672 2319 vel
2704 2264 2973 2336 PrOpheta
3017 2269 3106 2324 vel
3145 2271 3432 2341 Dominus,
3481 2287 3540 2332 et

1933 2348 2010 2404 ait
2043 2365 2057 2403 :
2088 2350 2236 2422 Fiat,
2271 2351 2496 2411 Domine
2516 2355 2537 2430 [
2557 2358 2645 2414 Al.
2677 2358 2992 2435 Dominus],
3023 2363 3371 2438 dirigentibus
3406 2372 3535 2438 illis,

1935 2443 2040 2497 hoc
2089 2455 2198 2511 εει,
2254 2450 2512 2503 eveniant
2563 2451 2694 2505 mihi
2737 2455 3059 2525 maledicta,
3092 2473 3213 2528 qua:
3244 2461 3540 2532 loquuntur

1935 2534 2178 2603 inimici;
2203 2552 2260 2594 et
2294 2539 2372 2594 illi
2406 2541 2718 2614 dirigantur
2746 2546 2798 2600 in
2833 2548 3060 2616 bonum,
3095 2551 3138 2605 si
3170 2568 3278 2608 non
3311 2555 3362 2610 in
3396 2567 3534 2614 tem-

1934 2643 2071 2699 pore
2103 2629 2474 2689 tribulationis
2519 2650 2710 2691 eorum
2753 2648 2808 2694 et
2849 2642 3149 2711 angustiae,
3178 2648 3402 2716 quando
3440 2665 3538 2706 eos

1934 2723 2185 2778 vastabat
2206 2724 2480 2792 inimicus,
2508 2735 2565 2783 et
2585 2743 2784 2798 capere
2809 2732 3128 2803 festinabat,
3161 2741 3291 2794 steti
3319 2740 3372 2795 in
3401 2757 3540 2798 eon-

1933 2823 2131 2884 Speclu
2164 2824 2278 2881 tuo,
2321 2827 2378 2872 et
2423 2821 2606 2890 rogavi
2663 2832 2716 2879 te
2769 2839 2867 2894 pro
2922 2826 3053 2893 illis,
3088 2839 3144 2883 et
3171 2831 3286 2886 dixi
3313 2851 3325 2888 :
3355 2833 3536 2903 Pater,

1932 2907 2141 3002 ignosce
2165 2910 2240 2965 eis
2266 2926 2286 2966 :
2306 2913 2446 2983 quod
2478 2915 2613 2970 enim
2648 2919 2867 2988 faciunt,
2902 2924 3139 2978 nesciunt
3170 2943 3188 2995 ι
3215 2926 3344 2984 Luc.
3378 2947 3532 3002 nm,

1934 2998 2060 3074 3i).
2096 3003 2202 3060 Sed
2230 3016 2285 3060 et
2321 3005 2612 3064 Jeremiam
2646 3025 2794 3083 smpe
2832 3014 3304 3086 deprehendimus
3335 3022 3389 3079 in
3431 2998 3535 3082 hoc

1934 3095 2214 3152 volumine
2244 3114 2469 3165 rOgasse
2497 3117 2595 3172 pro
2624 3108 2844 3176 populo.

2009 3191 2206 3264 (Vers.
2252 3194 2380 3265 12.)
2407 3195 2684 3271 Numquid
2707 3203 3050 3273 fwderabitur
3081 3213 3276 3280 ferrum
3309 3218 3450 3286 ferro
3473 3218 3538 3273 ab

227 3276 513 3372 quisquam
544 3302 596 3354 in
637 3297 844 3353 sanctis
871 3306 1032 3368 atque
1065 3295 1397 3368 pauperibus
1432 3291 1817 3358 confovendis,
1849 3276 1898 3342 C
1928 3284 2182 3356 Aquilone
2210 3302 2230 3342 :
2257 3298 2306 3342 et
2335 3291 2448 3344 tes?
2475 3290 2864 3364 Symmachus,
2899 3276 3173 3376 Numquid
3198 3276 3397 3362 nocebit
3430 3313 3537 3383 fer-

229 3410 316 3450 me
345 3394 448 3450 sibi
480 3393 688 3449 iaciens
717 3392 1042 3448 debitorem.
1070 3392 1198 3449 Sive
1225 3407 1330 3446 non
1359 3390 1554 3462 profui,
1588 3405 1681 3443 nec
1710 3404 1834 3456 pro-

228 3489 325 3559 fuit
356 3485 483 3541 mihi
518 3487 829 3559 quisquam;
861 3485 1040 3540 nullus
1073 3483 1218 3541 enim
1249 3494 1458 3538 tantum
1491 3483 1661 3536 voluit
1685 3481 1835 3535 acci-

228 3598 380 3655 pt-re,
411 3593 676 3652 quantum
703 3597 805 3653 ego
833 3581 1080 3638 tribuere
1106 3579 1436 3634 desideravi.
1483 3576 1599 3632 Nec
1633 3575 1834 3648 profuit

228 3675 356 3730 mihi
397 3674 720 3748 quisquam;
759 3674 909 3729 salus
957 3675 1102 3730 enim
1141 3684 1443 3735 creaturae.
1485 3670 1698 3726 lucrum
1749 3679 1834 3726 est

227 3769 528 3826 Creatoris.
557 3769 662 3824 Aut
691 3778 842 3825 certe
881 3785 983 3823 non
1013 3767 1185 3836 debui,
1217 3783 1309 3821 nec
1339 3766 1514 3821 dibuit
1544 3767 1671 3820 mihi
1690 3765 1834 3839 quis-

227 3881 382 3934 quam
407 3860 624 3918 :Ne-mo
655 3861 809 3917 dedit
850 3859 988 3915 mihi
1033 3866 1296 3931 quantum
1343 3861 1596 3928 accipere
1649 3857 1835 3928 cupie-

234 3957 383 4024 bam,
412 3971 514 4011 nec
535 3971 624 4011 me
644 3954 745 4011 sibi
772 3953 900 4010 fecit
927 3953 981 4008 in
1011 3953 1194 4022 aliquo
1215 3951 1543 4008 debitorem.
1567 3950 1836 4022 Quodque

227 4048 390 4106 infert
419 4065 433 4103 :
466 4045 580 4103 Nec
621 4047 795 4102 debuit
845 4046 974 4102 mihi
1012 4047 1305 4118 quisquam,
1339 4044 1484 4100 hunc.
1517 4045 1683 4101 habet
1708 4061 1838 4102 sen-

225 4160 344 4201 sum
381 4161 396 4199 :
425 4141 718 4212 Quomodo
759 4139 906 4197 enim
952 4148 1169 4211 poterat
1195 4138 1322 4194 mihi
1353 4154 1575 4194 usuram
1606 4139 1832 4208 debere,

231 4240 323 4310 qui
377 4238 539 4294 fenus
596 4252 705 4291 non
747 4244 835 4291 est
885 4234 1139 4306 dignatus
1184 4233 1474 4303 accipere?
1505 4232 1719 4297 Omnes,
1756 4234 1838 4288 in-

227 4334 363 4406 quit,
401 4332 714 4388 malcdicunt
734 4330 885 4386 mihi.
909 4329 1043 4398 Quis
1065 4327 1210 4383 enim
1244 4327 1834 4402 haereticorum,947

226 4441 390 4502 atque
438 4427 740 4485 errantium
799 4441 907 4481 non
949 4422 1229 4480 maledicit
1272 4424 1523 4492 Christo,
1573 4437 1835 4494 perversa

226 4523 526 4588 credendo,
559 4531 615 4579 et
645 4521 990 4590 perversiora
1028 4509 1462 4586 hla'sphetnans?

298 4619 499 4692 (Vers.
528 4613 654 4686 ll.)
689 4613 830 4690 Dicit
864 4612 1143 4675 Dominus,
1175 4611 1236 4668 Si
1262 4627 1364 4666 non
1391 4611 1627 4681 reliquiae
1657 4620 1760 4668 tute
1778 4613 1833 4667 in

1936 3397 2050 3434 rum
2073 3383 2211 3452 ferro
2227 3383 2292 3437 ab
2313 3383 2590 3455 Aquilone,
2633 3399 2678 3443 et
2727 3407 2799 3446 tes
2821 3394 2846 3448 Σ)
2869 3393 3010 3450 LXX
3035 3410 3090 3452 et
3117 3398 3446 3473 Theodotio,
3476 3405 3537 3463 Si

1935 3489 2206 3546 cognoscet
2231 3478 2428 3548 ferrum
2463 3493 2508 3534 et
2548 3484 2922 3554 operimentum
2964 3506 3164 3546 teneam
3186 3496 3212 3548 ?
3248 3495 3540 3556 Varietatis

1935 3583 2097 3624 causa
2159 3570 2446 3642 perspicua
2489 3585 2574 3630 est
2605 3593 2620 3632 ε
2651 3580 2880 3634 Verbum
2909 3584 3058 3636 enim
3085 3583 3115 3622 ι)
3162 3585 3301 3643 June
3331 3589 3531 3663 (gr-ni),

1935 3663 2082 3734 quod
2116 3663 2170 3718 in
2203 3669 2458 3736 prtrseuti
2494 3669 2616 3726 loco
2644 3673 2911 3742 scriptum
2957 3686 3068 3744 est,
3117 3697 3218 3751 pro
3272 3687 3541 3756 amhigui-

1939 3764 2052 3814 tate
2087 3761 2482 3817 enuntiationis
2525 3774 2579 3819 et
2625 3768 2951 3836 amicitiam,
2985 3785 3147 3830 sonat
3173 3787 3228 3831 et
3257 3781 3533 3848 malitiam,

1937 3850 2081 3920 quod
2110 3851 2157 3906 si
2183 3868 2281 3923 pro
2297 3871 2395 3911 nes
2420 3855 2599 3913 littera
2626 3858 2795 3932 948
2832 3862 2978 3934 (qua:
2998 3881 3212 3924 manu
3235 3871 3436 3929 litterae
3465 3877 3540 3930 si-

1938 3945 2086 4001 milis
2127 3946 2254 4019 est)
2304 3947 2519 4020 legatur
2551 3961 2574 3989 ο
2609 3967 2847 4022 ωιετιι,
2885 3959 3154 4014 scientiam
3192 3966 3537 4034 cognitionem

1937 4052 2046 4108 que
2086 4038 2377 4109 signiﬁcat.
2409 4041 2576 4131 Quod
2617 4054 2798 4100 autem
2854 4047 3080 4119 dicitur,
3112 4053 3189 4110 sic
3226 4055 3538 4131 intelligen-

1937 4131 2066 4186 dum
2098 4141 2184 4188 εει
2211 4150 2224 4188 ε
2251 4133 2332 4190 Ne
2357 4129 2546 4190 dbleas
2569 4139 2714 4206 quod
2741 4142 2973 4211 populus
3000 4143 3256 4204 inimicus
3289 4129 3533 4222 tuusvsit;

1939 4233 1994 4282 te
2019 4227 2165 4282 enim
2198 4226 2334 4283 dura
2371 4229 2678 4298 nuntiante,
2729 4250 2838 4289 non
2895 4249 3075 4306 puteSt
3121 4251 3174 4296 te
3214 4257 3402 4302 amare
3445 4252 3536 4321 qui

1939 4319 2111 4374 durus
2137 4330 2241 4377 est.
2271 4321 2399 4378 Sive
2437 4323 2744 4396 Babylonii,
2776 4330 2871 4400 qui
2899 4332 2969 4384 ah
2989 4331 3260 4404 Aquilone
3286 4319 3536 4412 veniunt,

1937 4423 2180 4486 suntque
2203 4415 2406 4473 teri-um
2431 4417 2810 4493 durissimum,
2843 4426 2971 4482 huic
3013 4433 3218 4500 p0pulo
3247 4435 3456 4494 duriori
3483 4450 3537 4497 et

1939 4508 1994 4564 in
2026 4513 2152 4566 anis
2181 4510 2602 4570 similitudinem
2639 4515 2926 4582 indomito,
2967 4537 3074 4576 non
3109 4535 3367 4594 poterunt
3401 4535 3540 4590 ami-

1939 4605 2064 4661 citia
2103 4606 2372 4676 copulari.
2431 4607 2562 4665 Sive
2619 4608 2825 4665 ferrum
2882 4613 3261 4686 durissimum,
3299 4623 3400 4681 ltuc
3428 4639 3535 4698 est,

225 4680 417 4767 bonum
441 4725 459 4765 :
487 4709 533 4764 si
559 4725 659 4762 non
686 4688 888 4762 occurri
916 4704 1040 4778 [AL
1081 4702 1348 4776 occurrit]
1379 4703 1469 4756 tibi
1516 4703 1572 4757 in
1604 4713 1834 4774 tempore
1861 4680 1914 4742 Ῑ)
1942 4701 2176 4771 populus
2219 4701 2385 4757 lsrael
2419 4703 2511 4757 Dei
2540 4705 2854 4772 cognitione
2897 4708 3149 4782 indignus
3194 4731 3311 4787 est,
3360 4724 3449 4791 qui
3482 4680 3535 4780 iri

226 4804 559 4877 afflirtionis.
585 4812 630 4855 et
656 4801 708 4855 in
737 4811 964 4873 tempore
998 4797 1355 4853 tribulationis
1380 4809 1428 4852 et
1463 4797 1719 4872 angustia:
1753 4796 1836 4870 [A

225 4898 385 4969 Vulg.
421 4898 582 4952 abest
608 4902 653 4949 et
677 4890 970 4964 aagustt'tc]
1000 4890 1249 4945 adversus
1275 4891 1566 4944 inimicum.
1600 4889 1838 4944 Possunt

228 4993 347 5049 haec
367 5001 423 5048 et
443 5007 507 5044 ex
535 5003 767 5060 perSona
794 4987 1052 5042 .leremia:
1082 4985 1280 5054 accipi,
1303 4985 1395 5056 qui
1428 4983 1669 5054 pessimo
1695 4992 1836 5038 tem-

227 5105 381 5162 pore,
409 5098 463 5143 et
491 5086 600 5156 jam
627 5083 953 5138 intminentc
975 5079 1293 5150 captivitate
1322 5078 1656 5151 prophetare
1678 5092 1829 5133 com-

230 5185 426 5258 pulsus
465 5193 571 5244 est,
605 5188 660 5234 et
683 5179 818 5233 dura
854 5177 1064 5246 perpeti
1098 5190 1127 5229 a
1163 5175 1368 5246 popqu
1401 5191 1507 5229 non
1548 5173 1832 5229 credente.

227 5280 315 5337 Ad
337 5278 418 5348 id,
441 5280 590 5349 quod
618 5288 782 5345 supra
805 5272 1022 5328 ιιιιυτιιι
1052 5287 1069 5327 :
1099 5269 1193 5324 Va:
1213 5270 1365 5336 mihi,
1399 5268 1679 5340 mater.!_ut
1708 5267 1835 5337 quid

303 5435 330 5465 ιι
361 5423 494 5480 Mss.
533 5429 583 5476 et
619 5419 875 5474 Babamts
915 5433 1042 5474 cum
1071 5425 1116 5471 et
1144 5415 1362 5486 copula,
1405 5412 1830 5469 resurrectionis-

227 5515 327 5572 que
356 5509 488 5572 sum,
521 5492 916 5572 etsubslontite.
1441 5557 1476 5572 υ
1593 5556 1626 5572 ν

301 5570 328 5609 b
367 5565 516 5622 Jare.
544 5563 661 5618 Non
694 5565 909 5631 legebat
939 5563 1309 5634 Hieronymus
1331 5557 1566 5634 mediam
1593 5556 1834 5634 litteram

225 5655 250 5703 π
283 5641 422 5704 Van,
455 5637 570 5691 sive
601 5629 818 5696 ltollem,
853 5636 904 5689 in
958 5635 1057 5690 hac
1085 5629 1218 5689 vo'ce
1267 5632 1522 5704 l‘lehriea,
1564 5639 1642 5704 ttt_
1666 5629 1841 5704 marti-

227 5699 434 5769 festum
470 5705 629 5762 ιιηὺὶη.
660 5715 747 5761 est
772 5722 838 5760 cx
867 5709 1112 5762 omnium
1145 5719 1277 5759 mss.
1297 5703 1547 5758 eod.cum
1574 5699 1680 5754 ﬁde
1706 5715 1721 5765 ;
1755 5699 1838 5754 le-

268 5798 365 5869 lln’l
391 5779 566 5866 .enim
614 5775 762 5841 Jare,
805 5791 912 5832 nou
942 5777 1113 5863 ,ἔαρ-θα
1156 5777 1310 5869 juxta
1354 5773 1680 5830 hodiernam
1736 5769 1842 5826 ﬂe-

272 5847 408 5912 ηιίρῑ
437 5860 736 5908 contextus
786 5851 1219 5916 punctationem.
1264 5847 1534 5904 Murum.

231 5958 303 5970 —
333 5924 541 5985 Scribit
595 5913 849 5994 Martian.
888 5930 1004 5987 νει-ν
1050 5937 1174 5978 cum
1235 5918 1385 5988 Van,
1419 5931 1581 5988 quam
1624 5913 1844 5971 hodier-

561 6013 838 6076 Ριτιιοι.
888 6014 1124 6078 XXIV.

1941 4801 2144 4849 tanaim
2192 4795 2442 4863 pervenit
2490 4796 2775 4866 malitiam,
2807 4811 2863 4854 ut
2894 4800 3102 4861 duriori
3152 4813 3375 4868 metallo
3425 4832 3536 4874 tere

1941 4885 2314 4940 circumdatus
2342 4885 2435 4941 sit.

2011 4976 2198 5053 (Vers.
2222 4979 2310 5042 l3,
2335 4976 2674 5052 M.)Divitias
2697 4991 2814 5040 tuas
2835 4998 2882 5042 et
2901 4987 3172 5049 thesauros
3190 5004 3302 5052 tuos
3324 4999 3378 5054 in
3399 5002 3539 5060 dire-

1941 5071 2169 5144 ptionem
2208 5069 2363 5138 dabo,
2386 5073 2550 5145 gratis
2586 5072 2724 5145 (sive
2763 5077 2952 5148 absque
2988 5085 3180 5158 pretio)
3220 5089 3538 5154 inmunibus

1942 5164 2167 5231 peccatis
2198 5163 2300 5216 tuis
2326 5175 2373 5218 et
2413 5164 2467 5218 in
2499 5167 2695 5221 cunctis
2740 5173 2969 5227 terminis
3006 5178 3128 5231 tuis.
3162 5177 3231 5232 Et
3279 5185 3537 5245 dducam

1942 5257 2183 5312 inimicos
2214 5267 2328 5311 tuos
2353 5257 2494 5331 (sive
2534 5262 2724 5316 servire
2769 5274 2818 5318 te
2857 5267 3046 5335 faciam
3077 5270 3240 5325 inimit
3254 5275 3299 5329 is
3325 5281 3450 5352 luis)
3473 5284 3536 5340 de

1934 5425 2062 5467 nam
2079 5405 2336 5482 lleliraici
2357 5411 2646 5482 contentus
2662 5405 3066 5482 punctationem
3087 5423 3155 5482 ne
3182 5411 3295 5479 ipse
3316 5417 3532 5482 quidem

1937 5484 1993 5555 in
2027 5479 2170 5535 notis
2203 5477 2412 5555 prohat.
2447 5475 2586 5555 Quid
2613 5477 2756 5555 quod
2785 5478 3128 5555 ipsumquod
3155 5475 3398 5555 accusat,
3431 5475 3537 5551 lie:

1937 5554 2144 5610 brutum
2174 5549 2455 5618 exemplar
2484 5548 2601 5602 sine
2626 5547 2737 5602 Vau
2790 5548 2922 5618 legit
2943 5550 3111 5612 min?
3385 5547 3396 5555 '
3481 5573 3486 5578 .

2017 5635 2040 5664 c
2073 5624 2293 5694 Scilicet
2313 5616 2364 5694 si
2387 5619 2524 5674 hor.
2549 5620 2764 5694 legeris.
2807 5616 3079 5694 caeterum
3112 5623 3216 5680 hoc
3242 5642 3350 5685 uno
3382 5633 3540 5694 ablu-

1941 5696 2079 5753 dunt
2112 5689 2870 5768 LXXa'i‘heodotione,quod
2916 5691 2991 5744 illi
3025 5695 3072 5748 si
3093 5689 3539 5768 γνωσθήσεται.ἶί

1941 5776 2299 5848 ερθηρεσςιιιτ,
2317 5764 2403 5818 hic
2415 5752 2761 5848 sicoguoscet
2783 5752 3192 5832 interpretet'ur.
3209 5752 3540 5848 causai};

1945 5835 2072 5896 dam
2096 5835 2321 5894 inferius
2347 5835 2704 5902 castigantur.
3242 5865 3245 5868 .

3019 6005 3097 6068 25

4063 3067 4065 3130 l

4063 3251 4065 3296 l
