3846 6974
425 350 531 416 779

1689 342 1753 400 3.
1793 339 2061 403 EUSEBII
2102 338 2483 401 HlERONYMl

3570 345 3652 406 780

426 485 586 537 terra,
630 484 789 543 quam
825 464 993 522 nescis
1016 479 1035 520 :
1055 463 1178 537 quia
1223 461 1358 535 ignis
1390 475 1638 516 accensus
1675 467 1747 515 est
1772 460 1827 514 in
1849 466 2027 531 furore
2053 464 2105 526 Α
2133 457 2250 530 10),
2273 456 2400 512 dum
2435 466 2487 513 te
2521 455 2685 511 timeo
2705 494 2721 523 ,
2748 434 2877 511 dum
2910 452 3304 524 impendentem
3330 457 3447 514 mibi
3474 422 3650 519 manuni

426 581 544 620 nteo
567 580 585 620 :
609 577 767 634 super
790 576 879 614 vos
901 556 1125 612 ardebit.
1156 552 1411 622 Omnem,
1434 550 1630 624 inquit,
1653 550 2021 607 substantiam

428 672 577 719 tuam
615 656 826 714 tradam
863 646 1102 711 inimicis
1131 649 1238 707 tuis
1271 644 1481 721 absque
1511 647 1623 704 ullo
1654 645 1852 720 pretio,
1902 659 2027 717 pro-

430 763 553 827 pter
575 759 816 824 peccata,
865 763 987 820 qua:
1028 744 1205 803 fecisti
1259 744 1312 801 in
1364 744 1579 801 cunctis
1616 741 1866 798 terminis
1889 740 2024 808 tuis.

423 848 724 917 Propterea
746 834 1013 901 adducam
1048 838 1300 897 inimicas
1318 849 1462 906 tuos,
1488 838 1604 895 sive
1626 837 1842 893 servire
1864 844 1915 892 te
1952 834 2029 890 fa-

430 943 572 1000 ciam
597 938 652 996 in
687 950 832 997 terra
862 934 1117 993 Chaldasa
1153 952 1167 989 :
1197 936 1324 1006 quia
1349 933 1490 1005 ignis
1517 947 1705 998 meus,
1737 929 1827 1001 qui
1859 926 2032 985 semel

424 1038 482 1093 in
508 1049 629 1091 meo
661 1034 845 1089 lurore
874 1043 1171 1087 succensus
1199 1036 1304 1096 est,
1326 1027 1379 1082 in
1404 1036 1460 1083 te
1481 1024 1718 1092 ardebit,
1736 1032 1791 1081 et
1821 1021 2034 1078 exstin-

430 1128 520 1201 gui
551 1140 656 1182 non
688 1124 910 1198 poterit.
944 1120 1026 1179 'l‘u
1063 1122 1210 1179 enim
1244 1118 1531 1193 prtebuisti
1559 1116 1844 1173 materiam
1874 1114 2034 1172 ardo-

430 1219 510 1277 ris
539 1220 639 1289 tui,
673 1226 733 1275 ut
762 1231 917 1273 meus
946 1213 1091 1287 ignis
1112 1223 1226 1283 tua,
1253 1228 1376 1285 qua:
1400 1213 1453 1267 in
1478 1222 1530 1267 te
1553 1220 1704 1277 sunt,
1729 1208 1875 1280 ligna
1905 1222 2039 1264 cnn-

430 1322 634 1383 sumat,
669 1320 725 1368 et
754 1310 938 1367 fenum
959 1352 974 1376 ,
1007 1318 1063 1365 et
1093 1308 1356 1379 stipulam
1383 1323 1399 1374 ;
1432 1321 1495 1361 ac
1536 1320 1635 1376 per
1680 1304 1783 1359 hnc
1813 1317 1922 1357 non
1954 1308 2041 1358 est

432 1420 597 1464 causa
626 1398 842 1460 ardoris
871 1402 925 1458 in
951 1398 1211 1469 Domino,
1244 1396 1342 1456 sed
1365 1399 1419 1454 in
1454 1397 1539 1453 bis
1565 1397 1655 1468 qui
1686 1394 1926 1451 lomenta
1958 1393 2043 1448 in-

433 1499 635 1558 cendio
655 1495 1069 1554 ministrarunt.

407 1620 409 1625 τ
448 1664 454 1671 ⁸
511 1591 705 1666 (Vers.
732 1584 821 1657 15,
857 1580 983 1661 16.)
1009 1584 1087 1642 Tu
1107 1587 1230 1654 scis,
1253 1580 1501 1652 Domine,
1525 1583 1802 1641 recordare
1834 1584 1953 1651 mei,
1993 1591 2043 1638 et

436 1682 589 1741 visita
608 1700 711 1749 me,
733 1689 780 1738 et
804 1691 947 1737 tuere
969 1697 1049 1735 me
1069 1681 1133 1735 ab
1156 1674 1255 1743 his,
1288 1678 1378 1751 qui
1398 1687 1772 1751 persequuntur
1794 1694 1891 1732 me.
1918 1674 2048 1732 Noli

432 1779 488 1834 in
532 1774 785 1851 patientia
830 1786 920 1829 tua
959 1774 1220 1845 suscipere
1256 1790 1358 1840 me,
1388 1774 1519 1827 scito
1539 1772 1791 1844 quoniam
1819 1769 2048 1827 sustinui

2129 558 2275 608 tuam
2303 564 2522 621 semper
2547 557 2827 620 exspecto.
2856 547 2914 605 in
2940 549 3172 607 concilio
3201 550 3474 610 ludentium
3499 559 3655 615 sedere

2126 645 2278 702 nolui
2301 687 2315 711 ,
2346 645 2440 701 sed
2473 660 2650 701 meam
2693 644 3114 701 amaritudinem
3159 645 3463 705 devorabam
3487 692 3500 717 ,
3523 665 3581 724 ,ιιι
3606 654 3650 710 in

2128 740 2308 794 futuro
2331 737 2466 794 mihi
2495 737 2751 811 gaudium
2781 754 3166 811 praepararem.
3197 740 3305 798 Nec
3332 742 3477 798 habui
3518 743 3655 803 inter-

2129 835 2268 892 valla
2295 835 2504 891 doloris
2544 834 2683 902 mei,
2709 833 2804 891 sed
2835 832 2947 906 iugi
3000 835 3219 892 miseria
3250 835 3585 909 deprimebat,
3611 851 3657 898 ut

2134 930 2278 987 nulla
2301 938 2683 1001 exspectarem
2731 928 2996 985 remedia.
3046 928 3660 1004 Prmralueruntenimqoi

2132 1023 2531 1081 contristabant
2558 1037 2677 1090 me,
2721 1030 2781 1079 et
2810 1021 2951 1079 facta
2979 1033 3064 1079 εει
3094 1022 3244 1094 plaga
3275 1040 3384 1081 mea
3408 1025 3556 1083 tortis.
3581 1028 3661 1086 Sed

2135 1116 2189 1173 in
2241 1115 2345 1171 hoc
2402 1114 2569 1171 habui
2626 1114 3106 1185 consolationem,
3173 1116 3310 1191 quod
3360 1116 3506 1174 fuerit
3548 1122 3664 1193 quasi

2135 1225 2274 1282 aqua
2310 1207 2543 1264 mendax
2567 1249 2581 1275 ,
2634 1216 2797 1281 atque
2842 1209 3186 1281 prmteriens.
3217 1209 3363 1266 Sicut
3385 1214 3511 1267 enim
3550 1229 3665 1285 aqua

2139 1311 2541 1375 praetereuntes
2569 1300 2697 1357 dum
2736 1296 2944 1368 ﬂuunt,
2990 1301 3243 1359 videntur
3280 1312 3335 1358 et
3363 1302 3663 1361 dilabuntur:

2138 1396 2218 1454 sic
2234 1405 2288 1452 et
2315 1396 2495 1452 omnis
2518 1394 2756 1464 impetus
2779 1394 3122 1452 inimicorum
3144 1439 3160 1465 ,
3187 1404 3237 1452 te
3257 1395 3543 1467 adiuvante,
3563 1414 3669 1470 prmo

2142 1490 2308 1546 teriit.
2337 1484 2560 1547 Utinam
2596 1488 2858 1545 Dominus
2889 1499 3113 1560 praestet
3143 1498 3197 1547 et
3223 1489 3374 1547 nobis
3406 1506 3499 1546 non
3523 1491 3670 1548 sedere

2145 1586 2198 1642 in
2235 1581 2472 1639 concilio
2503 1581 2806 1640 ludentium
2830 1627 2848 1655 ,
2882 1590 2941 1639 et
2967 1598 3158 1640 eorum
3190 1583 3281 1656 qui
3305 1583 3465 1641 futura
3490 1602 3577 1641 non
3601 1601 3672 1643 (ο-

2144 1678 2315 1751 gitant
2339 1695 2352 1733 :
2379 1692 2481 1735 nec
2508 1677 2752 1733 adversis
2782 1679 2978 1734 cedere
3003 1676 3113 1751 (Al.
3146 1676 3437 1753 recedere],
3463 1678 3544 1735 sed
3567 1695 3673 1735 sem-

2148 1786 2245 1841 per
2276 1771 2373 1827 Dei
2404 1770 2739 1827 sententiam
2772 1770 3102 1837 formidare,
3132 1779 3188 1827 ct
3218 1770 3395 1828 dicere
3434 1787 3537 1829 cum
3574 1772 3674 1827 Prn-

433 1888 527 1945 pro
548 1880 596 1926 te
618 1866 974 1944 approbrium.
998 1866 1204 1922 Inventi
1226 1874 1346 1920 sunt
1366 1881 1627 1920 sermones
1656 1865 1755 1930 tui,
1779 1872 1825 1917 et
1846 1862 2046 1918 comedi
2076 1859 2125 1929 Β
2152 1866 2316 1937 pheta
2340 1885 2353 1920 ;
2381 1864 2541 1923 Solus
2568 1864 2811 1922 sedebant
2837 1867 2993 1938 :quia
3014 1865 3555 1940 antaritudinereptetus
3573 1881 3673 1920 sunt.

431 1976 519 2021 eos
542 1962 697 2037 (sive
718 1962 781 2018 ab
801 1962 902 2028 his,
926 1958 1014 2035 qui
1036 1960 1319 2034 reprobant
1345 1969 1605 2015 sermones
1628 1967 1740 2014 tuos
1759 1999 1777 2025 ,
1801 1974 2045 2013 consume

434 2074 520 2115 eos
540 2056 581 2131 ).
615 2052 684 2112 Et
708 2062 905 2129 factum
925 2065 999 2111 est
1026 2050 1156 2110 mihi
1178 2054 1342 2127 (sive
1363 2048 1461 2108 erit
1482 2050 1645 2122 mihi)
1668 2050 1875 2107 verbum
1901 2059 2046 2105 tuum

435 2152 493 2208 in
530 2152 785 2223 gaudium
808 2154 857 2205 el
884 2148 1120 2205 ltetitiam
1140 2148 1312 2203 cordis
1330 2146 1449 2217 mei,
1479 2146 1727 2218 quoniam
1754 2146 2049 2200 invocatum

433 2252 512 2301 est
550 2259 737 2299 nomen
769 2250 916 2298 tuum
932 2258 1088 2314 super
1112 2257 1213 2308 me,
1250 2237 1508 2295 Dominus
1537 2236 1677 2294 Deus
1696 2238 2043 2295 exercituum.

436 2334 552 2393 Hoc
595 2334 738 2407 quod
788 2330 1047 2400 diximus,
1083 2330 1312 2399 Tuscis,
1359 2332 1412 2387 in
1442 2329 1588 2387 LXX
1642 2347 1748 2386 non
1793 2329 2043 2386 habetur.

434 2430 589 2488 Felix
614 2440 699 2486 est
720 2437 905 2485 autem
934 2424 1027 2483 illa
1059 2425 1399 2484 conscientia
1419 2466 1435 2493 ,
1461 2440 1580 2497 qua:
1610 2440 1710 2497 pro
1735 2420 1848 2480 Deo
1877 2422 2047 2479 susti-

434 2533 528 2581 net
555 2521 941 2595 opprobrium.
985 2517 1146 2577 Unde
1174 2518 1309 2575 dicit
1343 2538 1358 2575 :
1403 2514 1616 2574 Inventi
1638 2521 1762 2574 sun‘t
1789 2533 2050 2574 sermones

434 2616 534 2683 tui,
563 2629 702 2686 quos
731 2629 857 2670 meo
876 2629 972 2670 ore
988 2610 1327 2685 loquebaris.
1355 2603 1423 2666 Et
1443 2610 1645 2665 comedi
1668 2626 1778 2678 eos,
1807 2604 1911 2665 boc
1940 2617 2046 2677 est,

434 2708 489 2765 in
521 2710 703 2765 cibum
737 2706 871 2763 mihi
898 2706 1046 2763 versi
1078 2714 1242 2774 sunt;
1277 2704 1394 2761 sive
1415 2702 1567 2776 juxta
1599 2702 1994 2778 Symmachum
2032 2720 2046 2758 :

434 2799 800 2873 Suscipiebam
840 2814 947 2867 eos,
992 2808 1050 2854 ut
1083 2798 1214 2853 mihi
1268 2798 1323 2852 in
1372 2794 1622 2852 la-titiam
1670 2804 2048 2868 verterentur,

433 2895 526 2967 qui
556 2893 760 2950 dudum
793 2891 1014 2950 fuerant
1045 2894 1098 2948 in
1127 2891 1505 2964 opprobrium.
1555 2889 1708 2947 Unde
1734 2901 1787 2945 et
1819 2890 2051 2965 Babylo-

435 2989 510 3047 nii
560 2984 892 3047 conﬁtentur
921 2988 1172 3060 impleta,
1203 3003 1326 3060 qua:
1371 2984 1642 3042 Jeremias
1684 2985 1864 3041 futura
1910 3001 2049 3056 prae.

433 3083 651 3139 dixerat
697 3101 711 3138 :
764 3082 896 3140 Sive
945 3080 1034 3137 hic
1074 3094 1273 3138 sensus
1321 3089 1407 3137 est
1461 3098 1474 3133 :
1517 3078 1678 3135 Sensi
1720 3079 2048 3151 angustias:

440 3175 692 3232 mi~erias
757 3175 954 3246 pertuli
1008 3174 1193 3245 μορυιί
1245 3173 1657 3244 persequentis;
1705 3173 1802 3229 sed
1865 3181 2053 3228 tamen

2148 1959 2395 2016 Gaudeat
2445 1959 2610 2031 igitur
2658 1959 2714 2014 in
2772 1959 3030 2029 praesenti
3077 1968 3354 2031 tempore,
3405 1974 3675 2030 nequaquam

2148 2052 2440 2110 consilium
2491 2050 2859 2124 sapientium,
2896 2053 2993 2107 sed
3046 2068 3310 2109 arcanum
3362 2064 3676 2123 secretumque

2149 2146 2488 2213 ludentium;
2544 2145 2676 2202 mihi
2708 2144 2994 2204 adhaerere
3026 2146 3139 2204 Deo
3171 2147 3364 2203 bonum
3393 2146 3488 2213 sit,
3523 2160 3679 2217 ponere

2152 2238 2209 2295 in
2235 2240 2349 2296 Deo
2383 2254 2533 2309 spem
2567 2254 2783 2304 meam,
2813 2239 3043 2293 saturari
3072 2239 3377 2310 opprobriis
3399 2280 3415 2305 ,
3456 2246 3503 2294 et
3520 2236 3675 2308 judicis

2154 2332 2262 2388 mei
2313 2340 2637 2403 exspectare
2676 2331 3007 2388 sententiam
3040 2349 3055 2387 :
3096 2349 3219 2405 qua:
3264 2348 3382 2389 cum
3419 2331 3524 2387 linis
3560 2329 3682 2386 adve-

2155 2426 2295 2484 nerit
2317 2468 2333 2494 ,
2363 2426 2532 2500 950
2558 2425 2586 2464 ιδ
2614 2441 2779 2499 opere
2795 2426 3130 2484 monstrabit
3157 2441 3368 2482 omnem
3397 2424 3623 2482 tristitiam
3641 2428 3681 2477 et

2152 2521 2577 2581 amaritudinem
2621 2521 2794 2579 instar
2822 2536 3086 2594 aquarum
3143 2521 3420 2578 ﬂuentium
3469 2531 3682 2592 pertrans-

2156 2618 2310 2674 iisse.

2222 2709 2399 2781 (Vers.
2426 2709 2492 2767 19
2518 2707 2934 2782 seqq.)Propter
2960 2708 3059 2763 hoc
3086 2707 3201 2763 haec
3219 2706 3338 2760 dicit
3361 2703 3579 2760 Dominus
3601 2719 3617 2758 :
3639 2700 3683 2757 Si

2155 2803 2484 2869 converteris,
2517 2812 2811 2861 convertam
2842 2811 2891 2859 te
2920 2810 3006 2857 :et
3027 2811 3148 2857 ante
3175 2801 3358 2870 [aciem
3381 2814 3525 2855 meant
3548 2795 3679 2851 stabis.

2154 2884 2223 2951 Et
2251 2899 2294 2953 si
2325 2895 2644 2970 separaveris
2671 2896 2957 2968 pretiosum
2982 2913 3015 2950 a
3035 2893 3147 2963 vili,
3179 2895 3330 2968 quasi
3359 2911 3413 2950 os
3438 2908 3574 2947 meum
3595 2888 3681 2942 eris.

2157 2985 2531 3043 Conuertentur
2558 2986 2660 3060 ipsi
2690 2987 2757 3041 ad
2781 2995 2863 3055 te,
2897 2997 2945 3042 et
2975 2998 3028 3041 tu
3061 3004 3172 3043 non
3219 2987 3506 3042 converteris
3528 2982 3585 3036 ad
3605 2995 3681 3034 eos.

2156 3075 2224 3136 Et
2252 3080 2385 3136 dabo
2415 3090 2462 3136 te
2493 3078 2690 3155 popqu
2714 3079 2839 3136 huic
2883 3082 2939 3135 in
2969 3098 3179 3137 murum
3226 3097 3418 3136 (eiscum
3450 3081 3633 3152 fortem;
3653 3081 3686 3127 rt

2158 3170 2421 3232 bellabunt
2449 3176 2717 3232 adversum
2746 3188 2823 3246 te,
2854 3186 2904 3232 et
2934 3196 3035 3235 non
3080 3177 3429 3251 prarvalebunt
3449 3220 3464 3247 ,
3503 3176 3600 3248 quia
3621 3186 3686 3244 ego

440 3268 663 3340 gavisus
693 3281 836 3335 sum,
878 3262 1046 3340 9&9
1080 3281 1169 3322 me
1212 3265 1315 3321 tuis
1346 3265 1596 3337 paruisse
1626 3263 1917 3335 prteceptis
1945 3279 1959 3316 :
1992 3272 2047 3320 et
2074 3262 2120 3326 G
2152 3279 2319 3326 tecum
2344 3286 2461 3325 sum
2487 3312 2500 3335 ,
2530 3278 2587 3325 ut
2616 3271 2818 3325 salvum
2842 3282 2891 3328 te
2918 3266 3114 3342 faciant
3141 3288 3161 3328 :
3187 3281 3239 3328 et
3267 3288 3462 3338 eruam,
3488 3268 3588 3322 dicit
3613 3261 3690 3317 Do-

444 3372 670 3438 propter
702 3372 901 3417 nomen
928 3369 1090 3415 tuum
1113 3360 1247 3414 dura
1292 3373 1590 3429 perpessus
1619 3372 1764 3413 sum.

517 3455 700 3529 (Vers.
734 3450 824 3520 17,
861 3444 976 3525 18.)
1011 3448 1135 3506 Non
1160 3450 1270 3506 sedi
1297 3454 1352 3505 in
1382 3449 1607 3505 concilio
1634 3448 1925 3504 ludentium
1954 3489 1970 3516 ,
2003 3456 2054 3503 et

446 3548 697 3622 gloriatus
716 3544 985 3616 sunt(slve
1028 3541 1342 3614 metuebam)
1365 3559 1397 3596 a
1423 3542 1556 3611 [acie
1592 3558 1774 3597 manus
1801 3549 1903 3596 tua:
1927 3557 1943 3598 :
1969 3556 2055 3595 so-

447 3643 530 3699 lus
576 3638 852 3708 sedebant,
904 3640 1150 3711 quoniam
1179 3635 1532 3693 amaritudine
1557 3633 1742 3711 [Vulg.
1770 3635 2056 3691 commina-

446 3737 607 3812 tione]
632 3735 843 3809 replesti
875 3752 974 3791 me.
1007 3732 1181 3801 Quare
1203 3738 1372 3806 {actus
1408 3742 1483 3787 est
1509 3732 1660 3787 dolor
1689 3748 1830 3786 meus
1873 3748 2056 3805 perpe-

450 3844 570 3889 tuus
604 3833 747 3903 (sive
772 3842 934 3903 quare
963 3829 1052 3897 qui
1096 3827 1407 3882 contristanl
1442 3843 1555 3895 me,
1593 3823 1980 3897 conformatur)
2009 3834 2056 3879 et

450 3920 610 4001 plaga
646 3940 760 3980 mea
796 3922 1135 3997 desperabilis
1164 3922 1337 3977 renuit
1370 3920 1544 3976 curari
1586 3921 1728 3991 (sive
1752 3922 1912 3993 plaga
1945 3936 2060 3976 mea

449 4024 600 4096 [ortis
621 4064 637 4091 ,
662 4021 799 4077 unde
828 4018 1107 4090 curabor)?
1128 4015 1295 4072 Facta
1313 4026 1386 4071 est
1406 4014 1531 4071 mihi
1559 4016 1711 4089 quasi
1733 4014 2057 4091 mendacium

451 4134 713 4192 aquarum
735 4114 1028 4187 inﬁdelium
1052 4112 1195 4182 (sive
1223 4113 1375 4186 quasi
1404 4129 1540 4184 aqua
1572 4110 1798 4168 mendas:
1828 4126 1931 4165 non
1962 4107 2060 4164 Ita-

452 4212 576 4268 bans
607 4207 813 4283 ﬁdem).
844 4208 977 4264 Ha-c
1010 4202 1225 4262 Hebrmi
1251 4222 1320 4262 ex
1355 4220 1589 4275 persona
1619 4202 1924 4260 Jerusalem
1951 4201 2062 4258 diei

450 4304 827 4361 arbitrantur:
861 4299 1009 4373 quod
1054 4301 1169 4355 sola
1202 4298 1440 4368 sederit,
1484 4307 1538 4355 et
1569 4296 1932 4352 amaritudine
1976 4311 2062 4352 re-

459 4401 609 4472 pleta
638 4399 744 4466 sit,
774 4408 828 4452 et
860 4395 1034 4451 factus
1059 4396 1130 4451 sit
1149 4393 1310 4450 dolor
1331 4394 1454 4464 ejus
1481 4401 1814 4464 perpetuus;
1849 4401 1904 4446 ct
1929 4406 2065 4462 quo-

457 4490 623 4550 modo
650 4504 805 4561 aqua).
847 4497 1268 4561 pertranseunt,
1319 4486 1397 4541 sic
1438 4486 1598 4544 verba
1628 4480 2060 4557 Pmphetarum,

459 4587 657 4658 quibus
689 4582 793 4640 sibi
820 4596 1081 4654 prospera
1109 4578 1531 4652 pollicebantur,
1550 4579 1822 4635 transisse
1842 4578 2067 4635 menda-

2154 3364 2344 3417 minus.
2381 3359 2446 3416 Et
2471 3362 2700 3417 liberabo
2742 3362 2853 3437 [AL
2887 3360 3128 3439 liberem]
3161 3373 3210 3419 te
3235 3365 3299 3419 de
3325 3378 3467 3417 manu
3489 3357 3679 3434 pessim-

2154 3473 2293 3523 rum,
2326 3466 2373 3511 et
2406 3455 2659 3510 redimam
2692 3468 2739 3513 te
2783 3456 2847 3512 de
2895 3474 3052 3513 manu
3080 3459 3301 3530 fortium
3345 3455 3471 3526 (sive
3507 3449 3690 3525 pestilen-

2156 3548 2329 3622 tium).
2372 3549 2721 3609 Manifestum
2759 3560 2841 3607 est
2885 3552 3030 3623 quod
3073 3553 3364 3623 superiora
3407 3558 3684 3619 nequaquam

2154 3641 2479 3708 Jerusalem,
2514 3643 2607 3698 sed
2638 3641 2916 3714 Propheta
2947 3643 3169 3700 dixerit.
3206 3642 3304 3702 Cui
3331 3639 3579 3714 respondit
3611 3636 3689 3692 Do-

2157 3736 2372 3803 minus,
2395 3736 2439 3791 si
2465 3739 2805 3793 convcrteris
2831 3754 2860 3791 a
2891 3739 3131 3808 peccatis
3160 3740 3416 3810 papulum
3441 3780 3453 3805 ,
3477 3746 3523 3790 et
3539 3747 3618 3803 ego
3636 3730 3688 3785 de

2163 3828 2515 3887 tribulatione
2534 3840 2853 3888 convertam
2898 3841 2949 3889 te
2975 3834 3026 3888 in
3054 3833 3336 3902 laetitiam,
3367 3844 3418 3891 et
3435 3829 3579 3890 stabis
3601 3834 3695 3882 ante

2160 3924 2359 3983 faciem
2388 3940 2597 3997 meam,
2623 3925 2767 3985 sicut
2801 3924 2997 4001 Angeli
3038 3937 3189 3985 stant
3210 3928 3267 3984 in
3292 3937 3561 3999 conspectu
3594 3921 3693 3982 Dei.

2161 4019 2410 4092 quotidie
2465 4020 2719 4079 videntes
2790 4019 2988 4081 faciem
3030 4022 3200 4079 illius.
3238 4020 3306 4079 Et
3354 4022 3397 4079 si
3438 4014 3693 4093 mammis

2166 4116 2449 4184 pretiomm
2474 4133 2506 4170 a
2552 4115 2666 4184 vili,
2696 4116 2847 4189 quasi
2876 4133 2933 4173 os
2959 4133 3127 4175 meum
3154 4119 3284 4173 eris.
3326 4116 3403 4173 Ne
3447 4121 3616 4187 putes,
3640 4108 3698 4162 ind

2164 4211 2319 4287 quit,
2375 4209 2503 4267 boni
2540 4211 2728 4281 operis
2759 4225 2868 4267 non
2896 4224 3022 4268 esse
3068 4211 3384 4267 mercedem
3421 4227 3433 4263 ε
3463 4208 3504 4264 si
3532 4210 3698 4261 sanctos

2163 4324 2412 4382 quisque
2439 4320 2592 4363 meos
2616 4304 2685 4360 de
2719 4320 2948 4361 numero
2974 4306 3321 4375 peccantium
3374 4304 3473 4360 tuis
3496 4292 3701 4357 sermoni-

2164 4403 2269 4462 bus
2293 4399 2618 4476 segregaris,
2647 4397 2758 4454 eris
2780 4399 2935 4470 quasi
2958 4413 3024 4454 os
3046 4413 3231 4454 meum
3252 4438 3269 4466 ,
3302 4406 3357 4454 et
3375 4395 3500 4453 meis
3522 4404 3702 4465 pracep

2169 4495 2238 4551 tis
2269 4492 2639 4565 ecpulaberis.
2665 4489 2880 4546 Debent
2905 4490 3054 4548 enim
3080 4490 3156 4546 illi
3185 4492 3262 4547 tui
3292 4491 3572 4547 imitatores
3595 4496 3699 4543 esse,

2169 4597 2227 4647 et
2253 4605 2358 4644 non
2385 4598 2440 4644 tu
2484 4601 2696 4643 eorum.
2726 4584 2837 4641 Nec
2891 4585 3256 4652 reformides,
3286 4597 3340 4642 et
3369 4584 3513 4642 dicas
3538 4602 3549 4637 :
3579 4578 3705 4647 Quart

457 4679 618 4736 citcr.
650 4674 849 4734 Melius
877 4684 1060 4732 autem
1085 4717 1099 4741 ,
1133 4683 1191 4731 ut
1219 4689 1289 4731 ex
1329 4687 1564 4745 persOna
1616 4668 1908 4743 PrOpheltn
1941 4670 2061 4729 inec
2086 4668 2143 4730 Β
2166 4688 2340 4755 [actus
2368 4689 2442 4736 est
2470 4678 2623 4734 dolor
2652 4696 2792 4735 mem
2820 4689 3102 4753 perpetuus
3128 4722 3143 4747 ,
3192 4690 3243 4736 et
3270 4680 3423 4752 plaga
3452 4693 3547 4731 mea
3572 4668 3701 4745 fortis.

458 4774 567 4833 dici
588 4773 942 4845 accipiamus,
962 4780 988 4810 ι
1007 4768 1360 4829 sermonibus
1379 4771 1553 4826 sancti
1578 4770 1706 4839 viri,
1730 4769 1821 4843 qui
1843 4785 1949 4826 non
1977 4785 2070 4828 se-

460 4868 603 4926 derit
636 4868 691 4923 in
720 4864 990 4933 concilio,
1022 4865 1140 4921 sive
1172 4874 1388 4921 secreto
1436 4863 1779 4932 ludentium,
1814 4863 1960 4937 quod
1995 4865 2066 4921 ti-

463 4964 665 5020 muerit
713 4959 1124 5032 impendentem
1156 4958 1260 5014 sibi
1296 4973 1516 5013 manum
1546 4957 1643 5013 Dei
1675 4975 1688 5012 :
1730 4957 1851 5015 sive
1896 4958 2069 5030 magis

460 5055 724 5128 gloriatus
752 5054 855 5119 sit,
885 5066 945 5108 se
992 5051 1263 5106 malorum
1311 5066 1420 5106 non
1464 5048 1668 5106 habere
1702 5052 2066 5108 consortium.

464 5148 658 5214 Solus,
686 5146 888 5217 inquit,
915 5145 1152 5199 sedebam
1178 5187 1190 5209 ,
1232 5144 1531 5200 secundum
1564 5142 1695 5201 illud
1725 5145 1867 5216 quod
1897 5145 2070 5215 scrip-

463 5249 577 5296 tum
627 5248 711 5295 cst
740 5256 753 5291 :
788 5237 1031 5292 Nonsedi
1058 5254 1171 5290 cum
1193 5234 1417 5291 concilio
1449 5238 1690 5292 uanitatis
1712 5279 1727 5303 ,
1757 5245 1805 5291 et
1831 5254 1944 5292 cum
1968 5238 2071 5291 ini-

464 5348 565 5404 qua
587 5332 881 5407 gerentibus
902 5346 1004 5383 non
1028 5327 1268 5383 introibo.
1297 5325 1450 5383 Οάὶυξ
1471 5328 2070 5399 Ecclesiammalignan-

464 5427 614 5491 tium,
647 5434 695 5479 et
734 5440 853 5478 cum
880 5422 1054 5494 impiis
1078 5439 1185 5476 non
1204 5420 1392 5476 sedebo
1424 5420 1596 5492 (Psal.
1628 5439 1756 5490 xxv,
1787 5422 1843 5484 4,
1888 5421 1969 5496 5).
2003 5425 2070 5480 Et

466 5518 519 5574 in
540 5518 663 5572 alio
684 5518 813 5571 loco
837 5557 853 5584 ,
886 5514 1315 5570 Solitarius'sum
1345 5530 1467 5587 ego,
1510 5515 1674 5570 donec
1690 5525 2065 5587 pertranseam.

464 5611 505 5665 Α
534 5610 688 5682 facie,
714 5608 919 5681 inquit,
952 5615 1136 5665 titanas
1150 5617 1280 5678 tute,
1308 5606 1451 5664 solus
1473 5608 1713 5665 sedebam
1745 5608 2065 5683 (Psal.cxr.,

532 5824 560 5853 οι
584 5811 825 5883 Clitore.
846 5808 1119 5878 etYatlc.,
1147 5811 1240 5865 sed
1261 5811 1580 5883 sermonibus
1591 5811 1761 5883 sancti
1771 5811 1870 5865 uiri
1886 5851 1903 5878 ,
1924 5813 2063 5883 quod

467 5901 571 5941 non
591 5926 607 5955 ,
640 5892 749 5939 etc.
775 5880 951 5938 Penes
981 5883 1201 5939 Haban.
1230 5882 1311 5938 uel
1337 5897 1404 5938 ex
1430 5882 1773 5951 sermonibus,
1806 5894 1915 5939 etc.

2171 4780 2288 4835 sive
2316 4777 2676 4850 desperabitis,
2702 4784 2762 4835 ut
2781 4793 2869 4836 me
2894 4777 3185 4851 desperem
3210 4793 3372 4849 posse
3399 4771 3576 4833 curari.
3597 4766 3706 4825 Dabo

2172 4872 2317 4929 enim
2351 4880 2405 4929 te
2437 4870 2593 4945 quasi
2625 4888 2840 4928 murum
2872 4887 3084 4928 aeneum
3117 4881 3284 4941 atque
3310 4869 3643 4928 fortissimum,
3667 4864 3706 4909 ul

2171 4975 2361 5022 comra
2416 4964 2789 5021 adversarium
2837 4965 2986 5020 omni
3033 4963 3266 5022 resistas
3315 4963 3533 5026 robore,
3576 4963 3706 5012 etme

2174 5057 2382 5116 habeas
2412 5060 2722 5132 adiutorem
2753 5070 2804 5117 et
2838 5060 3069 5117 liberem
3103 5069 3154 5116 te
3199 5060 3268 5116 de
3299 5075 3456 5116 manu
3484 5052 3705 5127 pessimo-

2176 5168 2335 5219 rum,
2377 5152 2496 5209 sive
2546 5153 2956 5223 pestilentium,
3009 5163 3063 5208 et
3119 5153 3384 5209 redimam
3409 5162 3488 5215 te,
3522 5145 3595 5202 vel
3620 5152 3708 5196 meo

2173 5245 2443 5315 sanguine
2465 5286 2479 5312 ,
2513 5245 2598 5301 vel
2630 5247 2683 5300 in
2716 5246 3132 5314 praesentiarum
3166 5263 3291 5304 meo
3321 5245 3536 5302 auxilio.
3563 5232 3709 5293 Consi-

2174 5337 2432 5393 daremus
2458 5350 2715 5411 quantam
2739 5340 3050 5397 mercedem
3082 5341 3287 5398 habeat
3306 5356 3482 5399 sermo
3499 5330 3709 5393 doctoris.

2172 5430 2221 5485 si
2246 5430 2482 5485 valuerit
2502 5432 2568 5486 ab
2590 5445 2778 5487 errore
2806 5434 3118 5503 quempiam
3164 5433 3401 5491 liberare
3421 5473 3436 5501 ,
3462 5441 3514 5487 et
3539 5429 3597 5483 de
3619 5434 3709 5492 Pw

2172 5523 2416 5581 cantium
2448 5538 2680 5579 numero
2718 5523 2976 5582 educere.

2241 5616 2404 5690 (δίψα
2438 5614 2581 5675 ΧἫ-
2604 5647 2675 5659 -
2705 5617 2862 5677 Vers.
2900 5620 2924 5679 1
2959 5621 3142 5695 seqq.)
3163 5621 3231 5678 Et
3246 5626 3441 5694 factum
3462 5628 3529 5675 est
3552 5611 3709 5672 verbm

2172 5813 2503 5944 i“alidum,
2531 5830 2778 5892 cperunt;
2799 5834 3034 5895 moxque
3060 5824 3352 5895 recessisse,
3372 5836 3470 5899 pro
3493 5826 3706 5890 pertrans-

2441 5938 3814 6584 κ-Δ
