4080 6326
259 349 362 406 781

767 344 1426 409 COMMENTARIORUM
1465 350 1530 407 IN
1572 349 1924 410 JEREMIAM
1963 349 2384 410 PIlOPlIETAM
2422 354 2552 412 LIB.
2595 352 2684 414 ΙΙΙ.
2724 357 2876 416 CAP.
2922 360 3062 417 XVI.

3405 317 3618 436 ,νεὶ

258 463 476 519 Domini
499 465 570 520 ad
593 482 695 534 me,
726 467 904 524 dicens
939 487 956 523 :
991 469 1119 524 Noli
1142 469 1378 540 accipere
1401 468 1583 542 [νοις.
1618 467 1741 522 Non
1774 484 1863 520 ac—
1889 470 1943 529 Α
1973 468 2220 539 ρι’ωεὶρίι
2240 514 2252 536 ,
2283 486 2406 526 eum
2442 471 2526 527 his
2558 475 2649 544 qui
2690 485 3014 531 aversentur
3039 477 3228 546 Deum,
3257 493 3359 534 nec
3382 479 3563 536 cibum

257 556 438 630 cipias]
468 575 720 626 uxorem,
753 570 800 616 et
830 577 932 614 non
963 561 1064 615 sint
1088 560 1270 634 [Vulgu
1299 561 1468 634 erunt]
1499 562 1590 616 tibi
1613 561 1710 629 ﬁlii
1731 572 1778 615 et
1797 561 1860 628 li-

257 647 344 702 lia:
373 650 427 702 in
457 648 573 704 loco
603 651 724 705 isfo.
760 651 896 720 Quia
935 652 1044 708 haec
1073 653 1199 706 dicit
1229 652 1502 716 Dominus,
1541 670 1693 725 super
1716 651 1858 722 ﬁlios

254 752 302 796 et
323 742 464 811 ﬁlias
491 761 608 810 quo:
635 756 952 816 generantur
991 748 1043 801 in
1073 748 1188 801 loco
1228 748 1327 802 isto
1347 790 1362 814 ,
1392 757 1442 802 et
1489 764 1644 820 super
1672 756 1859 801 matres

255 850 454 904 eorum,
486 854 603 908 quw
625 849 914 911 genuerunt
941 857 1026 895 eos
1046 883 1060 909 ,
1089 850 1136 895 et
1165 858 1320 912 super
1346 850 1519 913 patres
1549 858 1724 896 eorum
1751 883 1767 910 ,
1797 841 1860 896 de

254 944 471 998 quorum
498 929 662 1000 stirpe
691 932 799 986 nati
829 944 946 987 sunt
969 934 1020 987 in
1054 945 1192 988 terra
1212 933 1330 999 hac,
1364 933 1612 990 mortibus
1639 944 1857 1006 (egrota-

256 1022 451 1074 tionum
482 1021 595 1095 [.Xl.
619 1025 1006 1098 tegt'otuntiunt]
1029 1028 1313 1082 morientur
1342 1044 1360 1082 :
1391 1045 1494 1082 non
1527 1028 1853 1099 plangentur,

255 1123 302 1166 et
327 1131 433 1168 non
460 1117 793 1188 sepeliantur,
828 1120 878 1171 in
901 1119 1283 1194 sterquilinium
1309 1139 1466 1193 super
1493 1122 1678 1192 [aciem
1705 1133 1856 1176 terra:

254 1217 402 1261 erunt
429 1249 443 1274 ,
466 1220 512 1263 et
539 1209 719 1282 gladio
741 1220 786 1265 et
815 1217 952 1284 fame.
991 1223 1360 1268 consumantur
1386 1257 1399 1282 ,
1444 1226 1487 1270 et
1515 1226 1662 1270 erunt
1695 1217 1823 1269 cado
1841 1247 1852 1254 -

254 1319 370 1357 vera
403 1319 581 1358 eorum
602 1300 842 1360 inescam
867 1307 1161 1363 volatilibus
1185 1309 1301 1364 caeli
1331 1321 1377 1365 et
1416 1311 1770 1367 bestitsterrtt'.
1798 1311 1851 1368 Si

257 1404 505 1466 letupore
557 1398 892 1456 imminentis
937 1401 1270 1471 captivitatis
1319 1415 1534 1458 velatur
1581 1403 1853 1474 Propheta

255 1503 480 1543 uxorem
513 1488 748 1558 ducere,
794 1509 860 1548 ne
898 1493 1308 1549 tribulationem
1333 1495 1514 1550 carnis
1543 1494 1768 1562 habeat;
1801 1507 1855 1551 et

252 1594 418 1654 super
446 1581 694 1639 dolorem
722 1586 1000 1658 proprium
1027 1587 1188 1664 951
1224 1589 1406 1644 uxoris
1434 1605 1650 1660 quoque
1688 1606 1749 1646 ac,
1783 1589 1852 1644 li-

251 1676 504 1733 berorum
553 1679 791 1738 miseriis
837 1689 1195 1753 torqueatur,
1247 1694 1449 1752 quanto
1491 1683 1661 1754 magis
1708 1682 1854 1753 Apo-

248 1770 423 1826 stolus
443 1771 599 1844 jubet
621 1773 663 1844 (ι
685 1773 801 1827 Cor.
827 1774 948 1848 vn),
967 1775 1088 1850 quia
1115 1776 1490 1833 abbreviatum
1509 1786 1723 1848 tempus
1745 1788 1849 1843 est,

1964 561 2186 632 quidem
2229 579 2352 620 esse
2390 567 2715 622 sumendum
2753 568 2796 641 (l
2821 567 2940 623 Cor.
2969 568 3045 639 ν).
3084 569 3414 642 Etamplius,
3442 572 3556 628 Nec

1962 669 2052 708 ave
2095 655 2302 726 quidem
2345 656 2648 726 huiusmodi
2681 660 2911 715 dixeritis
2941 660 3013 734 (ll
3045 660 3205 720 Joan.
3238 667 3316 736 κ).
3350 665 3417 720 Et
3445 667 3555 720 sal-

1961 758 2118 802 vator
2149 751 2424 819 Apostolis
2458 753 2760 818 interdicit,
2797 771 2864 810 ne
2903 772 3232 828 quemquam
3277 757 3336 814 in
3367 759 3562 816 itinere

1963 841 2202 898 salutent
2239 839 2394 912 (Luc.
2432 843 2514 914 χ).
2548 841 2706 901 Unde
2753 856 2807 902 et
2836 847 3067 903 Elismus
3099 852 3346 921 pergenti
3376 851 3444 907 ad
3476 869 3564 908 sa-

1962 933 2199 988 nandum
2235 951 2460 1004 puerum
2509 935 2658 993 Giczi
2687 985 2700 1007 ,
2736 941 3119 996 salutationem
3161 943 3441 1000 interdicit
3467 947 3562 1011 (IV

1966 1025 2095 1097 Reg.
2112 1029 2211 1098 ιν).
2233 1027 2398 1083 Moris
2417 1037 2600 1086 autem
2615 1040 2699 1086 est
2727 1034 3040 1103 lugentibus
3064 1035 3213 1092 ferre
3235 1038 3564 1112 cib05952

1961 1129 2333 1190 etprarparare
2349 1121 2686 1190 convivium,
2701 1141 2820 1195 quae
2839 1124 3012 1182 Gra'ci
3026 1127 3325 1202 περίδειπνα
3343 1141 3558 1196 vocant,

1959 1220 2012 1264 et
2039 1225 2070 1264 a
2103 1211 2303 1266 nostris
2333 1214 2493 1284 vulgo
2522 1213 2868 1285 appellantur
2891 1215 2922 1256 δ
2952 1219 3244 1290 parentalia
3275 1236 3293 1275 :
3326 1237 3392 1277 eo
3417 1223 3564 1293 quod

1961 1303 2275 1373 parentibus
2296 1305 2446 1376 justa
2471 1307 2844 1362 celebrentur.
2877 1309 3018 1364 Dicit
3043 1319 3097 1365 et
3125 1311 3252 1366 alibi
3281 1311 3562 1384 Scriptura

1959 1395 2177 1452 divina:
2211 1397 2345 1452 Date
2365 1399 2540 1454 vinum
2563 1400 2663 1465 Itis,
2695 1401 2859 1472 quiin
2889 1400 3030 1456 luctu
3062 1411 3178 1458 sunt
3202 1403 3382 1475 (Prov.
3408 1423 3564 1476 xxxi,

1961 1489 2050 1557 6);
2097 1498 2157 1544 ut
2203 1488 2459 1548 videlicet
2509 1492 2904 1549 obliviscantur
2959 1495 3188 1550 doloris.
3243 1497 3568 1571 Przccipitur

1958 1598 2089 1654 ergo
2114 1579 2411 1655 Propheta:
2439 1630 2452 1654 ,
2480 1601 2548 1642 ne
2581 1587 2750 1642 ullum
2783 1580 2850 1641 de
2879 1589 3079 1659 pepulo
3118 1592 3460 1660 consoletur,
3495 1610 3564 1650 ne

1958 1689 2018 1730 se
2045 1674 2282 1732 «misceat
2311 1677 2658 1732 inimicorum
2690 1675 2786 1732 Dei
2819 1680 3112 1748 conviviis,
3146 1697 3213 1737 ne
3241 1683 3386 1753 jusm
3416 1683 3563 1742 cele-

1957 1763 2079 1820 bret
2119 1781 2288 1837 super
2339 1765 2625 1823 funeribus
2655 1767 3065 1826 defunctorum.
3114 1771 3276 1829 Aliud
3306 1785 3393 1831 est
3420 1779 3564 1833 enim
3627 1840 3634 1846 _

247 1875 300 1920 et
322 1864 574 1920 imminet
603 1871 1003 1923 consummatio
1030 1913 1044 1936 ,
1077 1877 1135 1924 ut
1175 1871 1336 1924 etiam
1367 1872 1454 1944 qui
1491 1870 1690 1926 habent
1719 1885 1853 1926 uxo-
1882 1871 1928 1931 B
1960 1857 2096 1912 ηιονί
2127 1861 2401 1915 οοιιιηὶυηῖ
2442 1861 2563 1932 lege
2588 1871 2798 1918 "illum
2826 1904 2841 1926 9
2876 1863 3025 1920 ³ιὶυά
3052 1865 3148 1921 Dei
3177 1869 3440 1926 occidisse
3455 1887 3572 1927 scn-

246 1972 365 2026 res,
401 1957 478 2012 sic
502 1959 611 2013 sint
635 1960 790 2028 quasi
816 1976 922 2016 non
951 1961 1216 2018 habeant!
1247 1963 1398 2020 Unde
1427 1963 1702 2036 superflua
1726 1965 1853 2020 novi

246 2050 490 2108 lnrretici
531 2049 844 2124 (Ioviniani)
875 2055 1265 2126 reprehensio,
1317 2073 1423 2128 qua
1453 2057 1737 2111 docuimus
1766 2058 1850 2112 di-

244 2147 477 2215 gamiam
506 2155 562 2200 et
593 2145 896 2216 trigamiam
919 2163 1027 2203 non
1043 2165 1111 2204 ex
1139 2150 1256 2220 lege
1280 2149 1644 2214 descendere,
1672 2150 1850 2204 scdcx

242 2236 602 2309 indulgentia.
638 2237 796 2294 Aliud
829 2241 1076 2296 cstcnim
1119 2242 1295 2299 facere
1322 2285 1338 2311 ,
1372 2245 1514 2314 quod
1543 2261 1640 2316 per
1674 2263 1730 2298 se
1754 2245 1851 2301 bn-

241 2348 369 2386 num
421 2333 526 2399 sit,
586 2333 732 2388 aliud
763 2333 887 2390 ideo
927 2333 1184 2402 concedi,
1222 2353 1291 2392 ne
1339 2338 1527 2409 pejora
1586 2339 1849 2394 faciamus

243 2423 349 2497 [ΑΙ.
375 2425 586 2499 iacias].
621 2427 762 2482 Dicit
788 2429 935 2483 enim
967 2439 1023 2484 et
1051 2428 1166 2500 ipse
1184 2444 1376 2486 causas
1398 2473 1412 2496 ,
1441 2447 1538 2486 cur
1557 2431 1688 2487 velit
1718 2431 1847 2486 ado-

239 2516 569 2574 lescentulas
603 2519 794 2574 viduas
816 2520 1052 2586 nubere,
1086 2519 1325 2577 inferens
1360 2540 1372 2574 :
1403 2523 1526 2577 Jam
1555 2525 1689 2578 enim
1710 2540 1850 2595 qua:-

240 2608 358 2662 dam
375 2626 556 2664 earum
581 2612 818 2666 abierunt
846 2625 983 2667 retro
1003 2625 1114 2684 post
1133 2615 1388 2669 Satanam
1411 2617 1450 2687 (’l
1485 2615 1618 2670 Tim.
1646 2633 1701 2681 ν,
1730 2617 1842 2686 i5).

238 2703 528 2778 Simulque
563 2719 870 2777 praeoptor
909 2707 1263 2764 centinentia‘.
1296 2751 1310 2775 ,
1340 2721 1390 2765 et
1425 2721 1698 2780 perpetuae
1726 2727 1847 2766 cas-

235 2797 436 2863 titatis,
489 2809 544 2854 et
582 2801 850 2870 aequalem
900 2816 959 2856 se
1002 2800 1389 2871 blasphemans
1443 2801 1558 2858 Deo
1591 2845 1605 2869 ,
1659 2803 1846 2858 laudat

238 2902 389 2950 terna
417 2907 798 2968 quaternaqne
821 2895 1068 2968 conjugia
1096 2938 1110 2962 ,
1139 2913 1260 2967 qua:
1291 2913 1391 2969 ego
1426 2914 1532 2952 non
1578 2907 1686 2952 tam
1717 2913 1846 2952 con-

231 2986 380 3058 jugia
409 2996 436 3024 τι
477 2987 653 3042 dicam
685 3031 702 3056 ,
754 3004 915 3058 quam
950 2989 1294 3044 miseriarum
1326 2989 1521 3045 solatia
1573 2998 1627 3043 et
1667 2998 1845 3043 extre-

235 3096 379 3136 mam
413 3079 652 3135 tabulam
685 3080 1068 3151 naufragorum
1096 3079 1205 3154 [ΑΙ.
1231 3078 1666 3154 naufragiorum]
1692 3098 1704 3134 :
1736 3079 1842 3136 nisi

233 3171 374 3228 forte
407 3173 601 3227 tribuit
633 3173 1026 3244 indulgentiam
1067 3172 1442 3229 Amazonibus
1464 3174 1576 3227 suis
1602 3217 1616 3241 ,
1653 3182 1711 3228 ut
1753 3189 1844 3228 us-

1957 1954 2145 2005 tentia.
2177 1951 2404 2018 Abstuli,
2439 1953 2647 2024 inquit,
2693 1971 2875 2024 pacem
2909 1975 3074 2012 meum
3105 1960 3168 2015 de
3200 1962 3396 2034 pOputo
3425 1966 3522 2020 isto
3549 2008 3563 2034 ,

1953 2057 2009 2100 et
2033 2043 2409 2103 misericordia
2439 2047 2642 2120 indigni
2671 2059 2802 2105 sunt
2833 2065 2848 2104 :
2884 2053 3128 2124 nullique
3144 2059 3290 2112 aetati
3320 2073 3565 2130 parcam,

1955 2143 2048 2196 sed
2083 2152 2138 2197 et
2177 2143 2413 2213 grandes
2457 2154 2513 2201 et
2567 2147 2726 2215 parvi
2778 2148 2986 2216 pariter
3027 2150 3369 2221 interibunt,
3407 2157 3478 2208 ita
3511 2163 3568 2211 ut

1953 2239 2228 2308 sepultura
2281 2255 2498 2313 quoque
2545 2250 2788 2298 careant.
2829 2241 2939 2298 Nec
2965 2261 3020 2299 se
3041 2244 3310 2315 incident,
3347 2249 3564 2318 inquit,

1959 2332 2411 2410 nequecalvt'tium
2461 2335 2548 2405 ﬁet
2577 2333 2689 2406 ῘΑΙ.
2741 2335 2989 2410 Faciant]
3037 2355 3131 2410 pro
3181 2341 3272 2394 eis.
3328 2339 3445 2394 Mos
3479 2341 3567 2397 hic.

1951 2423 2052 2480 fuit
2081 2408 2223 2497 apud
2253 2427 2585 2494 Vcteres,et
2612 2444 2782 2498 usque
2813 2408 2988 2484 hodie
3008 2408 3059 2483 in
3085 2431 3411 2498 quibusdam
3443 2448 3567 2501 per-

1953 2529 2138 2574 manet
2165 2519 2478 2575 Judzcorum
2503 2563 2516 2587 ,
2551 2530 2610 2574 ut
2639 2522 2693 2573 in
2727 2519 2965 2576 luctibus
2997 2519 3241 2576 incidant
3271 2524 3508 2578 lacertos
3543 2568 3556 2593 ,

1949 2620 2007 2667 et
2035 2612 2314 2666 calvitium
2361 2613 2597 2678 faciant;
2652 2611 2799 2682 quod
2848 2614 3012 2667 etiam
3047 2611 3150 2667 Job
3183 2613 3382 2671 feci-sse
3426 2615 3561 2686 legi-

1949 2720 2072 2759 mus
2105 2704 2248 2776 (Job.
2281 2723 2297 2760 ι
2330 2713 2377 2760 et
2424 2703 2579 2774 ιλιι).
2611 2701 2773 2761 'Unde
2802 2715 2852 2759 et
2884 2705 3177 2773 Pmpheta:
3208 2707 3410 2761 dicitur
3443 2749 3456 2771 ,
3493 2723 3560 2763 ne

1948 2798 2162 2871 frangat
2185 2801 2328 2856 inter
2357 2815 2454 2856 eos
2481 2816 2676 2871 panem
2709 2843 2724 2870 ,
2769 2817 2872 2857 nec
2897 2799 3239 2870 ingrediatur
3269 2803 3336 2858 ad
3361 2819 3559 2860 conso-

1949 2893 2168 2949 landum
2217 2909 2316 2965 pro
2361 2903 2578 2949 mortuo
2605 2937 2618 2959 ,
2649 2910 2830 2966 neque
2865 2906 3052 2966 potum
3105 2896 3344 2964 tribuat,
3381 2915 3559 2970 neque

1951 2985 2295 3056 ingrediatur
2327 2987 2547 3041 domum
2578 2986 2846 3056 convivii,
2899 2996 2954 3042 ct
3000 3003 3068 3044 ne
3117 2990 3415 3046 misceatur
3444 2994 3556 3057 eis,

1948 3078 2039 3144 qui
2072 3077 2166 3132 Dei
2199 3080 2486 3134 sententia:
2519 3081 2807 3150 prteparati
2855 3088 3004 3134 sunt.
3039 3079 3096 3136 Si
3133 3093 3316 3137 autem
3351 3083 3456 3139 hoc
3485 3083 3554 3140 de

1947 3169 2258 3242 lugentibus
2285 3172 2515 3237 dicitur,
2549 3173 2679 3243 quid
2709 3173 2804 3229 llet
2851 3175 2918 3230 de
2966 3173 3240 3231 bteretieis
3269 3219 3284 3242 ,
3317 3193 3549 3249 quorum

234 3283 340 3340 que
371 3267 439 3321 ad
487 3267 824 3338 decrepitam
876 3277 1210 3324 senectutem
1243 3267 1386 3324 bella
1429 3267 1717 3324 libidinum
1748 3285 1840 3325 ex-
1867 3261 1912 3324 C
1947 3277 2130 3320 sermo
2152 3268 2325 3336 serpit
2355 3275 2414 3320 ut
2448 3281 2648 3322 cancer
2671 3311 2686 3334 ,
2722 3277 2778 3322 et
2807 3267 3052 3338 quotidie
3095 3280 3455 3340 prosternunt
3495 3275 3546 3328 in

232 3359 536 3432 periantur.
587 3361 699 3420 Cur
752 3369 936 3417 autem
997 3360 1274 3434 Propheta
1325 3374 1580 3420 arceatur
1607 3379 1834 3421 uxorem

232 3454 435 3512 ducere
467 3501 479 3524 ,
510 3472 673 3511 causa
703 3457 990 3527 perspicua
1015 3468 1101 3514 est
1120 3500 1135 3525 ,
1161 3458 1304 3528 quod
1328 3459 1614 3516 obsidione
1639 3461 1838 3528 vicina,

236 3549 552 3619 pestilentia
579 3591 592 3615 ,
626 3558 682 3604 et
710 3549 926 3622 gladio,
961 3560 1015 3606 et
1056 3551 1230 3620 fame,
1267 3553 1510 3608 universi
1539 3554 1835 3618 intereant,

231 3653 286 3698 et
339 3652 526 3698 tantus
570 3642 640 3698 sit
689 3660 950 3700 numerus
1000 3643 1388 3713 morientium,
1447 3657 1506 3702 ut
1545 3647 1839 3718 sepultum

233 3735 490 3792 vincatur
521 3733 791 3803 ofﬁciunt,
827 3737 919 3792 sed
950 3736 1124 3791 instar
1161 3737 1487 3808 sterquilinii
1511 3738 1840 3808 jaceanlcao

231 3830 434 3886 davera
459 3873 473 3896 ,
499 3831 817 3886 volatilibus
837 3831 1138 3901 bestiisque
1167 3829 1482 3888 laceranda.
1515 3831 1582 3888 Et
1613 3833 1721 3889 hoc
1743 3848 1841 3887 no-

232 3923 456 3978 tandum
485 3965 501 3990 ,
536 3923 682 3994 quod
722 3925 1170 3995 aegrotationibus
1211 3935 1262 3979 et
1315 3925 1475 3995 longa
1521 3925 1840 3982 inﬁrmitate

229 4018 552 4082 tabescere,
588 4015 682 4072 Dei
712 4017 789 4071 ira
823 4018 915 4072 sit.
941 4013 1100 4073 Unde
1121 4027 1176 4072 et
1202 4015 1384 4072 .loram
1411 4017 1549 4073 lilius
1577 4017 1843 4090 Josaphat

229 4109 551 4167 inﬁrmitate
591 4112 935 4166 consumitur
967 4107 1037 4178 (11
1086 4111 1215 4164 Par.
1257 4109 1394 4182 xxi).
1427 4113 1498 4166 Et
1545 4111 1839 4177 Apostolus

229 4201 390 4259 docet
419 4213 686 4274 mgrotare
713 4219 807 4258 eos
829 4211 890 4258 et
911 4203 1214 4274 tabescere,
1247 4210 1305 4258 et
1331 4203 1504 4272 mori,
1538 4204 1625 4272 qui
1652 4213 1840 4260 sancta

228 4294 496 4352 violarint
525 4295 569 4367 (1
609 4292 730 4350 Cor.
767 4295 872 4366 Il).

301 4388 491 4462 (Vers.
518 4389 551 4444 5
573 4388 754 4460 seqq.)
781 4387 911 4443 Hcce
934 4387 1067 4442 enim
1090 4387 1217 4442 dicit
1241 4385 1533 4441 Dominus:
1561 4385 1644 4442 Ne
1667 4388 1839 4460 ingre-

232 4483 395 4538 diaris
411 4483 625 4536 domum
637 4480 878 4544 convivii,
895 4497 1056 4551 neque
1083 4480 1242 4534 vadas
1262 4477 1331 4532 ad
1360 4479 1731 4551 plangendum,
1759 4497 1837 4535 ue-

227 4557 638 4648 que‘eonsoleris
663 4591 751 4630 eos
778 4616 792 4640 ,
825 4573 945 4644 quia
995 4571 1188 4627 abstuli
1208 4588 1384 4644 pacem
1406 4589 1568 4626 meam
1586 4590 1617 4626 a
1644 4574 1836 4645 populo

1950 3358 2199 3416 Ecclesia
2231 3359 2423 3417 funera
2457 3361 2861 3432 deceptorum?
3503 3431 3506 3434 ¹

2021 3453 2204 3528 (Vcrs.
2237 3455 2270 3510 9
2299 3453 2481 3526 seqq.)
2508 3454 2644 3522 Quia
2660 3454 2770 3509 Ita’c
2798 3453 2924 3508 dicit
2952 3453 3206 3510 Dominus
3229 3460 3547 3514 exercituum

1945 3548 2087 3604 Deus
2123 3545 2297 3604 Israel
2322 3566 2340 3603 :
2369 3548 2504 3602 Ecce
2534 3565 2626 3620 ego
2653 3549 2886 3618 auferant
2918 3551 2982 3602 de
3020 3549 3138 3601 loco
3165 3549 3267 3603 ista
3296 3552 3349 3603 in
3379 3551 3548 3608 oculis

1943 3644 2125 3698 vestris
2143 3653 2191 3696 et
2214 3645 2263 3696 in
2293 3643 2472 3696 diebus
2501 3643 2678 3697 castris
2709 3658 2881 3696 vocem.
2905 3643 3104 3715 gaudii,
3135 3654 3184 3697 et
3209 3659 3380 3699 vocem
3421 3647 3554 3704 (trti-

1946 3737 2031 3790 tia:
2058 3751 2076 3789 :
2103 3751 2274 3789 vocem
2294 3734 2492 3803 sponsi,
2511 3744 2559 3788 et
2580 3751 2750 3788 vocem
2772 3750 2997 3801 sponsae.
3025 3734 3092 3789 Et
3123 3752 3236 3789 cum
3268 3741 3551 3796 annuntia-

1944 3827 2075 3884 vcris
2106 3827 2298 3901 populo
2341 3829 2460 3882 huic
2491 3829 2666 3882 omnia
2695 3827 2846 3881 verba
2875 3828 2982 3882 hcce
3006 3873 3019 3896 ,
3064 3839 3112 3883 et
3139 3830 3367 3885 dixerint
3395 3834 3489 3887 tibi
3531 3851 3551 3889 :

1947 3923 2121 3989 Quare
2163 3922 2358 3976 locutus
2389 3930 2463 3976 est
2494 3919 2750 3975 Dominus
2798 3938 2952 3991 super
2993 3937 3088 3977 nos
3149 3941 3297 3977 omne
3345 3927 3543 3981 malum

1940 4016 2144 4089 grande
2165 4017 2340 4071 istud?
2364 4032 2479 4090 qua:
2513 4016 2759 4084 iniquitas
2787 4027 2967 4069 nostra
2987 4058 3000 4080 ,
3029 4027 3076 4071 et
3103 4019 3243 4089 quod
3278 4030 3544 4087 peccatum.

1943 4123 2197 4176 nostrum,
2225 4110 2362 4179 quod
2387 4109 2704 4182 peccavimus
2742 4107 2966 4162 Domino
2995 4107 3110 4164 Deo
3140 4113 3358 4166 nostra?
3388 4111 3542 4168 Dices

1943 4206 2012 4258 ad
2032 4221 2118 4259 eos
2151 4220 2168 4258 :
2203 4203 2336 4270 Quia
2366 4200 2751 4271 derciiquerunt
2781 4218 2860 4257 me
2884 4213 3058 4274 patres
3107 4205 3288 4272 vestri,
3331 4205 3404 4258 ait
3432 4205 3542 4260 Do-

1943 4300 2113 4352 minus
2144 4307 2228 4352 :et
2255 4297 2490 4350 abierunt
2512 4305 2626 4370 post
2649 4295 2771 4350 deos
2799 4296 2999 4351 alienos
3018 4339 3032 4365 ,
3065 4307 3112 4353 et
3143 4299 3429 4354 servierunt
3449 4301 3542 4368 eis,

1941 4403 1990 4447 et
2020 4392 2365 4446 adoraverunt
2391 4407 2496 4457 eos,
2521 4399 2662 4444 etme
2689 4390 3102 4457 dereliquerunt,
3120 4402 3167 4445 et
3191 4392 3352 4462 legem
3379 4409 3543 4448 meum

1941 4502 2044 4539 non
2085 4485 2457 4539 custodierunt.
2496 4483 2602 4538 Sed
2633 4493 2680 4536 et
2709 4497 2796 4537 vos
2823 4486 2972 4555 pejus
3013 4485 3216 4554 aperati
3247 4486 3369 4540 estis
3389 4503 3545 4557 quam

1941 4587 2113 4648 patres
2141 4579 2316 4634 vestri.
2349 4577 2578 4644 Quando
2631 4577 2938 4647 peccaverit
2967 4576 3212 4632 Ecclesia
3232 4617 3247 4644 ,
3293 4580 3544 4638 aufertur

225 4669 360 4729 ista.
393 4669 520 4723 dicit
549 4667 835 4733 Dominus,
865 4667 1275 4720 misericordiam
1292 4674 1340 4722 et
1367 4667 1742 4720 miserationes.
1765 4665 1835 4722 Et
1860 4657 1914 4718 D
1940 4669 2009 4725 de
2048 4685 2111 4724 ea
2154 4685 2317 4724 omne
2369 4669 2624 4740 gaudium
2656 4679 2711 4722 et
2759 4669 3016 4722 universa
3064 4669 3251 4724 ltrtitia
3280 4713 3294 4736 ,
3342 4672 3410 4727 de
3437 4689 3545 4742 qua

225 4759 749 4834 morientur'grandes
771 4769 818 4814 et
841 4760 986 4828 parvi
999 4761 1050 4811 in
1065 4768 1203 4812 terra
1223 4759 1344 4824 ista,
1379 4771 1478 4812 non
1501 4758 1830 4830 sepelientur,

225 4872 389 4927 neque
416 4853 732 4927 plangentur
755 4900 767 4922 ,
795 4861 840 4907 et
872 4868 975 4906 non
1002 4867 1057 4905 se
1083 4851 1312 4904 incident
1337 4893 1351 4914 ,
1383 4868 1548 4922 neque
1569 4852 1832 4906 calvitium

219 4950 311 5022 ﬁet
337 4965 431 5020 pro
457 4948 550 5002 eis.
581 4944 647 5002 Et
672 4964 775 5000 non
806 4947 1046 5019 frangth
1067 4944 1202 4998 inter
1228 4959 1312 4998 eos
1331 4943 1528 5015 lugenti
1555 4959 1739 5014 panem
1762 4945 1830 4997 ad

223 5043 608 5100 consolandum
627 5058 784 5107 super
807 5051 1068 5095 mortuum
1091 5082 1105 5107 ,
1136 5047 1182 5093 et
1207 5055 1309 5092 non
1335 5038 1531 5092 dabunt
1558 5039 1631 5093 eis
1649 5047 1830 5109 potum

215 5137 403 5194 ’catic‘is
453 5138 522 5192 ad
562 5137 936 5192 consolandum
962 5151 1120 5205 super
1169 5144 1314 5208 patre
1344 5151 1435 5190 suo
1467 5144 1512 5189 et
1545 5145 1726 5190 matre.
1761 5133 1826 5189 Et

224 5233 439 5287 domum
475 5231 693 5284 convivii
737 5246 841 5284 non
881 5228 1189 5304 ingredieris
1228 5226 1412 5300 [Vulg
1467 5227 1824 5300 ingrediaris],

257 5337 312 5378 ut
349 5324 535 5379 sedeas
581 5339 694 5376 cum
741 5325 836 5390 eis,
879 5331 926 5377 et
957 5321 1202 5376 comedas
1244 5330 1290 5375 et
1327 5320 1494 5374 bibas.
1527 5320 1825 5394 Apostolus

221 5527 224 5530 ’
296 5543 323 5571 τι
351 5529 738 5588 COuferendus
767 5530 826 5582 S.
861 5529 1094 5584 Basilius
1117 5542 1238 5582 can.
1264 5524 1321 5585 4.
1349 5523 1438 5580 ubi
1476 5523 1665 5579 tertias
1696 5539 1834 5592 nup-

221 5605 329 5663 tias
353 5606 594 5682 πορνείαν
619 5601 988 5682 κεηολρεσμένην
1015 5607 1209 5682 voeat,
1233 5597 1829 5682 indignasqueﬁenset,

215 5692 345 5749 quin
375 5667 710 5749 matrimonii
743 5667 1020 5749 minentur
1051 5671 1566 5749 Itputillg._l‘l~£3ll.
1604 5667 1674 5723 50
1711 5677 1832 5749 tap-

221 5737 384 5818 (iuam
416 5747 861 5821 ﬁuuézgparajﬁ;
892 5744 1161 5821 Euxino-iac
1203 5741 1359 5795 dicit.
1395 5737 1835 5821 S..quoque__Na-

222 5809 530 5878 iianze'nus
558 5809 710 5869 om.
745 5817 836 5876 5|,
874 5813 1539 5889 trigatnianrrrupavopiav
1569 5809 1831 5889 appellat,

222 5903 293 5950 ne
312 5891 452 5948 alios
478 5901 778 5942 memorem
802 5881 1494 5956 ,quibuspraecisis'verbis
1518 5881 1833 5935 adulterium

1937 4761 2238 4830 Apostolus
2261 4759 2396 4815 dicit
2432 4776 2445 4814 :
2478 4759 2713 4814 Gaudete
2744 4775 2762 4812 :
2787 4759 2975 4814 iterum
3005 4761 3122 4816 dico
3143 4764 3366 4835 gaudete
3385 4764 3544 4839 (Phi-

1936 4851 2031 4922 lip.
2062 4869 2112 4906 tv
2133 4893 2149 4920 ,
2175 4851 2230 4923 ὦ)
2257 4869 2269 4904 :
2292 4851 2409 4907 Vox
2437 4851 2629 4920 Spousi
2653 4862 2706 4906 et
2726 4865 2832 4905 vox
2863 4865 3080 4920 sponsu:
3099 4896 3112 4919 ,
3135 4854 3208 4908 de
3230 4869 3338 4924 quo
3367 4857 3541 4922 scrip-

1935 4953 2046 5000 tum
2080 4955 2164 4999 est
2201 4963 2213 4998 :
2253 4943 2358 5012 Qui
2389 4943 2540 4998 habet
2573 4960 2820 5016 sponsam
2865 4960 3090 5014 sponsus
3119 4953 3191 4998 est
3227 4943 3407 5015 (Joan.
3441 4959 3500 5000 ut
3523 4987 3536 5011 ,

1933 5037 2047 5111 29).
2079 5037 2137 5094 Si
2168 5046 2353 5093 autem
2377 5082 2390 5106 ,
2428 5037 2645 5108 inquit,
2685 5037 3120 5107 interrogaveri‘t
3165 5045 3216 5092 te
3261 5038 3535 5107 populus,

1933 5148 2032 5188 cur
2063 5133 2165 5186 ista
2221 5132 2496 5202 patiatur,
2549 5141 2602 5186 et
2669 5144 2867 5185 causas
2909 5129 3262 5185 miseriarum
3307 5143 3532 5184 sua-rum

1930 5226 2214 5299 quaesierit
2249 5267 2262 5288 .
2305 5225 2669 5295 respondebis
2701 5225 2749 5280 ei
2800 5241 2812 5277 :
2843 5224 2988 5292 Quia
3025 5222 3407 5292 deretiqucrunt
3457 5240 3536 5277 me

1931 5330 2107 5392 patres
2129 5320 2314 5387 vestri,
2355 5319 2428 5373 ait
2471 5315 2752 5385 Dominus,
2784 5317 2878 5388 qui
2911 5314 3067 5370 vobis
3097 5324 3345 5384 pratsunt
3371 5315 3536 5390 953

1939 5522 2162 5586 dicitur.
2190 5521 2269 5576 Ex
2309 5519 2396 5576 his
2426 5521 2640 5590 utique,
2679 5519 2769 5589 qui
2800 5514 3118 5584 nuptiarum
3163 5513 3378 5590 hostem
3411 5517 3543 5590 llic-

1937 5607 2226 5666 ronymum
2275 5592 2445 5648 [uisse
2492 5587 2926 5666 calumniantur,
2959 5597 3169 5654 quanto
3193 5587 3322 5641 aliis
3349 5589 3542 5646 mitior

1931 5661 2250 5740 eiusﬁluerit
2273 5667 2549 5721 sententia
2575 5707 2588 5728 ,
2625 5661 2955 5740 intelligent.
3018 5727 3050 5740 Α
3159 5728 3196 5740 ﬂ

2010 5736 2039 5775 ι)
2073 5738 2185 5791 lloc
2233 5740 2452 5791 nomine
2494 5743 2653 5788 vocat
2686 5731 2746 5786 S.
2781 5729 3120 5786 Gaudentius
3145 5729 3261 5783 dies
3291 5745 3353 5784 ac
3383 5731 3540 5788 festi-

1942 5810 2142 5863 vitates
2171 5809 2492 5863 lnleriarnm
2523 5847 2536 5868 ,
2564 5803 2816 5866 interque
2848 5799 3176 5854 Idololatrize
3201 5811 3384 5869 partes
3405 5819 3538 5860 cen-

1943 5893 2046 5936 set.
2082 5873 2216 5934 Vide
2261 5881 2562 5933 Ᾱυευιιῑιιηι
2592 5874 2692 5928 lib.
2733 5870 3112 5926 Purcntatium.
