4080 6326
553 374 661 434 ’185

1813 364 1872 422 S.
1917 362 2194 424 EUSEBII
2231 363 2606 422 HIERONYMI

3755 364 3842 422 ’188

553 494 607 548 in
693 488 964 546 Ecclesiis
992 527 1008 555 ,
1061 495 1118 543 ct
1183 485 1440 542 abierunt
1488 491 1616 553 post
1680 481 1820 537 deos
1882 482 2142 548 alienos,
2175 487 2224 546 Α
2253 492 2442 539 nostro
2491 483 2994 558 accidere'populo
3025 500 3054 540 a
3097 484 3296 541 diebus
3340 481 3595 549 Neronis,
3647 479 3716 536 de
3756 494 3847 550 quo

550 600 782 656 quorum
820 583 959 637 Deus
981 591 1178 636 venter
1201 589 1309 647 est,
1345 587 1402 635 et
1431 577 1663 634 avaritia
1704 585 1761 632 et
1806 576 2022 632 luxuria
2047 617 2064 645 ,
2095 586 2151 632 et

439 735 456 745 _
548 679 721 752 gloria
743 677 796 732 in
827 676 1152 734 coiifusione
1174 691 1366 743 eorum
1387 716 1405 744 ,
1430 670 1822 728 etservierunt
1841 672 1944 726 eis.
1972 671 2017 726 A
2040 685 2150 742 quo

550 775 698 829 enim
731 773 851 840 quis
871 772 1144 839 vincitur,
1188 770 1307 840 ejus
1333 781 1389 825 et
1424 783 1619 824 servus
1649 776 1755 824 est.
1793 766 1861 821 Et
1899 766 2153 822 adorare-

549 875 669 920 runt
692 871 781 920 eos
809 880 828 918 :
856 865 1059 919 Atlorat
1091 862 1236 918 enim
1271 861 1651 932 unusquisque
1675 859 1824 930 quod
1848 860 2048 929 diligit.
2083 856 2156 912 Et

549 977 630 1015 me
650 959 1055 1031 dereliquerunt,
1079 968 1125 1012 et
1149 959 1309 1028 legem
1331 973 1497 1010 meam
1519 972 1623 1010 non
1649 955 2028 1009 custodierunt.
2053 953 2154 1010 Sa-

545 1053 832 1110 cerdotum
863 1059 951 1106 est
1001 1052 1258 1122 proprie,
1313 1067 1423 1106 non
1469 1049 1651 1105 solum
1700 1049 1930 1114 docere,
1971 1047 2066 1102 sed
2098 1053 2156 1102 et

546 1145 734 1202 facere
765 1145 940 1217 legem
977 1162 991 1196 :
1027 1154 1087 1199 ut
1126 1159 1475 1216 nequaquam
1510 1141 1692 1198 verbis
1736 1142 2017 1212 subjectos
2048 1140 2155 1196 sibi

545 1242 781 1312 ρομιιιοε
811 1251 867 1294 et
897 1239 1172 1295 creditum
1194 1253 1448 1309 gregem,
1477 1235 1571 1292 sed
1604 1235 1873 1306 exemplis
1895 1236 2150 1289 doceant.

546 1336 626 1389 Ac
656 1349 724 1389 ne
763 1333 901 1388 forte
933 1330 1219 1396 dicerent,
1265 1330 1466 1399 injusta
1499 1338 1584 1385 est
1606 1329 1880 1383 sententia
1917 1345 1929 1382 :
1970 1338 2154 1397 patres

543 1427 838 1484 comedere
869 1442 1026 1480 uvam
1057 1426 1310 1480 acerbam
1341 1423 1540 1496 (In/ra,
1572 1423 1755 1494 xui),
1781 1434 1836 1478 et
1867 1422 2063 1478 dentes
2087 1422 2148 1477 li-

544 1523 744 1578 liorum
778 1522 1172 1590 obstupescere
1202 1521 1220 1592 (
1248 1518 1442 1574 Ezeclt.
1481 1515 1636 1590 sviti)
1663 1558 1678 1584 ,
1712 1516 1877 1572 infert
1907 1534 1920 1570 :
1965 1515 2073 1573 Sed
2103 1525 2154 1571 et

545 1631 633 1669 vos
666 1618 814 1688 pejus
845 1615 1043 1684 operati
1095 1613 1218 1667 ess‘is
1248 1627 1406 1682 quam
1448 1620 1619 1680 patres
1653 1610 1841 1676 vestri;
1885 1620 1946 1664 ut
1989 1623 2154 1680 super

547 1711 636 1766 his
661 1710 751 1782 qui
779 1710 1026 1780 patribus
1055 1707 1242 1778 pejora
1277 1703 1661 1776 peccaverint,
1705 1703 1851 1773 iusta
1880 1701 2152 1774 supplicia

548 1803 892 1860 deferantur.

2255 576 2451 632 scribit
2498 578 2832 648 Apostolus:
2881 578 2949 636 Et
2995 579 3242 635 liberatus
3287 593 3402 632 sum
3449 575 3515 629 de
3565 590 3654 629 ore
3710 572 3848 626 leonis

2256 667 2316 740 (l
2346 667 2480 724 Tim.
2514 685 2585 736 tv,
2638 670 2762 743 l7).
2795 669 2824 710 δ
2856 687 3032 742 usque
3057 670 3127 725 ad
3161 667 3439 726 Maximini
3473 675 3743 734 tempora.
3778 664 3848 718 di-

2254 776 2423 818 cere:
2465 764 2741 835 quomodo
2772 765 3044 820 Dominus
3092 765 3347 819 miSerttls
3376 761 3447 818 sit
3494 760 3696 830 populo
3743 772 3848 826 suo,

2253 867 2310 914 et
2339 859 2619 914 reduxerit
2640 875 2736 914 eos
2764 860 2818 915 in
2854 869 3059 916 terram
3087 874 3266 916 suam.
3295 855 3446 914 Haud
3471 856 3702 911 dubium
3738 853 3851 924 quin

2254 952 2308 1008 in
2345 952 2666 1019 Ecclesiam,
2699 970 2860 1025 quam
2887 955 3042 1012 dedit
3071 955 3317 1026 patribus
3345 967 3561 1017 eorum,
3596 947 3853 1020 Apostolis

2255 1055 2312 1101 et
2343 1046 2659 1115 apostolicis
2691 1047 2842 1102 viris.

2331 1140 2526 1213 (Vers.
2565 1141 2632 1196 16
2672 1141 2862 1214 seqq.)
2895 1141 3031 1197 Ecce
3059 1159 3152 1214 ego
3195 1142 3396 1196 mittam
3425 1139 3712 1214 piscatores
3741 1133 3856 1191 ntul-

2258 1244 2356 1303 tos,
2405 1237 2530 1290 dicit
2575 1236 2843 1302 Dominus,
2895 1247 2944 1291 et
2991 1238 3330 1311 pisCubuntur
3356 1253 3465 1291 eos.
3517 1232 3587 1288 Et
3619 1245 3732 1306 post
3761 1231 3855 1286 luet:

2258 1332 2458 1384 mittam
2487 1330 2564 1384 eis
2587 1332 2777 1386 multos
2807 1341 3094 1400 venatores,
3123 1339 3170 1384 et
3191 1333 3515 1385 venabuntur
3535 1343 3622 1382 eos
3649 1327 3712 1382 de
3736 1327 3857 1380 omni

2261 1433 2456 1494 monte,
2483 1434 2531 1478 et
2561 1425 2626 1479 de
2645 1427 2787 1480 omni
2813 1424 2968 1489 colle,
2993 1436 3042 1480 et
3071 1425 3135 1480 de
3155 1426 3389 1479 cavernis
3433 1432 3724 1492 petrarum,
3750 1419 3857 1492 quia

2257 1517 2393 1573 oculi
2419 1521 2518 1574 mei
2550 1537 2706 1592 super
2733 1537 2907 1575 omnes
2935 1521 3043 1575 tias
3071 1536 3267 1574 eorum.
3292 1518 3415 1574 Non
3431 1525 3551 1572 sunt
3574 1516 3858 1570 abscondita

2256 1629 2317 1666 ea
2355 1630 2387 1666 a
2425 1615 2558 1682 facie
2593 1613 2776 1686 [ναις.
2813 1614 3114 1669 abscondite
3143 1631 3176 1668 a
3207 1610 3364 1685 [acie]
3393 1629 3525 1674 mea,
3559 1619 3609 1664 et
3649 1625 3749 1662 non
3775 1608 3858 1679 fuit

2256 1707 2461 1760 occulta
2486 1708 2736 1777 iniquitas
2757 1724 2933 1762 eorum
2954 1708 3020 1762 ab
3050 1708 3214 1764 oculis
3238 1707 3383 1760 meis.
3421 1705 3489 1759 Et
3523 1703 3743 1760 reddam
3766 1703 3860 1770 pri-

2256 1815 2398 1854 mum
2447 1801 2678 1873 duplices
2725 1801 3030 1872 iniquitates
3087 1811 3135 1855 et
3182 1811 3394 1869 peccata
3437 1815 3646 1863 eorum,
3699 1797 3860 1867 quibus

615 1895 810 1970 (Vers.
847 1893 976 1967 15.)
1011 1892 1140 1948 Ecce
1178 1893 1316 1946 enim
1360 1890 1591 1947 ambulat
1635 1891 1990 1962 unusquisque
2039 1899 2157 1964 post
2189 1901 2236 1964 Β
2266 1893 2451 1965 [Vulg.
2483 1893 2628 1967 quia]
2655 1896 3135 1950 contaminaverunt
3160 1911 3351 1948 terram
3373 1909 3545 1948 meam
3573 1893 3630 1946 in
3653 1889 3862 1944 mortici-

545 1990 854 2062 pravitatem
872 1989 1047 2042 cordis
1065 1988 1146 2042 sui
1170 1985 1318 2056 mali,
1339 1996 1394 2040 ut
1415 2004 1494 2042 me
1517 2003 1617 2040 non
1638 1985 1840 2039 audiat.
1872 1983 1937 2038 Et
1957 1985 2162 2055 ejiciam

541 2099 634 2138 vos
654 2083 717 2138 de
745 2090 883 2136 terra
914 2082 1013 2135 hac
1037 2081 1092 2134 in
1117 2089 1312 2134 terram
1335 2095 1491 2149 quam
1511 2078 1762 2152 ignoratis
1787 2093 1894 2144 vos,
1923 2087 1969 2131 et
1992 2087 2161 2144 patres

542 2179 720 2244 vestri,
753 2187 800 2232 et
829 2176 1058 2231 servietis
1099 2175 1170 2228 ibi
1202 2174 1302 2227 (liis
1330 2173 1515 2227 alienis
1538 2173 1621 2225 die
1651 2188 1714 2224 ac
1744 2179 1910 2233 nocte,
1938 2171 2026 2241 qui
2059 2185 2161 2224 non

544 2271 743 2327 dabunt
771 2270 912 2324 vobis
943 2269 1195 2342 requiem.
1241 2265 1426 2323 Semel
1455 2281 1487 2321 a
1522 2265 1749 2319 Domino
1779 2262 2053 2327 derelicti,
2085 2261 2162 2316 fa-

544 2365 698 2423 ciunt
726 2381 790 2420 ea
815 2379 939 2435 quae
962 2378 1070 2418 non
1099 2369 1442 2433 competunt,
1474 2369 1533 2414 ut
1562 2359 1760 2414 vadant
1791 2368 1915 2428 post
1944 2356 2159 2412 deside-

542 2459 626 2515 ria
657 2457 850 2514 cordis
885 2457 969 2512 sui
1005 2453 1154 2521 mali,
1189 2456 1259 2510 de
1282 2469 1388 2522 quo
1417 2459 1626 2508 exeunt
1645 2451 2009 2522 cogitationes
2037 2464 2162 2518 pes-

540 2555 696 2611 sima:
720 2551 941 2624 (Matth.
989 2551 1107 2622 xv),
1133 2559 1185 2604 et
1213 2548 1419 2604 idcirco
1447 2547 1517 2602 de
1541 2546 1783 2603 Ecclesia
1809 2558 2156 2615 separantur,

535 2656 598 2703 ut
631 2646 834 2703 vadant
879 2645 932 2700 in
980 2654 1188 2699 terram
1235 2643 1613 2713 longinquam,
1669 2655 1834 2709 quam
1869 2653 1970 2694 nec
2024 2637 2156 2707 ipsi,

538 2756 644 2798 nec
676 2752 861 2811 patres
890 2752 1080 2794 eorum
1115 2745 1380 2791 noverant
1409 2733 1722 2803 priusquam
1754 2739 2070 2802 peccarent,
2100 2736 2159 2784 ut

538 2835 617 2891 ibi
647 2833 888 2890 serviant
919 2831 1026 2887 diis
1055 2830 1274 2895 alienis,
1302 2828 1393 2899 qui
1428 2844 1534 2882 non
1562 2834 1692 2881 sunt
1718 2826 1815 2892 dii,
1847 2825 1941 2880 sed
1966 2839 2155 2880 eorum

539 2941 806 3003 putantur
829 2943 1020 2984 errore
1050 2927 1141 2998 qui
1167 2940 1264 2980 eos
1293 2926 1500 2979 colunt.
1529 2921 1684 2988 Quod
1713 2928 1896 2975 autem
1933 2919 2114 2973 intulit
2139 2936 2153 2973 :

544 3021 646 3078 Die
672 3039 734 3077 ac
761 3029 932 3088 nocte,
969 3028 1286 3090 perpetuam
1319 3016 1664 3087 peccantium
1693 3013 1930 3068 ostendit
1960 3012 2012 3067 in
2040 3025 2159 3067 sce-

541 3115 658 3172 lere
689 3113 1178 3186 perseverantiam,
1205 3110 1332 3166 dum
1357 3117 1415 3164 et
1444 3110 1497 3162 in
1525 3109 1720 3179 diebus
1746 3107 1780 3162 ll
1803 3107 1986 3178 :gitiis,
2020 3115 2076 3160 et
2102 3106 2155 3161 in

542 3211 801 3267 noctibus
845 3209 1054 3264 libidini
1087 3206 1356 3263 serviunt.
1410 3205 1514 3273 Qui
1559 3220 1662 3258 non
1703 3203 1921 3272 dabunt,
1956 3201 2154 3272 inquit,

2264 1987 2346 2042 nis
2363 1988 2623 2042 idolorum
2653 2005 2890 2052 suorum,
2920 1997 2968 2043 et
2992 1989 3459 2043 abominationibus
3486 1987 3599 2040 suis
3639 1983 3864 2050 impleve-

2262 2091 2384 2136 runt
2405 2081 2760 2139 litereditatem
2781 2099 2969 2138 meam.
3008 2083 3231 2138 Diversa
3265 2081 3427 2148 hujus
3455 2078 3684 2149 capituli
3715 2078 3863 2133 inter-

2267 2177 2503 2247 pretatio
2542 2187 2648 2234 est.
2676 2177 2850 2234 Judtei
2883 2177 3030 2234 cnim
3068 2184 3354 2232 attltltnnttt
3393 2174 3691 2245 significari
3717 2171 3861 2228 Chal-

2262 2269 2440 2337 d:i-os,
2476 2272 2567 2339 qni
2613 2271 2717 2326 sub
2763 2272 3098 2342 piscatorum
3127 2271 3350 2325 nomine
3389 2268 3792 2330 describuntur,
3816 2275 3862 2322 et

2261 2373 2452 2433 postea
2487 2364 2783 2433 Romanos,
2830 2363 2922 2434 qui
2957 2364 3314 2420 venatoribus
3355 2367 3768 2430 comparantur,
3817 2366 3863 2415 et

2261 2456 2332 2512 de
2362 2457 2642 2513 montibus
2667 2458 3011 2527 collibusque
3041 2466 3097 2514 et
3123 2456 3375 2512 cavernis
3412 2464 3718 2527 petrarum,
3743 2450 3863 2507 infe-

2263 2551 2423 2607 licem
2471 2553 2733 2623 populum
2785 2563 2913 2608 suut
2960 2551 3174 2610 venali.
3225 2551 3338 2606 lloc
3382 2563 3566 2604 autem
3617 2547 3863 2604 Dominus

2261 2644 2463 2702 fecisse
2490 2662 2552 2702 se
2583 2647 2752 2702 dicit:
2781 2647 2905 2717 quia
2939 2644 3243 2714 reSpexerit
3277 2643 3397 2699 vias
3427 2657 3644 2709 eorum,
3669 2650 3724 2696 et
3749 2637 3862 2694 red-

2259 2740 2463 2797 diderit
2506 2742 2850 2812 iniquitates,
2882 2742 3078 2813 quibus
3106 2739 3620 2798 contaminaverant
3652 2747 3859 2800 terram,

2261 2835 2557 2891 simulacra
2593 2845 2944 2904 venerantes,
2972 2844 3029 2892 et
3069 2834 3574 2892 abominationilius
3605 2831 3863 2887 idolorum

2261 2929 2572 3000 polluerant
2589 2929 2963 2991 hereditatem
2991 2929 3136 3000 ejus.
3159 2928 3348 2985 Nostri
3377 2935 3565 2982 autem
3592 2928 3795 2982 rectius
3819 2931 3868 2980 et

2260 3023 2480 3090 melius,
2523 3022 2643 3078 hiec
2686 3021 2757 3078 de
2789 3025 2970 3078 futuro
2998 3023 3351 3078 vaticinatum
3398 3019 3733 3092 Prophetain
3779 3032 3868 3089 pu-

2262 3125 2398 3172 tant.
2433 3119 2570 3185 Quia
2599 3121 2744 3174 enim
2775 3135 2939 3185 supra
2971 3119 3226 3175 dixerat:
3255 3118 3526 3174 Reducunt
3557 3133 3645 3172 eos
3690 3116 3741 3168 in
3770 3124 3864 3168 ter-

2261 3226 2376 3264 ram
2405 3227 2578 3276 suant,
2608 3228 2763 3280 quam
2804 3211 2925 3266 dedi
2954 3211 3187 3284 patribus
3213 3227 3409 3270 eorum.
3445 3224 3594 3265 nunc
3638 3205 3868 3263 ostendit

546 3303 689 3358 vobis
720 3302 970 3374 requiem.
998 3299 1152 3355 Haud
1177 3298 1401 3353 dubium
1431 3297 1560 3366 quin
1589 3296 1762 3352 falsos
1783 3296 1918 3350 deos
1944 3293 2154 3365 signiti—

2259 3307 2535 3375 quomodo
2567 3306 2861 3362 reducendi
2888 3308 3019 3370 sint,
3052 3306 3197 3377 quod
3230 3305 3465 3376 primum
3501 3304 3682 3359 mittat
3705 3302 3868 3371 Apos-

547 3407 659 3464 cet,
683 3396 753 3451 de
785 3391 1142 3466 quibus‘dixit
1167 3410 1180 3446 :
1207 3391 1279 3446 Et
1294 3393 1522 3446 servietis
1543 3391 1614 3445 ibi
1640 3391 1739 3446 diis
1759 3391 1963 3445 alienis.
1983 3388 2156 3459 Quid-

545 3490 676 3563 quid
706 3505 837 3557 ergo
868 3503 1178 3559 peccamus,
1211 3485 1473 3556 quidquid
1504 3483 1595 3539 die
1622 3494 1678 3540 et
1718 3495 1883 3540 nocte
1905 3482 2154 3548 facimus,

539 3595 595 3642 et
621 3585 889 3640 malorum
920 3597 1147 3652 operum
1179 3590 1581 3651 perpetraturus,
1619 3578 1905 3648 imperium
1934 3586 2017 3632 est
2040 3574 2154 3630 dte-

539 3693 785 3745 monum,
835 3675 926 3748 qui
977 3689 1274 3746 numquam
1323 3673 1482 3728 nobis
1529 3671 1661 3726 dant
1724 3671 1995 3741 requiem,
2057 3667 2156 3724 sed

535 3789 758 3844 semper
792 3770 1080 3842 impellunt
1111 3767 1326 3824 delictis
1361 3781 1561 3838 augere
1587 3765 1811 3830 delicta,
1859 3774 1914 3819 et
1960 3778 2154 3818 cumu-

540 3869 654 3924 lum
685 3867 865 3923 laeere
898 3873 1268 3934 peccatorum.

615 3959 815 4033 (Vers.
861 3957 952 4020 14,
988 3956 1103 4028 15.)
1139 3954 1425 4024 Propterea
1467 3969 1584 4008 ecce
1613 3951 1723 4005 dies
1752 3949 1981 4011 veniunt,
2030 3946 2157 4002 dicit

542 4052 820 4112 Dominus.
851 4060 898 4105 et
932 4066 1036 4104 non
1076 4057 1102 4085 α
1135 4049 1333 4102 dicetur
1363 4044 1543 4100 ultra:
1581 4043 1719 4098 Vivit
1762 4042 2037 4105 Dominus,
2068 4041 2158 4111 qui

539 4146 724 4204 eduxit
746 4143 886 4217 ﬁlios
913 4141 1084 4198 Israel
1101 4142 1164 4194 de
1191 4153 1330 4196 terra
1357 4137 1615 4210 Egypti;
1644 4137 1734 4192 sed
1745 4181 1758 4201 ,
1799 4135 1936 4190 Vivit
1970 4132 2156 4187 Domi-

544 4256 664 4306 nus,
695 4239 784 4309 qui
805 4236 981 4290 eduxit
1010 4232 1148 4304 ﬁlios
1178 4231 1344 4287 Israel
1371 4231 1437 4286 de
1485 4238 1626 4284 terra
1661 4228 1957 4298 Aquilonis,
2003 4235 2051 4280 et
2093 4226 2159 4279 de

544 4331 794 4386 universis
824 4329 976 4382 terris
995 4325 1064 4380 ad
1090 4342 1216 4393 quas
1246 4326 1373 4398 ejeci
1395 4321 1504 4389 eos,
1527 4331 1576 4378 et
1596 4322 1840 4377 reducam
1861 4337 1947 4375 eos
1974 4321 2026 4375 in
2055 4327 2159 4374 ter-

544 4440 660 4478 ram
687 4438 834 4477 suam
864 4436 1019 4490 quam
1039 4417 1162 4473 dedi
1185 4417 1416 4488 patribus
1436 4432 1632 4472 eorum.
1665 4413 1950 4472 Manifeste
1980 4411 2156 4468 futura

545 4515 731 4588 populi
765 4513 930 4569 Israel
955 4512 1226 4568 restitutio
1259 4511 1594 4580 priedicitur,
1629 4521 1682 4565 et
1712 4519 1830 4577 post
1871 4508 2160 4577 captivita-

549 4620 660 4666 tem
696 4607 1106 4671 misericordia;
1131 4622 1250 4678 qua!
1277 4605 1429 4675 juxta
1462 4602 1696 4658 litteram
1728 4601 1830 4657 sub
1851 4600 2157 4656 Zoroliabel

2264 3397 2426 3459 tolos,
2453 3400 2651 3470 quibus
2679 3399 2936 3454 Salvator
2965 3399 3149 3454 dixit:
3192 3397 3366 3456 Venite
3392 3409 3508 3472 post
3554 3413 3656 3465 me,
3701 3407 3750 3451 et
3787 3399 3864 3467 [a-

2259 3495 2394 3550 ciam
2421 3510 2508 3548 vos
2529 3495 2645 3565 ﬁeri
2669 3496 2953 3564 piscatores
2977 3494 3250 3551 hominum
3280 3493 3508 3564 (Manli.
3539 3509 3612 3556 iv,
3642 3490 3768 3562 i9).
3809 3489 3867 3547 Et

2260 3601 2450 3658 postea
2480 3600 2790 3651 venatores,
2838 3604 2977 3660 quos
3014 3589 3101 3644 vel
3131 3586 3541 3648 eccle-iasticos
3589 3591 3756 3652 viros,
3787 3585 3865 3640 vel

2258 3682 2500 3752 Angelos
2538 3697 2831 3750 possumus
2855 3687 3127 3753 accipere,
3171 3681 3262 3753 qui
3297 3692 3584 3752 postquam
3613 3695 3865 3747 consum-

2259 3774 2519 3830 mationis
2562 3784 2780 3839 tempus
2809 3775 3116 3842 advenerit,
3148 3785 3419 3830 venentur
3449 3787 3678 3830 sanctos
3707 3776 3865 3844 quos-

2260 3884 2367 3940 que
2391 3868 2458 3924 de
2491 3868 2768 3924 montibus
2798 3867 3112 3933 dogmatum
3142 3868 3511 3934 excelsornm,
3541 3876 3598 3924 et
3627 3867 3697 3922 de
3721 3864 3869 3922 colli-

2261 3960 2360 4016 bus
2415 3962 2680 4016 bonorutn
2727 3977 2980 4030 operum,
3036 3971 3088 4019 et
3140 3961 3212 4018 de
3257 3960 3511 4018 cavernis
3569 3969 3866 4030 petrarum,

2260 4055 2546 4124 Apostolis
2571 4064 2628 4110 et
2655 4055 2975 4124 apostolicis
3004 4056 3162 4111 viris.
3190 4054 3308 4110 Non
3333 4059 3509 4110 solum
3533 4055 3680 4112 enim
3722 4051 3868 4110 Chri-

2261 4159 2378 4204 stus
2409 4157 2582 4217 petra,
2623 4149 2718 4203 sed
2749 4159 2805 4205 et
2835 4148 3084 4217 apostolo
3109 4147 3275 4222 955
3307 4149 3472 4202 Petro
3512 4147 3762 4214 donavit,
3814 4153 3868 4201 ut

2260 4251 2549 4298 vocaretur
2578 4243 2735 4298 Petra
2768 4241 2822 4315 (l
2849 4239 2969 4299 Cor.
3015 4258 3070 4308 ι,
3105 4241 3260 4296 Matt.
3297 4239 3444 4314 xvi).
3478 4241 3536 4297 In
3569 4243 3730 4309 cujus
3746 4255 3868 4298 sen-

2257 4336 2410 4392 sibus
2433 4337 2866 4404 reqnieseentes,
2898 4344 3046 4392 recte
3073 4334 3333 4391 dicuntur
3366 4334 3619 4392 translati
3645 4351 3768 4392 esse
3802 4333 3866 4391 de

2260 4439 2436 4499 petra.
2465 4429 2828 4500 Ostenditque
2863 4429 2948 4486 vel
2983 4428 3294 4498 Apostolos,
3322 4428 3407 4483 vel
3437 4443 3536 4484 eos
3555 4431 3648 4500 qui
3686 4438 3866 4499 pusum

2263 4531 2288 4560 ο
2312 4523 2490 4576 venati
2515 4531 2662 4582 sum.
2687 4521 2944 4577 habuisse
2969 4531 3213 4592 peccata,
3238 4529 3292 4575 et
3319 4521 3599 4591 recepisse
3627 4520 3868 4592 duplices

2267 4615 2584 4687 iniquitates
2629 4631 2780 4671 suas.
2829 4615 3036 4670 Servus
3079 4615 3226 4670 enim
3255 4614 3344 4686 qui
3386 4615 3490 4669 scit
3535 4615 3866 4669 voluntatem

549 4700 746 4760 etJesn
767 4697 1033 4754 Pontilice
1055 4708 1110 4753 et
1130 4698 1266 4752 Ezra
1297 4713 1362 4752 ex
1388 4707 1545 4767 parte
1572 4695 1842 4762 completa
1862 4704 1949 4749 est
1973 4693 2155 4762 :jnxta

2263 4710 2465 4766 domini
2517 4711 2624 4778 sui,
2674 4721 2730 4766 et
2779 4725 2884 4765 non
2941 4709 3070 4766 facit
3119 4725 3266 4774 eam,
3319 4707 3600 4775 vapulabit
3646 4710 3868 4764 multum

548 4791 975 4862 intelligentiam
1007 4791 1345 4859 spiritualem
1374 4792 1558 4845 verius
1584 4801 1747 4861 atque
1779 4787 2072 4857 perfectius
2098 4787 2152 4843 in

547 4886 767 4945 Christo
795 4883 1115 4953 complenda
1141 4881 1311 4955 954
1332 4882 1680 4938 tleSt‘l‘iltllllr.
1712 4879 1924 4948 Veniet,
1951 4879 2151 4950 inquit,

549 4993 764 5050 tempus
812 4976 1031 5050 quando
1085 4991 1422 5046 nequaquam
1465 4977 1701 5039 dicetur,
1734 4975 1877 5044 quod
1921 4974 2156 5046 potiulus

545 5077 806 5133 reduetus
838 5073 910 5127 sit
957 5071 1027 5126 de
1056 5068 1298 5142 Egypto
1338 5085 1434 5137 per
1471 5069 1691 5141 Moysen
1721 5080 1775 5124 et
1819 5069 2026 5128 Aaron.
2056 5067 2153 5122 sed

546 5169 806 5226 reduetus
853 5165 921 5220 de
971 5175 1114 5219 terra
1161 5161 1469 5226 Aquilonis,
1511 5163 1661 5232 Cyro
1691 5176 1820 5228 rege
1863 5160 2151 5215 Pt-rSarnm

547 5265 765 5320 laxante
795 5261 1064 5331 captivos.
1099 5255 1164 5311 Et
1187 5257 1252 5309 de
1272 5256 1539 5319 universis,
1565 5257 1758 5324 inquit,
1789 5260 1940 5309 terris
1963 5273 1982 5309 :
2006 5254 2152 5326 quod

546 5373 888 5428 nequaquam
919 5355 1044 5424 Cyri
1079 5364 1346 5420 tempore,
1377 5347 1471 5402 sed
1503 5347 1692 5401 ultimo
1722 5348 1828 5402 line
1855 5349 2152 5416 complebi-

547 5461 659 5516 tur,
692 5453 911 5506 dicente
936 5447 1244 5518 Apostolo:
1277 5444 1562 5515 Postquam
1585 5442 1946 5499 sabintraverit
1986 5444 2154 5514 pleni-

548 5545 675 5598 tudo
700 5545 948 5617 gentium,
973 5552 1092 5596 tunc
1113 5540 1276 5594 omnis
1316 5537 1487 5592 Israel
1511 5534 1683 5591 salvus
1728 5537 1814 5606 ﬁet
1847 5538 1862 5605 (
1891 5537 2041 5591 Rom.
2073 5554 2148 5606 si,

547 5636 642 5705 25,
669 5637 794 5707 i6).
828 5637 1126 5692 Possumus
1152 5634 1255 5690 boc
1296 5644 1351 5690 et
1391 5633 1461 5688 de
1505 5631 1996 5703 persecutionibus,
2029 5650 2150 5706 qua:

621 5830 645 5857 ⁸
687 5820 806 5874 Duo
834 5833 993 5887 mss.,
1024 5827 1073 5873 et
1099 5834 1202 5872 non
1221 5817 1412 5877 dicent.
1446 5815 1566 5878 vit-it
1589 5811 1868 5878 Dominus,
1898 5823 2004 5871 etc.

619 5889 646 5934 λ’
687 5889 854 5950 Iidem
888 5906 1046 5954 mss.,
1076 5905 1236 5958 usque
1265 5887 1335 5942 ad
1365 5887 1680 5944 Maximiani
1705 5894 1952 5958 tempora.

2256 4803 2427 4874 (Luc.
2460 4805 2582 4873 xu).
2620 4803 3028 4873 Scienduinque
3066 4803 3215 4874 quod
3249 4801 3300 4855 in
3331 4801 3604 4857 HebraiCo
3636 4804 3867 4871 positum

2255 4897 2347 4955 sit.
2378 4897 2626 4969 primunt,
2666 4906 2722 4952 et
2763 4897 2818 4951 in
2865 4896 3222 4968 Septuaginta
3255 4895 3500 4952 editione
3531 4896 3866 4966 pra'termis-

2255 5005 2398 5046 sum.
2431 4990 2663 5056 Quando
2691 4999 2875 5044 autem
2905 4989 3074 5045 dicit:
3108 4989 3346 5046 Reddum
3386 4991 3614 5058 primunt.
3641 4991 3869 5061 duplices

2257 5083 2580 5155 iniquitates,
2605 5091 2652 5138 et
2679 5093 2888 5150 peccata
2912 5100 3112 5140 eorum.
3140 5085 3510 5149 subostendit,
3542 5085 3686 5154 and
3717 5095 3866 5157 post-

2258 5193 2420 5248 quam
2454 5177 2763 5244 receperint
2809 5177 2974 5242 mala,
3009 5178 3276 5248 recepturi
3325 5178 3434 5232 sint
3473 5187 3530 5230 el.
3580 5176 3747 5233 bona.
3803 5174 3870 5231 Hi

2259 5277 2439 5322 autem
2458 5267 2548 5338 qui
2571 5278 2758 5337 p05tea
2778 5270 3146 5324 transferendi
3176 5279 3322 5330 sunt.
3349 5273 3869 5323 contaminaverunt

2257 5371 2460 5416 terrain
2495 5360 2710 5416 Domini
2767 5362 2821 5417 in
2872 5365 3176 5418 morticinis
3214 5362 3480 5418 idolorum
3520 5378 3766 5430 suorum,
3814 5369 3868 5417 et

2256 5454 2756 5509 abolitiitatiouibus
2787 5456 2901 5509 suis
2934 5456 3293 5524 impleverunt
3321 5455 3700 5512 Ita-reditatt-m
3725 5457 3861 5526 ejus,

2256 5557 2316 5600 ut
2351 5546 2531 5601 omnis
2562 5546 2795 5601 mundus
2823 5547 3076 5602 subditus
3107 5549 3199 5602 fiat
3240 5547 3354 5602 Deo
3380 5567 3394 5604 :
3437 5559 3492 5603 et
3525 5563 3864 5622 nequaquam

2253 5653 2354 5696 suo
2377 5643 2594 5710 merito,
2619 5641 2715 5698 sed
2741 5642 2884 5698 illius
2907 5643 3282 5700 misericordia
3306 5655 3689 5701 conservetur.
3709 5639 3865 5713 Quod

2337 5832 2358 5860 ο
2401 5819 2554 5879 Haud
2582 5831 2733 5888 recte
2747 5821 3228 5890 obtinebatantea,
3258 5822 3481 5879 venandi
3503 5831 3646 5878 sunt.
