4080 6326
289 325 396 383 789

775 325 1428 386 COMMENTARIORUM
1469 328 1536 384 ΙΝ
1576 323 1928 386 JEREMIAM
1969 327 2396 388 PROPHETAM
2437 332 2567 387 LIB.
2611 331 2700 388 ill.
2745 331 2900 388 CAP.
2940 332 3104 390 XVII.

3484 331 3588 388 790

291 455 387 510 est,
409 441 526 515 quis
545 439 1442 516 coquosceteum?e1980c.otera
1458 437 1891 501 similiterNer—
1923 447 1962 505 Α
1997 441 2210 510 leverit,
2249 445 2468 503 avolare
2494 441 2564 503 ab
2585 461 2682 514 eo,
2733 453 2790 504 et
2826 448 3060 503 alienum
3101 459 3384 520 parentem
3419 447 3589 506 relin-

292 538 420 593 bum
463 537 788 593 llebraicunt
823 537 1014 608 (unm)
1047 553 1178 594 suos
1208 551 1444 613 quatuor
1473 537 1665 595 litteris
1696 539 1892 595 scribi-

289 635 399 700 tur,
419 643 596 685 ALEPH
617 641 669 685 et
696 644 801 686 nun
831 639 884 685 et
910 647 1008 686 van
1032 642 1085 686 et
1105 647 1207 686 sm.
1236 632 1290 686 Si
1316 629 1482 703 igitur
1505 632 1714 704 legatur
1735 647 1888 704 suos,

291 723 444 778 homo
469 723 688 789 dicitur,
723 721 766 779 si
794 733 974 780 autem
1003 740 1158 789 suos,
1190 725 1542 793 inscrutabile,
1569 728 1685 784 sive
1707 728 1890 801 despe-

290 813 456 870 rabile
489 834 507 870 :
533 832 600 872 eo
629 816 771 888 quod
806 819 986 872 nullus
1011 833 1106 875 cor
1138 818 1420 875 hominum
1452 821 1631 876 valeat
1681 821 1894 878 inveni-

293 924 374 964 re.
406 901 770 983 Symmachus
803 925 933 966 vero
966 911 1111 967 hunc
1155 915 1330 969 locum
1382 915 1454 970 ita
1501 915 1892 985 interpretatus

290 1012 375 1059 est
409 1022 421 1058 :
460 1001 814 1060 Inscrutabilc
841 1021 931 1060 cor
959 1007 1189 1061 omnium
1219 1023 1238 1062 :
1265 1007 1344 1062 vir
1366 1019 1537 1063 autent
1566 1007 1681 1080 quis
1706 1021 1781 1064 est
1804 1009 1894 1081 qui

290 1097 520 1152 inveniat
550 1097 734 1152 illud?
762 1097 951 1154 Solent
991 1107 1016 1136 ⁵
1055 1100 1273 1171 quidant
1323 1099 1536 1171 nostri,
1580 1101 1725 1158 bono
1766 1104 1890 1174 qui-

292 1192 415 1247 dem
443 1202 593 1261 voto,
627 1194 724 1250 sed
755 1209 864 1250 non
893 1195 1193 1251 secundum
1219 1195 1626 1264 scientiam,uti
1653 1198 1893 1254 hoeloco

292 1291 485 1337 contra
513 1281 753 1349 .iudteos,
789 1287 936 1355 quod
967 1285 1130 1341 homo
1157 1287 1232 1342 sit
1272 1286 1534 1342 Dominus
1566 1297 1731 1357 atque
1775 1287 1894 1343 Sai-

293 1383 475 1439 vator,
510 1376 812 1433 secundum
845 1378 1318 1448 dispensationem
1352 1379 1530 1434 carnis
1574 1387 1891 1451 asmmptm,

292 1469 586 1542 nullusque
613 1469 1104 1542 possitnativitatis
1123 1474 1244 1541 ejus
1273 1475 1418 1530 scire
1445 1473 1789 1545 mysterium,
1807 1489 1895 1529 se-

289 1564 530 1618 cundtttn
565 1563 701 1619 illud
729 1563 873 1634 quod
900 1566 1168 1636 scriptum
1203 1575 1285 1622 est
1321 1563 1756 1621 :Generationem
1779 1567 1892 1638 ejus

289 1658 405 1728 quis
433 1656 698 1712 enarrabit
721 1655 876 1730 (Isat'.
909 1672 1025 1728 LIII,
1050 1657 1155 1730 8)?
1187 1657 1291 1714 nisi
1315 1660 1468 1714 solus
1503 1660 1644 1715 Deus
1687 1660 1777 1730 qui
1805 1670 1894 1713 ar-

291 1767 424 1806 cana
455 1751 709 1817 rimatur,
744 1760 798 1807 et
825 1751 1004 1806 reddit
1038 1751 1334 1823 unicuique
1381 1752 1682 1809 secundum
1724 1767 1892 1823 opera

293 1862 418 1901 sua.
461 1843 654 1902 Melius
684 1859 866 1901 autent
907 1853 1031 1914 est,
1063 1854 1122 1900 ιιι
1154 1845 1481 1915 simpliciter
1521 1845 1853 1919 accipiamus
1878 1887 1894 1915 ,

298 1936 442 2012 quod
473 1940 656 1996 nullus
684 1940 1080 2011 cogitationum
1109 1949 1324 1995 secreta
1349 1947 1644 2010 cognoscat
1669 1938 1772 1994 nisi
1803 1956 1896 1993 so-

292 2034 378 2090 lus
412 2034 555 2090 Dens
582 2053 594 2088 :
623 2033 844 2089 dixerat
885 2033 1028 2089 enim
1064 2049 1262 2104 supra:
1290 2031 1604 2088 Maledictus
1623 2031 1778 2088 homo
1803 2035 1893 2104 qui

295 2144 438 2198 spem
471 2127 621 2182 habet
643 2127 694 2181 in
727 2125 955 2182 homine.
991 2125 1059 2182 Et
1085 2143 1114 2183 e
1145 2128 1422 2182 contrario
1453 2146 1464 2181 ε
1495 2126 1894 2184 Bettedictusvir

294 2221 385 2292 qui
421 2219 638 2291 conﬁdit
669 2221 722 2275 in
751 2219 993 2274 Domino.
1021 2215 1175 2275 Unde
1221 2236 1289 2276 tte
1335 2219 1616 2276 hominum
1667 2229 1890 2292 putare-

304 2327 424 2368 mus
453 2321 666 2368 certum
696 2329 818 2368 esse
839 2309 1102 2383 Judicium
1125 2354 1142 2380 ,
1175 2309 1388 2384 intulit,
1421 2314 1662 2369 omnium
1697 2329 1892 2384 prope-

299 2407 520 2462 modum
549 2407 714 2462 corda
743 2421 869 2462 esse
893 2421 1178 2478 perversa,
1211 2406 1424 2463 dicente
1455 2407 1740 2462 Psaltnista
1770 2425 1782 2460 :
1816 2404 1890 2462 Ab

295 2499 516 2553 occultis
538 2499 664 2552 meis
695 2498 891 2552 munda
918 2515 1020 2566 me,
1052 2509 1101 2553 et
1125 2498 1189 2552 ab
1214 2499 1398 2553 alienis
1441 2515 1595 2568 parce
1632 2515 1778 2554 serra
1806 2508 1894 2552 tuo

296 2589 473 2661 (Psai.
506 2604 662 2658 svnt,
689 2587 779 2660 15)
811 2607 826 2644 :
853 2589 996 2645 haud
1027 2589 1251 2645 dubium
1285 2590 1416 2660 quin
1448 2589 1888 2660 cogitationibus.

298 2685 366 2740 Et
393 2687 445 2739 itt
474 2685 674 2741 Genesi
707 2705 718 2738 :
754 2683 950 2740 Videris
980 2692 1151 2738 autem
1182 2677 1324 2737 Deus
1347 2683 1489 2754 quod
1537 2681 1704 2737 multa
1740 2681 1893 2736 ntali-

295 2779 369 2832 tia
415 2777 689 2832 hominum
732 2787 862 2832 esset
891 2779 946 2832 in
969 2783 1128 2840 terra,
1161 2785 1208 2831 et
1237 2783 1425 2830 cuncta
1448 2775 1692 2846 cogitatio
1721 2775 1892 2831 cordis

294 2875 490 2929 intenta
518 2884 646 2928 esset
675 2874 744 2926 ad
771 2874 967 2927 malum
1000 2872 1140 2926 omni
1178 2881 1401 2944 tempore
1425 2869 1641 2939 (Cenes.
1685 2886 1734 2924 VI
1762 2914 1777 2938 ,
1811 2871 1888 2941 5).

296 2967 364 3022 Et
385 2968 586 3022 iterum
624 2983 636 3019 :
667 2965 866 3022 Sensus
897 2965 1031 3020 enim
1057 2967 1104 3018 et
1125 2965 1370 3034 cogitatio
1402 2963 1615 3016 humani
1639 2961 1891 3017 curdisab

293 3059 651 3114 adolescentia
674 3073 768 3112 sua
791 3074 954 3128 pruna
973 3071 1090 3112 sunt
1117 3057 1173 3110 in
1189 3056 1381 3110 malum
1398 3054 1606 3127 (Cenes.
1633 3069 1744 3124 vttt,
1769 3054 1887 3126 2i).

294 3152 398 3207 Per
417 3167 541 3222 quin
584 3151 848 3206 discimus
886 3152 1062 3210 solum
1101 3149 1272 3204 Deum
1323 3161 1488 3206 nosse
1530 3148 1888 3218 cogitationes

1995 556 2184 610 quere.
2209 535 2591 610 llujttscemodi
2612 539 2809 600 divites
2835 543 3089 615 sunt,qui
3105 545 3279 601 aliena
3298 539 3584 616 diripiunt,

1995 646 2049 691 et
2075 637 2278 707 absque
2306 635 2636 708 cogitatione
2670 633 2776 711 [ΑΙ.
2811 637 3224 714 recogitatione]
3248 633 3438 710 judicii
3464 633 3587 706 Dei,

1996 730 2201 785 faciunt
2233 731 2453 786 divitias
2484 747 2589 786 non
2621 747 2742 788 cum
2769 733 3144 804 judicio,qttas
3168 735 3218 788 in
3248 734 3431 791 medio
3458 741 3591 788 tem-

1995 838 2130 894 pore
2159 823 2495 895 relinquunt,
2529 826 2705 881 subita
2738 838 2913 881 morte
2941 823 3202 883 subtracti
3225 823 3595 899 [ALsubstra-

1992 915 2079 989 ti],
2110 915 2328 986 quando
2364 915 2567 972 dicitur
2609 919 2689 973 eis
2721 935 2736 974 :
2771 913 2944 975 Stulte
2972 962 2986 987 ,
3033 915 3133 974 hac
3173 927 3322 974 nocte
3358 928 3592 988 repetent

1995 1011 2224 1064 animam
2248 1021 2392 1066 tuam
2419 1029 2451 1066 a
2483 1022 2549 1080 te,
2573 1028 2688 1084 quas
2717 1021 2888 1067 autent
2908 1009 3242 1085 prwparasti,
3271 1017 3419 1087 cujus
3442 1023 3594 1069 erunt

1997 1099 2152 1176 (Luc.
2187 1117 2286 1169 xtt,
2316 1101 2459 1174 20)?
2506 1103 2751 1175 nihilque
2805 1101 3156 1176 insipientius
3191 1147 3206 1174 ,
3271 1121 3433 1176 quam
3479 1119 3591 1160 non

1999 1193 2290 1266 providere
2339 1195 2631 1251 novissima
2662 1239 2676 1263 ,
2730 1205 2785 1252 et
2840 1195 3026 1253 brevia
3065 1207 3258 1269 putare
3311 1209 3590 1270 perpetua.

1995 1285 2105 1342 Alii
2147 1303 2278 1343 vero
2309 1299 2362 1344 et
2392 1298 2618 1360 propter
2651 1287 2991 1360 superiorem
3019 1289 3301 1348 historiam
3330 1336 3344 1362 ,
3377 1301 3432 1348 et
3463 1307 3592 1364 pro-

1998 1391 2118 1451 pter
2146 1379 2373 1438 alteram
2397 1399 2498 1453 qua
2529 1383 2748 1446 dicunt,
2776 1381 3052 1453 perdicem
3097 1399 3219 1440 esse
3253 1385 3594 1457 pugnacissi-

2000 1492 2144 1530 mum
2173 1486 2226 1532 et
2250 1475 2611 1542 immundum,
2637 1473 2713 1531 ita
2738 1485 2796 1532 ut
2818 1475 3021 1533 victum
3046 1477 3278 1548 polluat,
3313 1475 3593 1534 diabolum

1999 1569 2100 1624 sub
2123 1567 2242 1640 ejus
2272 1568 2494 1624 nomine
2521 1568 2989 1638 interpretantur,
3046 1569 3192 1640 quod
3229 1571 3437 1625 alienas
3487 1569 3593 1626 sibi

1998 1661 2222 1717 divitias
2248 1661 2598 1734 congregarit
2625 1663 2817 1718 dicens
2848 1657 2914 1717 ad
2959 1662 3250 1719 Dominum
3279 1682 3291 1718 :
3328 1661 3452 1719 Haec
3483 1679 3596 1718 ont-

1996 1755 2086 1810 nia
2109 1755 2201 1809 tibi
2227 1754 2384 1819 dabo,
2409 1755 2454 1810 si
2477 1754 2667 1810 cadens
2692 1755 2992 1811 adaraveris
3020 1772 3102 1811 me
3143 1751 3360 1830 (Matth.
3407 1771 3485 1824 Iv,
3511 1757 3593 1830 9).

1930 1832 1974 1901 Β
2003 1850 2176 1917 Quem
2207 1849 2519 1921 relinquent
2541 1849 2746 1905 divitia:
2778 1863 2913 1916 suae,
2943 1865 3064 1921 qua:
3104 1851 3244 1906 male
3266 1845 3334 1906 ab
3357 1865 3426 1906 eo
3469 1845 3599 1920 itte-

1997 1951 2122 1999 rant
2158 1953 2536 2014 congregem;
2589 1951 2646 1998 et
2703 1959 2800 2013 per
2855 1942 3155 2014 Apostolus
3203 1951 3602 1999 convertentur

2003 2034 2112 2107 [ΑΙ.
2142 2034 2515 2107 revertentur]
2551 2034 2618 2090 ad
2662 2035 2951 2090 Dominum
2987 2053 3000 2088 :
3031 2045 3086 2090 et
3116 2036 3208 2106 qui
3238 2035 3339 2091 sibi
3378 2035 3602 2092 videba-

2001 2136 2088 2182 tur
2113 2141 2238 2183 esse
2265 2128 2746 2199 prudentissimus,
2771 2128 2879 2182 erit
2919 2128 3166 2183 omnium
3202 2127 3413 2198 judicio
3464 2125 3601 2184 insi-

1998 2222 2172 2291 pietts.
2205 2221 2472 2292 Quodque
2491 2235 2520 2273 tt
2546 2220 2693 2276 LXX
2729 2219 2932 2276 dicitur
2957 2235 2968 2275 :
2997 2219 3258 2276 Clamavit
3286 2220 3494 2291 perdix,
3528 2221 3597 2277 ad

1999 2315 2382 2371 haereticorum
2418 2327 2706 2384 personam
2738 2314 3088 2370 referendum
3117 2321 3238 2380 est,
3269 2314 3413 2384 quod
3474 2329 3599 2383 per.

1996 2408 2090 2463 dix
2122 2407 2224 2463 iste
2247 2406 2503 2462 diabolus
2530 2407 2848 2461 clamaverit
2879 2419 2973 2475 per
3006 2405 3279 2475 principes
3307 2404 3601 2460 haeretico-

1997 2515 2138 2565 rum,
2159 2499 2642 2568 etcongregaverit
2662 2511 2782 2569 quae
2802 2511 2909 2552 non
2923 2497 3159 2568 peperit,
3175 2505 3228 2552 et
3245 2496 3596 2567 deceptorum

1995 2591 2103 2648 sibi
2131 2590 2540 2646 multitudinem
2569 2591 2943 2660 congregarit,
2970 2601 3090 2659 quae
3131 2598 3318 2659 postea
3361 2589 3602 2644 dimittat

1994 2702 2117 2743 eum
2149 2703 2162 2741 :
2193 2693 2247 2740 et
2269 2685 2510 2740 omnium
2537 2684 2744 2754 judicio
2769 2682 3130 2740 stultissimus
3155 2682 3564 2764 comprobetur.

2067 2779 2246 2846 (Vers.
2275 2777 2362 2843 ιιι,
2381 2776 2497 2847 15.)
2522 2774 2731 2832 Solium
2749 2776 2931 2849 gloria:
2950 2773 3242 2830 altitudinis
3257 2787 3290 2827 α
3311 2773 3597 2844 principio,

1995 2873 2140 2928 locus
2171 2870 2606 2941 sanctiﬁcationis
2648 2879 2860 2924 nostris.
2893 2867 3228 2942 Exspectatio
3273 2865 3462 2933 Israel,
3489 2864 3601 2920 Da-

1992 2967 2152 3032 mius,
2180 2981 2356 3020 omnes
2386 2965 2476 3036 qui
2506 2973 2554 3019 te
2589 2963 2970 3032 derelinquunt,
3015 2961 3420 3028 confundent",
3460 2973 3600 3014 rece-

1993 3060 2190 3125 dentes,
2220 3067 2242 3096 °
2264 3059 2318 3112 in
2335 3066 2472 3112 terra
2486 3055 2774 3111 scribentur
2785 3053 2895 3128 (Al.
2920 3050 3301 3125 describantur]
3320 3065 3338 3118 ,°
3356 3049 3601 3122 quoniam

1993 3153 2373 3222 dereliquerunt
2395 3167 2578 3206 venam
2609 3149 2759 3223 (sive
2787 3147 3016 3221 fontem)
3039 3159 3295 3220 aquarum
3324 3145 3601 3200 uisentium

294 3258 506 3298 eorum.
536 3242 594 3298 Si
625 3250 806 3296 autem
831 3241 897 3296 de
916 3240 1199 3298 Salvatore
1226 3239 1423 3296 dicitur
1451 3257 1466 3295 :
1506 3237 1694 3293 Videas
1715 3248 1891 3294 autem
1916 3234 1963 3298 C
2000 3241 2294 3296 Dominum.
2325 3237 2553 3298 Perdice
2576 3248 2798 3310 propter
2821 3251 2971 3292 suam
2991 3234 3280 3290 stultitiam
3305 3230 3596 3299 derelicta,

290 3336 631 3408 sagitationes
657 3349 835 3390 eorum
866 3335 1016 3389 Iesus
1041 3333 1194 3406 (Luc.
1229 3347 1306 3400 tit,
1335 3334 1448 3404 i7);
1483 3331 1773 3405 nullusque
1796 3347 1892 3406 po-

291 3437 399 3485 test
426 3427 612 3484 videte
642 3428 1002 3498 cogitationes
1018 3441 1232 3494 eorum,
1260 3425 1364 3482 nisi
1391 3425 1541 3482 solus
1563 3425 1736 3492 Deus;
1761 3439 1893 3497 ergo

293 3519 548 3577 Christus
582 3520 725 3576 Deus
748 3527 854 3588 est,
887 3520 982 3590 qui
1017 3527 1292 3574 scrutatur
1333 3518 1531 3586 corda,
1593 3528 1648 3574 et
1701 3519 1893 3588 probat

295 3631 493 3680 renes;
521 3626 572 3671 et
594 3615 770 3670 reddit
789 3613 1248 3685 tttticuiqnejuxta
1276 3629 1440 3685 opera
1466 3627 1562 3669 sua
1586 3611 1888 3686 (Psal.vn).

362 3711 549 3784 (Vers.
583 3708 697 3780 il.)
728 3709 924 3765 Perdis:
949 3709 1078 3779 fovit
1101 3709 1240 3782 (sive
1263 3707 1618 3780 congregavit)
1643 3719 1759 3780 quis
1786 3723 1890 3762 non

293 3805 510 3877 peperit.
535 3802 633 3874 (Et
667 3812 724 3857 ut
757 3801 897 3857 LXX
927 3801 1363 3858 transtulerunt:
1388 3798 1644 3855 Clamavit
1683 3800 1890 3872 perdix,

293 3898 630 3972 congregavit
663 3911 779 3966 qua:
810 3911 914 3950 non
945 3895 1196 3968 peperit.)
1236 3892 1381 3948 Fecit
1421 3894 1629 3948 divitias
1669 3909 1792 3952 suas
1825 3893 1894 3966 [Α

301 3990 629 4060 Vulg.abest
659 3986 803 4061 suas]
830 4003 933 4041 non
959 4003 1073 4040 cunt
1096 3986 1323 4059 judicio.
1363 3984 1428 4038 In
1457 3984 1672 4039 dimidio
1693 3985 1896 4040 dierum

293 4099 509 4138 suorum
539 4082 796 4153 relinquet
824 4097 912 4135 eos
936 4078 1076 4152 (sive
1103 4081 1156 4133 in
1186 4078 1405 4134 dimidio
1436 4079 1640 4134 dierum
1669 4082 1782 4152 ejus
1812 4097 1894 4136 re-

293 4178 529 4249 linquent
554 4176 692 4247 cum)
715 4185 764 4229 et
787 4175 842 4229 in
867 4175 1144 4229 nouissimo
1165 4189 1260 4228 suo
1299 4174 1394 4228 erit
1423 4173 1897 4254 iusipiensxéiunt

292 4268 603 4352 Scriptores
637 4266 1191 4344 naturaiisltistorize,
1219 4267 1669 4336 tatrtbestiarum
1716 4277 1771 4324 et.
1799 4260 1937 4325 vo?"

295 4345 533 4431 nimii,
561 4345 724 4434 quam
747 4361 1005 4438 arborum
1031 4360 1431 4434 herharutnque
1462 4361 1719 4432 (quorum
1744 4363 1894 4433 prin-

291 4444 1011 4527 cip'és‘s‘uii't'aipudcrzrcus,
1037 4454 1361 4540 aristoteles
1379 4463 1434 4538 et
1455 4451 1890 4530 Theophrastus,

293 4551 437 4621 apud
454 4565 554 4604 nos
567 4549 772 4605 Plinius
795 4545 1127 4618 Secundus),
1145 4546 1285 4602 hanc
1305 4545 1328 4586 ιι
1346 4548 1580 4618 perdicis
1599 4563 1719 4605 esse
1731 4552 1893 4626 961

1995 3334 2337 3406 exspectatio
2371 3334 2562 3401 Israel,
2596 3335 2648 3389 id
2679 3340 2784 3400 est,
2816 3332 2997 3402 populi
3029 3331 3126 3386 Det
3157 3339 3214 3386 ot
3243 3327 3523 3384 credentis
3543 3326 3602 3382 in

1999 3431 2249 3499 Domino,
2278 3432 2394 3501 ipse
2423 3440 2506 3485 est
2533 3432 2624 3500 qut
2655 3427 2782 3484 iecit
2811 3427 3033 3482 omnia:
3068 3425 3226 3495 cuius
3254 3423 3450 3478 solium
3479 3419 3599 3492 glo-

1998 3527 2203 3580 riosum
2242 3532 2328 3578 est
2349 3532 2404 3579 et
2426 3521 2702 3578 excelsum
2728 3531 2758 3575 a
2785 3519 3076 3590 principio,
3104 3517 3366 3586 locusque
3389 3508 3600 3571 sancti-

1998 3615 2267 3671 licationis
2309 3615 2553 3669 omnium
2600 3610 2968 3675 credentium,
3021 3617 3080 3663 ut
3125 3621 3234 3662 non
3271 3605 3327 3662 in
3377 3605 3500 3659 loco
3529 3603 3602 3668 ιιι

1999 3711 2280 3776 Dominus,
2315 3703 2410 3764 sed
2443 3717 2499 3762 ut
2531 3706 2623 3762 ubi
2673 3703 2765 3764 ille
2796 3701 2981 3771 fuerit,
3031 3702 3185 3756 locus
3229 3698 3599 3756 sanotliieatus

1997 3803 2088 3859 sit.
2120 3801 2164 3856 E
2194 3801 2472 3857 contrario
2497 3799 2591 3868 qui
2618 3797 3007 3867 derelinquunt
3032 3794 3346 3858 Dominam,
3371 3793 3599 3848 confun-

1995 3895 2196 3952 detttur
2226 3891 2549 3949 confusione
2583 3899 2868 3961 perpetua,
2900 3897 2960 3945 et
2991 3886 3335 3952 recedentes,
3361 3885 3477 3941 sive
3504 3885 3600 3941 do-

1995 3991 2266 4046 clinantes
2293 3989 2360 4044 ab
2390 4002 2481 4054 eo,
2513 3986 2825 4042 scribentur
2863 3983 2918 4039 in
2957 3993 3121 4048 terra,
3165 3981 3334 4037 deleti
3361 3981 3432 4036 de
3458 3981 3598 4038 iibrn

1995 4083 2314 4140 viventium.
2347 4079 2502 4136 Siottt
2528 4080 2699 4144 enim,
2733 4078 2824 4146 qui
2858 4084 3038 4148 potest
3062 4089 3185 4130 cum
3214 4073 3484 4144 Apostttlo
3509 4071 3598 4128 di-

1996 4191 2124 4234 cere
2149 4195 2161 4229 :
2191 4171 2383 4230 Noster
2401 4183 2572 4228 autent
2597 4171 2947 4244 municipatus
2988 4170 3041 4223 in
3085 4165 3212 4222 caalo
3231 4177 3306 4221 est
3329 4164 3597 4240 (Philipp.

1995 4273 2100 4345 ιιι),
2136 4272 2190 4327 in
2228 4269 2546 4327 calentibus
2575 4268 2832 4323 scribitur
2856 4285 2870 4321 :
2899 4266 2980 4322 sie
3008 4264 3097 4335 qui
3138 4258 3470 4332 derelinqult
3490 4259 3601 4320 Do-

1998 4367 2226 4434 minutn,
2256 4364 2339 4420 vel
2369 4363 2605 4418 declinat
2631 4361 2700 4418 sb
2733 4376 2819 4428 eo,
2855 4359 3129 4416 scribetur
3159 4357 3215 4416 in
3248 4353 3412 4429 962
3448 4365 3594 4413 terra

1995 4476 2117 4516 cum
2152 4458 2254 4521 his,
2283 4458 2373 4528 qui
2406 4467 2624 4516 terrena
2673 4454 2918 4527 sapiunt.
2948 4453 3240 4522 Cattsaque
3281 4447 3598 4513 manifesta.

1996 4568 2094 4608 cur
2121 4551 2433 4607 scribantur
2481 4550 2533 4602 in
2560 4556 2745 4604 terra:
2779 4545 2906 4617 quia
2946 4543 3362 4615 dereliquerttnt
3391 4541 3598 4597 fantem

297 4629 670 4720 “utimini
698 4637 800 4696 ora
832 4636 1060 4694 alterius
1091 4629 1428 4707 perdicis,"iil
1449 4637 1770 4720 estisnena
1801 4644 1889 4698 i'tt-
1917 4629 1972 4690 Ῑ)
1999 4647 2122 4701 vitat
2147 4644 2457 4708 Dominum,
2491 4644 2612 4697 sive
2636 4640 2841 4696 {uittam
2865 4636 3130 4710 aquarum
3156 4640 3454 4696 viventium
3487 4633 3599 4693 Do-

294 4711 666 4802 ιἐἶῖιῖέῖῖῖς
697 4727 915 4790 incubet
949 4725 1277 4804 foveatque:
1303 4715 1545 4804 euntque
1570 4717 1712 4789 ictus
1761 4722 1892 4790 ado-

367 4929 394 4958 ει
425 4919 506 4974 Ex
545 4918 627 4973 his
656 4916 1035 4989 Tertttlliautts
1078 4929 1184 4972 non
1217 4915 1419 4989 ttno_in
1471 4915 1590 4989 loco
1617 4934 1633 4971 ι
1658 4915 1889 4989 Cypria.

297 5009 397 5049 nus
417 4991 514 5047 lib.
551 5007 586 5046 ιι
602 4990 815 5062 advers.
837 4988 1056 5044 .Itttlaaos
1083 5002 1203 5062 cap.
1225 4987 1657 5062 Διυιιεάιςιιιιιιὶηε
1675 4987 1894 5062 qunque

297 5065 391 5120 lib.
437 5079 488 5118 tv
525 5078 646 5132 cap.
685 5061 784 5122 l3.
821 5074 1032 5115 necnon
1065 5057 1161 5134 alii
1208 5059 1276 5115 de
1321 5057 1635 5116 Latinorum
1691 5057 1890 5134 choro,

296 5151 436 5208 quos
470 5143 622 5189 notat
653 5148 948 5204 suppresso
979 5133 1218 5186 nomine.

369 5229 396 5268 ιε
441 5228 592 5283 lianc
624 5228 930 5283 alienorum
979 5241 1206 5281 ovorum
1238 5237 1458 5290 cut-ant,
1501 5237 1557 5282 et
1592 5227 1894 5285 incuhitum

298 5301 504 5374 pordici
536 5301 794 5357 tribuisse
817 5297 1193 5374 aristotelem,
1227 5296 1650 5369 Teopitrastum,
1675 5311 1766 5374 aut
1789 5301 1896 5356 Pli-

301 5371 476 5440 itittttt,
519 5380 785 5442 pernegat
817 5371 1078 5438 Drttsitts,
1131 5371 1520 5442 Hieronymum
1569 5372 1778 5442 ert-oris
1810 5374 1897 5428 in-

299 5441 542 5500 cusans:
572 5455 629 5498 at
657 5441 764 5500 non
793 5444 929 5498 dixit
953 5445 1012 5498 S.
1045 5443 1227 5498 Pater.
1262 5443 1311 5495 id
1337 5441 1405 5496 ah
1436 5445 1498 5496 iis
1523 5441 1742 5512 propt'te
1765 5447 1900 5500 seri-

301 5517 389 5582 hi;
425 5515 520 5570 sed
549 5532 577 5570 a
611 5515 879 5570 Naturalis
908 5515 1148 5571 historia!
1176 5512 1569 5586 scriptoribus,
1589 5531 1727 5586 quos
1754 5518 1900 5572 inter

301 5592 335 5644 ii
365 5590 666 5658 principem
699 5589 878 5642 locum
934 5595 1175 5643 teneant.
1211 5585 1287 5658 Et,
1318 5601 1450 5641 vero
1491 5597 1744 5642 asserunt
1793 5587 1898 5644 Ec-

300 5657 592 5716 clesiastici
623 5671 875 5716 auctores
923 5657 1220 5728 permulti:
1252 5657 1572 5731 Hippolytus
1604 5669 1812 5731 martyr
1844 5661 1897 5716 itt

300 5733 506 5790 Catena
539 5733 592 5785 in
621 5731 848 5798 Jeretn.,
885 5731 1223 5797 Epiphanius
1250 5731 1300 5783 itt
1327 5730 1660 5801 Physioiogo
1687 5730 1806 5801 cap.
1839 5735 1894 5800 9,

303 5803 626 5862 Ambrosius
655 5803 749 5858 lib.
797 5817 846 5857 vl
889 5802 1212 5858 Hex:temer.
1253 5818 1376 5871 cap.
1406 5803 1440 5856 5
1477 5812 1534 5856 et
1571 5801 1737 5872 epist.
1766 5803 1896 5860 olim

306 5877 403 5950 ιε,
435 5873 762 5930 Philastrius
807 5873 1030 5939 Prarl‘at.
1077 5876 1128 5932 in
1160 5873 1259 5932 lib.
1295 5875 1364 5929 de
1402 5873 1696 5938 limresiiu,
1719 5874 1904 5950 Augu-

2002 4738 2230 4802 miuum,
2253 4735 2345 4806 qui
2364 4733 2605 4806 loquitur
2627 4733 2678 4787 in
2705 4731 3032 4804 Evangsiio:
3058 4731 3120 4789 Si
3137 4733 3256 4806 quis
3278 4733 3408 4799 sitit,
3431 4731 3604 4786 veniat

1994 4919 2124 4974 stin.
2166 4925 2354 4972 contra
2391 4916 2652 4972 Faustum
2682 4916 2780 4971 lih.
2812 4927 2910 4971 xm
2939 4930 3066 4986 cap.
3105 4917 3195 4987 19,
3230 4910 3473 4971 lsidorns
3502 4915 3601 4972 lib.

1993 4991 2143 5060 Orig.
2172 5005 2246 5044 xu
2280 5004 2401 5056 cap.
2430 4990 2484 5048 7.
2520 4999 2684 5057 atque
2715 4989 2830 5042 alii.
2868 4988 3073 5048 Locum
3113 4997 3293 5048 tamen
3325 4987 3606 5060 a'quivoco

1999 5057 2192 5116 iecisse
2222 5061 2403 5114 volunt
2447 5061 2634 5115 (Zritici
2667 5061 3005 5116 recentiores
3035 5061 3270 5128 positum
3311 5059 3412 5113 abs
3450 5057 3607 5116 Jeres

1999 5137 2105 5189 mia
2129 5148 2329 5188 nomen
2362 5142 2521 5222 tt't'tp,
2563 5135 2707 5202 quod
2743 5127 3102 5188 reddiderunt
3133 5127 3300 5198 LXX,
3333 5145 3399 5184 ex
3429 5129 3605 5199 iisutte

1998 5227 2218 5294 Latini,
2247 5227 2506 5299 perdirem
2533 5269 2547 5289 ,
2586 5228 2712 5296 quia
2759 5243 2882 5282 cum
2922 5223 3248 5299 vocabulum
3292 5240 3399 5279 non
3441 5223 3607 5299 hahe-

2005 5310 2168 5368 rent,
2217 5295 2325 5369 q’tto
2374 5315 2528 5353 avent
2578 5299 2729 5356 illam
2762 5295 3042 5364 Europmis
3084 5298 3322 5369 ignotam
3365 5295 3608 5366 appella-

2004 5381 2152 5434 rent.
2183 5368 2346 5439 qlt'tm
2379 5371 2678 5428 simillima:
2718 5377 2776 5425 et
2813 5368 3434 5439 speciettroxitnmgavis
3467 5385 3602 5421 nun-

2006 5437 2298 5532 cupatiotite
2356 5445 2437 5498 ttsi
2473 5450 2652 5532 nsunt.
2715 5437 3224 5532 VitiaDochar‘t‘nm
3275 5437 3344 5498 de
3394 5439 3600 5532 Istcrjttl,

2006 5509 2360 5579 animalibus,
2394 5526 2445 5570 et
2473 5513 2724 5570 ilttetittm
2754 5513 2807 5567 in
2842 5509 2995 5565 Nmis
3017 5510 3079 5579 ad
3105 5510 3328 5572 Origen.
3355 5511 3443 5564 tthi
3475 5510 3604 5564 l’it-o

2003 5587 2303 5672 convenire
2329 5577 2604 5672 observat,
2636 5595 2991 5654 quotcumque
3017 5577 3086 5634 de
3106 5589 3243 5672 amp
3282 5579 3494 5637 Hebraei
3523 5589 3606 5636 at-

2005 5671 2112 5730 que
2144 5659 2352 5718 Arabes
2383 5658 2626 5712 tradttnt.

2081 5742 2102 5769 ο
2121 5730 2341 5786 Addunt
2359 5745 2489 5783 mss.
2514 5745 2544 5780 a
2570 5736 2637 5789 te,
2663 5723 3114 5795 quemadmodum
3143 5724 3194 5778 in
3219 5723 3439 5796 Vulgata
3465 5724 3610 5794 ipsa-

2005 5819 2111 5872 que
2144 5800 2568 5872 llieronymiana
2599 5798 2857 5866 versione
2881 5797 3136 5864 habetur,
3166 5796 3399 5863 liciter
3426 5806 3611 5862 tamen

2008 5881 2158 5934 textu
2187 5879 2476 5934 renuente.
