3846 6952
420 354 520 412 791

1691 344 1748 400 S.
1795 341 2073 401 BUSEBII
2117 337 2499 397 HIERONYMI

3576 341 3660 396 792

422 471 492 530 ad
517 486 598 524 me
617 481 667 524 et
691 470 869 524 bibat:
896 467 984 539 qui
1005 467 1166 520 credit
1193 466 1248 520 in
1278 481 1381 532 me,
1403 465 1533 519 sicut
1561 462 1684 516 dicit
1707 460 2003 531 Scriptura,
2037 469 2088 529 Α
2115 456 2219 510 dite
2245 454 2454 509 verbum
2484 452 2717 518 Domini,
2748 467 2888 523 reges
2915 449 2950 504 J
2957 451 3080 518 uda,
3111 461 3160 506 et
3193 456 3351 506 omnis
3389 451 3516 507 Juda
3549 454 3660 528 (sive

422 565 646 640 ﬂumina
664 561 730 616 de
748 571 922 617 uentre
939 564 1052 633 ejus
1075 560 1237 631 ﬂuent
1265 573 1412 630 aqum
1431 557 1575 612 trime.
1593 554 1711 611 Hoc
1737 563 1906 609 autem
1934 553 2015 607 di-

421 659 498 712 xit
518 657 582 711 de
601 656 830 728 Spiritu,
851 671 1000 725 quem
1013 653 1275 724 accepturi
1295 661 1441 708 erant
1454 651 1715 706 credentes
1730 646 2015 720 (Joan.vu,

420 751 514 821 57,
534 749 660 822 ss).

491 845 672 917 (Vers.
707 844 823 911 M.)
859 843 1006 899 Sana
1034 859 1135 906 me,
1167 841 1403 907 Domine,
1443 848 1489 893 et
1510 838 1775 894 sanabor:
1818 837 2019 891 salvum

421 955 506 996 me
529 943 636 1011 fac,
665 949 711 992 et
738 941 910 991 salvus
940 952 1024 991 ero
1044 953 1064 990 :
1093 935 1339 1004 quoniam
1366 934 1481 987 laus
1519 948 1632 986 mea
1673 941 1727 984 tu
1746 947 1819 985 es.
1865 928 2018 984 Multi

423 1033 617 1090 medici
645 1037 693 1086 iu
718 1033 1006 1102 Evangelia
1029 1029 1243 1101 (Matth.
1271 1033 1343 1099 Ix)
1372 1029 1839 1083 haemon-humata
1862 1039 2022 1079 cura-

424 1141 635 1183 verant.
659 1141 780 1197 qua:
815 1141 1032 1180 omnem
1060 1123 1418 1178 substantiam
1451 1135 1603 1175 suam
1635 1119 1945 1190 perdiderat
1966 1118 2020 1174 in

424 1220 527 1284 eis,
560 1228 617 1274 et
646 1229 825 1274 tamen
856 1234 886 1272 a
919 1218 1070 1272 nullo
1110 1217 1288 1270 curari
1333 1215 1534 1283 potuit,
1565 1213 1666 1269 nisi
1702 1215 1770 1268 ab
1801 1229 1888 1282 eo,
1931 1212 2022 1281 qui

422 1328 587 1368 verus
617 1322 699 1366 est
731 1311 993 1378 medicus,
1033 1318 1091 1364 et
1124 1308 1280 1378 cujus
1321 1307 1526 1362 Sanitas
1557 1308 1609 1362 in
1660 1307 1851 1378 pennis
1882 1306 2018 1378 ejus.

427 1403 583 1462 Unde
613 1414 669 1459 et
691 1420 834 1459 nunc
852 1403 1124 1473 Propheta
1137 1421 1166 1456 ει
1185 1402 1386 1471 pupula
1405 1417 1591 1472 passm
1620 1400 1935 1472 opprobria,
1964 1410 2021 1456 et

424 1499 624 1554 crebro
644 1497 857 1554 insidiis
903 1498 1332 1565 circumventus,
1361 1498 1515 1551 abeo
1537 1495 1716 1550 curari
1744 1506 1800 1551 et
1840 1496 2024 1550 salvus

426 1591 546 1648 ﬁeri
571 1595 744 1662 cupit,
774 1596 931 1656 cuius
957 1606 1085 1644 vera
1116 1589 1254 1650 laus,
1284 1605 1520 1660 veraque
1544 1589 1811 1642 medicina
1842 1598 1947 1642 est.

499 1683 682 1755 (Vers.
732 1684 801 1739 ‘15
833 1684 1012 1755 seqq.)
1038 1682 1173 1737 Ecce
1217 1684 1317 1754 ipsi
1345 1682 1523 1737 dicunt
1563 1682 1631 1736 ad
1673 1699 1752 1737 me
1775 1698 1794 1737 :
1825 1681 1924 1738 Ubi
1951 1690 2025 1736 est

427 1779 631 1834 verbum
658 1777 913 1834 Domini?
944 1778 1151 1833 Veniat.
1185 1777 1297 1852 Ego
1317 1791 1487 1833 autem
1512 1797 1613 1834 non
1631 1797 1754 1844 sunt
1793 1779 2024 1833 turbatus

2120 547 2330 620 Judtea)
2355 547 2626 618 cunctique
2655 546 2977 600 habitatores
3021 543 3328 613 Jerusalem,
3357 547 3439 618 qui
3474 548 3662 620 ingredi-

2121 641 2252 696 mini
2283 657 2373 710 per
2401 648 2578 711 portas
2604 638 2718 694 has.
2752 638 3050 708 Quoiiiam,
3082 637 3274 709 inquit,
3301 639 3454 696 verba
3490 652 3567 695 tua
3589 657 3665 697 att-

2121 736 2240 792 dire
2261 743 2635 799 contemnunt,
2664 749 2765 789 nec
2787 732 2853 787 ad
2878 741 2930 787 te
2955 731 3202 796 veniunt,
3229 742 3285 788 ut
3306 729 3556 803 requirant
3569 749 3664 803 qua

2125 833 2194 888 sit
2221 831 2485 887 sententia
2517 827 2624 903 [AL
2656 826 2947 901 sapientia]
2981 827 3102 895 Dei,
3156 839 3210 884 tu
3244 844 3398 898 perge
3422 828 3483 884 ad
3522 831 3663 884 locum

2123 924 2562 990 celeberrimum,
2596 924 2678 976 vel
2729 931 2939 992 portant
2998 920 3210 991 templi,
3267 920 3349 975 Vel
3393 921 3547 985 urbis,
3589 936 3666 992 per

2124 1035 2262 1092 quas
2293 1033 2450 1090 reges
2481 1030 2536 1074 et
2565 1030 2729 1072 omne
2773 1017 2968 1086 vulgus
2995 1016 3296 1084 ingreditur
3334 1023 3388 1068 ct
3414 1015 3665 1084 egreditur,

2127 1126 2184 1168 ut
2217 1117 2542 1170 necessitate
2567 1122 2835 1183 cogantur
2855 1110 3066 1175 audire,
3094 1119 3150 1164 et
3173 1111 3485 1178 importune,
3509 1123 3670 1179 oppor-

2126 1219 2255 1265 tune
2292 1209 2558 1278 pra-dices
2589 1205 2811 1262 verbum
2845 1203 3062 1260 Domini
3095 1204 3138 1272 (Ι
3165 1201 3302 1258 Tim.
3329 1204 3434 1271 tv):
3460 1217 3548 1258 nec
3583 1202 3669 1258 ulla

2127 1300 2268 1371 apud
2300 1316 2399 1358 eos
2445 1309 2722 1355 remain-at
2751 1299 3060 1366 excusatio,
3111 1297 3257 1369 quod
3290 1296 3406 1353 ideo
3433 1312 3530 1352 non
3555 1294 3671 1353 lece-

2127 1395 2260 1458 t'inl,
2290 1397 2415 1466 quia
2447 1410 2550 1449 non
2582 1393 2874 1448 audierint.

2200 1488 2377 1558 (Veis.
2397 1487 2469 1542 20
2495 1488 2673 1558 seqq.)
2705 1485 2836 1541 Hinc
2863 1486 2990 1541 dicit
3017 1485 3302 1542 Dominus:
3323 1485 3565 1541 Custodite
3585 1485 3673 1540 aui-

2131 1600 2240 1638 mas
2261 1594 2477 1646 vestras,
2509 1595 2555 1636 et
2585 1582 2746 1636 nolite
2794 1596 3004 1652 portare
3033 1581 3263 1654 pondera
3299 1581 3350 1635 in
3383 1581 3462 1634 die
3493 1580 3669 1648 sabbati,

2131 1692 2226 1730 nec
2254 1676 2492 1741 iuleratis
2529 1691 2619 1740 per
2665 1683 2842 1747 portas
2887 1673 3206 1728 Jerusalem.
3251 1671 3320 1727 Et
3362 1674 3507 1728 nolite
3529 1674 3675 1740 ejicere

2131 1783 2288 1822 onera
2317 1767 2380 1821 de
2409 1766 2648 1820 domibus
2695 1767 2872 1820 uestris
2905 1765 3070 1820 indie
3095 1765 3315 1830 sabbati,
3353 1774 3397 1820 et
3424 1781 3554 1818 omne
3574 1780 3674 1833 opus

427 1883 474 1928 te
495 1885 753 1941 pastorem
789 1890 1005 1944 sequens
1027 1875 1174 1941 (sive
1215 1889 1318 1927 non
1345 1873 1576 1927 laboravi
1615 1889 1830 1942 sequens
1852 1871 1952 1944 te),
1981 1881 2028 1926 et
2061 1869 2106 1930 B
2136 1878 2236 1916 non
2266 1863 2488 1926 faciem.
2513 1873 2560 1916 ει
2585 1861 2882 1930 salui/500“
2913 1861 3049 1914 diem
3076 1859 3300 1927 εαθθαιίς
3345 1866 3468 1913 8m“
3500 1857 3675 1930 Ρνατερί

426 1965 562 2020 diem
600 1965 826 2020 hominis
850 1981 952 2019 non
982 1965 1304 2021 desideraui:
1344 1977 1398 2020 tu
1433 1969 1553 2020 scis.
1583 1966 1734 2033 Quod
1766 1981 2028 2037 egressum

427 2070 500 2115 est
528 2061 593 2115 de
632 2060 778 2115 labiis
819 2060 968 2126 meis,
999 2072 1192 2114 rectum
1232 2062 1334 2130 fuit
1360 2061 1413 2114 in
1453 2069 1731 2130 conspectu
1763 2069 1849 2114 tuo
1881 2059 2029 2131 (sive

431 2164 552 2209 ante
579 2156 766 2226 facient
794 2166 935 2209 tuam
954 2155 1094 2228 est
1130 2155 1256 2209 Non
1285 2158 1357 2210 sis
1399 2157 1530 2211 mihi
1573 2157 1868 2225 formidini,
1913 2172 2030 2228 spes

429 2265 546 2304 mea
573 2260 625 2304 tu
654 2251 708 2304 in
739 2250 822 2304 die
841 2250 1146 2321 afﬂictiouis
1178 2249 1319 2322 (sive
1367 2267 1470 2304 non
1494 2250 1592 2320 ﬁas
1624 2250 1754 2304 mihi
1800 2251 2027 2316 alienus,

429 2361 647 2416 parcens
698 2344 827 2398 mihi
853 2344 910 2399 in
956 2344 1039 2398 die
1069 2343 1336 2416 pessimo).
1379 2344 1480 2411 Qui
1533 2361 1642 2399 non
1673 2353 1864 2412 putant
1891 2359 2026 2398 ven-

432 2445 581 2504 tura,
632 2451 756 2507 qua:
804 2435 944 2492 dicta
988 2445 1137 2501 sunt,
1185 2437 1480 2506 loquuntur
1526 2435 1596 2491 ad
1653 2434 2028 2505 Prophetam:

434 2528 535 2585 Ubi
575 2539 651 2584 est
701 2531 906 2585 uerbum
951 2528 1204 2585 Domini?
1269 2529 1488 2585 Veniat:
1536 2528 2030 2585 dissimulationem

427 2627 756 2690 sententiae,
834 2624 1155 2682 dilationem
1209 2626 1568 2682 arbitrantes.
1620 2624 1731 2680 Illis
1804 2633 2028 2690 autem,

427 2718 647 2788 inquit,
705 2718 806 2772 ista
850 2717 1206 2786 dicentibus,
1265 2732 1368 2788 ego
1405 2733 1514 2772 non
1565 2734 1685 2774 sum
1739 2718 2032 2784 turbatus,

431 2825 538 2867 nec
568 2811 807 2867 laboravi
837 2819 890 2867 te
918 2822 1194 2884 pastorem
1225 2826 1488 2883 sequens,
1512 2812 1649 2881 sive,
1679 2823 1802 2883 post
1829 2820 1924 2886 tua
1955 2813 2037 2867 in-

431 2904 694 2975 grediens
721 2905 969 2976 vestigia.
1015 2903 1127 2960 Nec
1157 2904 1261 2959 hoc
1308 2905 1382 2959 fui
1432 2905 1537 2960 line
1578 2916 1895 2972 contentus,
1937 2905 2034 2961 sed

434 2997 577 3053 diem
603 2995 839 3053 hominis
871 3014 980 3052 non
1012 2998 1339 3065 desideravi,
1374 2999 1457 3054 vel
1497 3000 1664 3054 vitam
1709 2999 2030 3071 longiorem,

435 3093 521 3145 vel
549 3105 813 3161 prospera
851 3107 1081 3162 quaeque
1113 3090 1272 3159 hujus
1303 3091 1513 3147 saeculi.
1560 3092 1852 3164 Ipsumque
1881 3102 2036 3148 vocat

433 3190 652 3250 testem,
685 3199 848 3253 quem
869 3193 926 3239 et
951 3182 1192 3252 judicem
1219 3202 1232 3237 :
1264 3181 1342 3237 Tu
1363 3186 1522 3238 nosti.
1557 3183 1846 3255 Sequitur:
1883 3186 2036 3254 Quod

2128 1956 2366 2024 patribus
2392 1957 2606 2010 vestris:
2641 1953 2706 2009 Et
2747 1971 2846 2008 non
2885 1956 3190 2020 audierunt,
3231 1970 3323 2010 nec
3356 1953 3677 2008 inclinaverunt

2131 2064 2310 2102 aurem
2340 2064 2506 2113 suam,
2537 2057 2584 2102 et
2612 2047 2985 2102 indm-atterunt
3013 2049 3267 2102 cervicem
3304 2063 3444 2100 suam
3470 2049 3540 2118 (et
3565 2043 3677 2115 quod

2132 2141 2188 2196 in
2223 2141 2491 2197 llebraieo
2517 2155 2624 2196 u0u
2657 2141 2910 2204 habetur,
2942 2158 3101 2212 super
3141 2149 3318 2211 patres
3343 2138 3498 2210 suos),
3527 2155 3579 2194 ne
3601 2155 3675 2193 att-

2133 2237 2307 2290 dirent
2335 2252 2434 2300 me,
2457 2245 2507 2290 et
2525 2251 2588 2290 ne
2607 2236 2899 2305 acciperent
2927 2235 3285 2301 disciplinam.
3312 2232 3375 2289 Et
3400 2235 3508 2299 erit,
3528 2233 3675 2304 inquit.

2131 2333 2178 2384 si
2203 2330 2476 2384 audieritis
2505 2345 2607 2396 me,
2636 2329 2760 2383 dicit
2791 2325 3073 2395 Dominus,
3105 2338 3160 2382 ut
3183 2344 3288 2383 non
3317 2327 3537 2399 inferatis
3559 2341 3678 2381 onera

2135 2441 2225 2499 per
2246 2438 2425 2497 portas
2445 2427 2668 2482 ciuitatis
2694 2425 2855 2498 hujus
2884 2427 2938 2482 in
2957 2429 3041 2481 die
3067 2427 3272 2482 sabbati
3301 2442 3321 2482 :
3359 2436 3407 2480 et
3431 2425 3473 2481 si
3493 2422 3678 2493 sanctiﬁ-

2136 2522 2375 2575 caueritis
2420 2521 2557 2575 diem
2591 2520 2813 2588 sabbati,
2847 2537 2912 2576 ne
2949 2522 3160 2593 faciatis
3210 2521 3268 2575 in
3296 2537 3354 2575 ea
3393 2535 3528 2574 omne
3560 2533 3675 2589 opus,

2135 2613 2493 2682 ingredieutur
2515 2629 2606 2682 per
2628 2625 2806 2684 portas
2823 2613 3049 2669 ciuitatis
3069 2613 3231 2684 hujus
3253 2627 3394 2684 reges
3416 2620 3459 2665 et
3476 2609 3678 2679 principes

2135 2708 2365 2763 sedentes
2390 2725 2543 2780 super
2560 2707 2749 2763 solium
2771 2708 2942 2772 David
2959 2725 2978 2763 :
2999 2719 3047 2763 et
3068 2709 3404 2764 ascendentes
3424 2707 3473 2760 in
3492 2704 3678 2760 curribus

2137 2809 2182 2854 et
2211 2802 2378 2872 equis,
2409 2801 2585 2870 ipsiet
2615 2802 2872 2872 principes
2901 2817 3102 2868 eorum,
3146 2801 3249 2856 uiri
3288 2799 3431 2855 Juda
3456 2808 3499 2853 et
3521 2794 3680 2851 habita-

2139 2903 2273 2948 tores
2295 2893 2610 2960 Jerusalem,
2637 2906 2685 2951 et
2712 2897 3029 2951 habitabitur
3049 2898 3234 2952 ciuitas
3265 2899 3374 2952 [nec
3399 2897 3449 2950 in
3471 2895 3678 2964 sempiter-

2138 3003 2285 3042 num.
2319 2986 2387 3042 Et
2430 2989 2627 3044 uenient
2673 2990 2738 3043 de
2780 2989 3081 3045 civitatibus
3125 2988 3295 3057 Juda,
3329 2998 3377 3044 et
3406 2991 3464 3042 de
3506 2987 3678 3042 circuitu

2138 3084 2453 3150 Jerusalem,
2479 3097 2528 3141 et
2559 3087 2622 3143 de
2651 3097 2788 3143 terra
2819 3086 3114 3158 Benjamin,
3159 3098 3208 3142 et
3253 3089 3317 3142 de
3346 3082 3676 3157 campestribus,

2138 3188 2186 3235 et
2213 3181 2279 3234 de
2301 3182 2547 3235 montosis
2569 3179 2678 3254 [ΑΙ.
2703 3179 3034 3253 montuOsis],
3061 3192 3110 3235 et
3147 3179 3215 3235 ab
3237 3189 3433 3244 austro,
3466 3183 3679 3248 portantes

436 3275 701 3349 egressum
728 3285 805 3330 est
829 3278 892 3329 de
929 3276 1080 3330 labiis
1110 3277 1255 3344 meis,
1304 3285 1500 3331 rectum
1542 3279 1642 3349 fuit
1668 3279 1720 3331 in
1762 3288 2041 3347 conspectu
2067 3271 2112 3335 C
2144 3273 2506 3330 holocaustum
2544 3286 2591 3329 ει
2621 3275 2856 3329 victimas
2881 3275 2952 3343 (si
2966 3289 3022 3329 te
3061 3276 3428 3346 thytttiamala)
3455 3279 3499 3326 ει
3522 3265 3682 3334 ﬁmi/5'

437 3379 563 3434 tuo;
595 3378 654 3423 ut
682 3384 978 3440 numquam
1025 3370 1282 3425 mentitus
1310 3370 1404 3435 sit,
1437 3381 1492 3426 et
1517 3367 1731 3426 Duuini
1777 3373 2038 3426 voluntati

435 3463 669 3518 adversa
692 3479 798 3518 non
839 3463 1061 3519 dixerit.
1091 3463 1211 3518 Non
1233 3465 1305 3518 sis
1351 3464 1500 3532 mihi,
1545 3465 1738 3535 inquit,
1768 3475 1822 3519 tu
1859 3465 2041 3537 formi-

438 3555 572 3620 dini,
595 3571 714 3625 spes
735 3573 846 3611 mea
868 3557 919 3610 in
943 3555 1029 3610 die
1046 3557 1369 3627 afﬂictionis.
1397 3557 1552 3626 Quod
1577 3559 1924 3628 persliicuum
1954 3565 2041 3614 est

434 3649 589 3720 juxta
623 3650 968 3706 llebraicum.
1003 3650 1162 3706 Juxta
1207 3651 1259 3706 id
1301 3666 1454 3719 vero,
1493 3652 1637 3722 quod
1688 3651 2039 3723 Septuaginta

443 3745 840 3800 transutleruut
869 3745 1116 3801 dicentes
1141 3764 1154 3799 :
1192 3743 1276 3799 Ne
1296 3747 1391 3817 fias
1423 3747 1549 3801 milti
1576 3745 1798 3814 alienus,
1823 3764 2038 3816 parcens

443 3845 470 3876 ⁸
493 3838 624 3892 mihi
643 3839 696 3892 in
709 3838 794 3893 die
812 3839 975 3905 malo,
999 3847 1084 3895 est
1102 3853 1326 3895 sensus:
1359 3839 1437 3895 Ne
1461 3856 1651 3910 parcas
1668 3841 1797 3896 mihi
1819 3842 1871 3896 iu
1901 3859 2038 3910 prm-

441 3934 582 3987 senti
611 3932 837 4001 saeculo,
859 3933 1004 4004 quod
1035 3934 1238 3989 malum
1268 3944 1388 4000 est;
1419 3935 1514 3990 sed
1546 3934 1710 3991 redde
1737 3935 1866 3990 tuihi
1885 3937 2036 4006 juxta

442 4037 664 4098 peccata
689 4043 833 4092 mea,
869 4038 927 4082 ut
950 4028 1194 4099 requiem
1225 4028 1452 4086 habeam
1474 4031 1884 4100 sempiternam.
1911 4029 2039 4085 Scio

439 4118 584 4174 enim
606 4118 770 4191 963
791 4119 1051 4188 scriptum
1075 4137 1088 4174 :
1115 4121 1280 4186 Quem
1301 4120 1471 4194 diligit
1488 4121 1761 4185 Dominus,
1788 4123 2037 4194 corripit:

440 4213 670 4286 flagellat
700 4226 876 4268 autem
898 4229 1099 4269 omnem
1125 4214 1316 4285 filium,
1339 4232 1488 4285 quem
1514 4216 1693 4285 recipit
1726 4214 1912 4287 (Hebr.
1940 4231 2036 4280 sn,

438 4306 516 4378 6).
542 4308 665 4363 Dies
686 4322 866 4364 autem
891 4310 1089 4376 malus,
1109 4309 1196 4366 vel
1217 4326 1381 4366 omne
1404 4312 1660 4366 saeculum
1683 4321 1791 4378 est,
1817 4311 1899 4367 vel
1919 4310 2036 4369 dies

433 4399 645 4468 iudicii,
679 4401 765 4457 his
793 4405 885 4473 qui
918 4415 1144 4474 propter
1177 4416 1400 4475 peccata
1430 4406 1768 4462 cruciantur.

513 4491 697 4565 (Vera.
730 4495 848 4566 18.)
879 4495 1304 4567 Confundantur,
1335 4501 1422 4570 qui
1453 4509 1832 4572 persequuntur
1859 4519 1958 4571 me,
1990 4513 2038 4557 et

434 4599 540 4638 non
570 4587 864 4655 confundor
890 4603 1004 4659 ego.
1043 4586 1277 4642 Paucant
1306 4589 1408 4656 illi,
1441 4600 1492 4643 et
1519 4609 1624 4645 non
1664 4609 1879 4662 paveam
1915 4611 2031 4666 ego.

2141 3368 2279 3421 Clum
2300 3366 2468 3440 96E.
2487 3369 2628 3440 (sive
2654 3367 2869 3437 manna)
2896 3367 3094 3432 etthus,
3121 3375 3166 3420 et
3189 3361 3680 3439 inferentoblationeut

2145 3460 2282 3530 (sive
2299 3459 2524 3529 laudem)
2545 3462 2595 3514 in
2614 3460 2824 3515 domum
2840 3458 3070 3514 Domini.
3089 3459 3150 3516 Si
3161 3471 3335 3514 autent
3354 3474 3450 3512 non
3465 3451 3681 3510 audieritis

2141 3568 2245 3618 me,
2294 3562 2349 3606 ut
2375 3554 2705 3618 sanctiﬁcetis
2732 3554 2868 3608 diem
2896 3553 3118 3619 sabbati,
3169 3565 3216 3608 et
3251 3569 3315 3608 ne
3343 3549 3540 3626 portetis
3563 3559 3680 3608 an“.

2141 3657 2190 3700 et
2233 3663 2296 3700 ne
2322 3649 2556 3718 infcratis
2585 3666 2676 3721 per
2715 3657 2891 3721 pirtas
2936 3646 3233 3704 Jerusalem
3281 3649 3335 3703 in
3383 3647 3463 3701 die
3503 3638 3680 3705 sabbati,

2139 3742 2452 3796 succendunt
2498 3743 2672 3816 ignem
2698 3744 2754 3798 in
2791 3744 2953 3812 portis
2999 3745 3137 3814 ejus,
3180 3753 3230 3797 et
3271 3739 3684 3797 devorabitdontos

2141 3829 2458 3900 Jerusalem,
2488 3844 2657 3888 etnon
2681 3835 3053 3909 eastinguetur.
3080 3835 3156 3892 Ne
3175 3845 3501 3905 pra-ceptum
3517 3826 3683 3886 sabbati

2143 3925 2503 3982 instauratum
2534 3943 2631 3998 per
2661 3927 2956 3985 Jeremiatn
3009 3931 3061 3984 in
3094 3928 3298 3984 frustra
3347 3929 3680 3995 discerperent.

2143 4029 2316 4076 totum
2351 4037 2556 4093 ponere
2579 4023 2801 4094 placuit,
2833 4033 2891 4079 ut
2911 4025 3071 4079 sintut
3100 4026 3287 4080 omnia
3317 4032 3682 4094 cOgnoscamus.

2141 4111 2388 4170 Custodit
2411 4116 2650 4171 animam
2683 4133 2858 4184 suam,
2882 4117 2974 4189 qui
3000 4133 3109 4172 non
3140 4130 3323 4185 portat
3351 4116 3567 4187 putidera
3585 4123 3682 4182 pec-

2149 4219 2394 4265 catorum
2427 4211 2481 4266 in
2512 4211 2602 4268 die
2628 4212 2830 4284 quietis
2862 4223 2916 4268 et
2945 4213 3157 4269 sabbati
3185 4231 3197 4268 :
3228 4230 3333 4270 nec
3358 4212 3511 4268 infert
3541 4219 3688 4276 caper

2143 4314 2330 4374 portas
2356 4304 2682 4373 Jerusalem,
2733 4321 2869 4377 quas
2900 4307 3130 4363 virtutes
3163 4306 3426 4363 debemus
3461 4302 3682 4368 accipere.

2141 4395 2212 4452 Et
2248 4396 2429 4467 nolite,
2475 4398 2674 4470 inquit,
2707 4401 2894 4474 ejicere
2939 4416 3099 4454 onera
3143 4400 3206 4454 de
3253 4399 3484 4454 domibus
3525 4389 3684 4450 vestris.

2141 4490 2259 4547 Non
2291 4491 2437 4547 enim
2471 4492 2734 4563 portanda
2765 4501 2913 4558 sunt,
2941 4493 3037 4549 sed
3067 4495 3287 4565 penitus
3317 4487 3614 4564 abjicieuda.
3635 4482 3687 4538 Et

2142 4599 2304 4640 omne
2335 4600 2472 4655 opus
2502 4600 2572 4641 ne
2601 4585 2831 4655 faciatis,
2864 4587 2952 4642 vel
2981 4587 3206 4654 servile,
3241 4588 3328 4642 vel
3375 4584 3498 4641 illud
3523 4581 3583 4637 de
3605 4590 3687 4649 quo

433 4674 607 4731 Indue
635 4693 788 4747 super
805 4694 892 4733 eos
917 4679 1050 4733 diem
1071 4681 1400 4752 afflictionis,
1424 4692 1470 4738 et
1496 4683 1694 4752 duplici
1716 4687 2012 4742 contritiom

2135 4679 2398 4748 scriptum
2431 4690 2515 4735 est
2543 4697 2554 4733 :
2587 4677 2727 4735 Esca
2752 4681 2935 4748 uentri,
2966 4690 3012 4735 et
3039 4691 3211 4736 venter
3241 4681 3371 4737 escis
3395 4695 3414 4734 :
3462 4677 3590 4752 Deus
3609 4687 3684 4724 att-

431 4777 637 4826 contere
687 4786 796 4826 eos.
856 4771 1188 4844 ltnprecatur
1227 4775 1520 4830 adversum
1568 4792 1663 4832 eos
1717 4777 1980 4849 PrOplieta
2011 4821 2027 4844 ,

429 4864 521 4934 qui
571 4865 904 4934 exprobrant
927 4867 978 4922 ei
1017 4867 1238 4922 verbum
1285 4868 1523 4933 Domini,
1578 4879 1632 4925 et
1653 4871 1878 4927 dicunt:
1933 4871 2034 4928 Ubi

428 4966 505 5013 est
531 4959 737 5014 verbum
765 4957 1017 5016 Domini?
1045 4963 1249 5028 veniat;
1283 4971 1344 5017 ut
1362 4964 1766 5020 ctml'nndantnr
1789 4965 1881 5036 qui
1906 4983 2031 5037 per-

427 5065 731 5124 sequuntur
754 5070 900 5123 etuu,
926 5064 981 5110 et
1006 5056 1330 5111 erubescant
1353 5068 1407 5113 et
1429 5059 1652 5114 redeant
1674 5059 1740 5114 ad
1765 5063 2025 5116 salutem:

425 5153 484 5201 ut
517 5145 591 5200 illi
622 5159 856 5214 paveant
885 5150 1235 5218 mentientes,
1265 5158 1322 5205 et
1346 5167 1452 5206 non
1483 5152 1585 5208 iste
1614 5153 1706 5224 qui
1737 5169 1860 5208 vera
1888 5170 2024 5226 pra:—

420 5232 574 5290 dicit.
603 5237 845 5309 Cumque
873 5239 993 5295 dies
1044 5241 1267 5295 ultionis
1295 5240 1607 5310 advenerit,
1650 5243 1856 5314 duplici
1888 5262 2023 5302 con-

417 5328 640 5384 tritione
669 5341 916 5387 conterat
945 5331 1051 5406 [ΑΙ.
1082 5334 1327 5406 contere]
1351 5353 1466 5404 ρος,
1497 5337 1636 5393 fame
1661 5348 1716 5393 et
1742 5339 1946 5409 gladio.

490 5417 674 5490 (Vers.
710 5422 805 5482 i9.
839 5423 958 5495 ΞΟ.)
991 5423 1123 5479 Ηωε
1142 5425 1269 5480 dicit
1303 5425 1558 5483 Dominus
1579 5431 1647 5484 ad
1665 5447 1778 5485 me:
1806 5431 1952 5486 Vade
1971 5442 2020 5487 et

414 5525 496 5568 sta
521 5515 573 5568 in
597 5526 750 5587 porta
777 5515 917 5590 (sive
943 5519 994 5572 in
1027 5521 1212 5593 portis)
1244 5519 1477 5591 ﬁliorum
1501 5525 1714 5593 populi:
1744 5543 1834 5597 per
1855 5542 2013 5598 quam

415 5603 556 5677 (sive
579 5624 672 5678 per
699 5608 850 5680 quas)
887 5610 1250 5684 ingrediuntur
1277 5629 1418 5686 reges
1446 5612 1482 5668 J
1487 5616 1614 5681 uda,
1653 5627 1701 5671 et
1731 5618 2008 5689 egrediun-

2136 4781 2235 4826 tem
2261 4785 2307 4827 et
2331 4775 2465 4827 hunc
2495 4783 2541 4828 et
2562 4773 2713 4828 illam
2738 4775 2967 4830 destruet
2997 4774 3040 4843 (l
3067 4773 3188 4829 Cor.
3220 4789 3300 4842 vt,
3330 4775 3450 4843 13);
3477 4771 3561 4827 sed
3580 4762 3684 4822 illud

2135 4880 2271 4936 opus
2299 4867 2662 4936 operaudum,
2694 4868 2763 4923 de
2791 4883 2901 4938 quo
2937 4867 3188 4925 Salvator
3219 4868 3456 4940 loquitur
3480 4882 3494 4923 :
3523 4864 3683 4934 Opera-

2134 4965 2264 5018 miui
2289 4979 2437 5036 Opus,
2468 4965 2607 5035 quod
2634 4982 2737 5019 non
2765 4965 2896 5040 perit
2927 4963 3112 5037 (Joan.
3140 4981 3212 5031 τι,
3246 4966 3363 5035 27).
3397 4959 3684 5031 Santi/irate,

2135 5057 2331 5129 inquit,
2365 5056 2501 5112 diem
2529 5058 2750 5123 sabbati,
2798 5070 2856 5112 ut
2909 5073 3073 5114 omne
3105 5066 3323 5128 tempus
3347 5055 3486 5111 vitae
3524 5060 3684 5107 uosm:

2135 5150 2189 5205 in
2245 5149 2675 5204 sanctilieitioue
2719 5152 3004 5215 ducamus,
3055 5149 3202 5205 sicut
3249 5149 3488 5204 fecerunt
3539 5149 3684 5215 patres

2133 5245 2309 5299 nostri
2342 5243 2640 5308 Abraham,
2667 5243 2837 5312 Isaac,
2869 5256 2925 5299 et
2949 5242 3138 5298 Jacob.
3171 5243 3417 5313 Cumque
3455 5243 3546 5295 ista
3574 5249 3684 5306 prte-

2132 5338 2342 5408 ceperit
2366 5337 2526 5405 Deus,
2560 5353 2665 5392 nou
2696 5336 3101 5392 inclinaverunt
3124 5353 3311 5392 aurem
3330 5351 3501 5400 suam,
3521 5325 3684 5387 mentis

2127 5434 2333 5504 utique,
2352 5450 2458 5488 non
2478 5434 2692 5498 carnis;
2717 5433 2812 5489 sed
2835 5432 3231 5488 induraveruut
3249 5432 3516 5487 cervicem
3537 5437 3679 5482 suam.

2124 5526 2436 5598 rejicientes
2459 5525 2647 5596 jugqu
2671 5524 2856 5597 Legis,
2884 5538 2936 5582 et
2966 5541 3061 5596 per
3085 5525 3454 5594 metaphoram
3485 5513 3682 5576 indolui-

2116 5630 2292 5676 torum
2321 5619 2638 5676 animalium
2668 5618 2932 5675 habentes
2961 5618 3401 5675 similitudinem.
3430 5614 3681 5672 Videamus

413 5709 518 5766 ml“.
549 5701 602 5754 ίη
633 5704 832 5758 Cunctis
860 5706 1019 5776 portis
1047 5704 1358 5775 Jerusalem,
1399 5719 1446 5764 et
1473 5707 1610 5765 dices
1639 5710 1710 5764 ad
1747 5727 1874 5771 eos:
1899 5712 2008 5767 Au-
2111 5714 2254 5786 quod
2283 5715 2355 5771 sit
2382 5714 2668 5786 praemium
2707 5728 2921 5782 eorum,
2954 5712 3046 5784 qui
3074 5727 3180 5768 non
3210 5721 3435 5785 portant
3459 5717 3611 5764 onera
3633 5698 3677 5755 in

482 5873 506 5901 ιι
530 5864 728 5924 Deerat
748 5869 894 5935 mihi,
916 5871 1065 5940 quod
1085 5872 1344 5942 supplent
1361 5887 1492 5928 mss.
1517 5853 1751 5946 quorum
1774 5891 1877 5948 ope
1901 5867 2216 5946 huiusmodi
2238 5859 2343 5934 alia
2373 5876 2598 5933 levioris
2639 5868 2901 5934 momenti
2930 5877 3187 5951 superius
3211 5875 3564 5947 castigantur-

1015 6379 3792 6610 s.___________
