4080 6326
250 315 344 374 793

715 311 1372 372 COMMENTARIORUM
1413 311 1479 368 IN
1516 309 1872 368 JEREMIAI
1911 309 2334 368 PROPHETAM
2376 310 2504 366 LIB.
2551 311 2641 368 IV.
2681 310 2833 368 CAP.
2876 309 3065 368 XVIII.

3429 307 3534 366 794

247 427 645 497 diesabbati,et
667 423 1603 498 sanctiﬁcantillum.lngredientur,
1626 423 1819 495 inquit,
1851 435 1901 498 Α
1932 423 2136 479 nostris
2173 433 2199 461 ἰ
2236 423 2452 495 legitur.
2487 423 2557 480 Et
2588 425 2737 493 thus,
2772 424 2839 481 de
2867 440 2978 497 quo
3007 425 3273 497 scriptum
3307 433 3431 482 est:
3462 422 3533 480 Ut

247 539 331 598 per
353 531 524 590 portas
547 520 767 575 civitatis
792 519 952 594 hujus
973 535 1141 595 reges,
1184 533 1413 591 quorum
1453 531 1548 573 cor
1576 522 1626 572 in
1660 531 1822 573 manu

249 618 339 675 Dei
377 625 478 682 est,
510 626 563 672 et
593 615 683 685 qtti
713 623 946 683 regnant
984 613 1306 686 corporibus
1331 614 1444 668 suis
1474 610 1657 684 (Prov.
1687 611 1822 683 xxt),

246 722 290 769 et
311 711 567 782 principes
593 709 826 764 sedentes
865 725 1024 779 super
1051 708 1240 762 solium
1292 705 1484 771 David,
1520 714 1578 760 ιιι
1620 705 1825 759 Christi

247 805 519 861 imitentur
558 804 889 872 exemplum,
924 811 972 856 et
1009 805 1346 856 ascendentes
1375 800 1428 854 in
1476 799 1736 863 curribus,
1781 807 1827 852 et

245 896 398 969 cquis,
421 895 490 951 de
513 897 709 966 quibus
735 898 1004 965 scriptum
1027 905 1142 952 est:
1172 893 1368 950 Currus
1388 893 1485 949 Dei
1513 897 1682 950 decem
1709 893 1828 948 mil-

242 991 387 1053 libus,
429 990 705 1057 multiplex
735 990 900 1045 millia
937 991 1248 1055 (celantium,
1280 988 1534 1044 Dominus
1577 992 1630 1043 in
1658 989 1731 1042 eis
1769 988 1826 1042 in

239 1082 386 1140 Sinni
413 1082 465 1137 in
493 1093 672 1136 sancto
704 1081 883 1153 (Psal.
921 1097 1088 1144 van,
1115 1081 1228 1148 18).
1261 1081 1330 1138 Ει
1365 1082 1521 1137 alibi:
1559 1079 1825 1153 Equitatio

238 1188 321 1233 tua
339 1179 474 1231 salus
495 1176 677 1247 (Abac.
701 1192 780 1242 ιιι,
797 1177 856 1246 8)
900 1175 1095 1233 Omnis
1117 1179 1200 1233 vir
1219 1177 1308 1248 qui
1324 1176 1616 1233 confitetur
1630 1177 1822 1244 Deum,

237 1282 286 1326 et
306 1272 391 1340 qui
419 1269 627 1324 habitat
645 1270 696 1324 in
718 1268 1045 1337 Jerusalem,
1059 1269 1128 1325 de
1145 1287 1246 1340 qua
1265 1271 1464 1326 dictum
1487 1279 1599 1327 est:
1626 1268 1826 1324 Factus

237 1367 385 1422 estin
426 1364 604 1421 Solem
637 1364 744 1439 [ΑΙ.
770 1364 1110 1440 Jerusalem],
1159 1367 1209 1421 id
1241 1377 1346 1433 est,
1390 1368 1444 1420 in
1493 1382 1639 1438 pace,
1682 1367 1824 1421 locus

236 1461 359 1532 ejus,
391 1467 440 1512 et
465 1459 718 1513 habitatio
744 1461 860 1524 eius
887 1460 944 1513 in
974 1458 1103 1514 Sion
1135 1457 1312 1532 (Psal.
1344 1475 1511 1528 Lxxv,
1539 1459 1620 1523 Ξ),
1649 1469 1705 1515 et.
1730 1462 1826 1513 ba-

235 1549 484 1606 bitabitnr
503 1549 744 1607 Ecclesia
765 1551 860 1606 Dt'i
890 1550 946 1606 in
975 1561 1263 1607 :rternum.
1281 1551 1494 1608 Venient
1516 1552 1580 1606 de
1601 1552 1820 1606 civitati-
1843 1627 1858 1640 Ι

236 1641 320 1697 bus
347 1639 511 1708 Jada,
550 1652 604 1698 et
645 1643 710 1696 de
755 1643 983 1698 circuitu
1003 1642 1319 1712 Jerusalem,
1367 1645 1436 1700 de
1483 1645 1681 1716 quibus
1706 1646 1821 1715 jam

233 1731 480 1802 diximus,
504 1746 554 1789 et
578 1736 642 1790 de
663 1745 801 1790 terra
819 1735 1120 1810 Benjamin,
1139 1754 1230 1808 qut
1251 1739 1395 1792 lilitts
1418 1747 1502 1794 est
1527 1740 1736 1795 \irtutis
1767 1748 1823 1796 et

1930 517 2059 589 quid
2099 516 2230 572 mihi
2266 518 2384 573 thus
2423 517 2628 585 offertis
2673 517 2738 574 de
2779 517 2921 575 Saba
2966 518 3168 592 (Supra
3209 534 3284 587 vr,
3312 515 3448 590 90)?
3475 517 3542 574 Et

1929 609 2167 664 intererit
2221 610 2573 674 oblationem,
2629 626 2750 682 qua:
2801 609 3069 666 Hebraice
3113 611 3316 667 dicitur
3361 625 3540 667 mons

1929 703 2138 778 (rmn),
2170 715 2224 758 et
2248 705 2300 759 in
2316 705 2605 776 gratiarum
2621 707 2875 760 actionem
2897 707 3035 760 verti
3059 713 3258 774 potest,
3291 713 3348 759 et
3368 719 3531 776 quam

1929 801 2136 858 laudem
2166 800 2306 857 LXX
2351 804 2769 857 transtulerunt.
2806 801 2872 856 In
2913 801 3125 856 domum
3155 799 3349 862 David.
3384 798 3528 856 haud

1927 895 2152 952 dubium
2177 896 2308 964 quin
2338 897 2388 950 in
2420 895 2744 951 Ecclesium.
2775 894 2903 951 lla-c
2923 905 3050 950 sunt
3074 893 3296 965 praemia
3321 909 3535 960 eorum,

1924 991 2011 1063 qui
2044 989 2386 1045 sanctiﬁcant
2415 988 2732 1055 sabbatum,
2757 1000 2808 1044 et
2842 989 2990 1044 nullo
3022 988 3266 1059 pondere
3295 1002 3532 1059 prmgra-

1927 1093 2139 1138 vantur.
2178 1082 2271 1140 Sin
2303 1093 2507 1149 autem,
2547 1082 2744 1149 inquit,
2795 1097 2900 1137 non
2929 1082 3214 1137 audieritis
3259 1091 3531 1150 praecepta

1927 1192 2072 1244 mea,
2100 1175 2128 1215 1³
2157 1188 2210 1232 et
2240 1175 2483 1232 feceritis
2508 1189 2631 1246 qua:
2663 1191 2769 1230 non
2794 1173 3046 1230 facienda
3077 1173 3330 1229 lllﬂltdaVl
3357 1191 3372 1226 :
3395 1173 3532 1229 Suc-

1924 1270 2140 1326 cendant
2169 1271 2339 1342 ignem
2363 1270 2418 1326 in
2449 1271 2610 1340 portis
2637 1271 2780 1342 ejus,
2816 1267 2866 1322 id
2891 1279 2998 1330 est,
3022 1267 3351 1334 Jeru~alent,
3376 1265 3530 1322 illum

1925 1363 1994 1419 de
2019 1379 2125 1434 quo
2155 1363 2387 1419 dicitur:
2422 1363 2609 1416 Omnes
2632 1359 2988 1416 adulterantes
3013 1361 3179 1433 966
3202 1361 3352 1432 quasi
3373 1359 3534 1413 cliba-

1925 1475 2025 1513 nus
2051 1457 2213 1512 corda
2245 1473 2426 1512 eorum
2457 1455 2612 1528 (Ose.
2647 1472 2740 1521 vn,
2787 1454 2879 1527 4):
2921 1458 3012 1522 qui
3052 1457 3283 1510 devorat
3311 1454 3527 1522 domos,

1925 1548 2042 1605 sive
2079 1549 2229 1605 vietis
2257 1549 2587 1614 Jerusalem,
2613 1560 2633 1586 ε
2660 1562 2796 1619 quos
2818 1547 2926 1620 [ΑΙ.
2951 1547 3119 1620 quod]
3144 1546 3282 1602 LXX
3304 1544 3530 1621 ἄμφοδα,

1923 1642 2117 1713 Aquila
2151 1653 2205 1697 et
2231 1640 2595 1716 Symmachus
2618 1637 2642 1678 ἀ
2667 1642 2863 1718 βάρεις,
2896 1641 2949 1695 id
2976 1649 3064 1696 est
3089 1640 3305 1694 turritas
3329 1642 3534 1705 domos,

1924 1738 2268 1806 interpretati
2326 1745 2476 1802 sunt,
2534 1735 2997 1806 appellanturque
3041 1733 3310 1789 Ilebraice
3361 1746 3538 1788 ABIA-

231 1824 477 1894 dexterzc,
508 1836 556 1902 et
595 1830 657 1884 de
694 1831 1090 1902 campestribus,
1143 1829 1290 1900 quod
1317 1832 1582 1888 Hebraice
1623 1835 1824 1888 dicitur
1852 1840 1902 1902 Β
1929 1849 2066 1890 Νοτιι
2098 1834 2382 1901 (nun-in).
2419 1834 2481 1888 Et
2513 1847 2806 1902 numquam
2847 1831 2951 1887 hoc
2981 1831 3366 1900 exstinguetnr
3396 1837 3422 1866 °
3451 1828 3534 1884 in-

230 1930 456 1975 serat-zu
482 1896 720 1994 (abavi),
750 1896 1052 1994 ρι’ριςιηηιη
1079 1896 1331 1978 historiae
1355 1925 1625 1996 signiﬁcat
1659 1925 1816 1981 intel-

230 2009 525 2082 ligentiam,
551 2024 598 2068 et
621 2013 686 2070 de
711 2017 980 2082 montosis,
1013 2018 1245 2073 excelsis
1275 2017 1527 2073 videlicet
1553 2019 1822 2090 dogmati-

230 2101 346 2169 bus,
371 2115 419 2160 et
439 2106 503 2160 ab
517 2106 738 2174 Austro,
763 2109 832 2165 de
852 2126 961 2182 quo
975 2112 1236 2182 scriptum
1258 2125 1374 2168 esu
1395 2112 1535 2169 Deus
1552 2116 1615 2169 ab
1627 2115 1819 2170 Austro

227 2197 379 2253 veniet
407 2199 594 2272 (Abas.
627 2216 706 2265 ιιι.
738 2201 817 2274 3).
853 2201 1011 2260 Unde
1037 2204 1192 2260 calor
1217 2215 1272 2261 et.
1302 2207 1457 2276 plena
1500 2207 1617 2276 lux,
1647 2217 1702 2263 et
1731 2209 1818 2264 ubi

226 2302 377 2345 omne
417 2291 592 2364 frigus
620 2295 952 2366 expellitur:
1005 2295 1306 2365 Portantes,
1352 2298 1449 2368 ait,
1493 2299 1816 2368 holocausta,

219 2383 430 2456 seipsos
466 2401 857 2446 coiisecrantes
905 2390 1038 2461 Deo,
1089 2403 1137 2447 et
1181 2394 1464 2460 victimam,
1495 2394 1610 2449 sive
1655 2394 1818 2467 965

227 2474 538 2548 thymiama,
581 2490 640 2536 ut
681 2481 904 2538 dicunt:
953 2483 1290 2554 Sacrificium
1335 2485 1559 2542 Domino
1603 2491 1822 2560 spiritus

225 2572 594 2628 contribulatus
625 2573 805 2648 (Psal.
835 2593 888 2643 L,
919 2577 1028 2646 19).
1066 2579 1148 2642 Ει,
1178 2576 1373 2634 Christi
1399 2581 1557 2635 bonus
1585 2581 1714 2635 odor
1734 2598 1820 2635 su-

225 2680 329 2719 mus
355 2666 409 2721 in
433 2669 581 2723 omni
609 2672 724 2724 loco
753 2669 806 2742 (l
835 2669 956 2726 Cor.
984 2687 1045 2740 tt,
1083 2672 1202 2744 15).
1252 2672 1316 2728 Et
1353 2673 1512 2729 alibi:
1548 2672 1822 2748 Dirigatur

225 2760 383 2814 oratio
399 2776 514 2817 mea
545 2763 678 2818 sicut
702 2767 968 2820 incensum
999 2766 1052 2820 in
1079 2775 1358 2837 conspectu
1381 2778 1469 2820 tuo
1487 2764 1665 2840 (Psal.
1689 2781 1814 2838 CXL,

223 2848 297 2920 2).
331 2852 396 2907 Et
421 2855 778 2919 sacriﬁcium,
816 2872 912 2926 pro
939 2873 1048 2927 quo
1075 2857 1212 2913 LXX
1259 2859 1433 2928 ipsum
1461 2861 1684 2915 verbum
1712 2861 1820 2916 lle-

223 2939 454 3018 braicum
485 2964 725 3018 posuere
753 2965 930 3006 usus
961 2949 1190 3023 (nmis).
1233 2951 1378 3022 quod
1417 2952 1652 3022 pessima
1685 2968 1816 3008 con-

221 3038 534 3109 suetudine,
566 3040 736 3098 immo
775 3041 1108 3114 scriptorum
1151 3044 1498 3116 negligentia,
1533 3062 1726 3101 manna
1760 3048 1812 3102 in

1922 1929 2198 1993 cendium,
2217 1931 2436 1984 dicente
2453 1927 2754 1994 Apostolo:
2782 1924 3204 1998 Uniuscujusque
3228 1939 3358 1997 opus
3377 1924 3536 1996 quale

1919 2025 2007 2090 sit,
2035 2025 2171 2095 ignis
2202 2024 2434 2090 probabit
2459 2023 2511 2096 (I
2545 2022 2668 2078 Cor.
2695 2037 2776 2086 tu,
2805 2022 2914 2092 l3).
2944 2020 3263 2076 Etiterum:
3293 2018 3356 2076 Si
3377 2019 3530 2090 cujus

1921 2135 2052 2187 Opus
2081 2119 2687 2184 arserit,'detrimentum
2719 2116 2971 2184 patietur,
3004 2116 3116 2185 ipse
3153 2124 3326 2167 autem
3352 2113 3531 2168 salvus

1919 2215 2041 2280 erit,
2075 2214 2151 2269 sic
2177 2225 2345 2268 tamen
2372 2213 2524 2284 quasi
2552 2228 2646 2285 per
2667 2212 2837 2282 ignem
2859 2207 3052 2281 (lbid.,
3087 2207 3198 2279 15).
3222 2206 3316 2262 Sin
3344 2217 3526 2262 autent

1923 2309 2095 2364 nostri
2124 2307 2477 2379 judaizantes
2507 2305 2954 2377 explanationem
2982 2302 3244 2373 tropicam
3275 2299 3530 2370 repudia-

1922 2403 2057 2468 rint,
2082 2411 2177 2456 attt
2202 2399 2374 2456 Jutlzei
2405 2414 2529 2456 esse
2570 2406 2860 2468 cogentur,
2890 2403 2945 2450 et
2973 2410 3096 2452 cum
3137 2393 3529 2449 observatione

1923 2493 2132 2551 sabbati
2187 2492 2588 2548 circumcidere
2629 2490 2918 2560 pra-potia,
2971 2495 3066 2541 aut
3121 2484 3528 2556 reprehendere

1921 2597 2077 2645 certe
2104 2588 2470 2652 Salvatorem,
2518 2585 2611 2656 qui
2650 2583 2814 2655 jussit
2856 2583 2910 2637 in
2939 2581 3170 2635 sabbato
3203 2576 3527 2652 paralytico,

1925 2690 1984 2736 ut
2007 2689 2252 2752 portaret
2277 2680 2536 2736 lectulum
2558 2694 2742 2739 suum,
2764 2674 3111 2746 Evangelista
3127 2672 3375 2729 dit-eme:
3400 2670 3531 2726 Pro-

1926 2787 2104 2848 pterea
2129 2774 2294 2845 magis
2314 2771 2490 2827 Jude
2515 2769 2808 2842 qttwrebant
2835 2783 2952 2822 eum
2983 2766 3290 2837 interﬁcere,
3318 2779 3421 2818 non
3447 2777 3533 2817 so-

1926 2866 2036 2921 lum
2057 2868 2181 2938 quia
2195 2866 2423 2921 solvebat
2443 2864 2738 2926 sabbatum,
2753 2863 2844 2918 sed
2862 2875 2908 2916 et
2934 2860 3146 2916 Patrem
3169 2876 3319 2914 suum
3333 2855 3530 2914 dicebat

1925 2957 2117 3026 Deum,
2144 2957 2395 3030 wqualem
2421 2974 2476 3013 se
2502 2957 2701 3029 faciens
2727 2953 2837 3011 Deo
2866 2951 3050 3026 (Joan.
3076 2968 3131 3022 v,
3158 2950 3274 3023 18).

288 3187 313 3216 ⁸
339 3180 508 3260 Yatic.
553 3191 612 3238 et
639 3182 871 3260 Cisterc.
897 3183 1238 3240 interseruut
1269 3185 1434 3260 libris.
1468 3185 1664 3260 Adhuc
1685 3202 1819 3260 vero
1845 3197 1892 3260 ί]
1925 3191 2073 3246 notis
2095 3190 2366 3246 versinnis
2415 3189 2558 3247 LXX
2590 3188 2693 3246 hoc
2732 3189 3036 3242 afﬁrmasse
3083 3179 3476 3256 Hieronymum
3509 3199 3523 3249 ;

219 3256 454 3325 cernitur
481 3271 647 3311 error
675 3257 780 3310 iste
813 3255 899 3311 hic
923 3267 974 3311 et
997 3272 1121 3324 cap.
1147 3272 1329 3325 vattt,
1354 3257 1408 3314 5.
1437 3269 1490 3312 et
1519 3258 1749 3316 Baiut-lt.
1779 3276 1816 3320 ι.

220 3321 305 3378 10.
343 3325 524 3382 Penes
552 3326 945 3382 Theodoritnm
970 3321 1242 3384 interdum
1276 3321 1542 3394 scriptum
1580 3332 1822 3386 invenies

309 3399 396 3463 αά,
430 3399 716 3471 interdum
744 3401 908 3471 μαννά
952 3419 964 3455 :
1011 3399 1265 3455 leremia:
1291 3401 1502 3457 scilicet
1539 3418 1652 3468 xu,
1683 3403 1740 3462 5.
1768 3414 1823 3457 et

261 3467 612 3547 ill-'IIC-[li-iﬂco
651 3467 898 3547 laudato.
925 3472 1356 3547 Chryscistomns
1393 3489 1610 3543 quoque
1642 3467 1821 3547 ίμαναὰ

215 3535 336 3602 legit
377 3541 775 3597 Exhortatione
821 3546 994 3611 prima
1029 3535 1094 3596 ad
1129 3535 1618 3610 'I'heodorumc'ap.
1650 3535 1734 3613 'ttt,
1767 3556 1823 3600 et

257 3613 480 3687 awoi_in
517 3613 758 3668 Danielis
801 3628 924 3684 cap.
972 3629 1032 3669 tt.
1086 3614 1220 3669 Vide
1271 3626 1419 3671 tumo
1468 3619 1719 3687 sequenti
1767 3617 1818 3672 in

217 3683 488 3806 Ezechiel.
538 3701 662 3755 cap.
701 3700 805 3739 va
851 3683 904 3742 et
951 3701 1075 3740 XLVI
1119 3689 1354 3744 nominis
1386 3683 1565 3758 ltujns'
1594 3689 1817 3760 exposi-

239 3767 439 3806 tonent.

239 3767 439 3811 10110111.

287 3822 314 3863 ι’
344 3826 399 3902 In
431 3827 725 3902 Vatic_._,__et_
741 3845 842 3884 non
863 3829 1112 3900 feceritis,
1142 3847 1260 3902 qute
1285 3832 1522 3902 facienda
1554 3831 1816 3887 mandavi.

289 3907 310 3935 ε
355 3901 497 3976 Quos
538 3899 962 3976 ΙιΧΧξΑμφόδα.
987 3903 1133 3976 Cave
1154 3899 1351 3976 labant
1383 3904 1470 3959 th
1495 3906 1820 3976 opinionem

215 3982 382 4043 quam,
407 3971 668 4041 ingerunt
692 3971 955 4028 Erasmus
994 3985 1049 4027 et
1073 3974 1373 4043 Mat-ianus,
1393 3971 1642 4031 dicentes
1673 3974 1818 4031 LXX

215 4054 334 4124 cum
357 4041 556 4110 Aquila
581 4052 642 4124 et
671 4041 1416 4124 Sy_mmacb9_interpr-elatas
1446 4047 1816 4124 fuisseﬁa'zpsts

213 4114 264 4166 id
302 4125 419 4181 est,
455 4115 676 4170 turritas
715 4114 916 4172 domos.
968 4116 1080 4172 Nec
1119 4128 1278 4187 putes
1327 4135 1455 4175 cum
1489 4114 1720 4175 Nobiito'
1760 4123 1814 4174 ιιι

223 4245 807 4274 ἡ

1923 3279 2048 3334 quia
2079 3279 2146 3318 ex
2189 3263 2294 3318 lide
2316 3266 2558 3318 omnium
2591 3263 3526 3334 exempla:inmunmuscriptorunt

1923 3328 2101 3390 sant-ti
2146 3335 2418 3396 Ductorts,
2481 3328 2830 3403 perspicumn
2874 3341 2967 3403 est
2998 3329 3175 3401 ipsum
3224 3328 3425 3398 legisse
3466 3328 3520 3403 in

1924 3404 2069 3461 LXX
2098 3417 2152 3462 et
2179 3407 2384 3480 dixisse
2412 3400 2672 3480 "Amas,
2713 3404 2766 3460 id
2807 3413 2910 3471 εει,
2953 3400 3111 3464 bivia,
3147 3411 3200 3455 ct
3227 3415 3334 3454 non
3367 3400 3526 3454 turri-

1925 3488 2005 3531 tas
2045 3480 2247 3533 domos.
2302 3477 2568 3534 Murrina.

1997 3546 2024 3587 δ
2059 3551 2419 3605 Lutznlenttns
2464 3555 2514 3602 in
2547 3550 2708 3616 epist.
2728 3547 2840 3620 765.
2872 3547 2937 3601 ad
2968 3543 3319 3613 Principiam.
3349 3545 3529 3620 Ῑξάρις,

1920 3617 2023 3696 ait,
2054 3621 2260 3675 verbum
2292 3612 2690 3696 estEst-cxiiipr
2717 3619 3035 3696 Palatinum,
3073 3625 3122 3670 et
3162 3612 3330 3696 usque
3366 3612 3526 3696 hodie

1926 3691 2112 3745 domus
2152 3709 2214 3746 ea:
2249 3693 2390 3746 omni
2428 3685 2902 3765 pairte'conclnsa’,
2929 3699 2975 3744 et
3017 3691 3068 3742 in
3109 3685 3313 3765 modum
3351 3685 3522 3765 cedi/il-

1924 3773 2054 3816 cata:
2092 3767 2335 3830 turrium,
2375 3757 2438 3818 ac
2474 3766 2714 3818 mamium
2760 3761 3103 3834 publicorum.
3128 3759 3307 3832 βάρεις
3345 3757 3528 3828 appel-

1922 3837 2119 3890 lantur.
2156 3836 2359 3892 lit-cole
2403 3852 2524 3905 quae
2557 3839 2608 3890 in
2645 3839 2787 3888 hunc
2818 3836 2994 3888 locum
3025 3840 3442 3892 annotavnnus,
3474 3835 3528 3880 el

1921 3907 2296 3962 Cottintenlar.
2331 3909 2383 3960 itt
2417 3910 2587 3964 Amos
2613 3922 2733 3973 cap.
2762 3921 2801 3973 ι,
2833 3905 2888 3959 2.

1998 3987 2021 4015 θ
2051 3977 2381 4033 Sutl'ecimus
2400 3995 2430 4034 e
2456 3994 2586 4034 mss.
2613 3967 2933 4043 incendium,
2958 3972 3101 4046 quod
3125 3985 3324 4028 nomen
3348 3985 3377 4024 a
3399 3967 3530 4026 Vul-

1919 4051 2062 4120 gatis
2093 4049 2389 4105 exciderat.

1181 4376 1660 4488 LIBER
1745 4377 2540 4508 QUARTUS.

278 4710 644 4786 965-966
668 4708 897 4780 Semper
925 4706 1179 4764 diabolus
1198 4709 1344 4764 bono
1370 4711 1521 4779 operi
1563 4711 1813 4766 imminet
1845 4717 1894 4778 Ι)
1921 4713 2216 4770 Jcremiam
2261 4729 2359 4786 per
2393 4713 2676 4774 intervalla
2711 4711 3025 4777 dictabam;
3061 4719 3120 4766 ιιι
3159 4708 3307 4782 quod
3336 4708 3530 4765 deerat

207 4801 393 4876 [Forte
423 4800 658 4876 invidet]
689 4812 745 4858 et
774 4801 974 4869 ubique
994 4801 1373 4872 gradientibus
1401 4804 1546 4873 ponit
1572 4805 1818 4869 lacueos,
1926 4809 2064 4875 otio,
2103 4818 2412 4875 superesset
2456 4805 2739 4862 industriae
2764 4822 2778 4870 ;
2808 4821 2930 4860 cum
2961 4803 3142 4859 subito
3169 4801 3396 4859 hreresis
3423 4799 3528 4872 Py-

205 4912 472 4954 narrante
509 4896 779 4965 Proltheta
811 4896 879 4950 de
903 4894 1200 4950 satellitum
1229 4895 1348 4965 ejus
1376 4895 1590 4949 insidiis
1617 4912 1630 4950 :
1654 4893 1820 4950 Juxta

1928 4902 2170 4971 lltagorac
2206 4909 2262 4954 et
2304 4899 2564 4965 Zenonis,
2615 4900 2895 4962 ἀπαθείας.
2929 4907 2984 4952 ct
3017 4897 3434 4974 ἁναμαρτησίας,
3470 4891 3524 4948 id

204 4992 441 5046 semitam
471 4989 782 5044 scandalum
813 4994 1095 5058 posuerunt
1123 4985 1251 5039 mihi
1283 4984 1458 5054 (Psal.
1487 5001 1710 5050 cxxnx,
1736 4987 1817 5058 6),
1923 5004 2038 5062 est,
2083 4991 2516 5062 impassibilitatis
2547 5001 2592 5047 et
2617 4992 2994 5066 imperet-antire,
3019 5007 3140 5062 qua:
3167 4991 3298 5044 olitn
3325 4990 3377 5043 in
3399 4987 3525 5042 Ori-

201 5095 256 5142 et
289 5087 592 5157 Evangelia
639 5084 856 5158 (Matth.
892 5097 1010 5148 snt,
1042 5080 1212 5136 Marc.
1239 5097 1294 5137 tv
1323 5091 1370 5136 et
1400 5081 1532 5136 Luc.
1565 5083 1686 5150 vnt)
1715 5083 1818 5138 hoc
1919 5101 2080 5158 gene,
2111 5094 2164 5138 et
2194 5084 2397 5140 dudum
2427 5085 2480 5140 in
2511 5084 2790 5152 discipulis
2818 5085 2939 5154 ejus
2969 5081 3240 5148 Gtunttio,
3271 5081 3528 5151 Evagrio-

201 5179 381 5249 ipsutn
428 5179 644 5249 plenius
682 5179 1015 5238 instruente,
1047 5172 1191 5242 quod
1219 5175 1459 5230 volatilia
1497 5175 1624 5231 ’ρωῑὶ
1660 5176 1813 5244 juxta
1921 5192 2031 5250 que
2053 5186 2078 5214 ⁸
2112 5177 2356 5242 Pontico,
2395 5186 2448 5232 et
2470 5175 2756 5232 .loviuiano
2782 5175 3027 5246 jngulata
3051 5184 3154 5236 est,
3185 5169 3352 5242 (cepit
3378 5170 3524 5225 revi-

197 5272 343 5329 viam
393 5272 544 5344 jacta
573 5270 680 5345 [Αι.
703 5267 931 5342 jactata]
958 5269 1166 5324 semina
1197 5269 1460 5339 diripiant
1511 5281 1676 5340 atque
1699 5269 1815 5324 dis-
1923 5273 2155 5338 viscere,
2179 5283 2233 5328 et
2254 5287 2359 5326 non
2379 5274 2554 5326 solum
2577 5272 2630 5326 in
2657 5270 2990 5338 Occidentis,
3016 5270 3110 5322 sed
3137 5266 3265 5322 etin
3283 5265 3527 5320 Orientis

197 5367 461 5436 perdant.
495 5362 606 5419 Cur
634 5365 738 5419 hoc
769 5361 1061 5434 principio,
1091 5360 1262 5415 frater
1283 5360 1506 5428 Eusebi,
1532 5377 1662 5416 usus
1687 5359 1814 5426 sim,
1919 5366 2164 5438 partibus
2187 5365 2437 5430 sibilare,
2463 5375 2519 5420 et
2548 5364 2602 5419 in
2625 5363 2948 5434 quibusdam
2979 5359 3190 5426 insulis,
3222 5358 3523 5428 praecipue-

195 5473 442 5533 sequens
493 5473 674 5515 sermo
721 5457 1073 5515 monstrabit.
1113 5457 1298 5514 Multis
1337 5467 1398 5513 et
1434 5459 1504 5513 de
1546 5469 1661 5513 toto
1711 5459 1816 5514 huc
1917 5473 2025 5529 que
2055 5456 2262 5514 Sicilia:
2291 5467 2350 5514 et
2391 5456 2592 5526 llltodi,
2623 5457 2904 5511 maculate
2951 5451 3264 5522 plerosque,
3289 5458 3347 5504 et
3375 5463 3520 5504 cres-

193 5557 332 5611 orbe
369 5552 800 5610 conﬂuentium.
831 5551 1035 5618 turbis,
1076 5562 1132 5608 et
1169 5551 1503 5608 Sanctorum
1554 5553 1810 5609 Fratrum
1914 5567 2040 5608 cere
2072 5566 2168 5622 per
2194 5551 2317 5607 dies
2345 5552 2591 5621 singulos
2613 5595 2628 5618 ,
2666 5548 2797 5604 dum
2829 5557 3044 5601 secreto
3074 5544 3302 5611 docent,
3330 5553 3388 5599 ct
3415 5558 3515 5614 pu-

191 5645 638 5717 monasteriique
691 5645 840 5701 curis
896 5656 1230 5716 occupatus,
1281 5644 1720 5702 Commentarios
1757 5645 1812 5700 in
1916 5646 2060 5703 blice
2083 5645 2450 5719 967-969
2478 5651 2703 5714 negant.
2734 5641 2834 5698 Cui
2861 5637 3201 5711 respondere
3219 5637 3312 5694 diu
3338 5649 3525 5696 tacens

269 5787 852 5916 {Agd'i‘t‘t‘t’i‘r’tml’ontico
877 5829 891 5854 ,
921 5761 1064 5859 quod
1115 5789 1172 5848 in
1222 5761 1358 5847 mss.
1393 5761 1502 5846 non
1533 5787 1784 5852 habetur.
1817 5800 1872 5848 et
1900 5770 2180 5847 studiosus
2205 5785 2478 5847 nonnemo
2499 5785 2801 5858 adiecerit,
2834 5783 2987 5852 rejici
3015 5781 3195 5841 denuo
3220 5783 3407 5840 malim
3446 5784 3513 5840 ad

233 5877 384 5934 agin.
611 5909 616 5914 .
649 5899 660 5912 .

233 5877 418 5935 astute
450 5877 660 5915 alnum.
