3846 6948
472 380 578 437 793

1713 374 1770 433 5.
1816 371 2090 432 EUSEBII
2127 372 2510 431 illERONYMl
3591 368 3668 425 796

469 509 525 557 et
554 498 800 561 dolorem
832 495 1362 565 silentiodevorans,
1392 495 1583 551 crebra
1617 493 1844 550 fratrum
1876 507 2071 565 expos-
2103 494 2152 557 Α
2187 501 2390 565 potero,
2415 488 2481 546 ad
2507 489 2669 546 llebr.
2690 468 2846 561 521st]
2877 484 3016 540 vobis
3041 484 3229 557 facere,
3255 477 3419 539 domus
3443 480 3675 543 Israelioit

470 592 738 653 tulatione
763 589 1078 661 compulsus
1106 604 1227 651 sum
1254 606 1267 643 ε
1305 603 1405 644 nec
1428 598 1609 644 tamen
1644 588 1921 657 hucusque
1948 602 2069 659 pro-

466 682 612 753 rupi,
641 692 699 739 ut
728 691 1011 739 auctorum
1037 681 1255 736 nomina
1281 695 1568 753 ponerem,
1600 680 1811 735 malens
1834 694 1928 735 cos
1952 695 2072 735 cor-

466 775 605 849 rigi,
636 791 799 846 quam
840 774 1091 833 infamari
1126 773 1234 851 [ΑΙ.
1293 775 1543 849 imitari].
1588 773 1777 845 Neque
1806 775 1950 829 enim
1976 774 2074 829 ho-

472 870 700 940 minum,
727 869 826 925 sed
856 869 1064 925 erroris
1086 868 1337 927 inimicus
1360 884 1477 924 sum
1506 886 1519 923 :
1542 869 1634 943 qui
1662 867 1794 924 mihi
1818 875 1877 924 ιιι
1897 868 2071 924 vicem

470 962 695 1018 talionis
724 973 781 1018 et
809 963 1107 1039 genuinum
1135 962 1217 1018 sui
1247 960 1459 1018 doloris
1482 960 1594 1037 [ΑΙ.
1629 959 1870 1035 sud0ris]
1901 960 2074 1018 illide-

467 1066 614 1127 rent,
659 1068 879 1117 veteres
910 1058 1298 1139 magistrorum
1331 1072 1555 1113 suorum
1589 1055 1892 1112 calumnias
1937 1072 2073 1112 con-

469 1152 793 1219 cinnautes,
829 1151 1095 1210 intantum
1129 1152 1376 1224 elingues
1403 1150 1510 1227 [ΑΙ.
1545 1151 1839 1229 bilingues]
1881 1162 1934 1209 et
1970 1152 2071 1207 mi-

474 1246 585 1302 seri
611 1245 977 1304 demonstrati
1011 1255 1157 1315 sunt,
1187 1257 1243 1302 ut
1272 1262 1342 1304 ne
1371 1245 1697 1303 maledicere
1719 1246 1938 1318 quidem
1961 1246 2077 1303 suis

476 1339 660 1394 verbis
690 1340 990 1411 potuerint.
1032 1340 1273 1415 Quorum
1303 1350 1430 1397 tunc
1472 1344 1761 1411 temporis,
1793 1340 1956 1397 editis
1983 1339 2077 1403 ad-

475 1446 669 1487 versus
700 1447 796 1487 eos
838 1432 1019 1501 libris,
1055 1434 1247 1490 omnia:
1277 1433 1572 1493 confutatee
1597 1445 1725 1491 sunt
1751 1480 1765 1505 ,
1808 1450 1945 1515 quos
1984 1436 2077 1512 qui

473 1522 660 1596 legere
679 1526 973 1595 voluerint,
998 1527 1207 1601 liquido
1230 1528 1606 1601 pervidebunt,
1627 1545 1792 1587 canes
1818 1531 2078 1601 eosjuxta

476 1611 674 1670 Isaiam
719 1633 843 1674 esse
882 1629 1086 1689 mutos,
1117 1619 1209 1691 qui
1250 1620 1452 1678 latrare
1484 1624 1774 1683 nesciant:
1817 1623 2079 1680 habentes

475 1709 696 1779 quidem
730 1712 1071 1770 voluntatem
1102 1724 1155 1769 et
1186 1714 1393 1771 rabiem
1428 1718 1754 1785 mentiendi,
1784 1717 1879 1773 sed
1906 1727 2079 1774 artem

477 1802 716 1875 fingendi
747 1814 802 1862 et
834 1806 1065 1863 latrandi
1094 1823 1203 1863 non
1233 1807 1494 1864 habentes
1521 1808 1676 1882 (Isai.
1704 1810 1835 1881 LVI).
1867 1810 2079 1878 Quibus

2177 587 2452 644 Dominus.
2491 585 2621 641 Ecce
2649 583 2781 639 sicut
2811 584 2984 636 lutum
3017 580 3071 634 in
3098 595 3254 632 manu
3282 577 3434 650 ﬁguli,
3458 578 3521 635 sic
3542 596 3611 635 vos
3638 582 3675 637 itt

2177 704 2332 743 manu
2362 703 2495 755 mea,
2535 685 2719 738 domus
2749 678 2939 735 Israel.
2974 678 3201 746 Repente
3220 674 3350 747 (sive
3370 676 3431 729 ad
3464 679 3674 750 summam)

2174 782 2361 853 loquar
2381 778 2450 834 ad
2456 794 2655 833 versum
2671 784 2873 850 gentem
2894 778 2942 825 et
2966 766 3238 824 adversum
3264 784 3472 838 regnum,
3488 775 3533 822 ut
3547 769 3678 822 eratfi-

2176 894 2285 939 cent
2312 876 2450 948 (sive
2467 872 2726 947 auferam)
2750 878 2798 925 et
2829 869 3117 931 destruam,
3138 871 3187 916 et
3208 861 3475 935 disperdam
3492 858 3615 916 illud.
3635 861 3679 916 Si

2176 969 2529 1045 ptenitentiam
2558 964 2716 1041 egerit
2742 978 2870 1035 gens
2916 958 3012 1014 illa
3043 975 3076 1012 a
3107 957 3245 1011 malo
3278 972 3363 1010 suo
3389 954 3505 1023 quod
3528 953 3678 1008 locum

2176 1082 2290 1121 sum
2312 1065 2585 1119 aduersum
2628 1075 2766 1122 eam,
2796 1073 2951 1133 agam
2994 1061 3043 1110 et
3087 1068 3179 1125 ego
3222 1048 3535 1125 paenitentiam
3568 1063 3683 1119 super

2178 1159 2318 1212 malo
2356 1153 2493 1228 quod
2520 1150 2743 1225 cogitaui
2784 1159 2839 1204 ut
2884 1149 3109 1219 {acerem
3137 1144 3203 1200 ei.
3239 1139 3303 1197 Et
3340 1142 3485 1196 subito
3507 1140 3614 1213 (sive
3634 1140 3682 1194 ad

2176 1246 2456 1320 summam)
2487 1244 2672 1318 loquar
2700 1241 2767 1297 de
2794 1248 2942 1315 gente
2967 1246 3014 1292 et
3042 1251 3224 1310 regno,
3255 1242 3307 1290 ut
3333 1231 3565 1303 aediﬁcem,
3587 1240 3626 1287 et
3647 1237 3685 1284 ut

2178 1345 2404 1418 plantem
2429 1338 2584 1395 illud.
2619 1337 2680 1395 Si
2710 1335 2891 1408 fecerit
2916 1331 3112 1387 ntalnm
3139 1330 3192 1384 in
3222 1323 3378 1384 oculis
3397 1325 3526 1394 meis,
3546 1333 3685 1418 utnon

2179 1416 2361 1490 audiat
2393 1448 2567 1489 vocem
2613 1446 2818 1499 meam,
2866 1423 3222 1501 penitentiam
3260 1435 3403 1494 agam
3435 1432 3564 1492 super
3592 1416 3688 1471 bono

2180 1530 2321 1603 quod
2349 1530 2550 1584 locutus
2584 1542 2699 1583 sum
2729 1531 2787 1579 ut
2831 1524 3051 1595 facerem
3090 1518 3158 1578 ei.
3204 1515 3307 1574 Per
3333 1529 3500 1569 omnes
3525 1510 3687 1584 quidem

2182 1637 2379 1680 sensus
2404 1621 2470 1678 ad
2497 1618 2768 1692 judicium
2802 1625 2858 1671 et
2891 1611 3301 1684 intelligentiam
3329 1606 3477 1663 animi
3503 1604 3691 1676 perveni-

2186 1724 2293 1783 tur,
2326 1713 2534 1781 auditu,
2564 1713 2818 1774 odoratu,
2850 1716 3033 1780 gustu,
3071 1713 3243 1770 tactu,
3276 1702 3364 1758 sed
3402 1699 3543 1773 969
3566 1697 3691 1768 magis

2184 1817 2365 1864 mente
2400 1807 2688 1869 retinetur,
2710 1801 2851 1873 quod
2879 1799 3058 1855 oculis
3089 1795 3354 1853 cernitur.
3378 1788 3693 1862 Uudejubetnr

483 1894 676 1967 loquar
708 1898 1034 1969 compendio
1070 1917 1084 1953 :
1116 1899 1230 1957 Aut
1260 1901 1399 1956 bona
1430 1911 1557 1957 sunt
1584 1917 1706 1977 qua:
1738 1903 1967 1977 docetis,
1992 1915 2085 1960 aut
2120 1899 2159 1958 Β
2187 1901 2457 1974 Propheta
2489 1900 2555 1956 ad
2589 1899 2812 1953 domttm
2841 1894 2991 1968 figuli
3024 1892 3127 1959 ire,
3160 1897 3218 1947 et
3240 1888 3312 1945 ibi
3342 1887 3529 1943 Domini
3556 1881 3693 1977 audite

485 1992 646 2046 mala.
681 1991 738 2051 Si
769 1993 935 2059 bona,
963 1991 1241 2052 defendite
1286 1994 1459 2057 libere
1502 2016 1516 2050 :
1546 1997 1593 2052 si
1622 1997 1786 2065 mala,
1822 1998 1947 2068 quid
1993 2015 2087 2056 oc-

474 2086 625 2140 culte
657 2086 885 2141 miseros
908 2088 1174 2161 jugulatis
1196 2104 1406 2160 errore,
1437 2099 1710 2162 rectosque
1742 2090 1866 2146 fidei
1892 2090 1956 2145 ad
1990 2090 2087 2147 de-

476 2178 765 2248 cipiendos
793 2180 1070 2251 simplices
1097 2196 1345 2257 quosque
1391 2182 1605 2254 jactatis
1647 2182 2085 2252 expositionem?

477 2287 599 2344 quae
628 2272 674 2327 si
704 2288 834 2329 vera
864 2283 973 2341 est,
1005 2290 1102 2330 cur
1131 2274 1529 2332 absconditur?
1552 2275 1598 2331 si
1633 2276 1789 2343 falsa,
1822 2292 1921 2333 cur
1948 2276 2086 2333 scri-

481 2364 661 2421 bitur?
693 2364 849 2436 Rogo
875 2382 998 2439 qua:
1022 2377 1108 2423 est
1146 2367 1247 2423 ista
1278 2367 1524 2423 insania?
1554 2367 1914 2440 Praecipiente
1954 2385 2086 2439 apo-

480 2459 628 2515 stolo
650 2461 671 2531 (
689 2461 704 2516 Ι
739 2459 883 2516 Petr.
920 2459 1026 2536 ιιι),
1054 2471 1111 2517 ιιι
1141 2464 1311 2534 parati
1343 2464 1513 2519 simus
1543 2465 1607 2518 ad
1637 2461 2082 2521 satisfaciendum

481 2555 631 2610 omni
662 2555 908 2624 poscenti
948 2571 1047 2611 nos
1078 2555 1342 2611 rationem
1385 2556 1453 2611 de
1489 2571 1549 2612 ea
1579 2572 1699 2628 qua:
1728 2556 1779 2610 in
1810 2556 1966 2612 nobis
2001 2564 2088 2611 est

477 2661 597 2718 spe,
626 2656 681 2701 et
713 2647 983 2719 Propheta
1014 2648 1285 2704 clamante
1313 2666 1325 2701 :
1353 2648 1619 2719 Loquebar
1646 2649 1710 2704 de
1732 2647 1843 2722 [ΑΙ.
1876 2644 1957 2721 in]
1986 2642 2091 2704 tes:

478 2739 712 2794 timoniis
740 2739 843 2794 tuis
869 2741 923 2795 in
969 2750 1247 2812 conspectu
1276 2757 1485 2813 regunt,
1514 2748 1561 2794 et
1594 2756 1697 2795 non
1730 2740 2086 2812 confundebar

480 2830 658 2906 (Psal.
687 2848 876 2903 cxvnt,
902 2833 1016 2906 46),
1050 2834 1137 2890 isti
1158 2834 1436 2908 publicum
1463 2832 1693 2908 fugiunt,
1720 2843 1777 2891 et
1800 2844 2088 2893 susurrant

480 2930 533 2985 in
557 2929 775 3000 angulis
800 2929 1163 3000 perditorum,
1190 2929 1481 3004 dolentque
1505 2931 1660 3003 quasi
1686 2946 1785 3005 pro
1806 2932 1939 3001 suis,
1965 2947 2086 3003 quia

479 3038 580 3077 sua
606 3033 853 3079 metuunt
877 3022 1149 3081 confiteri.
1174 3021 1420 3096 Cumque
1440 3025 1772 3096 generaliter
1792 3022 2083 3081 adversum

478 3116 606 3171 vitia
630 3117 755 3188 quid
778 3127 833 3173 et
860 3119 1150 3175 haereticos
1172 3118 1499 3190 dixerimus,
1526 3136 1586 3175 se
1601 3121 1709 3191 peti
1740 3129 2081 3190 queruntur;

374 3272 391 3283 .
481 3210 791 3278 malumque
812 3209 1163 3265 conscientiae
1202 3210 1546 3267 dissimulata
1588 3210 1681 3267 ditt
1712 3210 2087 3282 indignatione

480 3303 860 3373 pronuntiant.
884 3302 1040 3372 Quod
1065 3307 1108 3357 si
1133 3302 1436 3359 cavendum
1463 3303 1623 3359 nobis
1639 3310 1743 3370 est,
1762 3320 1829 3359 ue
1843 3311 2084 3360 veterem

482 3394 682 3451 hederc
710 3395 991 3453 videamur
1008 3406 1035 3434 ι
1058 3395 1521 3456 necessitudinem
1537 3438 1551 3464 ,
1574 3396 2084 3466 sisuperhissimam

483 3487 737 3543 haeresim
787 3488 1059 3559 spirituali
1093 3503 1352 3544 mucrone
1401 3496 1739 3557 truneetntts,
1773 3504 1904 3560 ergo
1926 3488 2088 3549 susti-

485 3580 677 3638 neudw
699 3584 859 3636 erunt
887 3580 1046 3637 nobis
1064 3594 1257 3636 cruces
1280 3580 1506 3650 proditae
1540 3580 1685 3649 fidei,
1717 3588 1772 3635 et
1796 3578 2086 3637 dicendum

479 3690 602 3729 cum
656 3674 925 3743 i'r0pbeta
961 3690 975 3728 :
1016 3673 1261 3730 Versatus
1292 3689 1405 3727 sunt
1434 3670 1487 3727 in
1519 3672 1747 3743 miseria,
1781 3671 1906 3727 dum
1962 3673 2091 3728 mihi

486 3769 725 3839 inﬁgitur
751 3770 907 3842 spina
938 3768 956 3841 (
985 3766 1134 3827 Psal.
1172 3785 1320 3834 xm,
1345 3766 1424 3839 4).
1452 3767 1593 3835 Quin
1643 3769 1821 3838 potius
1866 3769 2091 3828 audiant

483 3863 617 3919 illud
649 3863 1036 3932 Apostolicutn
1068 3884 1080 3918 :
1118 3863 1343 3919 Obedire
1367 3862 1480 3919 Deo
1509 3863 1674 3934 magis
1706 3871 1906 3937 oportet
1933 3878 2090 3936 quam

481 3956 778 4012 hominibus
801 3956 942 4028 (Act.
978 3973 1033 4026 v,
1066 3959 1168 4025 ‘29;
1203 3955 1324 4012 Gal.
1358 3960 1420 4033 t).
1454 3958 1515 4015 Et
1549 3957 1749 4013 iterum
1786 3974 1798 4012 :
1830 3957 1892 4014 Si
1922 3958 2092 4013 homi-

480 4049 632 4105 nibus
653 4050 938 4121 placerem,
963 4051 1155 4106 Christi
1175 4068 1352 4108 seruus
1399 4070 1503 4107 non
1530 4070 1712 4109 essent.
1741 4051 1939 4111 Verum
1973 4052 2092 4109 Ittec

481 4144 534 4198 in
554 4131 919 4214 preprio,‘nisi
935 4147 1221 4214 tacuerint,
1239 4161 1407 4217 opere
1425 4145 1451 4184 δ
1470 4147 1687 4218 plenius
1701 4161 2088 4216 exsequemur.

480 4237 633 4293 Nunc
655 4248 892 4311 coeptum
927 4241 981 4295 in
1011 4238 1306 4297 Jeremiam
1338 4256 1627 4309 carpamus
1680 4243 1804 4309 iter,
1850 4250 1906 4297 et
1929 4255 2094 4310 quar-

483 4342 598 4387 tum
626 4333 677 4388 in
708 4349 832 4388 eum
864 4333 1122 4390 volumen
1154 4335 1394 4391 breviter
1420 4343 1886 4401 transcurrentes,
1923 4336 1974 4390 in
2006 4334 2092 4390 his

486 4434 695 4482 tantum
719 4443 841 4500 quae
867 4428 1103 4484 obscura
1134 4431 1334 4486 fuerint
1360 4430 1744 4494 immoremur.

556 4606 714 4681 (Cap.
751 4608 1224 4667 XVlll.——Vers.l
1258 4610 1439 4683 seqq.)
1475 4609 1692 4665 Verbum
1716 4611 1859 4683 quod
1889 4615 2090 4682 factum

479 4712 555 4760 est
586 4703 654 4759 ad
681 4702 961 4765 Ieremia»:
991 4722 1021 4759 a
1056 4704 1300 4770 Domino,
1332 4705 1508 4760 dicens
1528 4703 1732 4778 :Surge
1756 4715 1805 4760 et
1837 4704 2091 4763 descende

475 4798 531 4854 in
566 4797 778 4857 domum
809 4798 978 4872 ﬁguli,
1010 4808 1058 4854 et
1077 4800 1146 4854 ibi
1179 4799 1362 4854 audies
1388 4798 1539 4855 verba
1571 4815 1707 4854 mea.
1740 4798 1805 4854 Et
1846 4799 2090 4854 descendi

477 4893 531 4947 in
557 4892 769 4949 domum
796 4892 972 4964 ﬁguli,
1006 4903 1051 4948 et
1077 4910 1192 4950 ecce
1218 4894 1327 4967 ipse
1363 4893 1588 4966 faciebat
1617 4910 1746 4966 opus
1780 4910 1940 4968 super
1996 4909 2086 4948 ro-

478 4994 588 5039 tant
632 4983 775 5058 (sive
815 4983 1062 5057 lapides).
1097 4984 1165 5041 Et
1197 4986 1506 5057 dissipatum
1534 4996 1609 5045 est
1638 5003 1748 5055 uas,
1791 4988 1931 5060 quod
1972 4988 2089 5054 ipse

480 5077 706 5147 faciebat
743 5097 772 5134 e
808 5081 917 5135 luto
957 5082 1192 5139 manibus
1230 5082 1360 5143 suis.
1402 5080 1792 5157 Conversusth
1842 5083 1998 5153 (sive
2038 5092 2088 5140 et

475 5173 708 5243 rursum)
740 5175 861 5244 [erit
893 5174 1024 5231 illud
1046 5191 1134 5230 uas
1166 5175 1410 5243 alterum,
1430 5176 1561 5230 sicut
1586 5176 1853 5249 placuerat
1884 5176 1939 5231 in
1960 5192 2090 5233 ocu-

477 5264 545 5322 lis
567 5268 679 5340 ejus
701 5274 753 5320 ut
776 5271 989 5337 faceret.
1018 5268 1086 5324 Et
1106 5269 1300 5336 factum
1325 5279 1399 5327 est
1422 5269 1632 5325 verbum
1658 5268 1866 5325 Domini
1887 5268 1956 5323 ad
1980 5286 2083 5334 me,

479 5360 653 5420 dicens
683 5377 702 5416 :
729 5361 999 5434 Numquid
1028 5364 1163 5421 sicut
1189 5362 1382 5434 ﬁgulus
1408 5364 1502 5419 iste
1524 5380 1627 5420 non
1656 5379 1865 5435 possunt
1890 5361 2079 5436 [Vulg.

552 5511 580 5541 ι
608 5500 790 5574 Rotuit
814 5501 1089 5569 Pelagium
1117 5504 1257 5559 inter
1283 5513 1337 5559 et
1352 5500 1770 5574 Hieronymum,
1789 5518 1910 5555 cum
1934 5508 2083 5556 uter-

475 5590 581 5646 que
626 5572 812 5628 Romte
850 5585 1071 5643 ageret,
1118 5586 1210 5628 aut
1259 5590 1380 5630 eum
1429 5572 1635 5629 amicus
1680 5583 1907 5646 uterque
1937 5583 2084 5630 esset

480 5645 681 5713 Punite,
712 5646 1092 5711 Demetriadis,
1120 5647 1419 5703 aliarumra
1447 5654 1763 5709 sanctarum
1788 5645 2078 5709 mulierum

479 5719 656 5786 aliqua
692 5717 1073 5772 intercessisse
1102 5718 1467 5773 necessitudo.
1490 5715 1869 5772 Verosimilius
1893 5722 2075 5772 tamen

477 5787 727 5859 videatur
750 5789 898 5859 innui
928 5787 1170 5845 Joannes
1193 5790 1711 5859 .lerosolytnitattus,
1735 5803 1845 5859 quo
1873 5805 1979 5843 non
2005 5788 2076 5845 ita

481 5943 678 6019 norum
704 5938 990 6013 patronum
1017 5931 1328 5989 accusabat.

2189 2005 2483 2071 pracepta.
2514 1993 2786 2062 Cumque,
2827 1991 2930 2057 ait,
2969 1986 3335 2060 perrexissem
3368 1989 3420 2038 et
3451 1974 3697 2036 descendis-

2189 2108 2303 2148 sem
2334 2092 2386 2149 in
2412 2089 2632 2147 domum
2658 2085 2832 2159 figuli,
2851 2082 3086 2140 faciebat
3110 2082 3228 2151 ipse
3242 2089 3530 2149 opussuper
3546 2080 3694 2139 rotato,

2187 2200 2349 2255 quam
2382 2180 2528 2239 LXX
2547 2180 2701 2236 verbi
2727 2178 3087 2251 ambiguitate
3114 2173 3356 2239 seducti,
3378 2168 3699 2245 lapidesuans-

2188 2277 2448 2341 tulerunt,
2484 2288 2682 2331 suum
2714 2268 2942 2346 (D7328)
2974 2267 3122 2325 enim
3156 2282 3261 2339 pro
3300 2265 3536 2337 qualitate
3558 2258 3638 2314 loci
3660 2264 3699 2312 et

2185 2368 2505 2428 diversitate
2538 2364 3034 2437 pronuntiationis,
3070 2370 3127 2419 et
3155 2375 3422 2436 organum,
3450 2355 3496 2412 id
3515 2363 3599 2418 est,
3620 2360 3701 2404 rota

2187 2464 2333 2537 figuli
2364 2472 2616 2526 vocatur,
2643 2468 2699 2516 et
2725 2457 2948 2531 lapides.
2972 2456 3245 2526 Cumque,
3273 2454 3459 2525 inquit,
3482 2457 3698 2505 cernerem

2188 2574 2328 2615 vase
2346 2557 2466 2615 luto
2487 2555 2627 2623 fieri,
2654 2555 2834 2610 subito
2851 2554 3179 2625 dissipatum
3210 2560 3316 2618 est,
3346 2550 3440 2603 hoc
3460 2545 3539 2601 Dei
3557 2549 3701 2612 agente

2191 2651 2556 2727 providentia,
2584 2660 2639 2707 ιιι
2666 2665 2857 2703 manus
2886 2644 3119 2702 artificis
3142 2643 3273 2699 dum
3308 2637 3542 2703 nesciret,
3565 2644 3701 2727 errore

2188 2725 2290 2805 suo
2335 2743 2655 2817 paraboiam
2710 2742 2994 2813 figuraret.
3041 2736 3386 2807 Rursumque
3417 2731 3498 2788 ille
3542 2725 3701 2817 figulus,

2188 2841 2278 2915 qui
2304 2810 2401 2894 vas
2427 2854 2456 2894 e
2490 2838 2627 2901 loto,
2665 2810 2780 2891 rata
2809 2841 3091 2896 currente,
3121 2827 3449 2901 perdiderat,
3473 2818 3576 2878 fecit
3594 2810 3701 2915 aliud

2190 2912 2295 2989 sibi
2341 2942 2399 2988 ιιι
2442 2932 2490 2988 ei
2527 2929 2703 2986 visum
2750 2938 2856 2984 est.
2909 2924 3223 2997 Statimque
3256 2921 3500 2978 Dominus
3531 2915 3584 2970 ad
3607 2912 3704 2970 Pro-

2193 3027 2411 3099 phetam
2452 3044 2463 3081 :
2494 3024 2552 3082 Si
2584 3023 2806 3097 figulus,
2841 3022 2940 3088 ait,
2977 3021 3119 3075 hanc
3152 3018 3321 3073 habet
3346 3020 3645 3087 poteSIatem,
3665 3011 3705 3057 ut

2144 3170 2149 3175 .
2190 3137 2259 3177 ex
2281 3119 2473 3176 eodem
2504 3118 2617 3173 luto
2640 3133 2854 3173 rursum
2873 3114 3039 3171 faciat
3064 3113 3212 3185 quod
3245 3103 3703 3173 fueritdissipatum:

2190 3229 2292 3286 ego
2324 3215 2378 3270 in
2413 3212 2591 3280 vobis,
2615 3211 2706 3285 qui
2740 3218 3002 3281 quantum
3033 3209 3086 3262 in
3117 3207 3282 3263 vobis
3311 3211 3413 3269 est,
3442 3198 3629 3272 periisse
3648 3191 3706 3246 ti-

2191 3307 2430 3374 demini,
2463 3304 2569 3362 hoc
2601 3308 2782 3361 facere
2811 3319 2921 3358 non
2958 3298 3191 3375 potero?
3225 3298 3295 3356 Et
3340 3306 3396 3354 ut
3424 3296 3617 3352 liberum
3653 3286 3707 3342 si-

2189 3403 2475 3476 gnificaret
2515 3398 2841 3465 arbitrium,
2876 3397 3007 3452 dicit
3061 3410 3123 3452 se
3172 3404 3232 3453 et
3278 3392 3415 3451 mala
3459 3382 3709 3443 annuatim

2190 3494 2339 3564 genti
2369 3504 2426 3549 et
2447 3507 2615 3562 regno
2646 3491 2751 3559 illi,
2782 3490 2868 3546 vel
2904 3489 3016 3554 illi;
3047 3497 3101 3544 et
3128 3502 3350 3544 rursum
3374 3485 3502 3539 bona
3525 3499 3536 3534 :
3562 3491 3638 3533 nec
3658 3482 3713 3530 ta-

2193 3602 2318 3641 men
2368 3585 2473 3640 hoc
2513 3584 2736 3640 evenire
2766 3581 2912 3654 quod
2946 3583 3063 3652 ipse
3096 3579 3439 3650 praedixerit;
3469 3573 3596 3627 sede
3616 3581 3711 3622 cott-

2192 3679 2367 3735 trario
2391 3677 2533 3745 fieri,
2560 3690 2616 3737 ttt
2634 3677 2850 3735 etbona
2876 3677 3032 3731 malis
3059 3675 3341 3741 eveniant,
3366 3675 3409 3729 si
3429 3670 3612 3743 egerint
3630 3676 3714 3733 ιωο

2195 3770 2505 3836 nitentiam,
2554 3781 2611 3826 et
2662 3769 2823 3825 bonis
2876 3770 3047 3834 mala,
3096 3768 3140 3822 si
3176 3776 3305 3838 post
3335 3759 3713 3835 repromissione:

2194 3868 2397 3923 fticrinl.
2442 3867 2509 3923 ad
2543 3875 2766 3939 peccata
2807 3865 3079 3922 conversi.
3116 3862 3186 3921 Et
3220 3864 3325 3919 hoc
3369 3861 3605 3921 dicimus,
3639 3862 3716 3906 non

2193 3960 2341 4032 quod
2372 3960 2586 4031 ignoret
2615 3961 2757 4016 Deus
2787 3956 2891 4015 hoc
2911 3958 2997 4014 vel
3021 3956 3174 4024 illud,
3202 3965 3417 4032 gentem
3441 3960 3521 4013 aut
3544 3956 3714 4018 regnum

2192 4067 2320 4116 esse
2347 4051 2639 4122 facturum,
2663 4053 2759 4109 sed
2782 4051 2928 4123 quod
2958 4050 3198 4113 dimittat
3228 4049 3496 4111 hominem
3518 4034 3717 4101 voluntati
3794 4036 3803 4050 “

2194 4163 2332 4218 sure,
2364 4157 2422 4202 ut
2449 4148 2530 4203 vel
2565 4147 2809 4217 praemia,
2841 4146 2925 4202 vel
2957 4159 3149 4216 pinnas
3178 4160 3278 4201 sua
3310 4144 3569 4199 voluntate
3588 4142 3632 4190 et
3647 4141 3719 4185 suo

2196 4242 2395 4297 merito
2424 4243 2680 4310 recipiat.
2713 4239 2825 4296 Nec
2850 4239 3034 4295 statim
3060 4247 3236 4295 totum
3265 4239 3368 4295 erit
3398 4221 3720 4298 hominiqu

2196 4336 2447 4401 eveniet;
2481 4336 2575 4392 sed
2602 4336 2720 4407 ejus
2743 4336 2934 4409 gratiae
2963 4335 3055 4406 qui
3081 4343 3284 4391 cuncta
3313 4331 3529 4400 largitus
3551 4333 3617 4381 est
3640 4321 3720 4375 :ita

2196 4429 2345 4491 enim
2376 4428 2600 4495 libertas
2626 4426 2839 4495 arbitrii
2867 4426 3200 4483 reservanda
3230 4435 3336 4496 est,
3372 4432 3427 4478 ut
3454 4424 3503 4476 in
3531 4414 3721 4475 omnibus

2198 4525 2429 4582 excellat
2463 4523 2639 4594 gratia
2673 4522 2976 4593 largitoris;
3009 4523 3162 4591 juxta
3192 4520 3328 4577 illud
3362 4512 3720 4589 propheticum:

2201 4615 2324 4673 Nisi
2351 4615 2605 4673 Dominus
2632 4616 2963 4687 (ediﬁcaverit
2988 4616 3221 4682 domum,
3245 4616 3300 4670 in
3327 4628 3507 4670 uanum
3529 4607 3725 4664 laborare-

2194 4716 2317 4767 runt
2341 4710 2426 4779 qui
2465 4709 2732 4778 aediﬁcant
2767 4724 2899 4764 eam.
2934 4706 3053 4763 Nisi
3092 4705 3351 4767 Dominus
3379 4698 3647 4761 custodierit
3674 4692 3723 4744 ά·

2194 4804 2418 4871 vitalem,
2465 4804 2519 4858 in
2551 4819 2738 4859 vanum
2777 4799 3008 4876 vigilabit
3055 4799 3166 4874 [Αι.
3204 4797 3409 4875 vigilat]
3449 4796 3533 4874 qui
3559 4786 3727 4849 custodit

2192 4913 2306 4953 eam
2350 4894 2523 4968 (Psal.
2562 4911 2747 4965 cxxvr,
2781 4897 2832 4965 i,
2863 4892 2945 4968 2).
2993 4893 3108 4953 Non
3151 4892 3299 4953 enim
3333 4889 3558 4948 volentis
3598 4891 3725 4951 neque

2191 4989 2483 5050 currentis.
2518 4988 2611 5044 sed
2641 4989 2954 5051 miserantis
2980 4997 3065 5043 est
3092 4986 3185 5042 Dei
3220 4986 3403 5060 (Rom.
3428 4983 3522 5055 ts).

2270 5082 2453 5154 (Vet's.
2484 5080 2705 5153 “45.)
2733 5080 2890 5137 Nunc
2917 5096 3037 5155 ergo
3065 5081 3152 5135 dic
3178 5081 3292 5137 viro
3316 5078 3492 5143 Judre,
3517 5085 3558 5130 et
3575 5068 3728 5125 habits-

2193 5175 2291 5231 fort'
2333 5173 2486 5248 [Mss.
2525 5173 2927 5240 habitatoribus,
2971 5172 3197 5247 rectius]
3237 5174 3545 5233 Jerusalem,
3580 5166 3725 5221 diem.

2199 5267 2326 5325 Htec
2363 5268 2501 5342 (sive
2539 5266 2636 5340 sic)
2676 5267 2803 5323 dicit
2846 5267 3099 5324 Dominus
3125 5284 3142 5322 :
3165 5266 3304 5325 Ecce
3328 5282 3423 5340 ego
3450 5264 3577 5336 ﬁngo
3596 5263 3729 5311 contra

2194 5378 2282 5420 vos
2307 5361 2501 5419 malum
2527 5371 2576 5418 et
2610 5362 2778 5434 cogito
2806 5370 2987 5423 contra
3015 5377 3102 5417 vos
3132 5360 3500 5433 mgitatiouem
3527 5358 3732 5411 :rererttt-

2263 5500 2288 5540 δ
2314 5500 2450 5557 Tres
2483 5501 2833 5563 Dialozornm
2863 5500 3065 5563 libros.
3095 5514 3234 5571 quos
3265 5500 3428 5571 paulo
3457 5494 3730 5571 postcontﬂl

2187 5554 2510 5649 ροιηέίεξιίηξ
2540 5554 3027 5649 assistens...
3051 5554 3159 5628 ιιιςο
3190 5554 3320 5630 ea.
3351 5554 3731 5649 ιηεηςειπιτιιιιιειι

2188 5628 2348 5703 enini
2362 5645 2575 5718 dixerat
2607 5628 2789 5718 modo;
2819 5644 3052 5718 Quorum
3091 5655 3210 5699 tunc
3251 5628 3493 5718 temporis
3512 5628 3731 5718 editiiql‘
3816 5660 3817 5669 ι

2184 5734 2358 5773 uersus
2394 5702 2481 5771 eos
2514 5717 2659 5771 libris
2690 5702 2874 5772 naenia:
2910 5719 3193 5784 confutata:
3218 5702 3371 5786 sunt;
3410 5729 3513 5770 non
3540 5702 3733 5786 defelaf
3816 5758 3817 5765 η

2183 5791 2359 5861 giauts
2382 5798 2466 5847 est
2492 5788 2874 5861 accipiendum
2893 5830 2907 5853 ,
2938 5778 3037 5861 sed
3068 5788 3136 5844 de
3172 5778 3375 5849 eorum
3400 5780 3673 5857 magistris.
3694 5778 3732 5823 ιιι
3814 5784 3817 5857 4

480 5856 693 5928 pridem
716 5858 889 5915 amico
916 5860 1283 5935 Hieronymus
1305 5856 1578 5925 utebatur,
1602 5859 1712 5932 jam
1746 5856 1805 5916 ut
1831 5856 2077 5932 Pelagia-
2184 5859 2302 5933 ipse
2331 5869 2508 5930 vocat,
2543 5856 2761 5935 Rufino,
2791 5858 3107 5928 Joviniatto,
3134 5870 3247 5917 etc.
3490 5856 3507 5857 ί
3719 5884 3726 5893 ·

3180 6316 3818 6566 -ιά
