  <div class='ocr_page' id='page_1' title='image "/cluster/home/n/w/nwhite01/storage/ocr_20150623/24/hvd.32044015471386/404.png"; bbox 0 0 4080 6326; ppageno 0'>
   <div class='ocr_carea' id='block_1_1' title="bbox 241 384 342 440">
    <p class='ocr_par' dir='ltr' id='par_1_1' title="bbox 241 384 342 440">
     <span class='ocr_line' id='line_1_1' title="bbox 241 384 342 440; baseline -0.01 -1"><span class='ocrx_word' id='word_1_1' title='bbox 241 384 342 440; x_wconf 77' lang='lat'><strong>797</strong></span> 
     </span>
    </p>
   </div>
   <div class='ocr_carea' id='block_1_2' title="bbox 704 381 1822 465">
    <p class='ocr_par' dir='ltr' id='par_1_2' title="bbox 704 381 1822 440">
     <span class='ocr_line' id='line_1_2' title="bbox 704 381 1822 440; baseline -0.002 -1"><span class='ocrx_word' id='word_1_2' title='bbox 704 381 1350 440; x_wconf 63' lang='lat' dir='ltr'><strong><em>COMMENTARIURUH</em></strong></span> <span class='ocrx_word' id='word_1_3' title='bbox 1395 383 1459 438; x_wconf 69' lang='lat' dir='ltr'><strong><em>IN</em></strong></span> <span class='ocrx_word' id='word_1_4' title='bbox 1498 383 1822 440; x_wconf 66' lang='lat' dir='ltr'><strong><em>JEREMIM</em></strong></span> 
     </span>
    </p>
   </div>
   <div class='ocr_carea' id='block_1_3' title="bbox 1930 381 3046 465">
    <p class='ocr_par' dir='ltr' id='par_1_3' title="bbox 1932 382 3046 465">
     <span class='ocr_line' id='line_1_3' title="bbox 1932 382 3046 465; baseline -0.002 -25"><span class='ocrx_word' id='word_1_5' title='bbox 1932 384 2309 465; x_wconf 63' lang='grc' dir='ltr'><strong><em>ΠΟΡΙΙΕΤᾼΜ</em></strong></span> <span class='ocrx_word' id='word_1_6' title='bbox 2349 385 2481 440; x_wconf 84' lang='lat' dir='ltr'><strong><em>LIB.</em></strong></span> <span class='ocrx_word' id='word_1_7' title='bbox 2523 385 2613 442; x_wconf 83' lang='lat' dir='ltr'><strong><em>IV.</em></strong></span> <span class='ocrx_word' id='word_1_8' title='bbox 2657 382 2812 440; x_wconf 81' lang='lat' dir='ltr'><strong><em>CAP.</em></strong></span> <span class='ocrx_word' id='word_1_9' title='bbox 2858 382 3046 440; x_wconf 81' lang='lat' dir='ltr'><strong><em>XVIII.</em></strong></span> 
     </span>
    </p>
   </div>
   <div class='ocr_carea' id='block_1_4' title="bbox 3441 379 3550 438">
    <p class='ocr_par' dir='ltr' id='par_1_4' title="bbox 3441 379 3550 438">
     <span class='ocr_line' id='line_1_4' title="bbox 3441 379 3550 438; baseline 0.018 -2"><span class='ocrx_word' id='word_1_10' title='bbox 3441 379 3550 438; x_wconf 83' lang='lat'><strong><em>798</em></strong></span> 
     </span>
    </p>
   </div>
   <div class='ocr_carea' id='block_1_5' title="bbox 241 494 3547 572">
    <p class='ocr_par' dir='ltr' id='par_1_5' title="bbox 241 494 3547 572">
     <span class='ocr_line' id='line_1_5' title="bbox 241 494 3547 572; baseline 0 -19"><span class='ocrx_word' id='word_1_11' title='bbox 241 510 322 553; x_wconf 83' lang='lat' dir='ltr'><strong><em>tur</em></strong></span> <span class='ocrx_word' id='word_1_12' title='bbox 362 500 708 570; x_wconf 78' lang='lat' dir='ltr'><strong><em>unusquisth</em></strong></span> <span class='ocrx_word' id='word_1_13' title='bbox 747 516 777 552; x_wconf 83' lang='grc' dir='ltr'><strong>(ι</strong></span> <span class='ocrx_word' id='word_1_14' title='bbox 826 500 904 552; x_wconf 86' lang='lat' dir='ltr'><strong><em>via</em></strong></span> <span class='ocrx_word' id='word_1_15' title='bbox 949 517 1043 553; x_wconf 82' lang='lat' dir='ltr'><strong><em>sua</em></strong></span> <span class='ocrx_word' id='word_1_16' title='bbox 1077 497 1245 565; x_wconf 80' lang='lat' dir='ltr'><strong><em>mala,</em></strong></span> <span class='ocrx_word' id='word_1_17' title='bbox 1280 507 1327 552; x_wconf 83' lang='lat' dir='ltr'><strong><em>et</em></strong></span> <span class='ocrx_word' id='word_1_18' title='bbox 1354 497 1562 572; x_wconf 75' lang='lat' dir='ltr'><strong><em>dirigite</em></strong></span> <span class='ocrx_word' id='word_1_19' title='bbox 1590 499 1697 553; x_wconf 79' lang='lat' dir='ltr'><strong><em>uias</em></strong></span> <span class='ocrx_word' id='word_1_20' title='bbox 1727 516 1829 553; x_wconf 85' lang='lat' dir='ltr'><strong><em>vcs-</em></strong></span> <span class='ocrx_word' id='word_1_21' title='bbox 1865 505 1909 566; x_wconf 77' lang='grc' dir='ltr'>Α</span> <span class='ocrx_word' id='word_1_22' title='bbox 1940 494 2288 570; x_wconf 82' lang='lat' dir='ltr'><strong><em>derelinquit.</em></strong></span> <span class='ocrx_word' id='word_1_23' title='bbox 2324 515 2444 570; x_wconf 70' lang='lat' dir='ltr'><strong><em>qua:</em></strong></span> <span class='ocrx_word' id='word_1_24' title='bbox 2471 500 2712 555; x_wconf 87' lang='lat' dir='ltr'><strong><em>omnium</em></strong></span> <span class='ocrx_word' id='word_1_25' title='bbox 2747 509 3061 556; x_wconf 84' lang='lat' dir='ltr'><strong><em>sanctorum</em></strong></span> <span class='ocrx_word' id='word_1_26' title='bbox 3091 507 3219 554; x_wconf 86' lang='lat' dir='ltr'><strong><em>sunt</em></strong></span> <span class='ocrx_word' id='word_1_27' title='bbox 3249 497 3390 554; x_wconf 73' lang='lat' dir='ltr'><strong><em>trita:</em></strong></span> <span class='ocrx_word' id='word_1_28' title='bbox 3422 513 3547 555; x_wconf 52' lang='lat' dir='ltr'><strong><em>ves-</em></strong></span> 
     </span>
    </p>
   </div>
   <div class='ocr_carea' id='block_1_6' title="bbox 239 592 1835 665">
    <p class='ocr_par' dir='ltr' id='par_1_6' title="bbox 239 592 1835 665">
     <span class='ocr_line' id='line_1_6' title="bbox 239 592 1835 665; baseline 0.003 -21"><span class='ocrx_word' id='word_1_29' title='bbox 239 603 338 646; x_wconf 84' lang='lat' dir='ltr'><strong><em>tros</em></strong></span> <span class='ocrx_word' id='word_1_30' title='bbox 365 603 411 646; x_wconf 89' lang='lat' dir='ltr'><strong><em>et</em></strong></span> <span class='ocrx_word' id='word_1_31' title='bbox 441 594 614 647; x_wconf 88' lang='lat' dir='ltr'><strong><em>studia</em></strong></span> <span class='ocrx_word' id='word_1_32' title='bbox 643 601 822 648; x_wconf 83' lang='lat' dir='ltr'><strong><em>vestra.</em></strong></span> <span class='ocrx_word' id='word_1_33' title='bbox 860 593 959 660; x_wconf 86' lang='lat' dir='ltr'><strong><em>Qui</em></strong></span> <span class='ocrx_word' id='word_1_34' title='bbox 990 593 1255 658; x_wconf 70' lang='lat' dir='ltr'><strong><em>dixerunt,</em></strong></span> <span class='ocrx_word' id='word_1_35' title='bbox 1287 592 1669 660; x_wconf 83' lang='lat' dir='ltr'><strong><em>desperavimus</em></strong></span> <span class='ocrx_word' id='word_1_36' title='bbox 1694 593 1835 665; x_wconf 84' lang='lat' dir='ltr'><strong>(sive</strong></span> 
     </span>
    </p>
   </div>
   <div class='ocr_carea' id='block_1_7' title="bbox 239 687 1836 758">
    <p class='ocr_par' dir='ltr' id='par_1_7' title="bbox 239 687 1836 758">
     <span class='ocr_line' id='line_1_7' title="bbox 239 687 1836 758; baseline 0.002 -19"><span class='ocrx_word' id='word_1_37' title='bbox 239 687 689 758; x_wconf 72' lang='lat' dir='ltr'><strong><em>confortabimur)</em></strong></span> <span class='ocrx_word' id='word_1_38' title='bbox 717 733 731 755; x_wconf 93' lang='lat'><strong><em>,</em></strong></span> <span class='ocrx_word' id='word_1_39' title='bbox 779 697 893 758; x_wconf 90' lang='lat' dir='ltr'><strong><em>post</em></strong></span> <span class='ocrx_word' id='word_1_40' title='bbox 935 689 1276 756; x_wconf 83' lang='lat' dir='ltr'><strong><em>cogitationes</em></strong></span> <span class='ocrx_word' id='word_1_41' title='bbox 1315 689 1453 742; x_wconf 90' lang='lat' dir='ltr'><strong><em>enim</em></strong></span> <span class='ocrx_word' id='word_1_42' title='bbox 1494 699 1696 743; x_wconf 86' lang='lat' dir='ltr'><strong><em>nostras</em></strong></span> <span class='ocrx_word' id='word_1_43' title='bbox 1734 689 1836 744; x_wconf 88' lang='lat' dir='ltr'><strong><em>ibi-</em></strong></span> 
     </span>
    </p>
   </div>
   <div class='ocr_carea' id='block_1_8' title="bbox 237 782 1834 855">
    <p class='ocr_par' dir='ltr' id='par_1_8' title="bbox 237 782 1834 855">
     <span class='ocr_line' id='line_1_8' title="bbox 237 782 1834 855; baseline 0.001 -20"><span class='ocrx_word' id='word_1_44' title='bbox 237 799 380 846; x_wconf 85' lang='lat' dir='ltr'><strong><em>mus,</em></strong></span> <span class='ocrx_word' id='word_1_45' title='bbox 421 793 471 835; x_wconf 86' lang='lat' dir='ltr'><strong><em>et</em></strong></span> <span class='ocrx_word' id='word_1_46' title='bbox 514 783 870 854; x_wconf 75' lang='lat' dir='ltr'><strong><em>unusquisque</em></strong></span> <span class='ocrx_word' id='word_1_47' title='bbox 907 783 1219 854; x_wconf 84' lang='lat' dir='ltr'><strong><em>pravitatem</em></strong></span> <span class='ocrx_word' id='word_1_48' title='bbox 1249 782 1389 848; x_wconf 87' lang='lat' dir='ltr'><strong><em>(sive</em></strong></span> <span class='ocrx_word' id='word_1_49' title='bbox 1430 784 1570 853; x_wconf 86' lang='lat' dir='ltr'><strong><em>quod</em></strong></span> <span class='ocrx_word' id='word_1_50' title='bbox 1612 783 1834 855; x_wconf 78' lang='lat' dir='ltr'><strong><em>placuit)</em></strong></span> 
     </span>
    </p>
   </div>
   <div class='ocr_carea' id='block_1_9' title="bbox 237 876 1832 952">
    <p class='ocr_par' dir='ltr' id='par_1_9' title="bbox 237 876 1832 952">
     <span class='ocr_line' id='line_1_9' title="bbox 237 876 1832 952; baseline 0.004 -24"><span class='ocrx_word' id='word_1_51' title='bbox 237 877 410 931; x_wconf 88' lang='lat' dir='ltr'><strong><em>cordis</em></strong></span> <span class='ocrx_word' id='word_1_52' title='bbox 449 877 536 932; x_wconf 87' lang='lat' dir='ltr'><strong><em>sui</em></strong></span> <span class='ocrx_word' id='word_1_53' title='bbox 575 877 702 931; x_wconf 87' lang='lat' dir='ltr'><strong><em>mali</em></strong></span> <span class='ocrx_word' id='word_1_54' title='bbox 743 876 852 950; x_wconf 83' lang='grc' dir='ltr'><strong><em>[ΑΙ.</em></strong></span> <span class='ocrx_word' id='word_1_55' title='bbox 893 877 1148 949; x_wconf 81' lang='lat' dir='ltr'><strong><em>placuerit</em></strong></span> <span class='ocrx_word' id='word_1_56' title='bbox 1190 878 1334 932; x_wconf 89' lang='lat' dir='ltr'><strong><em>cordi</em></strong></span> <span class='ocrx_word' id='word_1_57' title='bbox 1358 895 1453 932; x_wconf 90' lang='lat' dir='ltr'><strong><em>suo</em></strong></span> <span class='ocrx_word' id='word_1_58' title='bbox 1483 878 1643 952; x_wconf 88' lang='lat' dir='ltr'><strong><em>malo]</em></strong></span> <span class='ocrx_word' id='word_1_59' title='bbox 1669 880 1832 951; x_wconf 80' lang='lat' dir='ltr'><strong><em>{acie-</em></strong></span> 
     </span>
    </p>
   </div>
   <div class='ocr_carea' id='block_1_10' title="bbox 237 967 1834 1045">
    <p class='ocr_par' dir='ltr' id='par_1_10' title="bbox 237 967 1834 1045">
     <span class='ocr_line' id='line_1_10' title="bbox 237 967 1834 1045; baseline 0.002 -22"><span class='ocrx_word' id='word_1_60' title='bbox 237 987 368 1024; x_wconf 87' lang='lat' dir='ltr'><strong><em>mus.</em></strong></span> <span class='ocrx_word' id='word_1_61' title='bbox 413 967 546 1024; x_wconf 89' lang='lat' dir='ltr'><strong><em>Ideo</em></strong></span> <span class='ocrx_word' id='word_1_62' title='bbox 589 969 698 1025; x_wconf 72' lang='lat' dir='ltr'><strong><em>lucc</em></strong></span> <span class='ocrx_word' id='word_1_63' title='bbox 741 971 864 1025; x_wconf 87' lang='lat' dir='ltr'><strong><em>dicit</em></strong></span> <span class='ocrx_word' id='word_1_64' title='bbox 911 969 1166 1026; x_wconf 76' lang='lat' dir='ltr'><strong><em>Dominus</em></strong></span> <span class='ocrx_word' id='word_1_65' title='bbox 1204 988 1223 1026; x_wconf 86' lang='lat'><strong><em>.&#39;</em></strong></span> <span class='ocrx_word' id='word_1_66' title='bbox 1260 969 1590 1045; x_wconf 84' lang='lat' dir='ltr'><strong><em>Interrogate</em></strong></span> <span class='ocrx_word' id='word_1_67' title='bbox 1636 983 1834 1045; x_wconf 84' lang='lat' dir='ltr'><strong><em>gentes,</em></strong></span> 
     </span>
    </p>
   </div>
   <div class='ocr_carea' id='block_1_11' title="bbox 234 1063 1834 1137">
    <p class='ocr_par' dir='ltr' id='par_1_11' title="bbox 234 1063 1834 1137">
     <span class='ocr_line' id='line_1_11' title="bbox 234 1063 1834 1137; baseline 0.001 -21"><span class='ocrx_word' id='word_1_68' title='bbox 234 1065 346 1136; x_wconf 83' lang='lat' dir='ltr'><strong><em>quis</em></strong></span> <span class='ocrx_word' id='word_1_69' title='bbox 394 1065 591 1117; x_wconf 86' lang='lat' dir='ltr'><strong><em>audivit</em></strong></span> <span class='ocrx_word' id='word_1_70' title='bbox 641 1063 769 1118; x_wconf 87' lang='lat' dir='ltr'><strong><em>talia</em></strong></span> <span class='ocrx_word' id='word_1_71' title='bbox 817 1063 1126 1129; x_wconf 75' lang='lat' dir='ltr'><strong><em>horribilia,</em></strong></span> <span class='ocrx_word' id='word_1_72' title='bbox 1175 1081 1290 1134; x_wconf 78' lang='lat' dir='ltr'><strong><em>qua:</em></strong></span> <span class='ocrx_word' id='word_1_73' title='bbox 1335 1066 1454 1134; x_wconf 75' lang='lat' dir='ltr'><strong><em>fecit</em></strong></span> <span class='ocrx_word' id='word_1_74' title='bbox 1496 1066 1649 1119; x_wconf 90' lang='lat' dir='ltr'><strong><em>nimis</em></strong></span> <span class='ocrx_word' id='word_1_75' title='bbox 1691 1067 1834 1137; x_wconf 79' lang='lat' dir='ltr'><strong><em>virgo</em></strong></span> 
     </span>
    </p>
   </div>
   <div class='ocr_carea' id='block_1_12' title="bbox 235 1157 1835 1229">
    <p class='ocr_par' dir='ltr' id='par_1_12' title="bbox 235 1157 1835 1229">
     <span class='ocr_line' id='line_1_12' title="bbox 235 1157 1835 1229; baseline 0.002 -18"><span class='ocrx_word' id='word_1_76' title='bbox 235 1157 444 1213; x_wconf 84' lang='lat' dir='ltr'><strong><em>Israel?</em></strong></span> <span class='ocrx_word' id='word_1_77' title='bbox 474 1157 666 1227; x_wconf 86' lang='lat' dir='ltr'><strong><em>Implet</em></strong></span> <span class='ocrx_word' id='word_1_78' title='bbox 701 1158 963 1213; x_wconf 85' lang='lat' dir='ltr'><strong><em>Dominus</em></strong></span> <span class='ocrx_word' id='word_1_79' title='bbox 1000 1157 1318 1227; x_wconf 88' lang='lat' dir='ltr'><strong><em>parabolam</em></strong></span> <span class='ocrx_word' id='word_1_80' title='bbox 1351 1174 1509 1229; x_wconf 88' lang='lat' dir='ltr'><strong><em>quam</em></strong></span> <span class='ocrx_word' id='word_1_81' title='bbox 1542 1167 1598 1212; x_wconf 91' lang='lat' dir='ltr'><strong><em>ct</em></strong></span> <span class='ocrx_word' id='word_1_82' title='bbox 1628 1174 1835 1214; x_wconf 78' lang='lat' dir='ltr'><strong><em>sermo-</em></strong></span> 
     </span>
    </p>
   </div>
   <div class='ocr_carea' id='block_1_13' title="bbox 235 1251 1832 1324">
    <p class='ocr_par' dir='ltr' id='par_1_13' title="bbox 235 1251 1832 1324">
     <span class='ocr_line' id='line_1_13' title="bbox 235 1251 1832 1324; baseline 0.001 -18"><span class='ocrx_word' id='word_1_83' title='bbox 235 1251 409 1317; x_wconf 86' lang='lat' dir='ltr'><strong><em>nibus,</em></strong></span> <span class='ocrx_word' id='word_1_84' title='bbox 445 1261 503 1305; x_wconf 89' lang='lat' dir='ltr'><strong><em>et</em></strong></span> <span class='ocrx_word' id='word_1_85' title='bbox 531 1259 754 1322; x_wconf 86' lang='lat' dir='ltr'><strong><em>aspectu</em></strong></span> <span class='ocrx_word' id='word_1_86' title='bbox 784 1251 1067 1318; x_wconf 73' lang='lat' dir='ltr'><strong><em>docuerat,</em></strong></span> <span class='ocrx_word' id='word_1_87' title='bbox 1098 1263 1149 1306; x_wconf 92' lang='lat' dir='ltr'><strong><em>et</em></strong></span> <span class='ocrx_word' id='word_1_88' title='bbox 1176 1251 1343 1324; x_wconf 81' lang='lat' dir='ltr'><strong><em>97o</em></strong></span> <span class='ocrx_word' id='word_1_89' title='bbox 1369 1251 1503 1305; x_wconf 81' lang='lat' dir='ltr'><strong><em>dicit</em></strong></span> <span class='ocrx_word' id='word_1_90' title='bbox 1535 1270 1546 1305; x_wconf 89' lang='lat'>:</span> <span class='ocrx_word' id='word_1_91' title='bbox 1583 1251 1713 1305; x_wconf 83' lang='lat' dir='ltr'><strong><em>Ecce</em></strong></span> <span class='ocrx_word' id='word_1_92' title='bbox 1739 1269 1832 1323; x_wconf 88' lang='lat' dir='ltr'><strong><em>ego</em></strong></span> 
     </span>
    </p>
   </div>
   <div class='ocr_carea' id='block_1_14' title="bbox 233 1345 1835 1419">
    <p class='ocr_par' dir='ltr' id='par_1_14' title="bbox 233 1345 1835 1419">
     <span class='ocr_line' id='line_1_14' title="bbox 233 1345 1835 1419; baseline 0.001 -19"><span class='ocrx_word' id='word_1_93' title='bbox 233 1348 371 1419; x_wconf 75' lang='lat' dir='ltr'><strong><em>fingo</em></strong></span> <span class='ocrx_word' id='word_1_94' title='bbox 409 1355 588 1400; x_wconf 85' lang='lat' dir='ltr'><strong><em>contra</em></strong></span> <span class='ocrx_word' id='word_1_95' title='bbox 636 1364 724 1400; x_wconf 85' lang='lat' dir='ltr'><strong><em>vos</em></strong></span> <span class='ocrx_word' id='word_1_96' title='bbox 769 1347 985 1412; x_wconf 88' lang='lat' dir='ltr'><strong><em>ntalum,</em></strong></span> <span class='ocrx_word' id='word_1_97' title='bbox 1034 1345 1188 1414; x_wconf 76' lang='lat' dir='ltr'><strong><em>quasi</em></strong></span> <span class='ocrx_word' id='word_1_98' title='bbox 1234 1345 1433 1415; x_wconf 79' lang='lat' dir='ltr'><strong><em>ﬁgulus</em></strong></span> <span class='ocrx_word' id='word_1_99' title='bbox 1465 1346 1634 1400; x_wconf 90' lang='lat' dir='ltr'><strong><em>lutum</em></strong></span> <span class='ocrx_word' id='word_1_100' title='bbox 1671 1365 1684 1400; x_wconf 87' lang='lat'><strong>:</strong></span> <span class='ocrx_word' id='word_1_101' title='bbox 1721 1361 1835 1401; x_wconf 83' lang='lat' dir='ltr'><strong><em>tua-</em></strong></span> 
     </span>
    </p>
   </div>
   <div class='ocr_carea' id='block_1_15' title="bbox 235 1436 1828 1512">
    <p class='ocr_par' dir='ltr' id='par_1_15' title="bbox 235 1436 1828 1512">
     <span class='ocr_line' id='line_1_15' title="bbox 235 1436 1828 1512; baseline -0.001 -19"><span class='ocrx_word' id='word_1_102' title='bbox 235 1440 344 1494; x_wconf 90' lang='lat' dir='ltr'><strong><em>lum</em></strong></span> <span class='ocrx_word' id='word_1_103' title='bbox 387 1449 571 1494; x_wconf 90' lang='lat' dir='ltr'><strong><em>autem</em></strong></span> <span class='ocrx_word' id='word_1_104' title='bbox 610 1439 764 1510; x_wconf 71' lang='lat' dir='ltr'><strong><em>juxta</em></strong></span> <span class='ocrx_word' id='word_1_105' title='bbox 798 1439 988 1494; x_wconf 87' lang='lat' dir='ltr'><strong><em>Isaiam</em></strong></span> <span class='ocrx_word' id='word_1_106' title='bbox 1024 1439 1117 1508; x_wconf 86' lang='lat' dir='ltr'><strong><em>qui</em></strong></span> <span class='ocrx_word' id='word_1_107' title='bbox 1151 1439 1280 1493; x_wconf 75' lang='lat' dir='ltr'><strong><em>dlt‘il</em></strong></span> <span class='ocrx_word' id='word_1_108' title='bbox 1318 1456 1331 1491; x_wconf 91' lang='lat'><strong>:</strong></span> <span class='ocrx_word' id='word_1_109' title='bbox 1367 1436 1590 1494; x_wconf 86' lang='lat' dir='ltr'><strong><em>Faciens</em></strong></span> <span class='ocrx_word' id='word_1_110' title='bbox 1622 1449 1828 1512; x_wconf 80' lang='lat' dir='ltr'><strong><em>pacem,</em></strong></span> 
     </span>
    </p>
   </div>
   <div class='ocr_carea' id='block_1_16' title="bbox 231 1532 1830 1606">
    <p class='ocr_par' dir='ltr' id='par_1_16' title="bbox 231 1532 1830 1606">
     <span class='ocr_line' id='line_1_16' title="bbox 231 1532 1830 1606; baseline -0.001 -17"><span class='ocrx_word' id='word_1_111' title='bbox 231 1544 278 1589; x_wconf 91' lang='lat' dir='ltr'><strong><em>et</em></strong></span> <span class='ocrx_word' id='word_1_112' title='bbox 307 1551 490 1589; x_wconf 85' lang='lat' dir='ltr'><strong><em>creans</em></strong></span> <span class='ocrx_word' id='word_1_113' title='bbox 519 1535 710 1588; x_wconf 87' lang='lat' dir='ltr'><strong><em>malum</em></strong></span> <span class='ocrx_word' id='word_1_114' title='bbox 741 1532 874 1606; x_wconf 89' lang='lat' dir='ltr'><strong><em>(Isa.</em></strong></span> <span class='ocrx_word' id='word_1_115' title='bbox 911 1551 1038 1598; x_wconf 70' lang='lat' dir='ltr'><strong><em>xcv,</em></strong></span> <span class='ocrx_word' id='word_1_116' title='bbox 1070 1533 1150 1605; x_wconf 92' lang='lat'><strong><em>7).</em></strong></span> <span class='ocrx_word' id='word_1_117' title='bbox 1181 1533 1300 1588; x_wconf 87' lang='lat' dir='ltr'><strong><em>Non</em></strong></span> <span class='ocrx_word' id='word_1_118' title='bbox 1328 1535 1468 1602; x_wconf 87' lang='lat' dir='ltr'><strong><em>quod</em></strong></span> <span class='ocrx_word' id='word_1_119' title='bbox 1501 1551 1597 1605; x_wconf 77' lang='lat' dir='ltr'><strong><em>per</em></strong></span> <span class='ocrx_word' id='word_1_120' title='bbox 1628 1551 1688 1590; x_wconf 92' lang='lat' dir='ltr'><strong><em>se</em></strong></span> <span class='ocrx_word' id='word_1_121' title='bbox 1718 1550 1830 1588; x_wconf 89' lang='lat' dir='ltr'><strong><em>ma-</em></strong></span> 
     </span>
    </p>
   </div>
   <div class='ocr_carea' id='block_1_17' title="bbox 230 1629 1815 1699">
    <p class='ocr_par' dir='ltr' id='par_1_17' title="bbox 230 1629 1815 1699">
     <span class='ocr_line' id='line_1_17' title="bbox 230 1629 1815 1699; baseline -0.001 -14"><span class='ocrx_word' id='word_1_122' title='bbox 230 1633 337 1685; x_wconf 91' lang='lat' dir='ltr'><strong><em>lum</em></strong></span> <span class='ocrx_word' id='word_1_123' title='bbox 373 1631 462 1696; x_wconf 90' lang='lat' dir='ltr'><strong><em>sit,</em></strong></span> <span class='ocrx_word' id='word_1_124' title='bbox 507 1630 601 1684; x_wconf 90' lang='lat' dir='ltr'><strong><em>sed</em></strong></span> <span class='ocrx_word' id='word_1_125' title='bbox 635 1630 774 1699; x_wconf 86' lang='lat' dir='ltr'><strong><em>quod</em></strong></span> <span class='ocrx_word' id='word_1_126' title='bbox 806 1630 1134 1699; x_wconf 75' lang='lat' dir='ltr'><strong><em>patientibus</em></strong></span> <span class='ocrx_word' id='word_1_127' title='bbox 1163 1629 1362 1684; x_wconf 87' lang='lat' dir='ltr'><strong><em>malum</em></strong></span> <span class='ocrx_word' id='word_1_128' title='bbox 1395 1645 1516 1685; x_wconf 90' lang='lat' dir='ltr'><strong><em>esse</em></strong></span> <span class='ocrx_word' id='word_1_129' title='bbox 1545 1630 1815 1685; x_wconf 86' lang='lat' dir='ltr'><strong><em>videatur.</em></strong></span> 
     </span>
    </p>
   </div>
   <div class='ocr_carea' id='block_1_18' title="bbox 232 1721 1828 1796">
    <p class='ocr_par' dir='ltr' id='par_1_18' title="bbox 232 1721 1828 1796">
     <span class='ocr_line' id='line_1_18' title="bbox 232 1721 1828 1796; baseline 0 -18"><span class='ocrx_word' id='word_1_130' title='bbox 232 1723 296 1778; x_wconf 77' lang='lat' dir='ltr'><strong><em>Et</em></strong></span> <span class='ocrx_word' id='word_1_131' title='bbox 324 1725 494 1794; x_wconf 89' lang='lat' dir='ltr'><strong><em>cogito</em></strong></span> <span class='ocrx_word' id='word_1_132' title='bbox 533 1734 714 1778; x_wconf 87' lang='lat' dir='ltr'><strong><em>contra</em></strong></span> <span class='ocrx_word' id='word_1_133' title='bbox 745 1740 833 1779; x_wconf 81' lang='lat' dir='ltr'><strong><em>vos</em></strong></span> <span class='ocrx_word' id='word_1_134' title='bbox 864 1725 1250 1796; x_wconf 83' lang='lat' dir='ltr'><strong><em>cogitationem,</em></strong></span> <span class='ocrx_word' id='word_1_135' title='bbox 1289 1721 1338 1776; x_wconf 91' lang='lat' dir='ltr'><strong><em>id</em></strong></span> <span class='ocrx_word' id='word_1_136' title='bbox 1371 1733 1473 1790; x_wconf 87' lang='lat' dir='ltr'><strong><em>cst,</em></strong></span> <span class='ocrx_word' id='word_1_137' title='bbox 1508 1738 1605 1792; x_wconf 92' lang='lat' dir='ltr'><strong><em>pro</em></strong></span> <span class='ocrx_word' id='word_1_138' title='bbox 1632 1723 1828 1779; x_wconf 89' lang='lat' dir='ltr'><strong><em>merito</em></strong></span> 
     </span>
    </p>
   </div>
   <div class='ocr_carea' id='block_1_19' title="bbox 231 1814 1828 1887">
    <p class='ocr_par' dir='ltr' id='par_1_19' title="bbox 231 1814 1828 1887">
     <span class='ocr_line' id='line_1_19' title="bbox 231 1814 1828 1887; baseline 0.001 -17"><span class='ocrx_word' id='word_1_139' title='bbox 231 1814 433 1871; x_wconf 80' lang='lat' dir='ltr'><strong><em>inferre</em></strong></span> <span class='ocrx_word' id='word_1_140' title='bbox 481 1817 833 1871; x_wconf 66' lang='lat' dir='ltr'><strong><em>seuientiam.</em></strong></span> <span class='ocrx_word' id='word_1_141' title='bbox 890 1815 1092 1871; x_wconf 78' lang='lat' dir='ltr'><strong><em>Mutate</em></strong></span> <span class='ocrx_word' id='word_1_142' title='bbox 1133 1830 1301 1886; x_wconf 83' lang='lat' dir='ltr'><strong>opera</strong></span> <span class='ocrx_word' id='word_1_143' title='bbox 1326 1857 1340 1881; x_wconf 95' lang='lat'><strong><em>,</em></strong></span> <span class='ocrx_word' id='word_1_144' title='bbox 1381 1827 1430 1869; x_wconf 88' lang='lat' dir='ltr'><strong><em>et</em></strong></span> <span class='ocrx_word' id='word_1_145' title='bbox 1473 1815 1677 1887; x_wconf 78' lang='lat' dir='ltr'><strong><em>dirigite</em></strong></span> <span class='ocrx_word' id='word_1_146' title='bbox 1719 1817 1828 1872; x_wconf 77' lang='lat' dir='ltr'><strong><em>vias</em></strong></span> 
     </span>
    </p>
   </div>
   <div class='ocr_carea' id='block_1_20' title="bbox 227 1911 1903 1980">
    <p class='ocr_par' dir='ltr' id='par_1_20' title="bbox 227 1911 1903 1980">
     <span class='ocr_line' id='line_1_20' title="bbox 227 1911 1903 1980; baseline -0.001 -16"><span class='ocrx_word' id='word_1_147' title='bbox 227 1923 441 1978; x_wconf 71' lang='lat' dir='ltr'><strong><em>vestras,</em></strong></span> <span class='ocrx_word' id='word_1_148' title='bbox 485 1921 542 1964; x_wconf 90' lang='lat' dir='ltr'><strong><em>ut</em></strong></span> <span class='ocrx_word' id='word_1_149' title='bbox 579 1919 633 1966; x_wconf 91' lang='lat' dir='ltr'><strong><em>et</em></strong></span> <span class='ocrx_word' id='word_1_150' title='bbox 672 1911 948 1980; x_wconf 80' lang='lat' dir='ltr'><strong><em>prosperis</em></strong></span> <span class='ocrx_word' id='word_1_151' title='bbox 976 1925 1134 1980; x_wconf 71' lang='lat' dir='ltr'><strong><em>ptena</em></strong></span> <span class='ocrx_word' id='word_1_152' title='bbox 1169 1918 1424 1966; x_wconf 90' lang='lat' dir='ltr'><strong><em>mutetur.</em></strong></span> <span class='ocrx_word' id='word_1_153' title='bbox 1459 1911 1588 1979; x_wconf 84' lang='lat' dir='ltr'><strong><em>Qui,</em></strong></span> <span class='ocrx_word' id='word_1_154' title='bbox 1623 1911 1820 1980; x_wconf 89' lang='lat' dir='ltr'><strong><em>inquit,</em></strong></span> <span class='ocrx_word' id='word_1_155' title='bbox 1854 1917 1903 1977; x_wconf 85' lang='grc' dir='ltr'>Β</span> 
     </span>
    </p>
   </div>
   <div class='ocr_carea' id='block_1_21' title="bbox 224 2004 1827 2074">
    <p class='ocr_par' dir='ltr' id='par_1_21' title="bbox 224 2004 1827 2074">
     <span class='ocr_line' id='line_1_21' title="bbox 224 2004 1827 2074; baseline 0.002 -16"><span class='ocrx_word' id='word_1_156' title='bbox 224 2005 454 2060; x_wconf 81' lang='lat' dir='ltr'><strong><em>dixerun</em></strong></span> <span class='ocrx_word' id='word_1_157' title='bbox 483 2005 781 2061; x_wconf 84' lang='lat' dir='ltr'><strong><em>tcontrario</em></strong></span> <span class='ocrx_word' id='word_1_158' title='bbox 807 2005 1288 2074; x_wconf 80' lang='lat' dir='ltr'><strong><em>:Confortabimur.</em></strong></span> <span class='ocrx_word' id='word_1_159' title='bbox 1311 2004 1364 2057; x_wconf 90' lang='lat' dir='ltr'><strong><em>in</em></strong></span> <span class='ocrx_word' id='word_1_160' title='bbox 1391 2005 1545 2058; x_wconf 61' lang='lat' dir='ltr'><strong><em>malis</em></strong></span> <span class='ocrx_word' id='word_1_161' title='bbox 1571 2004 1827 2061; x_wconf 87' lang='lat' dir='ltr'><strong><em>videlicet</em></strong></span> 
     </span>
    </p>
   </div>
   <div class='ocr_carea' id='block_1_22' title="bbox 221 2097 1820 2168">
    <p class='ocr_par' dir='ltr' id='par_1_22' title="bbox 221 2097 1820 2168">
     <span class='ocr_line' id='line_1_22' title="bbox 221 2097 1820 2168; baseline 0.001 -18"><span class='ocrx_word' id='word_1_162' title='bbox 221 2100 501 2167; x_wconf 89' lang='lat' dir='ltr'><strong><em>operibus,</em></strong></span> <span class='ocrx_word' id='word_1_163' title='bbox 534 2100 647 2153; x_wconf 83' lang='lat' dir='ltr'><strong><em>sive</em></strong></span> <span class='ocrx_word' id='word_1_164' title='bbox 671 2097 819 2168; x_wconf 74' lang='lat' dir='ltr'><strong><em>juxta</em></strong></span> <span class='ocrx_word' id='word_1_165' title='bbox 845 2097 1119 2166; x_wconf 66' lang='lat' dir='ltr'><strong><em>Aquilam,</em></strong></span> <span class='ocrx_word' id='word_1_166' title='bbox 1153 2097 1556 2167; x_wconf 81' lang='lat' dir='ltr'><strong><em>desperavimus,</em></strong></span> <span class='ocrx_word' id='word_1_167' title='bbox 1591 2106 1643 2153; x_wconf 89' lang='lat' dir='ltr'><strong><em>et</em></strong></span> <span class='ocrx_word' id='word_1_168' title='bbox 1666 2097 1820 2168; x_wconf 83' lang='lat' dir='ltr'><strong><em>juxta</em></strong></span> 
     </span>
    </p>
   </div>
   <div class='ocr_carea' id='block_1_23' title="bbox 224 2187 1828 2264">
    <p class='ocr_par' dir='ltr' id='par_1_23' title="bbox 224 2187 1828 2264">
     <span class='ocr_line' id='line_1_23' title="bbox 224 2187 1828 2264; baseline 0 -20"><span class='ocrx_word' id='word_1_169' title='bbox 224 2189 648 2264; x_wconf 83' lang='lat' dir='ltr'><strong><em>Symmachum,</em></strong></span> <span class='ocrx_word' id='word_1_170' title='bbox 697 2190 1011 2261; x_wconf 77' lang='lat' dir='ltr'><strong><em>defecimus,</em></strong></span> <span class='ocrx_word' id='word_1_171' title='bbox 1061 2190 1205 2260; x_wconf 90' lang='lat' dir='ltr'><strong><em>quod</em></strong></span> <span class='ocrx_word' id='word_1_172' title='bbox 1262 2201 1553 2260; x_wconf 87' lang='lat' dir='ltr'><strong><em>utrumque</em></strong></span> <span class='ocrx_word' id='word_1_173' title='bbox 1599 2187 1828 2244; x_wconf 71' lang='lat' dir='ltr'><strong><em>offendit</em></strong></span> 
     </span>
    </p>
   </div>
   <div class='ocr_carea' id='block_1_24' title="bbox 223 2267 1822 2354">
    <p class='ocr_par' dir='ltr' id='par_1_24' title="bbox 223 2267 1822 2354">
     <span class='ocr_line' id='line_1_24' title="bbox 223 2267 1822 2354; baseline -0.002 -15"><span class='ocrx_word' id='word_1_174' title='bbox 223 2267 424 2349; x_wconf 84' lang='lat' dir='ltr'><strong><em>Deum;</em></strong></span> <span class='ocrx_word' id='word_1_175' title='bbox 471 2295 530 2338; x_wconf 88' lang='lat' dir='ltr'><strong><em>ut</em></strong></span> <span class='ocrx_word' id='word_1_176' title='bbox 569 2293 662 2339; x_wconf 86' lang='lat' dir='ltr'><strong><em>aut</em></strong></span> <span class='ocrx_word' id='word_1_177' title='bbox 703 2299 1042 2354; x_wconf 78' lang='lat' dir='ltr'><strong><em>nequaquam</em></strong></span> <span class='ocrx_word' id='word_1_178' title='bbox 1090 2297 1150 2338; x_wconf 86' lang='lat' dir='ltr'><strong><em>se</em></strong></span> <span class='ocrx_word' id='word_1_179' title='bbox 1196 2292 1350 2353; x_wconf 88' lang='lat' dir='ltr'><strong><em>putet</em></strong></span> <span class='ocrx_word' id='word_1_180' title='bbox 1396 2298 1555 2353; x_wconf 83' lang='lat' dir='ltr'><strong><em>posse</em></strong></span> <span class='ocrx_word' id='word_1_181' title='bbox 1595 2281 1822 2347; x_wconf 84' lang='lat' dir='ltr'><strong><em>salvari,</em></strong></span> 
     </span>
    </p>
   </div>
   <div class='ocr_carea' id='block_1_25' title="bbox 223 2373 1825 2447">
    <p class='ocr_par' dir='ltr' id='par_1_25' title="bbox 223 2373 1825 2447">
     <span class='ocr_line' id='line_1_25' title="bbox 223 2373 1825 2447; baseline -0.002 -16"><span class='ocrx_word' id='word_1_182' title='bbox 223 2390 312 2432; x_wconf 87' lang='lat' dir='ltr'><strong><em>aut</em></strong></span> <span class='ocrx_word' id='word_1_183' title='bbox 353 2377 419 2432; x_wconf 88' lang='lat' dir='ltr'><strong><em>ad</em></strong></span> <span class='ocrx_word' id='word_1_184' title='bbox 470 2377 789 2447; x_wconf 84' lang='lat' dir='ltr'><strong><em>placandum</em></strong></span> <span class='ocrx_word' id='word_1_185' title='bbox 833 2376 1003 2430; x_wconf 88' lang='lat' dir='ltr'><strong><em>Deum</em></strong></span> <span class='ocrx_word' id='word_1_186' title='bbox 1044 2377 1228 2430; x_wconf 87' lang='lat' dir='ltr'><strong><em>animo</em></strong></span> <span class='ocrx_word' id='word_1_187' title='bbox 1271 2374 1559 2431; x_wconf 78' lang='lat' dir='ltr'><strong><em>defecisse.</em></strong></span> <span class='ocrx_word' id='word_1_188' title='bbox 1602 2373 1667 2428; x_wconf 88' lang='lat' dir='ltr'><strong><em>Et</em></strong></span> <span class='ocrx_word' id='word_1_189' title='bbox 1710 2385 1825 2444; x_wconf 85' lang='lat' dir='ltr'><strong><em>post</em></strong></span> 
     </span>
    </p>
   </div>
   <div class='ocr_carea' id='block_1_26' title="bbox 220 2471 1825 2548">
    <p class='ocr_par' dir='ltr' id='par_1_26' title="bbox 220 2471 1825 2548">
     <span class='ocr_line' id='line_1_26' title="bbox 220 2471 1825 2548; baseline -0.001 -22"><span class='ocrx_word' id='word_1_190' title='bbox 220 2475 589 2548; x_wconf 80' lang='lat' dir='ltr'><strong><em>cogitationes,</em></strong></span> <span class='ocrx_word' id='word_1_191' title='bbox 635 2472 844 2544; x_wconf 89' lang='lat' dir='ltr'><strong><em>inquit,</em></strong></span> <span class='ocrx_word' id='word_1_192' title='bbox 901 2482 1102 2527; x_wconf 87' lang='lat' dir='ltr'><strong><em>nostras</em></strong></span> <span class='ocrx_word' id='word_1_193' title='bbox 1151 2473 1360 2528; x_wconf 80' lang='lat' dir='ltr'><strong><em>ibimus.</em></strong></span> <span class='ocrx_word' id='word_1_194' title='bbox 1417 2471 1517 2528; x_wconf 90' lang='lat' dir='ltr'><strong><em>Ubi</em></strong></span> <span class='ocrx_word' id='word_1_195' title='bbox 1571 2480 1648 2526; x_wconf 90' lang='lat' dir='ltr'><strong><em>est</em></strong></span> <span class='ocrx_word' id='word_1_196' title='bbox 1694 2485 1825 2540; x_wconf 85' lang='lat' dir='ltr'><strong><em>ergo</em></strong></span> 
     </span>
    </p>
   </div>
   <div class='ocr_carea' id='block_1_27' title="bbox 223 2565 1812 2637">
    <p class='ocr_par' dir='ltr' id='par_1_27' title="bbox 223 2565 1812 2637">
     <span class='ocr_line' id='line_1_27' title="bbox 223 2565 1812 2637; baseline -0.001 -18"><span class='ocrx_word' id='word_1_197' title='bbox 223 2575 245 2602; x_wconf 75' lang='grc' dir='ltr'><strong>η</strong></span> <span class='ocrx_word' id='word_1_198' title='bbox 269 2567 477 2636; x_wconf 81' lang='lat' dir='ltr'><strong><em>absque</em></strong></span> <span class='ocrx_word' id='word_1_199' title='bbox 522 2565 614 2620; x_wconf 90' lang='lat' dir='ltr'><strong><em>Dei</em></strong></span> <span class='ocrx_word' id='word_1_200' title='bbox 657 2565 831 2637; x_wconf 86' lang='lat' dir='ltr'><strong><em>gratia</em></strong></span> <span class='ocrx_word' id='word_1_201' title='bbox 859 2565 1034 2621; x_wconf 75' lang='lat' dir='ltr'><strong><em>Iiberii</em></strong></span> <span class='ocrx_word' id='word_1_202' title='bbox 1061 2565 1272 2620; x_wconf 79' lang='lat' dir='ltr'><strong><em>arbitrii</em></strong></span> <span class='ocrx_word' id='word_1_203' title='bbox 1310 2575 1568 2633; x_wconf 54' lang='lat' dir='ltr'><strong><em>potes-tas.</em></strong></span> <span class='ocrx_word' id='word_1_204' title='bbox 1602 2573 1657 2619; x_wconf 86' lang='lat' dir='ltr'><strong><em>et</em></strong></span> <span class='ocrx_word' id='word_1_205' title='bbox 1689 2577 1812 2633; x_wconf 88' lang='lat' dir='ltr'><strong><em>pro-</em></strong></span> 
     </span>
    </p>
   </div>
   <div class='ocr_carea' id='block_1_28' title="bbox 220 2657 1825 2730">
    <p class='ocr_par' dir='ltr' id='par_1_28' title="bbox 220 2657 1825 2730">
     <span class='ocr_line' id='line_1_28' title="bbox 220 2657 1825 2730; baseline -0.002 -18"><span class='ocrx_word' id='word_1_206' title='bbox 220 2659 349 2728; x_wconf 74' lang='lat' dir='ltr'><strong><em>pria:</em></strong></span> <span class='ocrx_word' id='word_1_207' title='bbox 384 2658 648 2730; x_wconf 81' lang='lat' dir='ltr'><strong><em>judicium</em></strong></span> <span class='ocrx_word' id='word_1_208' title='bbox 693 2660 1019 2724; x_wconf 75' lang='lat' dir='ltr'><strong><em>voluntatis,</em></strong></span> <span class='ocrx_word' id='word_1_209' title='bbox 1069 2673 1192 2712; x_wconf 89' lang='lat' dir='ltr'><strong><em>cum</em></strong></span> <span class='ocrx_word' id='word_1_210' title='bbox 1238 2657 1463 2729; x_wconf 82' lang='lat' dir='ltr'><strong><em>grandis</em></strong></span> <span class='ocrx_word' id='word_1_211' title='bbox 1504 2657 1712 2711; x_wconf 80' lang='lat' dir='ltr'><strong><em>oll&#39;ensa</em></strong></span> <span class='ocrx_word' id='word_1_212' title='bbox 1754 2657 1825 2710; x_wconf 88' lang='lat' dir='ltr'><strong><em>sit</em></strong></span> 
     </span>
    </p>
   </div>
   <div class='ocr_carea' id='block_1_29' title="bbox 221 2749 1823 2824">
    <p class='ocr_par' dir='ltr' id='par_1_29' title="bbox 221 2749 1823 2824">
     <span class='ocr_line' id='line_1_29' title="bbox 221 2749 1823 2824; baseline -0.002 -17"><span class='ocrx_word' id='word_1_213' title='bbox 221 2753 310 2808; x_wconf 88' lang='lat' dir='ltr'><strong><em>Dei</em></strong></span> <span class='ocrx_word' id='word_1_214' title='bbox 356 2753 508 2822; x_wconf 86' lang='lat' dir='ltr'><strong><em>sequi</em></strong></span> <span class='ocrx_word' id='word_1_215' title='bbox 558 2754 922 2824; x_wconf 76' lang='lat' dir='ltr'><strong><em>cogitationes</em></strong></span> <span class='ocrx_word' id='word_1_216' title='bbox 967 2766 1092 2807; x_wconf 86' lang='lat' dir='ltr'><strong><em>suas</em></strong></span> <span class='ocrx_word' id='word_1_217' title='bbox 1132 2762 1186 2808; x_wconf 91' lang='lat' dir='ltr'><strong><em>et</em></strong></span> <span class='ocrx_word' id='word_1_218' title='bbox 1237 2750 1391 2822; x_wconf 74' lang='lat' dir='ltr'><strong><em>pravi</em></strong></span> <span class='ocrx_word' id='word_1_219' title='bbox 1424 2749 1602 2804; x_wconf 79' lang='lat' dir='ltr'><strong><em>cordis</em></strong></span> <span class='ocrx_word' id='word_1_220' title='bbox 1643 2749 1823 2804; x_wconf 82' lang='lat' dir='ltr'><strong><em>facere</em></strong></span> 
     </span>
    </p>
   </div>
   <div class='ocr_carea' id='block_1_30' title="bbox 222 2843 1825 2916">
    <p class='ocr_par' dir='ltr' id='par_1_30' title="bbox 222 2843 1825 2916">
     <span class='ocr_line' id='line_1_30' title="bbox 222 2843 1825 2916; baseline 0 -18"><span class='ocrx_word' id='word_1_221' title='bbox 222 2845 600 2901; x_wconf 80' lang='lat' dir='ltr'><strong><em>voluntatem?</em></strong></span> <span class='ocrx_word' id='word_1_222' title='bbox 641 2845 937 2916; x_wconf 82' lang='lat' dir='ltr'><strong><em>Propterea</em></strong></span> <span class='ocrx_word' id='word_1_223' title='bbox 983 2845 1173 2907; x_wconf 81' lang='lat' dir='ltr'><strong><em>infert.</em></strong></span> <span class='ocrx_word' id='word_1_224' title='bbox 1225 2845 1460 2900; x_wconf 90' lang='lat' dir='ltr'><strong><em>dicens:</em></strong></span> <span class='ocrx_word' id='word_1_225' title='bbox 1494 2843 1825 2912; x_wconf 62' lang='lat' dir='ltr'><strong><em>Interrogati:</em></strong></span> 
     </span>
    </p>
   </div>
   <div class='ocr_carea' id='block_1_31' title="bbox 216 2937 1818 3010">
    <p class='ocr_par' dir='ltr' id='par_1_31' title="bbox 216 2937 1818 3010">
     <span class='ocr_line' id='line_1_31' title="bbox 216 2937 1818 3010; baseline 0.001 -22"><span class='ocrx_word' id='word_1_226' title='bbox 216 2951 426 3010; x_wconf 67' lang='lat' dir='ltr'><strong><em>gentes,</em></strong></span> <span class='ocrx_word' id='word_1_227' title='bbox 465 2949 520 2993; x_wconf 76' lang='lat' dir='ltr'><strong><em>et</em></strong></span> <span class='ocrx_word' id='word_1_228' title='bbox 564 2956 739 2992; x_wconf 89' lang='lat' dir='ltr'><strong><em>omnes</em></strong></span> <span class='ocrx_word' id='word_1_229' title='bbox 784 2941 832 2992; x_wconf 89' lang='lat' dir='ltr'><strong><em>in</em></strong></span> <span class='ocrx_word' id='word_1_230' title='bbox 880 2941 1101 2994; x_wconf 73' lang='lat' dir='ltr'><strong><em>circuitu</em></strong></span> <span class='ocrx_word' id='word_1_231' title='bbox 1141 2940 1409 3002; x_wconf 72' lang='lat' dir='ltr'><strong><em>nationes,</em></strong></span> <span class='ocrx_word' id='word_1_232' title='bbox 1449 2939 1571 3008; x_wconf 90' lang='lat' dir='ltr'><strong><em>quis</em></strong></span> <span class='ocrx_word' id='word_1_233' title='bbox 1609 2937 1818 3005; x_wconf 82' lang='lat' dir='ltr'><strong><em>fecerit,</em></strong></span> 
     </span>
    </p>
   </div>
   <div class='ocr_carea' id='block_1_32' title="bbox 216 3031 1822 3103">
    <p class='ocr_par' dir='ltr' id='par_1_32' title="bbox 216 3031 1822 3103">
     <span class='ocr_line' id='line_1_32' title="bbox 216 3031 1822 3103; baseline -0.001 -18"><span class='ocrx_word' id='word_1_234' title='bbox 216 3034 334 3102; x_wconf 69' lang='lat' dir='ltr'><strong><em>quis</em></strong></span> <span class='ocrx_word' id='word_1_235' title='bbox 376 3032 617 3088; x_wconf 77' lang='lat' dir='ltr'><strong><em>:lll-llCl‘ll</em></strong></span> <span class='ocrx_word' id='word_1_236' title='bbox 658 3033 818 3086; x_wconf 63' lang='lat' dir='ltr'><strong><em>idolis</em></strong></span> <span class='ocrx_word' id='word_1_237' title='bbox 864 3034 1133 3094; x_wconf 77' lang='lat' dir='ltr'><strong><em>serviens,</em></strong></span> <span class='ocrx_word' id='word_1_238' title='bbox 1176 3047 1292 3103; x_wconf 76' lang='lat' dir='ltr'><strong><em>qua:</em></strong></span> <span class='ocrx_word' id='word_1_239' title='bbox 1331 3032 1450 3098; x_wconf 73' lang='lat' dir='ltr'><strong><em>fecit</em></strong></span> <span class='ocrx_word' id='word_1_240' title='bbox 1497 3031 1648 3084; x_wconf 87' lang='lat' dir='ltr'><strong><em>nimis</em></strong></span> <span class='ocrx_word' id='word_1_241' title='bbox 1681 3032 1822 3103; x_wconf 77' lang='lat' dir='ltr'><strong><em>virgo</em></strong></span> 
     </span>
    </p>
   </div>
   <div class='ocr_carea' id='block_1_33' title="bbox 217 3123 1824 3198">
    <p class='ocr_par' dir='ltr' id='par_1_33' title="bbox 217 3123 1824 3198">
     <span class='ocr_line' id='line_1_33' title="bbox 217 3123 1824 3198; baseline -0.002 -18"><span class='ocrx_word' id='word_1_242' title='bbox 217 3125 420 3182; x_wconf 78' lang='lat' dir='ltr'><strong><em>Israel?</em></strong></span> <span class='ocrx_word' id='word_1_243' title='bbox 457 3127 727 3198; x_wconf 77' lang='lat' dir='ltr'><strong><em>Virginem</em></strong></span> <span class='ocrx_word' id='word_1_244' title='bbox 757 3137 940 3182; x_wconf 89' lang='lat' dir='ltr'><strong><em>autem</em></strong></span> <span class='ocrx_word' id='word_1_245' title='bbox 972 3135 1150 3188; x_wconf 88' lang='lat' dir='ltr'><strong><em>vocat,</em></strong></span> <span class='ocrx_word' id='word_1_246' title='bbox 1179 3142 1246 3180; x_wconf 89' lang='lat' dir='ltr'><strong><em>eo</em></strong></span> <span class='ocrx_word' id='word_1_247' title='bbox 1271 3126 1415 3194; x_wconf 89' lang='lat' dir='ltr'><strong><em>quod</em></strong></span> <span class='ocrx_word' id='word_1_248' title='bbox 1448 3126 1537 3178; x_wconf 90' lang='lat' dir='ltr'><strong><em>uni</em></strong></span> <span class='ocrx_word' id='word_1_249' title='bbox 1568 3123 1682 3178; x_wconf 87' lang='lat' dir='ltr'><strong><em>Deo</em></strong></span> <span class='ocrx_word' id='word_1_250' title='bbox 1706 3138 1824 3178; x_wconf 90' lang='lat' dir='ltr'><strong><em>ser-</em></strong></span> 
     </span>
    </p>
   </div>
   <div class='ocr_carea' id='block_1_34' title="bbox 217 3217 1820 3290">
    <p class='ocr_par' dir='ltr' id='par_1_34' title="bbox 217 3217 1820 3290">
     <span class='ocr_line' id='line_1_34' title="bbox 217 3217 1820 3290; baseline -0.002 -17"><span class='ocrx_word' id='word_1_251' title='bbox 217 3221 398 3282; x_wconf 82' lang='lat' dir='ltr'><strong><em>vierit,</em></strong></span> <span class='ocrx_word' id='word_1_252' title='bbox 446 3221 671 3275; x_wconf 89' lang='lat' dir='ltr'><strong><em>dicente</em></strong></span> <span class='ocrx_word' id='word_1_253' title='bbox 701 3221 977 3290; x_wconf 80' lang='lat' dir='ltr'><strong><em>Propheta</em></strong></span> <span class='ocrx_word' id='word_1_254' title='bbox 1015 3239 1027 3273; x_wconf 93' lang='lat'>:</span> <span class='ocrx_word' id='word_1_255' title='bbox 1065 3220 1238 3274; x_wconf 72' lang='lat' dir='ltr'><strong><em>Notus</em></strong></span> <span class='ocrx_word' id='word_1_256' title='bbox 1267 3220 1318 3273; x_wconf 89' lang='lat' dir='ltr'><strong><em>in</em></strong></span> <span class='ocrx_word' id='word_1_257' title='bbox 1349 3217 1541 3272; x_wconf 53' lang='lat' dir='ltr'><strong><em>Judata</em></strong></span> <span class='ocrx_word' id='word_1_258' title='bbox 1572 3217 1737 3280; x_wconf 85' lang='lat' dir='ltr'><strong><em>Deus,</em></strong></span> <span class='ocrx_word' id='word_1_259' title='bbox 1769 3218 1820 3270; x_wconf 86' lang='lat' dir='ltr'><strong><em>in</em></strong></span> 
     </span>
    </p>
   </div>
   <div class='ocr_carea' id='block_1_35' title="bbox 217 3311 1532 3387">
    <p class='ocr_par' dir='ltr' id='par_1_35' title="bbox 217 3311 1532 3387">
     <span class='ocr_line' id='line_1_35' title="bbox 217 3311 1532 3387; baseline -0.003 -19"><span class='ocrx_word' id='word_1_260' title='bbox 217 3313 384 3369; x_wconf 76' lang='lat' dir='ltr'><strong><em>Israel</em></strong></span> <span class='ocrx_word' id='word_1_261' title='bbox 412 3333 662 3387; x_wconf 84' lang='lat' dir='ltr'><strong><em>magmmt</em></strong></span> <span class='ocrx_word' id='word_1_262' title='bbox 691 3332 875 3368; x_wconf 82' lang='lat' dir='ltr'><strong><em>nomen</em></strong></span> <span class='ocrx_word' id='word_1_263' title='bbox 907 3319 1017 3384; x_wconf 69' lang='lat' dir='ltr'><strong><em>ejus</em></strong></span> <span class='ocrx_word' id='word_1_264' title='bbox 1048 3313 1224 3382; x_wconf 81' lang='lat' dir='ltr'><strong><em>(Psal.</em></strong></span> <span class='ocrx_word' id='word_1_265' title='bbox 1261 3329 1418 3378; x_wconf 81' lang='lat' dir='ltr'><strong><em>Lxxv,</em></strong></span> <span class='ocrx_word' id='word_1_266' title='bbox 1452 3311 1532 3383; x_wconf 70' lang='grc'><strong><em>2).</em></strong></span> 
     </span>
    </p>
   </div>
   <div class='ocr_carea' id='block_1_36' title="bbox 284 3400 1820 3477">
    <p class='ocr_par' dir='ltr' id='par_1_36' title="bbox 284 3400 1820 3477">
     <span class='ocr_line' id='line_1_36' title="bbox 284 3400 1820 3477; baseline -0.003 -17"><span class='ocrx_word' id='word_1_267' title='bbox 284 3405 466 3468; x_wconf 70' lang='lat' dir='ltr'><strong><em>(Vere.</em></strong></span> <span class='ocrx_word' id='word_1_268' title='bbox 522 3404 629 3476; x_wconf 69' lang='lat' dir='ltr'><strong><em>t4.)</em></strong></span> <span class='ocrx_word' id='word_1_269' title='bbox 663 3404 931 3477; x_wconf 82' lang='lat' dir='ltr'><strong><em>Numquid</em></strong></span> <span class='ocrx_word' id='word_1_270' title='bbox 960 3406 1160 3476; x_wconf 71' lang='lat' dir='ltr'><strong><em>deﬁciet</em></strong></span> <span class='ocrx_word' id='word_1_271' title='bbox 1191 3406 1253 3460; x_wconf 89' lang='lat' dir='ltr'><strong><em>de</em></strong></span> <span class='ocrx_word' id='word_1_272' title='bbox 1281 3414 1427 3477; x_wconf 87' lang='lat' dir='ltr'><strong><em>petra</em></strong></span> <span class='ocrx_word' id='word_1_273' title='bbox 1457 3403 1573 3475; x_wconf 84' lang='lat' dir='ltr'><strong><em>agri</em></strong></span> <span class='ocrx_word' id='word_1_274' title='bbox 1611 3401 1704 3456; x_wconf 75' lang='lat' dir='ltr'><strong><em>nia:</em></strong></span> <span class='ocrx_word' id='word_1_275' title='bbox 1733 3400 1820 3455; x_wconf 86' lang='lat' dir='ltr'><strong><em>Li-</em></strong></span> 
     </span>
    </p>
   </div>
   <div class='ocr_carea' id='block_1_37' title="bbox 215 3498 1821 3571">
    <p class='ocr_par' dir='ltr' id='par_1_37' title="bbox 215 3498 1821 3571">
     <span class='ocr_line' id='line_1_37' title="bbox 215 3498 1821 3571; baseline -0.001 -19"><span class='ocrx_word' id='word_1_276' title='bbox 215 3501 335 3554; x_wconf 80' lang='lat' dir='ltr'><strong><em>bani</em></strong></span> <span class='ocrx_word' id='word_1_277' title='bbox 369 3517 386 3553; x_wconf 89' lang='lat'><strong><em>:</em></strong></span> <span class='ocrx_word' id='word_1_278' title='bbox 425 3509 516 3553; x_wconf 89' lang='lat' dir='ltr'><strong><em>aut</em></strong></span> <span class='ocrx_word' id='word_1_279' title='bbox 545 3499 700 3553; x_wconf 88' lang='lat' dir='ltr'><strong><em>avelli</em></strong></span> <span class='ocrx_word' id='word_1_280' title='bbox 730 3513 948 3568; x_wconf 85' lang='lat' dir='ltr'><strong><em>possunt</em></strong></span> <span class='ocrx_word' id='word_1_281' title='bbox 980 3518 1125 3569; x_wconf 81' lang='lat' dir='ltr'><strong><em>aqua:</em></strong></span> <span class='ocrx_word' id='word_1_282' title='bbox 1154 3509 1496 3570; x_wconf 78' lang='lat' dir='ltr'><strong><em>erumpentes,</em></strong></span> <span class='ocrx_word' id='word_1_283' title='bbox 1535 3498 1744 3571; x_wconf 75' lang='lat' dir='ltr'><strong><em>frigida:</em></strong></span> <span class='ocrx_word' id='word_1_284' title='bbox 1773 3507 1821 3550; x_wconf 86' lang='lat' dir='ltr'><strong><em>et</em></strong></span> 
     </span>
    </p>
   </div>
   <div class='ocr_carea' id='block_1_38' title="bbox 214 3591 1816 3664">
    <p class='ocr_par' dir='ltr' id='par_1_38' title="bbox 214 3591 1816 3664">
     <span class='ocr_line' id='line_1_38' title="bbox 214 3591 1816 3664; baseline -0.002 -19"><span class='ocrx_word' id='word_1_285' title='bbox 214 3594 539 3663; x_wconf 64' lang='lat' dir='ltr'><strong><em>(lu/luentes?</em></strong></span> <span class='ocrx_word' id='word_1_286' title='bbox 582 3593 722 3648; x_wconf 77' lang='lat' dir='ltr'><strong><em>LXX</em></strong></span> <span class='ocrx_word' id='word_1_287' title='bbox 759 3611 771 3647; x_wconf 90' lang='lat'>:</span> <span class='ocrx_word' id='word_1_288' title='bbox 804 3593 1074 3664; x_wconf 85' lang='lat' dir='ltr'><strong><em>Numquid</em></strong></span> <span class='ocrx_word' id='word_1_289' title='bbox 1106 3594 1344 3662; x_wconf 74' lang='lat' dir='ltr'><strong><em>deﬁcient</em></strong></span> <span class='ocrx_word' id='word_1_290' title='bbox 1373 3593 1433 3646; x_wconf 80' lang='lat' dir='ltr'><strong><em>tlt&#39;</em></strong></span> <span class='ocrx_word' id='word_1_291' title='bbox 1463 3601 1607 3664; x_wconf 76' lang='lat' dir='ltr'><strong><em>petra</em></strong></span> <span class='ocrx_word' id='word_1_292' title='bbox 1641 3591 1816 3657; x_wconf 79' lang='lat' dir='ltr'><strong><em>ubera,</em></strong></span> 
     </span>
    </p>
   </div>
   <div class='ocr_carea' id='block_1_39' title="bbox 213 3684 1815 3755">
    <p class='ocr_par' dir='ltr' id='par_1_39' title="bbox 213 3684 1815 3755">
     <span class='ocr_line' id='line_1_39' title="bbox 213 3684 1815 3755; baseline -0.001 -17"><span class='ocrx_word' id='word_1_293' title='bbox 213 3696 302 3740; x_wconf 82' lang='lat' dir='ltr'><strong><em>aut</em></strong></span> <span class='ocrx_word' id='word_1_294' title='bbox 343 3689 434 3740; x_wconf 82' lang='lat' dir='ltr'><strong><em>nia:</em></strong></span> <span class='ocrx_word' id='word_1_295' title='bbox 459 3686 521 3739; x_wconf 86' lang='lat' dir='ltr'><strong><em>de</em></strong></span> <span class='ocrx_word' id='word_1_296' title='bbox 551 3685 779 3752; x_wconf 84' lang='lat' dir='ltr'><strong><em>Libano,</em></strong></span> <span class='ocrx_word' id='word_1_297' title='bbox 814 3697 904 3739; x_wconf 85' lang='lat' dir='ltr'><strong><em>aut</em></strong></span> <span class='ocrx_word' id='word_1_298' title='bbox 949 3685 1232 3740; x_wconf 76' lang='lat' dir='ltr'><strong><em>declinabit</em></strong></span> <span class='ocrx_word' id='word_1_299' title='bbox 1257 3704 1392 3755; x_wconf 89' lang='lat' dir='ltr'><strong><em>aqua</em></strong></span> <span class='ocrx_word' id='word_1_300' title='bbox 1420 3687 1664 3738; x_wconf 65' lang='lat' dir='ltr'><strong><em>violenter</em></strong></span> <span class='ocrx_word' id='word_1_301' title='bbox 1689 3684 1815 3738; x_wconf 82' lang='lat' dir='ltr'><strong><em>sub-</em></strong></span> 
     </span>
    </p>
   </div>
   <div class='ocr_carea' id='block_1_40' title="bbox 215 3777 1817 3850">
    <p class='ocr_par' dir='ltr' id='par_1_40' title="bbox 215 3777 1817 3850">
     <span class='ocr_line' id='line_1_40' title="bbox 215 3777 1817 3850; baseline -0.001 -18"><span class='ocrx_word' id='word_1_302' title='bbox 215 3781 320 3834; x_wconf 83' lang='lat' dir='ltr'><strong><em>lata</em></strong></span> <span class='ocrx_word' id='word_1_303' title='bbox 364 3781 560 3834; x_wconf 86' lang='lat' dir='ltr'><strong><em>vento?</em></strong></span> <span class='ocrx_word' id='word_1_304' title='bbox 620 3780 752 3833; x_wconf 82' lang='lat' dir='ltr'><strong><em>&#39;l‘ale</em></strong></span> <span class='ocrx_word' id='word_1_305' title='bbox 799 3779 930 3850; x_wconf 89' lang='lat' dir='ltr'><strong><em>quid</em></strong></span> <span class='ocrx_word' id='word_1_306' title='bbox 976 3788 1030 3833; x_wconf 84' lang='lat' dir='ltr'><strong><em>et</em></strong></span> <span class='ocrx_word' id='word_1_307' title='bbox 1076 3779 1204 3832; x_wconf 90' lang='lat' dir='ltr'><strong><em>illud</em></strong></span> <span class='ocrx_word' id='word_1_308' title='bbox 1253 3777 1611 3847; x_wconf 82' lang='lat' dir='ltr'><strong><em>Virgilianum</em></strong></span> <span class='ocrx_word' id='word_1_309' title='bbox 1659 3787 1817 3831; x_wconf 79' lang='lat' dir='ltr'><strong><em>scunt</em></strong></span> 
     </span>
    </p>
   </div>
   <div class='ocr_carea' id='block_1_41' title="bbox 213 3871 832 3944">
    <p class='ocr_par' dir='ltr' id='par_1_41' title="bbox 213 3871 832 3944">
     <span class='ocr_line' id='line_1_41' title="bbox 213 3871 832 3944; baseline 0.003 -20"><span class='ocrx_word' id='word_1_310' title='bbox 213 3871 421 3944; x_wconf 65' lang='lat' dir='ltr'><strong><em>(lt&#39;clog.</em></strong></span> <span class='ocrx_word' id='word_1_311' title='bbox 455 3889 491 3939; x_wconf 82' lang='grc' dir='ltr'><strong>ι,</strong></span> <span class='ocrx_word' id='word_1_312' title='bbox 525 3871 595 3927; x_wconf 75' lang='lat'><strong><em>(30</em></strong></span> <span class='ocrx_word' id='word_1_313' title='bbox 619 3872 779 3942; x_wconf 76' lang='lat' dir='ltr'><strong><em>seqq.)</em></strong></span> <span class='ocrx_word' id='word_1_314' title='bbox 820 3890 832 3926; x_wconf 91' lang='lat'>:</span> 
     </span>
    </p>
   </div>
   <div class='ocr_carea' id='block_1_42' title="bbox 305 3961 1503 4026">
    <p class='ocr_par' dir='ltr' id='par_1_42' title="bbox 305 3961 1503 4026">
     <span class='ocr_line' id='line_1_42' title="bbox 305 3961 1503 4026; baseline 0 -14"><span class='ocrx_word' id='word_1_315' title='bbox 305 3967 436 4012; x_wconf 80' lang='lat' dir='ltr'><strong><em>Ante</em></strong></span> <span class='ocrx_word' id='word_1_316' title='bbox 464 3961 606 4011; x_wconf 86' lang='lat' dir='ltr'><strong><em>leves</em></strong></span> <span class='ocrx_word' id='word_1_317' title='bbox 624 3976 746 4025; x_wconf 84' lang='lat' dir='ltr'><strong><em>ergo</em></strong></span> <span class='ocrx_word' id='word_1_318' title='bbox 767 3970 1030 4025; x_wconf 85' lang='lat' dir='ltr'><strong><em>pascentur</em></strong></span> <span class='ocrx_word' id='word_1_319' title='bbox 1050 3963 1100 4011; x_wconf 91' lang='lat' dir='ltr'><strong><em>in</em></strong></span> <span class='ocrx_word' id='word_1_320' title='bbox 1125 3962 1317 4012; x_wconf 71' lang='lat' dir='ltr'><strong><em>aethere</em></strong></span> <span class='ocrx_word' id='word_1_321' title='bbox 1343 3964 1503 4026; x_wconf 77' lang='lat' dir='ltr'><strong><em>Cervi,</em></strong></span> 
     </span>
    </p>
   </div>
   <div class='ocr_carea' id='block_1_43' title="bbox 303 4026 1464 4086">
    <p class='ocr_par' dir='ltr' id='par_1_43' title="bbox 303 4026 1464 4086">
     <span class='ocr_line' id='line_1_43' title="bbox 303 4026 1464 4086; baseline -0.001 -10"><span class='ocrx_word' id='word_1_322' title='bbox 303 4026 366 4076; x_wconf 78' lang='lat' dir='ltr'><strong><em>Et</em></strong></span> <span class='ocrx_word' id='word_1_323' title='bbox 385 4029 514 4076; x_wconf 80' lang='lat' dir='ltr'><strong><em>t&#39;reta</em></strong></span> <span class='ocrx_word' id='word_1_324' title='bbox 537 4026 814 4077; x_wconf 73' lang='lat' dir='ltr'><strong><em>destituent</em></strong></span> <span class='ocrx_word' id='word_1_325' title='bbox 835 4027 990 4075; x_wconf 86' lang='lat' dir='ltr'><strong><em>nudos</em></strong></span> <span class='ocrx_word' id='word_1_326' title='bbox 1014 4027 1064 4074; x_wconf 88' lang='lat' dir='ltr'><strong><em>in</em></strong></span> <span class='ocrx_word' id='word_1_327' title='bbox 1085 4027 1252 4074; x_wconf 76' lang='lat' dir='ltr'><strong><em>littore</em></strong></span> <span class='ocrx_word' id='word_1_328' title='bbox 1278 4026 1464 4086; x_wconf 80' lang='lat' dir='ltr'><strong><em>pisces,</em></strong></span> 
     </span>
    </p>
   </div>
   <div class='ocr_carea' id='block_1_44' title="bbox 304 4089 1462 4150">
    <p class='ocr_par' dir='ltr' id='par_1_44' title="bbox 304 4089 1462 4150">
     <span class='ocr_line' id='line_1_44' title="bbox 304 4089 1462 4150; baseline -0.002 -12"><span class='ocrx_word' id='word_1_329' title='bbox 304 4091 460 4150; x_wconf 83' lang='lat' dir='ltr'><strong><em>Quam</em></strong></span> <span class='ocrx_word' id='word_1_330' title='bbox 483 4089 802 4139; x_wconf 77' lang='lat' dir='ltr'><strong><em>nostroillius</em></strong></span> <span class='ocrx_word' id='word_1_331' title='bbox 826 4089 1017 4138; x_wconf 84' lang='lat' dir='ltr'><strong><em>labatur</em></strong></span> <span class='ocrx_word' id='word_1_332' title='bbox 1044 4097 1250 4150; x_wconf 84' lang='lat' dir='ltr'><strong><em>pectore</em></strong></span> <span class='ocrx_word' id='word_1_333' title='bbox 1276 4089 1462 4138; x_wconf 86' lang='lat' dir='ltr'><strong><em>vultus.</em></strong></span> 
     </span>
    </p>
   </div>
   <div class='ocr_carea' id='block_1_45' title="bbox 211 4173 1380 4246">
    <p class='ocr_par' dir='ltr' id='par_1_45' title="bbox 211 4173 1380 4246">
     <span class='ocr_line' id='line_1_45' title="bbox 211 4173 1380 4246; baseline 0.001 -17"><span class='ocrx_word' id='word_1_334' title='bbox 211 4173 280 4230; x_wconf 88' lang='lat' dir='ltr'><strong><em>Et</em></strong></span> <span class='ocrx_word' id='word_1_335' title='bbox 311 4174 364 4228; x_wconf 93' lang='lat' dir='ltr'><strong><em>in</em></strong></span> <span class='ocrx_word' id='word_1_336' title='bbox 399 4174 508 4229; x_wconf 90' lang='lat' dir='ltr'><strong><em>alio</em></strong></span> <span class='ocrx_word' id='word_1_337' title='bbox 541 4174 658 4228; x_wconf 92' lang='lat' dir='ltr'><strong><em>loco</em></strong></span> <span class='ocrx_word' id='word_1_338' title='bbox 689 4173 934 4246; x_wconf 83' lang='lat' dir='ltr'><strong><em>(.Eueid.</em></strong></span> <span class='ocrx_word' id='word_1_339' title='bbox 970 4190 1008 4240; x_wconf 87' lang='grc' dir='ltr'><strong>ι,</strong></span> <span class='ocrx_word' id='word_1_340' title='bbox 1042 4176 1140 4230; x_wconf 80' lang='lat' dir='ltr'><strong><em>(ill</em></strong></span> <span class='ocrx_word' id='word_1_341' title='bbox 1175 4175 1380 4246; x_wconf 80' lang='lat' dir='ltr'><strong><em>seqq.):</em></strong></span> 
     </span>
    </p>
   </div>
   <div class='ocr_carea' id='block_1_46' title="bbox 304 4265 1687 4328">
    <p class='ocr_par' dir='ltr' id='par_1_46' title="bbox 304 4265 1687 4328">
     <span class='ocr_line' id='line_1_46' title="bbox 304 4265 1687 4328; baseline 0.001 -13"><span class='ocrx_word' id='word_1_342' title='bbox 304 4265 359 4328; x_wconf 81' lang='lat' dir='ltr'><strong><em>lu</em></strong></span> <span class='ocrx_word' id='word_1_343' title='bbox 383 4265 513 4315; x_wconf 77' lang='lat' dir='ltr'><strong><em>freta</em></strong></span> <span class='ocrx_word' id='word_1_344' title='bbox 537 4266 652 4314; x_wconf 89' lang='lat' dir='ltr'><strong><em>dum</em></strong></span> <span class='ocrx_word' id='word_1_345' title='bbox 676 4266 808 4315; x_wconf 83' lang='lat' dir='ltr'><strong><em>ﬂuvii</em></strong></span> <span class='ocrx_word' id='word_1_346' title='bbox 836 4275 1060 4328; x_wconf 86' lang='lat' dir='ltr'><strong><em>current,</em></strong></span> <span class='ocrx_word' id='word_1_347' title='bbox 1080 4266 1196 4314; x_wconf 92' lang='lat' dir='ltr'><strong><em>dum</em></strong></span> <span class='ocrx_word' id='word_1_348' title='bbox 1223 4267 1471 4315; x_wconf 86' lang='lat' dir='ltr'><strong><em>montibus</em></strong></span> <span class='ocrx_word' id='word_1_349' title='bbox 1495 4268 1687 4316; x_wconf 73' lang='lat' dir='ltr'><strong><em>umbra:</em></strong></span> 
     </span>
    </p>
   </div>
   <div class='ocr_carea' id='block_1_47' title="bbox 304 4327 1578 4391">
    <p class='ocr_par' dir='ltr' id='par_1_47' title="bbox 304 4327 1578 4391">
     <span class='ocr_line' id='line_1_47' title="bbox 304 4327 1578 4391; baseline 0 -14"><span class='ocrx_word' id='word_1_350' title='bbox 304 4327 622 4384; x_wconf 78' lang='lat' dir='ltr'><strong><em>Lustrabunt,</em></strong></span> <span class='ocrx_word' id='word_1_351' title='bbox 651 4342 870 4377; x_wconf 82' lang='lat' dir='ltr'><strong><em>convexa</em></strong></span> <span class='ocrx_word' id='word_1_352' title='bbox 898 4327 1174 4391; x_wconf 44' lang='lat' dir='ltr'><strong><em>polus&#39;dum</em></strong></span> <span class='ocrx_word' id='word_1_353' title='bbox 1199 4328 1363 4378; x_wconf 87' lang='lat' dir='ltr'><strong><em>sidera</em></strong></span> <span class='ocrx_word' id='word_1_354' title='bbox 1390 4338 1578 4391; x_wconf 84' lang='lat' dir='ltr'><strong><em>pascet,</em></strong></span> 
     </span>
    </p>
   </div>
   <div class='ocr_carea' id='block_1_48' title="bbox 301 4391 1761 4455">
    <p class='ocr_par' dir='ltr' id='par_1_48' title="bbox 301 4391 1761 4455">
     <span class='ocr_line' id='line_1_48' title="bbox 301 4391 1761 4455; baseline 0.002 -17"><span class='ocrx_word' id='word_1_355' title='bbox 301 4391 518 4454; x_wconf 81' lang='lat' dir='ltr'><strong><em>Semper</em></strong></span> <span class='ocrx_word' id='word_1_356' title='bbox 542 4391 696 4439; x_wconf 87' lang='lat' dir='ltr'><strong><em>bonos</em></strong></span> <span class='ocrx_word' id='word_1_357' title='bbox 721 4403 1001 4454; x_wconf 86' lang='lat' dir='ltr'><strong><em>nomenque</em></strong></span> <span class='ocrx_word' id='word_1_358' title='bbox 1027 4401 1166 4441; x_wconf 87' lang='lat' dir='ltr'><strong><em>tuum</em></strong></span> <span class='ocrx_word' id='word_1_359' title='bbox 1181 4391 1451 4455; x_wconf 87' lang='lat' dir='ltr'><strong><em>laudesque</em></strong></span> <span class='ocrx_word' id='word_1_360' title='bbox 1471 4393 1761 4444; x_wconf 86' lang='lat' dir='ltr'><strong><em>manebunt.</em></strong></span> 
     </span>
    </p>
   </div>
   <div class='ocr_carea' id='block_1_49' title="bbox 210 4489 1814 4565">
    <p class='ocr_par' dir='ltr' id='par_1_49' title="bbox 210 4489 1814 4565">
     <span class='ocr_line' id='line_1_49' title="bbox 210 4489 1814 4565; baseline 0 -15"><span class='ocrx_word' id='word_1_361' title='bbox 210 4495 520 4564; x_wconf 78' lang='lat' dir='ltr'><strong><em>Quomodo,</em></strong></span> <span class='ocrx_word' id='word_1_362' title='bbox 567 4495 760 4565; x_wconf 88' lang='lat' dir='ltr'><strong><em>inquit,</em></strong></span> <span class='ocrx_word' id='word_1_363' title='bbox 797 4496 885 4550; x_wconf 85' lang='lat' dir='ltr'><strong><em>nix</em></strong></span> <span class='ocrx_word' id='word_1_364' title='bbox 919 4495 988 4551; x_wconf 89' lang='lat' dir='ltr'><strong><em>de</em></strong></span> <span class='ocrx_word' id='word_1_365' title='bbox 1020 4495 1210 4550; x_wconf 86' lang='lat' dir='ltr'><strong><em>Libani</em></strong></span> <span class='ocrx_word' id='word_1_366' title='bbox 1244 4489 1647 4552; x_wconf 87' lang='lat' dir='ltr'><strong><em>summitatibus</em></strong></span> <span class='ocrx_word' id='word_1_367' title='bbox 1676 4495 1814 4552; x_wconf 83' lang='lat' dir='ltr'><strong><em>deti-</em></strong></span> 
     </span>
    </p>
   </div>
   <div class='ocr_carea' id='block_1_50' title="bbox 209 4589 1811 4659">
    <p class='ocr_par' dir='ltr' id='par_1_50' title="bbox 209 4589 1811 4659">
     <span class='ocr_line' id='line_1_50' title="bbox 209 4589 1811 4659; baseline 0.001 -16"><span class='ocrx_word' id='word_1_368' title='bbox 209 4605 336 4644; x_wconf 70' lang='lat' dir='ltr'><strong><em>core</em></strong></span> <span class='ocrx_word' id='word_1_369' title='bbox 367 4605 474 4643; x_wconf 53' lang='lat' dir='ltr'><strong><em>non</em></strong></span> <span class='ocrx_word' id='word_1_370' title='bbox 510 4595 720 4658; x_wconf 82' lang='lat' dir='ltr'><strong><em>potest;</em></strong></span> <span class='ocrx_word' id='word_1_371' title='bbox 761 4605 860 4645; x_wconf 86' lang='lat' dir='ltr'><strong><em>nec</em></strong></span> <span class='ocrx_word' id='word_1_372' title='bbox 895 4589 1021 4653; x_wconf 90' lang='lat' dir='ltr'><strong><em>ullo,</em></strong></span> <span class='ocrx_word' id='word_1_373' title='bbox 1056 4601 1113 4643; x_wconf 92' lang='lat' dir='ltr'><strong><em>ut</em></strong></span> <span class='ocrx_word' id='word_1_374' title='bbox 1143 4591 1326 4644; x_wconf 82' lang='lat' dir='ltr'><strong><em>Omnis</em></strong></span> <span class='ocrx_word' id='word_1_375' title='bbox 1357 4591 1642 4659; x_wconf 83' lang='lat' dir='ltr'><strong><em>liquescat,</em></strong></span> <span class='ocrx_word' id='word_1_376' title='bbox 1679 4589 1811 4644; x_wconf 87' lang='lat' dir='ltr'><strong><em>solis</em></strong></span> 
     </span>
    </p>
   </div>
   <div class='ocr_carea' id='block_1_51' title="bbox 1937 593 3537 664">
    <p class='ocr_par' dir='ltr' id='par_1_51' title="bbox 1937 593 3537 664">
     <span class='ocr_line' id='line_1_51' title="bbox 1937 593 3537 664; baseline 0.001 -17"><span class='ocrx_word' id='word_1_377' title='bbox 1937 594 2086 664; x_wconf 82' lang='lat' dir='ltr'><strong><em>tigiis</em></strong></span> <span class='ocrx_word' id='word_1_378' title='bbox 2131 594 2426 650; x_wconf 87' lang='lat' dir='ltr'><strong><em>colentium</em></strong></span> <span class='ocrx_word' id='word_1_379' title='bbox 2475 597 2663 650; x_wconf 83' lang='lat' dir='ltr'><strong><em>Deum.</em></strong></span> <span class='ocrx_word' id='word_1_380' title='bbox 2711 594 2804 650; x_wconf 79' lang='lat' dir='ltr'><strong><em>Isti</em></strong></span> <span class='ocrx_word' id='word_1_381' title='bbox 2843 610 2976 650; x_wconf 88' lang='lat' dir='ltr'><strong><em>vero</em></strong></span> <span class='ocrx_word' id='word_1_382' title='bbox 3017 593 3440 651; x_wconf 84' lang='lat' dir='ltr'><strong><em>ambulaverunt</em></strong></span> <span class='ocrx_word' id='word_1_383' title='bbox 3480 595 3537 649; x_wconf 91' lang='lat' dir='ltr'><strong><em>in</em></strong></span> 
     </span>
    </p>
   </div>
   <div class='ocr_carea' id='block_1_52' title="bbox 1937 685 3541 753">
    <p class='ocr_par' dir='ltr' id='par_1_52' title="bbox 1937 685 3541 753">
     <span class='ocr_line' id='line_1_52' title="bbox 1937 685 3541 753; baseline -0.001 -9"><span class='ocrx_word' id='word_1_384' title='bbox 1937 687 2133 744; x_wconf 86' lang='lat' dir='ltr'><strong><em>itinere</em></strong></span> <span class='ocrx_word' id='word_1_385' title='bbox 2156 699 2266 740; x_wconf 89' lang='lat' dir='ltr'><strong><em>non</em></strong></span> <span class='ocrx_word' id='word_1_386' title='bbox 2299 687 2450 750; x_wconf 88' lang='lat' dir='ltr'><strong><em>trito,</em></strong></span> <span class='ocrx_word' id='word_1_387' title='bbox 2484 696 2538 742; x_wconf 87' lang='lat' dir='ltr'><strong><em>et</em></strong></span> <span class='ocrx_word' id='word_1_388' title='bbox 2564 687 2759 744; x_wconf 89' lang='lat' dir='ltr'><strong><em>relicto</em></strong></span> <span class='ocrx_word' id='word_1_389' title='bbox 2786 687 2934 741; x_wconf 88' lang='lat' dir='ltr'><strong><em>cultu</em></strong></span> <span class='ocrx_word' id='word_1_390' title='bbox 2959 685 3082 753; x_wconf 86' lang='lat' dir='ltr'><strong><em>Dei,</em></strong></span> <span class='ocrx_word' id='word_1_391' title='bbox 3119 686 3263 742; x_wconf 89' lang='lat' dir='ltr'><strong><em>idola</em></strong></span> <span class='ocrx_word' id='word_1_392' title='bbox 3291 685 3541 742; x_wconf 85' lang='lat' dir='ltr'><strong><em>venerati</em></strong></span> 
     </span>
    </p>
   </div>
   <div class='ocr_carea' id='block_1_53' title="bbox 1938 777 3434 850">
    <p class='ocr_par' dir='ltr' id='par_1_53' title="bbox 1938 777 3434 850">
     <span class='ocr_line' id='line_1_53' title="bbox 1938 777 3434 850; baseline 0.002 -18"><span class='ocrx_word' id='word_1_393' title='bbox 1938 788 2085 846; x_wconf 90' lang='lat' dir='ltr'><strong><em>sunt,</em></strong></span> <span class='ocrx_word' id='word_1_394' title='bbox 2116 789 2340 850; x_wconf 87' lang='lat' dir='ltr'><strong><em>propter</em></strong></span> <span class='ocrx_word' id='word_1_395' title='bbox 2373 795 2494 848; x_wconf 70' lang='lat' dir='ltr'><strong><em>qua:</em></strong></span> <span class='ocrx_word' id='word_1_396' title='bbox 2526 777 2757 834; x_wconf 77' lang='lat' dir='ltr'><strong><em>infertur</em></strong></span> <span class='ocrx_word' id='word_1_397' title='bbox 2789 795 2949 849; x_wconf 64' lang='lat' dir='ltr'><strong><em>paena</em></strong></span> <span class='ocrx_word' id='word_1_398' title='bbox 2981 793 3102 848; x_wconf 62' lang='lat' dir='ltr'><strong><em>quae</em></strong></span> <span class='ocrx_word' id='word_1_399' title='bbox 3134 778 3384 850; x_wconf 85' lang='lat' dir='ltr'><strong><em>sequitur</em></strong></span> <span class='ocrx_word' id='word_1_400' title='bbox 3419 799 3434 836; x_wconf 90' lang='lat'><strong>:</strong></span> 
     </span>
    </p>
   </div>
   <div class='ocr_carea' id='block_1_54' title="bbox 2009 869 3542 942">
    <p class='ocr_par' dir='ltr' id='par_1_54' title="bbox 2009 869 3542 942">
     <span class='ocr_line' id='line_1_54' title="bbox 2009 869 3542 942; baseline 0 -16"><span class='ocrx_word' id='word_1_401' title='bbox 2009 869 2187 942; x_wconf 79' lang='lat' dir='ltr'><strong><em>(Vers.</em></strong></span> <span class='ocrx_word' id='word_1_402' title='bbox 2235 869 2350 941; x_wconf 83' lang='grc'><strong>16.)</strong></span> <span class='ocrx_word' id='word_1_403' title='bbox 2383 869 2450 925; x_wconf 88' lang='lat' dir='ltr'><strong><em>Ut</em></strong></span> <span class='ocrx_word' id='word_1_404' title='bbox 2492 871 2636 938; x_wconf 69' lang='lat' dir='ltr'><strong><em>ﬁeret</em></strong></span> <span class='ocrx_word' id='word_1_405' title='bbox 2678 884 2816 927; x_wconf 84' lang='lat' dir='ltr'><strong><em>terra</em></strong></span> <span class='ocrx_word' id='word_1_406' title='bbox 2843 887 3022 926; x_wconf 87' lang='lat' dir='ltr'><strong><em>eorum</em></strong></span> <span class='ocrx_word' id='word_1_407' title='bbox 3049 873 3105 925; x_wconf 82' lang='lat' dir='ltr'><strong><em>in</em></strong></span> <span class='ocrx_word' id='word_1_408' title='bbox 3135 872 3542 941; x_wconf 71' lang='lat' dir='ltr'><strong><em>desolationem,</em></strong></span> 
     </span>
    </p>
   </div>
   <div class='ocr_carea' id='block_1_55' title="bbox 1937 963 3546 1039">
    <p class='ocr_par' dir='ltr' id='par_1_55' title="bbox 1937 963 3546 1039">
     <span class='ocr_line' id='line_1_55' title="bbox 1937 963 3546 1039; baseline 0.002 -22"><span class='ocrx_word' id='word_1_409' title='bbox 1937 973 1986 1018; x_wconf 88' lang='lat' dir='ltr'><strong><em>et</em></strong></span> <span class='ocrx_word' id='word_1_410' title='bbox 2023 964 2078 1017; x_wconf 90' lang='lat' dir='ltr'><strong><em>in</em></strong></span> <span class='ocrx_word' id='word_1_411' title='bbox 2115 963 2327 1018; x_wconf 83' lang='lat' dir='ltr'><strong><em>sibilum</em></strong></span> <span class='ocrx_word' id='word_1_412' title='bbox 2364 965 2771 1034; x_wconf 76' lang='lat' dir='ltr'><strong><em>sempiternum,</em></strong></span> <span class='ocrx_word' id='word_1_413' title='bbox 2813 966 2978 1019; x_wconf 88' lang='lat' dir='ltr'><strong><em>onmis</em></strong></span> <span class='ocrx_word' id='word_1_414' title='bbox 3020 965 3110 1037; x_wconf 87' lang='lat' dir='ltr'><strong><em>qui</em></strong></span> <span class='ocrx_word' id='word_1_415' title='bbox 3150 967 3380 1037; x_wconf 56' lang='lat' dir='ltr'><strong><em>praeterit</em></strong></span> <span class='ocrx_word' id='word_1_416' title='bbox 3419 965 3546 1039; x_wconf 77' lang='grc' dir='ltr'><strong><em>[ΑΙ.</em></strong></span> 
     </span>
    </p>
   </div>
   <div class='ocr_carea' id='block_1_56' title="bbox 1937 1055 3547 1134">
    <p class='ocr_par' dir='ltr' id='par_1_56' title="bbox 1937 1055 3547 1134">
     <span class='ocr_line' id='line_1_56' title="bbox 1937 1055 3547 1134; baseline 0.004 -24"><span class='ocrx_word' id='word_1_417' title='bbox 1937 1055 2282 1130; x_wconf 72' lang='grc' dir='ltr'><strong><em>ρηειενὶενίι]</em></strong></span> <span class='ocrx_word' id='word_1_418' title='bbox 2324 1075 2414 1130; x_wconf 85' lang='lat' dir='ltr'><strong><em>per</em></strong></span> <span class='ocrx_word' id='word_1_419' title='bbox 2459 1074 2569 1112; x_wconf 85' lang='lat' dir='ltr'><strong><em>eam</em></strong></span> <span class='ocrx_word' id='word_1_420' title='bbox 2596 1100 2611 1124; x_wconf 96' lang='lat'><strong><em>,</em></strong></span> <span class='ocrx_word' id='word_1_421' title='bbox 2664 1058 2984 1131; x_wconf 85' lang='lat' dir='ltr'><strong><em>obstupescet</em></strong></span> <span class='ocrx_word' id='word_1_422' title='bbox 3031 1069 3078 1114; x_wconf 88' lang='lat' dir='ltr'><strong><em>et</em></strong></span> <span class='ocrx_word' id='word_1_423' title='bbox 3125 1060 3340 1115; x_wconf 87' lang='lat' dir='ltr'><strong><em>movebit</em></strong></span> <span class='ocrx_word' id='word_1_424' title='bbox 3389 1069 3547 1134; x_wconf 82' lang='lat' dir='ltr'><strong><em>caput</em></strong></span> 
     </span>
    </p>
   </div>
   <div class='ocr_carea' id='block_1_57' title="bbox 1935 1151 3544 1222">
    <p class='ocr_par' dir='ltr' id='par_1_57' title="bbox 1935 1151 3544 1222">
     <span class='ocr_line' id='line_1_57' title="bbox 1935 1151 3544 1222; baseline 0.004 -17"><span class='ocrx_word' id='word_1_425' title='bbox 1935 1165 2102 1205; x_wconf 87' lang='lat' dir='ltr'><strong><em>suum.</em></strong></span> <span class='ocrx_word' id='word_1_426' title='bbox 2153 1151 2214 1206; x_wconf 89' lang='lat' dir='ltr'><strong><em>Et</em></strong></span> <span class='ocrx_word' id='word_1_427' title='bbox 2257 1152 2384 1222; x_wconf 88' lang='lat' dir='ltr'><strong><em>quia</em></strong></span> <span class='ocrx_word' id='word_1_428' title='bbox 2425 1151 2870 1222; x_wconf 78' lang='lat' dir='ltr'><strong><em>dereliquerunt,</em></strong></span> <span class='ocrx_word' id='word_1_429' title='bbox 2918 1153 3022 1218; x_wconf 92' lang='lat' dir='ltr'><strong><em>ait,</em></strong></span> <span class='ocrx_word' id='word_1_430' title='bbox 3067 1154 3276 1208; x_wconf 90' lang='lat' dir='ltr'><strong><em>cultum</em></strong></span> <span class='ocrx_word' id='word_1_431' title='bbox 3319 1153 3439 1221; x_wconf 90' lang='lat' dir='ltr'><strong><em>Dei,</em></strong></span> <span class='ocrx_word' id='word_1_432' title='bbox 3483 1163 3544 1212; x_wconf 80' lang='lat' dir='ltr'><strong><em>et</em></strong></span> 
     </span>
    </p>
   </div>
   <div class='ocr_carea' id='block_1_58' title="bbox 1938 1243 3542 1318">
    <p class='ocr_par' dir='ltr' id='par_1_58' title="bbox 1938 1243 3542 1318">
     <span class='ocr_line' id='line_1_58' title="bbox 1938 1243 3542 1318; baseline 0.006 -24"><span class='ocrx_word' id='word_1_433' title='bbox 1938 1257 2128 1311; x_wconf 75' lang='lat' dir='ltr'><strong><em>praVas</em></strong></span> <span class='ocrx_word' id='word_1_434' title='bbox 2175 1243 2498 1299; x_wconf 73' lang='lat' dir='ltr'><strong><em>idololatria:</em></strong></span> <span class='ocrx_word' id='word_1_435' title='bbox 2545 1244 2770 1299; x_wconf 80' lang='lat' dir='ltr'><strong><em>semitas</em></strong></span> <span class='ocrx_word' id='word_1_436' title='bbox 2813 1253 2945 1299; x_wconf 82' lang='lat' dir='ltr'><strong><em>sunt</em></strong></span> <span class='ocrx_word' id='word_1_437' title='bbox 2986 1245 3206 1314; x_wconf 86' lang='lat' dir='ltr'><strong><em>secuti;</em></strong></span> <span class='ocrx_word' id='word_1_438' title='bbox 3252 1256 3542 1318; x_wconf 84' lang='lat' dir='ltr'><strong><em>propterea</em></strong></span> 
     </span>
    </p>
   </div>
   <div class='ocr_carea' id='block_1_59' title="bbox 1935 1337 3545 1396">
    <p class='ocr_par' dir='ltr' id='par_1_59' title="bbox 1935 1337 3545 1396">
     <span class='ocr_line' id='line_1_59' title="bbox 1935 1337 3545 1396; baseline 0.005 -8"><span class='ocrx_word' id='word_1_439' title='bbox 1935 1343 2078 1391; x_wconf 87' lang='lat' dir='ltr'><strong><em>terra</em></strong></span> <span class='ocrx_word' id='word_1_440' title='bbox 2122 1351 2312 1393; x_wconf 73' lang='lat' dir='ltr'><strong><em>eorum</em></strong></span> <span class='ocrx_word' id='word_1_441' title='bbox 2356 1337 2580 1393; x_wconf 87' lang='lat' dir='ltr'><strong><em>redacta</em></strong></span> <span class='ocrx_word' id='word_1_442' title='bbox 2614 1347 2697 1394; x_wconf 89' lang='lat' dir='ltr'><strong><em>est</em></strong></span> <span class='ocrx_word' id='word_1_443' title='bbox 2730 1339 2783 1392; x_wconf 90' lang='lat' dir='ltr'><strong><em>in</em></strong></span> <span class='ocrx_word' id='word_1_444' title='bbox 2819 1337 3171 1394; x_wconf 81' lang='lat' dir='ltr'><strong><em>solitudinem</em></strong></span> <span class='ocrx_word' id='word_1_445' title='bbox 3205 1343 3256 1396; x_wconf 85' lang='lat' dir='ltr'><strong><em>et</em></strong></span> <span class='ocrx_word' id='word_1_446' title='bbox 3285 1341 3338 1396; x_wconf 89' lang='lat' dir='ltr'><strong><em>in</em></strong></span> <span class='ocrx_word' id='word_1_447' title='bbox 3373 1341 3545 1396; x_wconf 86' lang='lat' dir='ltr'><strong><em>mira-</em></strong></span> 
     </span>
    </p>
   </div>
   <div class='ocr_carea' id='block_1_60' title="bbox 1933 1428 3545 1504">
    <p class='ocr_par' dir='ltr' id='par_1_60' title="bbox 1933 1428 3545 1504">
     <span class='ocr_line' id='line_1_60' title="bbox 1933 1428 3545 1504; baseline 0.005 -23"><span class='ocrx_word' id='word_1_448' title='bbox 1933 1430 2112 1484; x_wconf 83' lang='lat' dir='ltr'><strong><em>culum</em></strong></span> <span class='ocrx_word' id='word_1_449' title='bbox 2159 1428 2401 1484; x_wconf 90' lang='lat' dir='ltr'><strong><em>omnium</em></strong></span> <span class='ocrx_word' id='word_1_450' title='bbox 2434 1429 2791 1499; x_wconf 89' lang='lat' dir='ltr'><strong><em>sibilumque,</em></strong></span> <span class='ocrx_word' id='word_1_451' title='bbox 2825 1431 2900 1486; x_wconf 89' lang='lat' dir='ltr'><strong><em>ita</em></strong></span> <span class='ocrx_word' id='word_1_452' title='bbox 2928 1438 2986 1484; x_wconf 89' lang='lat' dir='ltr'><strong><em>ut</em></strong></span> <span class='ocrx_word' id='word_1_453' title='bbox 3013 1431 3104 1500; x_wconf 90' lang='lat' dir='ltr'><strong><em>qui</em></strong></span> <span class='ocrx_word' id='word_1_454' title='bbox 3139 1440 3338 1488; x_wconf 87' lang='lat' dir='ltr'><strong><em>terram</em></strong></span> <span class='ocrx_word' id='word_1_455' title='bbox 3368 1449 3545 1504; x_wconf 88' lang='lat' dir='ltr'><strong><em>quon-</em></strong></span> 
     </span>
    </p>
   </div>
   <div class='ocr_carea' id='block_1_61' title="bbox 1933 1519 3538 1586">
    <p class='ocr_par' dir='ltr' id='par_1_61' title="bbox 1933 1519 3538 1586">
     <span class='ocr_line' id='line_1_61' title="bbox 1933 1519 3538 1586; baseline 0.004 -10"><span class='ocrx_word' id='word_1_456' title='bbox 1933 1519 2077 1586; x_wconf 76' lang='lat' dir='ltr'><strong><em>dam,</em></strong></span> <span class='ocrx_word' id='word_1_457' title='bbox 2115 1530 2169 1576; x_wconf 89' lang='lat' dir='ltr'><strong><em>et</em></strong></span> <span class='ocrx_word' id='word_1_458' title='bbox 2203 1522 2389 1575; x_wconf 87' lang='lat' dir='ltr'><strong><em>urbem</em></strong></span> <span class='ocrx_word' id='word_1_459' title='bbox 2421 1521 2861 1577; x_wconf 82' lang='lat' dir='ltr'><strong><em>ﬂorentissimam</em></strong></span> <span class='ocrx_word' id='word_1_460' title='bbox 2897 1522 3137 1578; x_wconf 89' lang='lat' dir='ltr'><strong><em>viderint</em></strong></span> <span class='ocrx_word' id='word_1_461' title='bbox 3170 1523 3221 1578; x_wconf 92' lang='lat' dir='ltr'><strong><em>in</em></strong></span> <span class='ocrx_word' id='word_1_462' title='bbox 3255 1524 3538 1582; x_wconf 84' lang='lat' dir='ltr'><strong><em>desertum</em></strong></span> 
     </span>
    </p>
   </div>
   <div class='ocr_carea' id='block_1_62' title="bbox 1932 1613 3525 1686">
    <p class='ocr_par' dir='ltr' id='par_1_62' title="bbox 1932 1613 3525 1686">
     <span class='ocr_line' id='line_1_62' title="bbox 1932 1613 3525 1686; baseline 0.003 -18"><span class='ocrx_word' id='word_1_463' title='bbox 1932 1621 1986 1668; x_wconf 86' lang='lat' dir='ltr'><strong><em>et</em></strong></span> <span class='ocrx_word' id='word_1_464' title='bbox 2028 1613 2216 1668; x_wconf 85' lang='lat' dir='ltr'><strong><em>cinere</em></strong></span> <span class='ocrx_word' id='word_1_465' title='bbox 2257 1627 2378 1669; x_wconf 86' lang='lat' dir='ltr'><strong><em>esse</em></strong></span> <span class='ocrx_word' id='word_1_466' title='bbox 2417 1613 2735 1684; x_wconf 80' lang='lat' dir='ltr'><strong><em>collapsam,</em></strong></span> <span class='ocrx_word' id='word_1_467' title='bbox 2779 1613 3126 1670; x_wconf 85' lang='lat' dir='ltr'><strong><em>admirentur</em></strong></span> <span class='ocrx_word' id='word_1_468' title='bbox 3167 1625 3221 1671; x_wconf 91' lang='lat' dir='ltr'><strong><em>et</em></strong></span> <span class='ocrx_word' id='word_1_469' title='bbox 3247 1624 3525 1686; x_wconf 86' lang='lat' dir='ltr'><strong><em>stupeant,</em></strong></span> 
     </span>
    </p>
   </div>
   <div class='ocr_carea' id='block_1_63' title="bbox 1931 1704 3529 1778">
    <p class='ocr_par' dir='ltr' id='par_1_63' title="bbox 1931 1704 3529 1778">
     <span class='ocr_line' id='line_1_63' title="bbox 1931 1704 3529 1778; baseline 0.004 -19"><span class='ocrx_word' id='word_1_470' title='bbox 1931 1716 1985 1760; x_wconf 90' lang='lat' dir='ltr'><strong><em>et</em></strong></span> <span class='ocrx_word' id='word_1_471' title='bbox 2025 1705 2224 1760; x_wconf 67' lang='lat' dir='ltr'><strong><em>animm</em></strong></span> <span class='ocrx_word' id='word_1_472' title='bbox 2273 1704 2691 1771; x_wconf 65' lang='lat' dir='ltr'><strong><em>COIIfIIleIlellI,</em></strong></span> <span class='ocrx_word' id='word_1_473' title='bbox 2737 1716 2891 1778; x_wconf 87' lang='lat' dir='ltr'><strong><em>gestu</em></strong></span> <span class='ocrx_word' id='word_1_474' title='bbox 2935 1709 3183 1776; x_wconf 84' lang='lat' dir='ltr'><strong><em>corporis</em></strong></span> <span class='ocrx_word' id='word_1_475' title='bbox 3226 1707 3468 1765; x_wconf 89' lang='lat' dir='ltr'><strong><em>indicent</em></strong></span> <span class='ocrx_word' id='word_1_476' title='bbox 3514 1726 3529 1766; x_wconf 90' lang='lat'><strong>:</strong></span> 
     </span>
    </p>
   </div>
   <div class='ocr_carea' id='block_1_64' title="bbox 1933 1797 3541 1871">
    <p class='ocr_par' dir='ltr' id='par_1_64' title="bbox 1933 1797 3541 1871">
     <span class='ocr_line' id='line_1_64' title="bbox 1933 1797 3541 1871; baseline 0.005 -19"><span class='ocrx_word' id='word_1_477' title='bbox 1933 1797 2036 1852; x_wconf 90' lang='lat' dir='ltr'><strong><em>hoc</em></strong></span> <span class='ocrx_word' id='word_1_478' title='bbox 2086 1807 2170 1852; x_wconf 63' lang='grc' dir='ltr'><strong>εει</strong></span> <span class='ocrx_word' id='word_1_479' title='bbox 2209 1797 2352 1853; x_wconf 88' lang='lat' dir='ltr'><strong><em>enim</em></strong></span> <span class='ocrx_word' id='word_1_480' title='bbox 2398 1813 2620 1855; x_wconf 88' lang='lat' dir='ltr'><strong><em>movere</em></strong></span> <span class='ocrx_word' id='word_1_481' title='bbox 2657 1808 2818 1869; x_wconf 87' lang='lat' dir='ltr'><strong><em>caput</em></strong></span> <span class='ocrx_word' id='word_1_482' title='bbox 2848 1841 2864 1867; x_wconf 94' lang='lat'><strong><em>,</em></strong></span> <span class='ocrx_word' id='word_1_483' title='bbox 2906 1808 2962 1855; x_wconf 89' lang='lat' dir='ltr'><strong><em>et</em></strong></span> <span class='ocrx_word' id='word_1_484' title='bbox 3004 1813 3284 1871; x_wconf 84' lang='lat' dir='ltr'><strong><em>stuporem</em></strong></span> <span class='ocrx_word' id='word_1_485' title='bbox 3339 1804 3541 1860; x_wconf 89' lang='lat' dir='ltr'><strong><em>mentis</em></strong></span> 
     </span>
    </p>
   </div>
   <div class='ocr_carea' id='block_1_65' title="bbox 1929 1888 3543 1966">
    <p class='ocr_par' dir='ltr' id='par_1_65' title="bbox 1929 1888 3543 1966">
     <span class='ocr_line' id='line_1_65' title="bbox 1929 1888 3543 1966; baseline 0.005 -22"><span class='ocrx_word' id='word_1_486' title='bbox 1929 1888 1957 1928; x_wconf 69' lang='grc' dir='ltr'><strong><em>ιι</em></strong></span> <span class='ocrx_word' id='word_1_487' title='bbox 1989 1889 2208 1945; x_wconf 88' lang='lat' dir='ltr'><strong><em>silentio</em></strong></span> <span class='ocrx_word' id='word_1_488' title='bbox 2238 1889 2638 1948; x_wconf 77' lang='lat' dir='ltr'><strong><em>demonstrare.</em></strong></span> <span class='ocrx_word' id='word_1_489' title='bbox 2669 1889 2824 1959; x_wconf 81' lang='lat' dir='ltr'><strong><em>Quod</em></strong></span> <span class='ocrx_word' id='word_1_490' title='bbox 2855 1891 3067 1962; x_wconf 88' lang='lat' dir='ltr'><strong><em>plenius</em></strong></span> <span class='ocrx_word' id='word_1_491' title='bbox 3099 1903 3150 1948; x_wconf 89' lang='lat' dir='ltr'><strong><em>et</em></strong></span> <span class='ocrx_word' id='word_1_492' title='bbox 3183 1895 3384 1950; x_wconf 88' lang='lat' dir='ltr'><strong><em>rectius</em></strong></span> <span class='ocrx_word' id='word_1_493' title='bbox 3416 1903 3543 1966; x_wconf 90' lang='lat' dir='ltr'><strong><em>post</em></strong></span> 
     </span>
    </p>
   </div>
   <div class='ocr_carea' id='block_1_66' title="bbox 1930 1985 3534 2059">
    <p class='ocr_par' dir='ltr' id='par_1_66' title="bbox 1930 1985 3534 2059">
     <span class='ocr_line' id='line_1_66' title="bbox 1930 1985 3534 2059; baseline 0.004 -21"><span class='ocrx_word' id='word_1_494' title='bbox 1930 1985 2224 2041; x_wconf 85' lang='lat' dir='ltr'><strong><em>adventum</em></strong></span> <span class='ocrx_word' id='word_1_495' title='bbox 2287 1985 2498 2041; x_wconf 88' lang='lat' dir='ltr'><strong><em>Domini</em></strong></span> <span class='ocrx_word' id='word_1_496' title='bbox 2560 1985 2914 2059; x_wconf 78' lang='lat' dir='ltr'><strong><em>intelligimus</em></strong></span> <span class='ocrx_word' id='word_1_497' title='bbox 2970 2001 3093 2043; x_wconf 87' lang='lat' dir='ltr'><strong><em>esse</em></strong></span> <span class='ocrx_word' id='word_1_498' title='bbox 3152 1987 3534 2058; x_wconf 88' lang='lat' dir='ltr'><strong><em>completum,</em></strong></span> 
     </span>
    </p>
   </div>
   <div class='ocr_carea' id='block_1_67' title="bbox 1927 2071 3538 2148">
    <p class='ocr_par' dir='ltr' id='par_1_67' title="bbox 1927 2071 3538 2148">
     <span class='ocr_line' id='line_1_67' title="bbox 1927 2071 3538 2148; baseline 0.002 -16"><span class='ocrx_word' id='word_1_499' title='bbox 1927 2071 2148 2148; x_wconf 82' lang='lat' dir='ltr'><strong><em>quando</em></strong></span> <span class='ocrx_word' id='word_1_500' title='bbox 2172 2077 2355 2132; x_wconf 86' lang='lat' dir='ltr'><strong><em>nullus</em></strong></span> <span class='ocrx_word' id='word_1_501' title='bbox 2381 2077 2697 2134; x_wconf 71' lang='lat' dir='ltr'><strong><em>Judaeurum</em></strong></span> <span class='ocrx_word' id='word_1_502' title='bbox 2729 2088 2928 2133; x_wconf 87' lang='lat' dir='ltr'><strong><em>terram</em></strong></span> <span class='ocrx_word' id='word_1_503' title='bbox 2959 2079 3229 2147; x_wconf 88' lang='lat' dir='ltr'><strong><em>quondam</em></strong></span> <span class='ocrx_word' id='word_1_504' title='bbox 3256 2090 3310 2134; x_wconf 91' lang='lat' dir='ltr'><strong><em>et</em></strong></span> <span class='ocrx_word' id='word_1_505' title='bbox 3337 2079 3538 2136; x_wconf 84' lang='lat' dir='ltr'><strong><em>Urbem</em></strong></span> 
     </span>
    </p>
   </div>
   <div class='ocr_carea' id='block_1_68' title="bbox 1928 2171 3542 2245">
    <p class='ocr_par' dir='ltr' id='par_1_68' title="bbox 1928 2171 3542 2245">
     <span class='ocr_line' id='line_1_68' title="bbox 1928 2171 3542 2245; baseline 0.001 -18"><span class='ocrx_word' id='word_1_506' title='bbox 1928 2183 2170 2228; x_wconf 87' lang='lat' dir='ltr'><strong><em>sanctam</em></strong></span> <span class='ocrx_word' id='word_1_507' title='bbox 2200 2173 2409 2242; x_wconf 87' lang='lat' dir='ltr'><strong><em>ingredi</em></strong></span> <span class='ocrx_word' id='word_1_508' title='bbox 2445 2173 2565 2244; x_wconf 83' lang='lat' dir='ltr'><strong><em>lege</em></strong></span> <span class='ocrx_word' id='word_1_509' title='bbox 2595 2173 2960 2244; x_wconf 87' lang='lat' dir='ltr'><strong><em>permittitur;</em></strong></span> <span class='ocrx_word' id='word_1_510' title='bbox 2985 2173 3080 2228; x_wconf 87' lang='lat' dir='ltr'><strong><em>sed</em></strong></span> <span class='ocrx_word' id='word_1_511' title='bbox 3107 2189 3232 2228; x_wconf 76' lang='lat' dir='ltr'><strong><em>cum</em></strong></span> <span class='ocrx_word' id='word_1_512' title='bbox 3258 2171 3326 2228; x_wconf 89' lang='lat' dir='ltr'><strong><em>ad</em></strong></span> <span class='ocrx_word' id='word_1_513' title='bbox 3353 2173 3542 2245; x_wconf 88' lang='lat' dir='ltr'><strong><em>planc-</em></strong></span> 
     </span>
    </p>
   </div>
   <div class='ocr_carea' id='block_1_69' title="bbox 1929 2263 3537 2337">
    <p class='ocr_par' dir='ltr' id='par_1_69' title="bbox 1929 2263 3537 2337">
     <span class='ocr_line' id='line_1_69' title="bbox 1929 2263 3537 2337; baseline 0 -15"><span class='ocrx_word' id='word_1_514' title='bbox 1929 2275 2039 2322; x_wconf 90' lang='lat' dir='ltr'><strong><em>tum</em></strong></span> <span class='ocrx_word' id='word_1_515' title='bbox 2069 2266 2342 2332; x_wconf 79' lang='lat' dir='ltr'><strong><em>venerint,</em></strong></span> <span class='ocrx_word' id='word_1_516' title='bbox 2377 2267 2646 2321; x_wconf 90' lang='lat' dir='ltr'><strong><em>mirantur</em></strong></span> <span class='ocrx_word' id='word_1_517' title='bbox 2677 2271 2732 2321; x_wconf 89' lang='lat' dir='ltr'><strong><em>et</em></strong></span> <span class='ocrx_word' id='word_1_518' title='bbox 2759 2264 2966 2321; x_wconf 82' lang='lat' dir='ltr'><strong><em>deﬂent</em></strong></span> <span class='ocrx_word' id='word_1_519' title='bbox 2998 2265 3262 2322; x_wconf 85' lang='lat' dir='ltr'><strong><em>vaticinia</em></strong></span> <span class='ocrx_word' id='word_1_520' title='bbox 3293 2263 3537 2337; x_wconf 85' lang='lat' dir='ltr'><strong><em>Prophe-</em></strong></span> 
     </span>
    </p>
   </div>
   <div class='ocr_carea' id='block_1_70' title="bbox 1929 2359 2657 2430">
    <p class='ocr_par' dir='ltr' id='par_1_70' title="bbox 1929 2359 2657 2430">
     <span class='ocr_line' id='line_1_70' title="bbox 1929 2359 2657 2430; baseline -0.001 -17"><span class='ocrx_word' id='word_1_521' title='bbox 1929 2369 2127 2422; x_wconf 91' lang='lat' dir='ltr'><strong><em>tarum,</em></strong></span> <span class='ocrx_word' id='word_1_522' title='bbox 2159 2371 2333 2430; x_wconf 88' lang='lat' dir='ltr'><strong><em>opere</em></strong></span> <span class='ocrx_word' id='word_1_523' title='bbox 2360 2359 2657 2427; x_wconf 87' lang='lat' dir='ltr'><strong><em>completa.</em></strong></span> 
     </span>
    </p>
   </div>
   <div class='ocr_carea' id='block_1_71' title="bbox 1999 2448 3535 2522">
    <p class='ocr_par' dir='ltr' id='par_1_71' title="bbox 1999 2448 3535 2522">
     <span class='ocr_line' id='line_1_71' title="bbox 1999 2448 3535 2522; baseline -0.001 -19"><span class='ocrx_word' id='word_1_524' title='bbox 1999 2450 2183 2522; x_wconf 87' lang='lat' dir='ltr'><strong><em>(Vers.</em></strong></span> <span class='ocrx_word' id='word_1_525' title='bbox 2216 2450 2334 2515; x_wconf 76' lang='lat' dir='ltr'><strong><em>t7.)</em></strong></span> <span class='ocrx_word' id='word_1_526' title='bbox 2359 2448 2510 2503; x_wconf 86' lang='lat' dir='ltr'><strong><em>Sicut</em></strong></span> <span class='ocrx_word' id='word_1_527' title='bbox 2533 2455 2708 2502; x_wconf 79' lang='lat' dir='ltr'><strong><em>ventus</em></strong></span> <span class='ocrx_word' id='word_1_528' title='bbox 2734 2462 2891 2501; x_wconf 85' lang='lat' dir='ltr'><strong><em>urens</em></strong></span> <span class='ocrx_word' id='word_1_529' title='bbox 2918 2448 3212 2518; x_wconf 85' lang='lat' dir='ltr'><strong><em>dispergam</em></strong></span> <span class='ocrx_word' id='word_1_530' title='bbox 3243 2461 3327 2500; x_wconf 81' lang='lat' dir='ltr'><strong><em>eos</em></strong></span> <span class='ocrx_word' id='word_1_531' title='bbox 3360 2463 3535 2503; x_wconf 88' lang='lat' dir='ltr'><strong><em>coram</em></strong></span> 
     </span>
    </p>
   </div>
   <div class='ocr_carea' id='block_1_72' title="bbox 1925 2539 3538 2612">
    <p class='ocr_par' dir='ltr' id='par_1_72' title="bbox 1925 2539 3538 2612">
     <span class='ocr_line' id='line_1_72' title="bbox 1925 2539 3538 2612; baseline 0 -16"><span class='ocrx_word' id='word_1_532' title='bbox 1925 2543 2137 2596; x_wconf 84' lang='lat' dir='ltr'><strong><em>inimico</em></strong></span> <span class='ocrx_word' id='word_1_533' title='bbox 2167 2542 2306 2612; x_wconf 87' lang='lat' dir='ltr'><strong><em>(sive</em></strong></span> <span class='ocrx_word' id='word_1_534' title='bbox 2348 2540 2619 2610; x_wconf 84' lang='lat' dir='ltr'><strong><em>inimicis),</em></strong></span> <span class='ocrx_word' id='word_1_535' title='bbox 2661 2539 2876 2593; x_wconf 82' lang='lat' dir='ltr'><strong><em>dorsum</em></strong></span> <span class='ocrx_word' id='word_1_536' title='bbox 2917 2545 2966 2593; x_wconf 85' lang='lat' dir='ltr'><strong><em>et</em></strong></span> <span class='ocrx_word' id='word_1_537' title='bbox 3003 2555 3104 2592; x_wconf 87' lang='lat' dir='ltr'><strong><em>non</em></strong></span> <span class='ocrx_word' id='word_1_538' title='bbox 3141 2539 3325 2611; x_wconf 79' lang='lat' dir='ltr'><strong><em>faciem</em></strong></span> <span class='ocrx_word' id='word_1_539' title='bbox 3364 2551 3538 2596; x_wconf 86' lang='lat' dir='ltr'><strong><em>osten-</em></strong></span> 
     </span>
    </p>
   </div>
   <div class='ocr_carea' id='block_1_73' title="bbox 1927 2631 3538 2702">
    <p class='ocr_par' dir='ltr' id='par_1_73' title="bbox 1927 2631 3538 2702">
     <span class='ocr_line' id='line_1_73' title="bbox 1927 2631 3538 2702; baseline 0.003 -16"><span class='ocrx_word' id='word_1_540' title='bbox 1927 2634 2051 2687; x_wconf 90' lang='lat' dir='ltr'><strong><em>dam</em></strong></span> <span class='ocrx_word' id='word_1_541' title='bbox 2095 2635 2167 2687; x_wconf 85' lang='lat' dir='ltr'><strong><em>eis</em></strong></span> <span class='ocrx_word' id='word_1_542' title='bbox 2205 2634 2258 2687; x_wconf 88' lang='lat' dir='ltr'><strong><em>in</em></strong></span> <span class='ocrx_word' id='word_1_543' title='bbox 2303 2634 2388 2687; x_wconf 80' lang='lat' dir='ltr'><strong><em>die</em></strong></span> <span class='ocrx_word' id='word_1_544' title='bbox 2425 2632 2731 2702; x_wconf 74' lang='lat' dir='ltr'><strong><em>perditionis</em></strong></span> <span class='ocrx_word' id='word_1_545' title='bbox 2758 2647 2962 2688; x_wconf 81' lang='lat' dir='ltr'><strong><em>eorum.</em></strong></span> <span class='ocrx_word' id='word_1_546' title='bbox 3001 2631 3180 2701; x_wconf 84' lang='lat' dir='ltr'><strong><em>Usque</em></strong></span> <span class='ocrx_word' id='word_1_547' title='bbox 3214 2633 3377 2690; x_wconf 87' lang='lat' dir='ltr'><strong><em>hodie</em></strong></span> <span class='ocrx_word' id='word_1_548' title='bbox 3409 2650 3538 2691; x_wconf 82' lang='lat' dir='ltr'><strong><em>sen-</em></strong></span> 
     </span>
    </p>
   </div>
   <div class='ocr_carea' id='block_1_74' title="bbox 1923 2723 3533 2797">
    <p class='ocr_par' dir='ltr' id='par_1_74' title="bbox 1923 2723 3533 2797">
     <span class='ocr_line' id='line_1_74' title="bbox 1923 2723 3533 2797; baseline 0.003 -17"><span class='ocrx_word' id='word_1_549' title='bbox 1923 2725 2090 2780; x_wconf 83' lang='lat' dir='ltr'><strong><em>tentia</em></strong></span> <span class='ocrx_word' id='word_1_550' title='bbox 2125 2725 2218 2779; x_wconf 74' lang='lat' dir='ltr'><strong><em>llei</em></strong></span> <span class='ocrx_word' id='word_1_551' title='bbox 2251 2733 2535 2793; x_wconf 85' lang='lat' dir='ltr'><strong><em>permanet</em></strong></span> <span class='ocrx_word' id='word_1_552' title='bbox 2568 2724 2621 2779; x_wconf 92' lang='lat' dir='ltr'><strong><em>in</em></strong></span> <span class='ocrx_word' id='word_1_553' title='bbox 2651 2724 2879 2779; x_wconf 67' lang='lat' dir='ltr'><strong><em>Iuda-is.</em></strong></span> <span class='ocrx_word' id='word_1_554' title='bbox 2909 2723 2967 2779; x_wconf 89' lang='lat' dir='ltr'><strong><em>lu</em></strong></span> <span class='ocrx_word' id='word_1_555' title='bbox 2998 2733 3112 2780; x_wconf 82' lang='lat' dir='ltr'><strong><em>tcto</em></strong></span> <span class='ocrx_word' id='word_1_556' title='bbox 3141 2725 3272 2781; x_wconf 88' lang='lat' dir='ltr'><strong><em>orbe</em></strong></span> <span class='ocrx_word' id='word_1_557' title='bbox 3295 2725 3533 2797; x_wconf 84' lang='lat' dir='ltr'><strong><em>dispersi</em></strong></span> 
     </span>
    </p>
   </div>
   <div class='ocr_carea' id='block_1_75' title="bbox 1925 2817 3536 2884">
    <p class='ocr_par' dir='ltr' id='par_1_75' title="bbox 1925 2817 3536 2884">
     <span class='ocr_line' id='line_1_75' title="bbox 1925 2817 3536 2884; baseline 0.003 -12"><span class='ocrx_word' id='word_1_558' title='bbox 1925 2827 2052 2873; x_wconf 87' lang='lat' dir='ltr'><strong><em>sunt</em></strong></span> <span class='ocrx_word' id='word_1_559' title='bbox 2091 2832 2278 2873; x_wconf 89' lang='lat' dir='ltr'><strong><em>coram</em></strong></span> <span class='ocrx_word' id='word_1_560' title='bbox 2321 2817 2542 2872; x_wconf 90' lang='lat' dir='ltr'><strong><em>inimico</em></strong></span> <span class='ocrx_word' id='word_1_561' title='bbox 2582 2817 2824 2884; x_wconf 88' lang='lat' dir='ltr'><strong><em>diabolo,</em></strong></span> <span class='ocrx_word' id='word_1_562' title='bbox 2865 2817 2950 2873; x_wconf 85' lang='lat' dir='ltr'><strong><em>vel</em></strong></span> <span class='ocrx_word' id='word_1_563' title='bbox 2994 2818 3230 2874; x_wconf 89' lang='lat' dir='ltr'><strong><em>inimicis</em></strong></span> <span class='ocrx_word' id='word_1_564' title='bbox 3271 2820 3536 2877; x_wconf 66' lang='lat' dir='ltr'><strong><em>daamoni-</em></strong></span> 
     </span>
    </p>
   </div>
   <div class='ocr_carea' id='block_1_76' title="bbox 1928 2911 3535 2985">
    <p class='ocr_par' dir='ltr' id='par_1_76' title="bbox 1928 2911 3535 2985">
     <span class='ocr_line' id='line_1_76' title="bbox 1928 2911 3535 2985; baseline 0.004 -19"><span class='ocrx_word' id='word_1_565' title='bbox 1928 2911 2055 2976; x_wconf 91' lang='lat' dir='ltr'><strong><em>bus;</em></strong></span> <span class='ocrx_word' id='word_1_566' title='bbox 2085 2917 2139 2966; x_wconf 85' lang='lat' dir='ltr'><strong><em>et</em></strong></span> <span class='ocrx_word' id='word_1_567' title='bbox 2165 2927 2288 2965; x_wconf 91' lang='lat' dir='ltr'><strong><em>cum</em></strong></span> <span class='ocrx_word' id='word_1_568' title='bbox 2314 2911 2508 2966; x_wconf 87' lang='lat' dir='ltr'><strong><em>diebus</em></strong></span> <span class='ocrx_word' id='word_1_569' title='bbox 2537 2926 2602 2965; x_wconf 88' lang='lat' dir='ltr'><strong><em>ac</em></strong></span> <span class='ocrx_word' id='word_1_570' title='bbox 2629 2911 2883 2965; x_wconf 84' lang='lat' dir='ltr'><strong><em>noctibus</em></strong></span> <span class='ocrx_word' id='word_1_571' title='bbox 2911 2912 2965 2966; x_wconf 88' lang='lat' dir='ltr'><strong><em>in</em></strong></span> <span class='ocrx_word' id='word_1_572' title='bbox 2994 2914 3286 2985; x_wconf 82' lang='lat' dir='ltr'><strong><em>synagogls</em></strong></span> <span class='ocrx_word' id='word_1_573' title='bbox 3315 2915 3535 2972; x_wconf 67' lang='lat' dir='ltr'><strong><em>Satanae</em></strong></span> 
     </span>
    </p>
   </div>
   <div class='ocr_carea' id='block_1_77' title="bbox 1927 3003 3537 3064">
    <p class='ocr_par' dir='ltr' id='par_1_77' title="bbox 1927 3003 3537 3064">
     <span class='ocr_line' id='line_1_77' title="bbox 1927 3003 3537 3064; baseline 0.005 -8"><span class='ocrx_word' id='word_1_574' title='bbox 1927 3004 2184 3057; x_wconf 87' lang='lat' dir='ltr'><strong><em>invocent</em></strong></span> <span class='ocrx_word' id='word_1_575' title='bbox 2217 3018 2414 3057; x_wconf 90' lang='lat' dir='ltr'><strong><em>nomen</em></strong></span> <span class='ocrx_word' id='word_1_576' title='bbox 2448 3003 2562 3064; x_wconf 87' lang='lat' dir='ltr'><strong><em>Dei.</em></strong></span> <span class='ocrx_word' id='word_1_577' title='bbox 2589 3003 2813 3058; x_wconf 88' lang='lat' dir='ltr'><strong><em>dorsum</em></strong></span> <span class='ocrx_word' id='word_1_578' title='bbox 2839 3015 2888 3058; x_wconf 89' lang='lat' dir='ltr'><strong><em>et</em></strong></span> <span class='ocrx_word' id='word_1_579' title='bbox 2917 3021 3022 3059; x_wconf 90' lang='lat' dir='ltr'><strong><em>non</em></strong></span> <span class='ocrx_word' id='word_1_580' title='bbox 3050 3003 3244 3060; x_wconf 80' lang='lat' dir='ltr'><strong><em>faciem</em></strong></span> <span class='ocrx_word' id='word_1_581' title='bbox 3269 3021 3420 3062; x_wconf 77' lang='lat' dir='ltr'><strong><em>suam</em></strong></span> <span class='ocrx_word' id='word_1_582' title='bbox 3447 3023 3537 3064; x_wconf 88' lang='lat' dir='ltr'><strong><em>os-</em></strong></span> 
     </span>
    </p>
   </div>
   <div class='ocr_carea' id='block_1_78' title="bbox 1926 3096 3537 3169">
    <p class='ocr_par' dir='ltr' id='par_1_78' title="bbox 1926 3096 3537 3169">
     <span class='ocr_line' id='line_1_78' title="bbox 1926 3096 3537 3169; baseline 0.004 -18"><span class='ocrx_word' id='word_1_583' title='bbox 1926 3097 2096 3152; x_wconf 83' lang='lat' dir='ltr'><strong><em>tendit</em></strong></span> <span class='ocrx_word' id='word_1_584' title='bbox 2126 3098 2207 3152; x_wconf 87' lang='lat' dir='ltr'><strong><em>eis</em></strong></span> <span class='ocrx_word' id='word_1_585' title='bbox 2235 3096 2397 3162; x_wconf 87' lang='lat' dir='ltr'><strong><em>Deus,</em></strong></span> <span class='ocrx_word' id='word_1_586' title='bbox 2434 3107 2490 3150; x_wconf 88' lang='lat' dir='ltr'><strong><em>ut</em></strong></span> <span class='ocrx_word' id='word_1_587' title='bbox 2527 3097 2833 3167; x_wconf 86' lang='lat' dir='ltr'><strong><em>intelligant</em></strong></span> <span class='ocrx_word' id='word_1_588' title='bbox 2863 3113 2986 3153; x_wconf 89' lang='lat' dir='ltr'><strong><em>eum</em></strong></span> <span class='ocrx_word' id='word_1_589' title='bbox 3019 3111 3238 3169; x_wconf 84' lang='lat' dir='ltr'><strong><em>semper</em></strong></span> <span class='ocrx_word' id='word_1_590' title='bbox 3272 3101 3537 3158; x_wconf 81' lang='lat' dir='ltr'><strong><em>ret-eden-</em></strong></span> 
     </span>
    </p>
   </div>
   <div class='ocr_carea' id='block_1_79' title="bbox 1928 3190 3534 3264">
    <p class='ocr_par' dir='ltr' id='par_1_79' title="bbox 1928 3190 3534 3264">
     <span class='ocr_line' id='line_1_79' title="bbox 1928 3190 3534 3264; baseline 0.005 -22"><span class='ocrx_word' id='word_1_591' title='bbox 1928 3199 2060 3254; x_wconf 86' lang='lat' dir='ltr'><strong><em>tetu,</em></strong></span> <span class='ocrx_word' id='word_1_592' title='bbox 2086 3197 2140 3242; x_wconf 89' lang='lat' dir='ltr'><strong><em>et</em></strong></span> <span class='ocrx_word' id='word_1_593' title='bbox 2170 3199 2463 3258; x_wconf 88' lang='lat' dir='ltr'><strong><em>numquam</em></strong></span> <span class='ocrx_word' id='word_1_594' title='bbox 2493 3190 2558 3243; x_wconf 86' lang='lat' dir='ltr'><strong><em>ad</em></strong></span> <span class='ocrx_word' id='word_1_595' title='bbox 2590 3203 2649 3245; x_wconf 87' lang='lat' dir='ltr'><strong><em>se</em></strong></span> <span class='ocrx_word' id='word_1_596' title='bbox 2678 3191 3010 3247; x_wconf 90' lang='lat' dir='ltr'><strong><em>venientem.</em></strong></span> <span class='ocrx_word' id='word_1_597' title='bbox 3045 3192 3171 3248; x_wconf 89' lang='lat' dir='ltr'><strong><em>Dies</em></strong></span> <span class='ocrx_word' id='word_1_598' title='bbox 3200 3203 3382 3249; x_wconf 86' lang='lat' dir='ltr'><strong><em>autem</em></strong></span> <span class='ocrx_word' id='word_1_599' title='bbox 3411 3210 3534 3264; x_wconf 88' lang='lat' dir='ltr'><strong><em>per-</em></strong></span> 
     </span>
    </p>
   </div>
   <div class='ocr_carea' id='block_1_80' title="bbox 1869 3280 3534 3374">
    <p class='ocr_par' dir='ltr' id='par_1_80' title="bbox 1869 3280 3534 3374">
     <span class='ocr_line' id='line_1_80' title="bbox 1869 3280 3534 3374; baseline 0.005 -39"><span class='ocrx_word' id='word_1_600' title='bbox 1869 3315 1892 3374; x_wconf 55' lang='lat'>:</span> <span class='ocrx_word' id='word_1_601' title='bbox 1926 3281 2149 3336; x_wconf 78' lang='lat' dir='ltr'><strong><em>ditionis</em></strong></span> <span class='ocrx_word' id='word_1_602' title='bbox 2187 3280 2449 3347; x_wconf 64' lang='lat' dir='ltr'><strong><em>Iudaicae,</em></strong></span> <span class='ocrx_word' id='word_1_603' title='bbox 2493 3297 2655 3338; x_wconf 89' lang='lat' dir='ltr'><strong><em>omne</em></strong></span> <span class='ocrx_word' id='word_1_604' title='bbox 2683 3292 2900 3354; x_wconf 87' lang='lat' dir='ltr'><strong><em>tempus</em></strong></span> <span class='ocrx_word' id='word_1_605' title='bbox 2940 3293 3025 3339; x_wconf 82' lang='lat' dir='ltr'><strong><em>est</em></strong></span> <span class='ocrx_word' id='word_1_606' title='bbox 3069 3296 3189 3354; x_wconf 89' lang='lat' dir='ltr'><strong><em>post</em></strong></span> <span class='ocrx_word' id='word_1_607' title='bbox 3221 3286 3534 3356; x_wconf 65' lang='lat' dir='ltr'><strong><em>passionem</em></strong></span> 
     </span>
    </p>
   </div>
   <div class='ocr_carea' id='block_1_81' title="bbox 1927 3377 3532 3452">
    <p class='ocr_par' dir='ltr' id='par_1_81' title="bbox 1927 3377 3532 3452">
     <span class='ocr_line' id='line_1_81' title="bbox 1927 3377 3532 3452; baseline 0.007 -26"><span class='ocrx_word' id='word_1_608' title='bbox 1927 3377 2246 3443; x_wconf 75' lang='lat' dir='ltr'><strong><em>Salvatoris,</em></strong></span> <span class='ocrx_word' id='word_1_609' title='bbox 2285 3392 2458 3448; x_wconf 84' lang='lat' dir='ltr'><strong><em>usque</em></strong></span> <span class='ocrx_word' id='word_1_610' title='bbox 2487 3377 2552 3432; x_wconf 89' lang='lat' dir='ltr'><strong><em>ad</em></strong></span> <span class='ocrx_word' id='word_1_611' title='bbox 2587 3378 2746 3433; x_wconf 86' lang='lat' dir='ltr'><strong><em>linem</em></strong></span> <span class='ocrx_word' id='word_1_612' title='bbox 2779 3381 2964 3435; x_wconf 76' lang='lat' dir='ltr'><strong><em>Steculi</em></strong></span> <span class='ocrx_word' id='word_1_613' title='bbox 2995 3397 3009 3436; x_wconf 89' lang='lat'><strong>:</strong></span> <span class='ocrx_word' id='word_1_614' title='bbox 3040 3387 3096 3435; x_wconf 90' lang='lat' dir='ltr'><strong><em>ut</em></strong></span> <span class='ocrx_word' id='word_1_615' title='bbox 3125 3387 3408 3452; x_wconf 86' lang='lat' dir='ltr'><strong><em>postquam</em></strong></span> <span class='ocrx_word' id='word_1_616' title='bbox 3439 3398 3532 3437; x_wconf 79' lang='lat' dir='ltr'><strong><em>su-</em></strong></span> 
     </span>
    </p>
   </div>
   <div class='ocr_carea' id='block_1_82' title="bbox 1926 3471 3533 3542">
    <p class='ocr_par' dir='ltr' id='par_1_82' title="bbox 1926 3471 3533 3542">
     <span class='ocr_line' id='line_1_82' title="bbox 1926 3471 3533 3542; baseline 0.005 -17"><span class='ocrx_word' id='word_1_617' title='bbox 1926 3471 2245 3526; x_wconf 83' lang='lat' dir='ltr'><strong><em>biutraverit</em></strong></span> <span class='ocrx_word' id='word_1_618' title='bbox 2297 3471 2577 3541; x_wconf 89' lang='lat' dir='ltr'><strong><em>plenitudo</em></strong></span> <span class='ocrx_word' id='word_1_619' title='bbox 2625 3473 2910 3542; x_wconf 91' lang='lat' dir='ltr'><strong><em>gentium,</em></strong></span> <span class='ocrx_word' id='word_1_620' title='bbox 2964 3481 3094 3529; x_wconf 88' lang='lat' dir='ltr'><strong><em>tunc</em></strong></span> <span class='ocrx_word' id='word_1_621' title='bbox 3141 3473 3321 3530; x_wconf 89' lang='lat' dir='ltr'><strong><em>omnis</em></strong></span> <span class='ocrx_word' id='word_1_622' title='bbox 3366 3475 3533 3533; x_wconf 80' lang='lat' dir='ltr'><strong><em>Israel</em></strong></span> 
     </span>
    </p>
   </div>
   <div class='ocr_carea' id='block_1_83' title="bbox 1923 3565 2564 3637">
    <p class='ocr_par' dir='ltr' id='par_1_83' title="bbox 1923 3565 2564 3637">
     <span class='ocr_line' id='line_1_83' title="bbox 1923 3565 2564 3637; baseline 0 -19"><span class='ocrx_word' id='word_1_623' title='bbox 1923 3565 2108 3618; x_wconf 83' lang='lat' dir='ltr'><strong><em>salvus</em></strong></span> <span class='ocrx_word' id='word_1_624' title='bbox 2141 3565 2228 3618; x_wconf 85' lang='lat' dir='ltr'><strong><em>liat</em></strong></span> <span class='ocrx_word' id='word_1_625' title='bbox 2257 3565 2433 3635; x_wconf 82' lang='lat' dir='ltr'><strong><em>(llam.</em></strong></span> <span class='ocrx_word' id='word_1_626' title='bbox 2466 3566 2564 3637; x_wconf 66' lang='lat' dir='ltr'><strong><em>ut).</em></strong></span> 
     </span>
    </p>
   </div>
   <div class='ocr_carea' id='block_1_84' title="bbox 1993 3655 3526 3734">
    <p class='ocr_par' dir='ltr' id='par_1_84' title="bbox 1993 3655 3526 3734">
     <span class='ocr_line' id='line_1_84' title="bbox 1993 3655 3526 3734; baseline 0.004 -22"><span class='ocrx_word' id='word_1_627' title='bbox 1993 3657 2175 3729; x_wconf 82' lang='lat' dir='ltr'><strong><em>(Vers.</em></strong></span> <span class='ocrx_word' id='word_1_628' title='bbox 2222 3659 2334 3728; x_wconf 78' lang='grc'><strong><em>18.)</em></strong></span> <span class='ocrx_word' id='word_1_629' title='bbox 2383 3659 2443 3712; x_wconf 76' lang='lat' dir='ltr'><strong><em>Et</em></strong></span> <span class='ocrx_word' id='word_1_630' title='bbox 2483 3659 2724 3713; x_wconf 74' lang='lat' dir='ltr'><strong><em>dixerunt</em></strong></span> <span class='ocrx_word' id='word_1_631' title='bbox 2757 3677 2776 3716; x_wconf 81' lang='lat'><strong><em>.&#39;</em></strong></span> <span class='ocrx_word' id='word_1_632' title='bbox 2822 3655 3001 3716; x_wconf 80' lang='lat' dir='ltr'><strong><em>Venite</em></strong></span> <span class='ocrx_word' id='word_1_633' title='bbox 3039 3671 3085 3715; x_wconf 79' lang='lat' dir='ltr'><strong><em>ct</em></strong></span> <span class='ocrx_word' id='word_1_634' title='bbox 3117 3661 3398 3734; x_wconf 80' lang='lat' dir='ltr'><strong><em>cogitemus</em></strong></span> <span class='ocrx_word' id='word_1_635' title='bbox 3427 3667 3526 3718; x_wconf 84' lang='lat' dir='ltr'><strong><em>ad-</em></strong></span> 
     </span>
    </p>
   </div>
   <div class='ocr_carea' id='block_1_85' title="bbox 1923 3749 3529 3825">
    <p class='ocr_par' dir='ltr' id='par_1_85' title="bbox 1923 3749 3529 3825">
     <span class='ocr_line' id='line_1_85' title="bbox 1923 3749 3529 3825; baseline 0.004 -21"><span class='ocrx_word' id='word_1_636' title='bbox 1923 3768 2094 3804; x_wconf 83' lang='lat' dir='ltr'><strong><em>rcrsus</em></strong></span> <span class='ocrx_word' id='word_1_637' title='bbox 2137 3749 2418 3804; x_wconf 79' lang='lat' dir='ltr'><strong><em>Jcrentiam</em></strong></span> <span class='ocrx_word' id='word_1_638' title='bbox 2457 3752 2816 3822; x_wconf 75' lang='lat' dir='ltr'><strong><em>sagitationes,</em></strong></span> <span class='ocrx_word' id='word_1_639' title='bbox 2861 3769 2964 3806; x_wconf 89' lang='lat' dir='ltr'><strong><em>non</em></strong></span> <span class='ocrx_word' id='word_1_640' title='bbox 3001 3755 3141 3807; x_wconf 84' lang='lat' dir='ltr'><strong><em>enim</em></strong></span> <span class='ocrx_word' id='word_1_641' title='bbox 3170 3753 3357 3825; x_wconf 82' lang='lat' dir='ltr'><strong><em>peribit</em></strong></span> <span class='ocrx_word' id='word_1_642' title='bbox 3384 3756 3468 3810; x_wconf 78' lang='lat' dir='ltr'><strong><em>lex</em></strong></span> <span class='ocrx_word' id='word_1_643' title='bbox 3496 3773 3529 3810; x_wconf 88' lang='lat' dir='ltr'><strong><em>a</em></strong></span> 
     </span>
    </p>
   </div>
   <div class='ocr_carea' id='block_1_86' title="bbox 1918 3844 3524 3915">
    <p class='ocr_par' dir='ltr' id='par_1_86' title="bbox 1918 3844 3524 3915">
     <span class='ocr_line' id='line_1_86' title="bbox 1918 3844 3524 3915; baseline 0.004 -18"><span class='ocrx_word' id='word_1_644' title='bbox 1918 3844 2222 3910; x_wconf 78' lang='lat' dir='ltr'><strong><em>sacerdote,</em></strong></span> <span class='ocrx_word' id='word_1_645' title='bbox 2273 3861 2436 3915; x_wconf 84' lang='lat' dir='ltr'><strong><em>neque</em></strong></span> <span class='ocrx_word' id='word_1_646' title='bbox 2483 3845 2757 3899; x_wconf 85' lang='lat' dir='ltr'><strong><em>consilium</em></strong></span> <span class='ocrx_word' id='word_1_647' title='bbox 2803 3863 2835 3899; x_wconf 91' lang='lat' dir='ltr'><strong><em>a</em></strong></span> <span class='ocrx_word' id='word_1_648' title='bbox 2877 3847 3134 3914; x_wconf 82' lang='lat' dir='ltr'><strong><em>sapiente,</em></strong></span> <span class='ocrx_word' id='word_1_649' title='bbox 3175 3865 3267 3902; x_wconf 81' lang='lat' dir='ltr'><strong><em>nec</em></strong></span> <span class='ocrx_word' id='word_1_650' title='bbox 3293 3865 3463 3903; x_wconf 85' lang='lat' dir='ltr'><strong><em>sermo</em></strong></span> <span class='ocrx_word' id='word_1_651' title='bbox 3493 3867 3524 3904; x_wconf 90' lang='lat' dir='ltr'><strong><em>a</em></strong></span> 
     </span>
    </p>
   </div>
   <div class='ocr_carea' id='block_1_87' title="bbox 1917 3938 3520 4015">
    <p class='ocr_par' dir='ltr' id='par_1_87' title="bbox 1917 3938 3520 4015">
     <span class='ocr_line' id='line_1_87' title="bbox 1917 3938 3520 4015; baseline 0.005 -25"><span class='ocrx_word' id='word_1_652' title='bbox 1917 3939 2188 4010; x_wconf 79' lang='lat' dir='ltr'><strong><em>prapheta.</em></strong></span> <span class='ocrx_word' id='word_1_653' title='bbox 2227 3938 2410 3994; x_wconf 84' lang='lat' dir='ltr'><strong><em>Venite</em></strong></span> <span class='ocrx_word' id='word_1_654' title='bbox 2436 3951 2483 3994; x_wconf 88' lang='lat' dir='ltr'><strong><em>et</em></strong></span> <span class='ocrx_word' id='word_1_655' title='bbox 2509 3943 2858 4008; x_wconf 85' lang='lat' dir='ltr'><strong><em>percutiamus</em></strong></span> <span class='ocrx_word' id='word_1_656' title='bbox 2887 3955 3004 3994; x_wconf 87' lang='lat' dir='ltr'><strong><em>eum</em></strong></span> <span class='ocrx_word' id='word_1_657' title='bbox 3031 3943 3083 3995; x_wconf 89' lang='lat' dir='ltr'><strong><em>in</em></strong></span> <span class='ocrx_word' id='word_1_658' title='bbox 3115 3940 3315 4015; x_wconf 85' lang='lat' dir='ltr'><strong><em>lingua,</em></strong></span> <span class='ocrx_word' id='word_1_659' title='bbox 3346 3952 3394 3997; x_wconf 90' lang='lat' dir='ltr'><strong><em>et</em></strong></span> <span class='ocrx_word' id='word_1_660' title='bbox 3417 3959 3520 3998; x_wconf 88' lang='lat' dir='ltr'><strong><em>non</em></strong></span> 
     </span>
    </p>
   </div>
   <div class='ocr_carea' id='block_1_88' title="bbox 1914 4033 3524 4107">
    <p class='ocr_par' dir='ltr' id='par_1_88' title="bbox 1914 4033 3524 4107">
     <span class='ocr_line' id='line_1_88' title="bbox 1914 4033 3524 4107; baseline 0.004 -19"><span class='ocrx_word' id='word_1_661' title='bbox 1914 4033 2244 4088; x_wconf 87' lang='lat' dir='ltr'><strong><em>attendamus</em></strong></span> <span class='ocrx_word' id='word_1_662' title='bbox 2283 4033 2352 4087; x_wconf 90' lang='lat' dir='ltr'><strong><em>ad</em></strong></span> <span class='ocrx_word' id='word_1_663' title='bbox 2388 4035 2648 4088; x_wconf 82' lang='lat' dir='ltr'><strong><em>uniuersos</em></strong></span> <span class='ocrx_word' id='word_1_664' title='bbox 2689 4051 2950 4089; x_wconf 85' lang='lat' dir='ltr'><strong><em>sermones</em></strong></span> <span class='ocrx_word' id='word_1_665' title='bbox 2993 4036 3124 4107; x_wconf 83' lang='lat' dir='ltr'><strong><em>ejus.</em></strong></span> <span class='ocrx_word' id='word_1_666' title='bbox 3156 4035 3269 4107; x_wconf 38' lang='lat' dir='ltr'><strong><em>,lsta</em></strong></span> <span class='ocrx_word' id='word_1_667' title='bbox 3307 4045 3362 4091; x_wconf 90' lang='lat' dir='ltr'><strong><em>et</em></strong></span> <span class='ocrx_word' id='word_1_668' title='bbox 3395 4046 3524 4094; x_wconf 90' lang='lat' dir='ltr'><strong><em>tunc</em></strong></span> 
     </span>
    </p>
   </div>
   <div class='ocr_carea' id='block_1_89' title="bbox 1915 4125 3518 4195">
    <p class='ocr_par' dir='ltr' id='par_1_89' title="bbox 1915 4125 3518 4195">
     <span class='ocr_line' id='line_1_89' title="bbox 1915 4125 3518 4195; baseline 0.003 -14"><span class='ocrx_word' id='word_1_669' title='bbox 1915 4125 2228 4181; x_wconf 63' lang='lat' dir='ltr'><strong><em>Judaeurum</em></strong></span> <span class='ocrx_word' id='word_1_670' title='bbox 2263 4135 2454 4181; x_wconf 89' lang='lat' dir='ltr'><strong><em>contra</em></strong></span> <span class='ocrx_word' id='word_1_671' title='bbox 2493 4125 2813 4195; x_wconf 82' lang='lat' dir='ltr'><strong><em>Jeremiam,</em></strong></span> <span class='ocrx_word' id='word_1_672' title='bbox 2847 4127 2967 4182; x_wconf 85' lang='lat' dir='ltr'><strong><em>sive</em></strong></span> <span class='ocrx_word' id='word_1_673' title='bbox 3006 4128 3292 4184; x_wconf 86' lang='lat' dir='ltr'><strong><em>Dominum</em></strong></span> <span class='ocrx_word' id='word_1_674' title='bbox 3325 4129 3518 4186; x_wconf 86' lang='lat' dir='ltr'><strong><em>Salva-</em></strong></span> 
     </span>
    </p>
   </div>
   <div class='ocr_carea' id='block_1_90' title="bbox 1917 4218 3525 4296">
    <p class='ocr_par' dir='ltr' id='par_1_90' title="bbox 1917 4218 3525 4296">
     <span class='ocr_line' id='line_1_90' title="bbox 1917 4218 3525 4296; baseline 0.003 -20"><span class='ocrx_word' id='word_1_675' title='bbox 1917 4231 2115 4280; x_wconf 84' lang='lat' dir='ltr'><strong><em>torem.</em></strong></span> <span class='ocrx_word' id='word_1_676' title='bbox 2149 4227 2203 4273; x_wconf 91' lang='lat' dir='ltr'><strong><em>et</em></strong></span> <span class='ocrx_word' id='word_1_677' title='bbox 2231 4218 2393 4274; x_wconf 89' lang='lat' dir='ltr'><strong><em>hodie</em></strong></span> <span class='ocrx_word' id='word_1_678' title='bbox 2423 4220 2804 4276; x_wconf 65' lang='lat' dir='ltr'><strong><em>haereticorum</em></strong></span> <span class='ocrx_word' id='word_1_679' title='bbox 2840 4231 3031 4276; x_wconf 72' lang='lat' dir='ltr'><strong><em>emitra</em></strong></span> <span class='ocrx_word' id='word_1_680' title='bbox 3063 4237 3256 4280; x_wconf 82' lang='lat' dir='ltr'><strong><em>servos</em></strong></span> <span class='ocrx_word' id='word_1_681' title='bbox 3282 4222 3400 4296; x_wconf 80' lang='lat' dir='ltr'><strong><em>ejus</em></strong></span> <span class='ocrx_word' id='word_1_682' title='bbox 3427 4242 3525 4281; x_wconf 89' lang='lat' dir='ltr'><strong><em>co-</em></strong></span> 
     </span>
    </p>
   </div>
   <div class='ocr_carea' id='block_1_91' title="bbox 1914 4315 3522 4384">
    <p class='ocr_par' dir='ltr' id='par_1_91' title="bbox 1914 4315 3522 4384">
     <span class='ocr_line' id='line_1_91' title="bbox 1914 4315 3522 4384; baseline 0.006 -18"><span class='ocrx_word' id='word_1_683' title='bbox 1914 4315 2106 4383; x_wconf 82' lang='lat' dir='ltr'><strong><em>gitatio</em></strong></span> <span class='ocrx_word' id='word_1_684' title='bbox 2147 4327 2250 4380; x_wconf 75' lang='grc' dir='ltr'><strong><em>εει,</em></strong></span> <span class='ocrx_word' id='word_1_685' title='bbox 2298 4323 2356 4368; x_wconf 87' lang='grc' dir='ltr'><strong><em>ιιι</em></strong></span> <span class='ocrx_word' id='word_1_686' title='bbox 2397 4315 2702 4370; x_wconf 78' lang='lat' dir='ltr'><strong><em>calumnias</em></strong></span> <span class='ocrx_word' id='word_1_687' title='bbox 2749 4325 2988 4384; x_wconf 84' lang='lat' dir='ltr'><strong><em>struant,</em></strong></span> <span class='ocrx_word' id='word_1_688' title='bbox 3033 4325 3089 4372; x_wconf 86' lang='lat' dir='ltr'><strong><em>et</em></strong></span> <span class='ocrx_word' id='word_1_689' title='bbox 3126 4325 3348 4372; x_wconf 86' lang='lat' dir='ltr'><strong><em>sanctus</em></strong></span> <span class='ocrx_word' id='word_1_690' title='bbox 3376 4319 3522 4376; x_wconf 89' lang='lat' dir='ltr'><strong><em>vlros</em></strong></span> 
     </span>
    </p>
   </div>
   <div class='ocr_carea' id='block_1_92' title="bbox 1913 4407 3528 4480">
    <p class='ocr_par' dir='ltr' id='par_1_92' title="bbox 1913 4407 3528 4480">
     <span class='ocr_line' id='line_1_92' title="bbox 1913 4407 3528 4480; baseline 0.004 -19"><span class='ocrx_word' id='word_1_691' title='bbox 1913 4407 2265 4464; x_wconf 77' lang='lat' dir='ltr'><strong><em>accusatione</em></strong></span> <span class='ocrx_word' id='word_1_692' title='bbox 2289 4410 2648 4478; x_wconf 70' lang='lat' dir='ltr'><strong><em>prrcveuiant,</em></strong></span> <span class='ocrx_word' id='word_1_693' title='bbox 2679 4423 2779 4464; x_wconf 90' lang='lat' dir='ltr'><strong><em>nec</em></strong></span> <span class='ocrx_word' id='word_1_694' title='bbox 2803 4409 3048 4480; x_wconf 89' lang='lat' dir='ltr'><strong><em>cogitent</em></strong></span> <span class='ocrx_word' id='word_1_695' title='bbox 3072 4409 3199 4480; x_wconf 90' lang='lat' dir='ltr'><strong><em>quid</em></strong></span> <span class='ocrx_word' id='word_1_696' title='bbox 3224 4409 3300 4466; x_wconf 85' lang='lat' dir='ltr'><strong><em>illi</em></strong></span> <span class='ocrx_word' id='word_1_697' title='bbox 3327 4411 3528 4468; x_wconf 87' lang='lat' dir='ltr'><strong><em>verita-</em></strong></span> 
     </span>
    </p>
   </div>
   <div class='ocr_carea' id='block_1_93' title="bbox 1915 4501 3522 4576">
    <p class='ocr_par' dir='ltr' id='par_1_93' title="bbox 1915 4501 3522 4576">
     <span class='ocr_line' id='line_1_93' title="bbox 1915 4501 3522 4576; baseline 0.001 -19"><span class='ocrx_word' id='word_1_698' title='bbox 1915 4502 1986 4558; x_wconf 90' lang='lat' dir='ltr'><strong><em>tis</em></strong></span> <span class='ocrx_word' id='word_1_699' title='bbox 2013 4502 2336 4573; x_wconf 82' lang='lat' dir='ltr'><strong><em>loquantur,</em></strong></span> <span class='ocrx_word' id='word_1_700' title='bbox 2375 4501 2470 4558; x_wconf 85' lang='lat' dir='ltr'><strong><em>sed</em></strong></span> <span class='ocrx_word' id='word_1_701' title='bbox 2500 4501 2626 4574; x_wconf 88' lang='lat' dir='ltr'><strong><em>quid</em></strong></span> <span class='ocrx_word' id='word_1_702' title='bbox 2657 4503 2756 4574; x_wconf 76' lang='lat' dir='ltr'><strong><em>ipsi</em></strong></span> <span class='ocrx_word' id='word_1_703' title='bbox 2787 4511 3002 4558; x_wconf 86' lang='lat' dir='ltr'><strong><em>struant</em></strong></span> <span class='ocrx_word' id='word_1_704' title='bbox 3027 4501 3194 4576; x_wconf 66' lang='grc'><strong><em>972</em></strong></span> <span class='ocrx_word' id='word_1_705' title='bbox 3221 4501 3522 4573; x_wconf 84' lang='lat' dir='ltr'><strong><em>mendacii;</em></strong></span> 
     </span>
    </p>
   </div>
   <div class='ocr_carea' id='block_1_94' title="bbox 1909 4595 3522 4668">
    <p class='ocr_par' dir='ltr' id='par_1_94' title="bbox 1909 4595 3522 4668">
     <span class='ocr_line' id='line_1_94' title="bbox 1909 4595 3522 4668; baseline 0.004 -19"><span class='ocrx_word' id='word_1_706' title='bbox 1909 4595 2115 4663; x_wconf 89' lang='lat' dir='ltr'><strong><em>jactant</em></strong></span> <span class='ocrx_word' id='word_1_707' title='bbox 2156 4597 2304 4650; x_wconf 88' lang='lat' dir='ltr'><strong><em>enim</em></strong></span> <span class='ocrx_word' id='word_1_708' title='bbox 2347 4597 2398 4650; x_wconf 89' lang='lat' dir='ltr'><strong><em>in</em></strong></span> <span class='ocrx_word' id='word_1_709' title='bbox 2427 4597 2832 4662; x_wconf 86' lang='lat' dir='ltr'><strong><em>sacerdotibus,</em></strong></span> <span class='ocrx_word' id='word_1_710' title='bbox 2875 4605 2931 4652; x_wconf 90' lang='lat' dir='ltr'><strong><em>et</em></strong></span> <span class='ocrx_word' id='word_1_711' title='bbox 2973 4597 3029 4652; x_wconf 90' lang='lat' dir='ltr'><strong><em>in</em></strong></span> <span class='ocrx_word' id='word_1_712' title='bbox 3065 4595 3427 4668; x_wconf 88' lang='lat' dir='ltr'><strong><em>sapientibus,</em></strong></span> <span class='ocrx_word' id='word_1_713' title='bbox 3464 4611 3522 4656; x_wconf 87' lang='lat' dir='ltr'><strong><em>et</em></strong></span> 
     </span>
    </p>
   </div>
   <div class='ocr_carea' id='block_1_95' title="bbox 208 4681 3526 4770">
    <p class='ocr_par' dir='ltr' id='par_1_95' title="bbox 208 4681 3526 4770">
     <span class='ocr_line' id='line_1_95' title="bbox 208 4681 3526 4770; baseline 0.004 -34"><span class='ocrx_word' id='word_1_714' title='bbox 208 4683 408 4738; x_wconf 89' lang='lat' dir='ltr'><strong><em>ardore</em></strong></span> <span class='ocrx_word' id='word_1_715' title='bbox 440 4691 752 4750; x_wconf 88' lang='lat' dir='ltr'><strong><em>superatur,</em></strong></span> <span class='ocrx_word' id='word_1_716' title='bbox 786 4681 1126 4752; x_wconf 83' lang='lat' dir='ltr'><strong><em>ﬂuentesque</em></strong></span> <span class='ocrx_word' id='word_1_717' title='bbox 1155 4682 1224 4737; x_wconf 74' lang='lat' dir='ltr'><strong><em>de</em></strong></span> <span class='ocrx_word' id='word_1_718' title='bbox 1254 4683 1527 4740; x_wconf 88' lang='lat' dir='ltr'><strong><em>montibus</em></strong></span> <span class='ocrx_word' id='word_1_719' title='bbox 1555 4684 1682 4753; x_wconf 89' lang='lat' dir='ltr'><strong><em>rivi,</em></strong></span> <span class='ocrx_word' id='word_1_720' title='bbox 1717 4698 1811 4738; x_wconf 87' lang='lat' dir='ltr'><strong><em>nc-</em></strong></span> <span class='ocrx_word' id='word_1_721' title='bbox 1833 4710 1888 4770; x_wconf 81' lang='lat' dir='ltr'><strong>D</strong></span> <span class='ocrx_word' id='word_1_722' title='bbox 1915 4686 1968 4742; x_wconf 86' lang='lat' dir='ltr'><strong><em>in</em></strong></span> <span class='ocrx_word' id='word_1_723' title='bbox 2014 4687 2502 4758; x_wconf 81' lang='lat' dir='ltr'><strong><em>pseudoprophetis</em></strong></span> <span class='ocrx_word' id='word_1_724' title='bbox 2537 4689 2650 4744; x_wconf 87' lang='lat' dir='ltr'><strong><em>suis</em></strong></span> <span class='ocrx_word' id='word_1_725' title='bbox 2691 4688 2870 4759; x_wconf 83' lang='lat' dir='ltr'><strong><em>legem</em></strong></span> <span class='ocrx_word' id='word_1_726' title='bbox 2905 4697 2960 4744; x_wconf 89' lang='lat' dir='ltr'><strong><em>et</em></strong></span> <span class='ocrx_word' id='word_1_727' title='bbox 2996 4689 3286 4746; x_wconf 87' lang='lat' dir='ltr'><strong><em>consilium</em></strong></span> <span class='ocrx_word' id='word_1_728' title='bbox 3324 4691 3438 4759; x_wconf 91' lang='lat' dir='ltr'><strong><em>Dei,</em></strong></span> <span class='ocrx_word' id='word_1_729' title='bbox 3467 4701 3526 4748; x_wconf 86' lang='lat' dir='ltr'><strong><em>et</em></strong></span> 
     </span>
    </p>
   </div>
   <div class='ocr_carea' id='block_1_96' title="bbox 207 4775 1807 4848">
    <p class='ocr_par' dir='ltr' id='par_1_96' title="bbox 207 4775 1807 4848">
     <span class='ocr_line' id='line_1_96' title="bbox 207 4775 1807 4848; baseline 0.004 -20"><span class='ocrx_word' id='word_1_730' title='bbox 207 4793 478 4848; x_wconf 84' lang='lat' dir='ltr'><strong><em>quaquam</em></strong></span> <span class='ocrx_word' id='word_1_731' title='bbox 529 4777 806 4832; x_wconf 76' lang='lat' dir='ltr'><strong><em>siccantur</em></strong></span> <span class='ocrx_word' id='word_1_732' title='bbox 853 4777 904 4832; x_wconf 93' lang='lat' dir='ltr'><strong><em>in</em></strong></span> <span class='ocrx_word' id='word_1_733' title='bbox 935 4775 1180 4832; x_wconf 85' lang='lat' dir='ltr'><strong><em>fontibus</em></strong></span> <span class='ocrx_word' id='word_1_734' title='bbox 1215 4797 1226 4830; x_wconf 77' lang='grc' dir='ltr'><strong>ε</strong></span> <span class='ocrx_word' id='word_1_735' title='bbox 1262 4780 1340 4833; x_wconf 89' lang='lat' dir='ltr'><strong><em>sic</em></strong></span> <span class='ocrx_word' id='word_1_736' title='bbox 1374 4795 1551 4834; x_wconf 91' lang='lat' dir='ltr'><strong><em>meum</em></strong></span> <span class='ocrx_word' id='word_1_737' title='bbox 1585 4793 1807 4843; x_wconf 87' lang='lat' dir='ltr'><strong><em>nomen.</em></strong></span> 
     </span>
    </p>
   </div>
   <div class='ocr_carea' id='block_1_97' title="bbox 207 4873 1813 4945">
    <p class='ocr_par' dir='ltr' id='par_1_97' title="bbox 207 4873 1813 4945">
     <span class='ocr_line' id='line_1_97' title="bbox 207 4873 1813 4945; baseline 0.003 -20"><span class='ocrx_word' id='word_1_738' title='bbox 207 4873 351 4944; x_wconf 91' lang='lat' dir='ltr'><strong><em>quod</em></strong></span> <span class='ocrx_word' id='word_1_739' title='bbox 384 4889 479 4941; x_wconf 85' lang='lat' dir='ltr'><strong><em>per</em></strong></span> <span class='ocrx_word' id='word_1_740' title='bbox 507 4887 564 4927; x_wconf 70' lang='lat' dir='ltr'><strong><em>se</em></strong></span> <span class='ocrx_word' id='word_1_741' title='bbox 592 4873 785 4928; x_wconf 84' lang='lat' dir='ltr'><strong><em>stabile</em></strong></span> <span class='ocrx_word' id='word_1_742' title='bbox 813 4881 918 4939; x_wconf 84' lang='lat' dir='ltr'><strong><em>est,</em></strong></span> <span class='ocrx_word' id='word_1_743' title='bbox 952 4882 1114 4941; x_wconf 88' lang='lat' dir='ltr'><strong><em>atque</em></strong></span> <span class='ocrx_word' id='word_1_744' title='bbox 1144 4885 1488 4944; x_wconf 87' lang='lat' dir='ltr'><strong><em>perpetuum,</em></strong></span> <span class='ocrx_word' id='word_1_745' title='bbox 1523 4891 1631 4929; x_wconf 78' lang='lat' dir='ltr'><strong><em>non</em></strong></span> <span class='ocrx_word' id='word_1_746' title='bbox 1661 4885 1813 4945; x_wconf 85' lang='lat' dir='ltr'><strong><em>pote-</em></strong></span> 
     </span>
    </p>
   </div>
   <div class='ocr_carea' id='block_1_98' title="bbox 206 4967 1810 5030">
    <p class='ocr_par' dir='ltr' id='par_1_98' title="bbox 206 4967 1810 5030">
     <span class='ocr_line' id='line_1_98' title="bbox 206 4967 1810 5030; baseline 0.001 -8"><span class='ocrx_word' id='word_1_747' title='bbox 206 4969 277 5022; x_wconf 89' lang='lat' dir='ltr'><strong><em>rit</em></strong></span> <span class='ocrx_word' id='word_1_748' title='bbox 307 4967 612 5030; x_wconf 89' lang='lat' dir='ltr'><strong><em>immutari,</em></strong></span> <span class='ocrx_word' id='word_1_749' title='bbox 645 4975 701 5020; x_wconf 83' lang='lat' dir='ltr'><strong><em>et</em></strong></span> <span class='ocrx_word' id='word_1_750' title='bbox 733 4975 912 5021; x_wconf 87' lang='lat' dir='ltr'><strong><em>tamen</em></strong></span> <span class='ocrx_word' id='word_1_751' title='bbox 944 4980 1066 5020; x_wconf 91' lang='lat' dir='ltr'><strong><em>cum</em></strong></span> <span class='ocrx_word' id='word_1_752' title='bbox 1100 4976 1298 5021; x_wconf 68' lang='lat' dir='ltr'><strong><em>caatera</em></strong></span> <span class='ocrx_word' id='word_1_753' title='bbox 1330 4977 1537 5023; x_wconf 73' lang='lat' dir='ltr'><strong><em>natura:</em></strong></span> <span class='ocrx_word' id='word_1_754' title='bbox 1563 4970 1810 5024; x_wconf 87' lang='lat' dir='ltr'><strong><em>ordinem</em></strong></span> 
     </span>
    </p>
   </div>
   <div class='ocr_carea' id='block_1_99' title="bbox 205 5059 1810 5132">
    <p class='ocr_par' dir='ltr' id='par_1_99' title="bbox 205 5059 1810 5132">
     <span class='ocr_line' id='line_1_99' title="bbox 205 5059 1810 5132; baseline 0 -14"><span class='ocrx_word' id='word_1_755' title='bbox 205 5071 453 5128; x_wconf 87' lang='lat' dir='ltr'><strong><em>servent,</em></strong></span> <span class='ocrx_word' id='word_1_756' title='bbox 479 5062 709 5132; x_wconf 79' lang='lat' dir='ltr'><strong><em>populus</em></strong></span> <span class='ocrx_word' id='word_1_757' title='bbox 727 5077 884 5117; x_wconf 85' lang='lat' dir='ltr'><strong><em>meus</em></strong></span> <span class='ocrx_word' id='word_1_758' title='bbox 902 5059 1104 5114; x_wconf 88' lang='lat' dir='ltr'><strong><em>oblitus</em></strong></span> <span class='ocrx_word' id='word_1_759' title='bbox 1123 5068 1206 5114; x_wconf 84' lang='lat' dir='ltr'><strong><em>est</em></strong></span> <span class='ocrx_word' id='word_1_760' title='bbox 1225 5061 1350 5116; x_wconf 88' lang='lat' dir='ltr'><strong><em>mei.</em></strong></span> <span class='ocrx_word' id='word_1_761' title='bbox 1371 5061 1632 5132; x_wconf 86' lang='lat' dir='ltr'><strong><em>Sequitur</em></strong></span> <span class='ocrx_word' id='word_1_762' title='bbox 1645 5063 1810 5118; x_wconf 91' lang='lat' dir='ltr'><strong><em>enim:</em></strong></span> 
     </span>
    </p>
   </div>
   <div class='ocr_carea' id='block_1_100' title="bbox 276 5153 1813 5227">
    <p class='ocr_par' dir='ltr' id='par_1_100' title="bbox 276 5153 1813 5227">
     <span class='ocr_line' id='line_1_100' title="bbox 276 5153 1813 5227; baseline 0.001 -19"><span class='ocrx_word' id='word_1_763' title='bbox 276 5154 464 5227; x_wconf 88' lang='lat' dir='ltr'><strong><em>(Vers.</em></strong></span> <span class='ocrx_word' id='word_1_764' title='bbox 492 5154 604 5224; x_wconf 83' lang='lat' dir='ltr'><strong><em>l5.)</em></strong></span> <span class='ocrx_word' id='word_1_765' title='bbox 637 5153 770 5220; x_wconf 86' lang='lat' dir='ltr'><strong><em>Quia</em></strong></span> <span class='ocrx_word' id='word_1_766' title='bbox 797 5153 989 5207; x_wconf 88' lang='lat' dir='ltr'><strong><em>oblitus</em></strong></span> <span class='ocrx_word' id='word_1_767' title='bbox 1012 5161 1085 5206; x_wconf 87' lang='lat' dir='ltr'><strong><em>est</em></strong></span> <span class='ocrx_word' id='word_1_768' title='bbox 1116 5153 1212 5206; x_wconf 87' lang='lat' dir='ltr'><strong><em>mei</em></strong></span> <span class='ocrx_word' id='word_1_769' title='bbox 1239 5153 1462 5224; x_wconf 79' lang='lat' dir='ltr'><strong><em>papulas</em></strong></span> <span class='ocrx_word' id='word_1_770' title='bbox 1490 5171 1652 5221; x_wconf 84' lang='lat' dir='ltr'><strong><em>meus,</em></strong></span> <span class='ocrx_word' id='word_1_771' title='bbox 1677 5156 1813 5225; x_wconf 81' lang='lat' dir='ltr'><strong><em>frus-</em></strong></span> 
     </span>
    </p>
   </div>
   <div class='ocr_carea' id='block_1_101' title="bbox 207 5247 1808 5321">
    <p class='ocr_par' dir='ltr' id='par_1_101' title="bbox 207 5247 1808 5321">
     <span class='ocr_line' id='line_1_101' title="bbox 207 5247 1808 5321; baseline 0.001 -19"><span class='ocrx_word' id='word_1_772' title='bbox 207 5258 288 5302; x_wconf 88' lang='lat' dir='ltr'><strong><em>tra</em></strong></span> <span class='ocrx_word' id='word_1_773' title='bbox 328 5248 544 5302; x_wconf 82' lang='lat' dir='ltr'><strong><em>libantes</em></strong></span> <span class='ocrx_word' id='word_1_774' title='bbox 587 5256 630 5301; x_wconf 89' lang='lat' dir='ltr'><strong><em>et</em></strong></span> <span class='ocrx_word' id='word_1_775' title='bbox 669 5248 1010 5321; x_wconf 83' lang='lat' dir='ltr'><strong><em>impingcntes</em></strong></span> <span class='ocrx_word' id='word_1_776' title='bbox 1039 5248 1092 5300; x_wconf 87' lang='lat' dir='ltr'><strong><em>in</em></strong></span> <span class='ocrx_word' id='word_1_777' title='bbox 1124 5248 1219 5302; x_wconf 86' lang='lat' dir='ltr'><strong><em>viis</em></strong></span> <span class='ocrx_word' id='word_1_778' title='bbox 1249 5247 1381 5315; x_wconf 84' lang='lat' dir='ltr'><strong><em>suis,</em></strong></span> <span class='ocrx_word' id='word_1_779' title='bbox 1413 5248 1464 5302; x_wconf 85' lang='lat' dir='ltr'><strong><em>in</em></strong></span> <span class='ocrx_word' id='word_1_780' title='bbox 1497 5249 1685 5302; x_wconf 88' lang='lat' dir='ltr'><strong><em>semitis</em></strong></span> <span class='ocrx_word' id='word_1_781' title='bbox 1713 5265 1808 5303; x_wconf 70' lang='lat' dir='ltr'><strong><em>saa-</em></strong></span> 
     </span>
    </p>
   </div>
   <div class='ocr_carea' id='block_1_102' title="bbox 204 5340 1814 5413">
    <p class='ocr_par' dir='ltr' id='par_1_102' title="bbox 204 5340 1814 5413">
     <span class='ocr_line' id='line_1_102' title="bbox 204 5340 1814 5413; baseline 0.001 -17"><span class='ocrx_word' id='word_1_782' title='bbox 204 5343 310 5397; x_wconf 89' lang='lat' dir='ltr'><strong><em>culi</em></strong></span> <span class='ocrx_word' id='word_1_783' title='bbox 335 5342 474 5413; x_wconf 89' lang='lat' dir='ltr'><strong><em>(sive</em></strong></span> <span class='ocrx_word' id='word_1_784' title='bbox 497 5341 848 5411; x_wconf 78' lang='lat' dir='ltr'><strong><em>sempiternis)</em></strong></span> <span class='ocrx_word' id='word_1_785' title='bbox 875 5352 929 5395; x_wconf 89' lang='lat' dir='ltr'><strong><em>ut</em></strong></span> <span class='ocrx_word' id='word_1_786' title='bbox 955 5340 1286 5395; x_wconf 88' lang='lat' dir='ltr'><strong><em>ambularent</em></strong></span> <span class='ocrx_word' id='word_1_787' title='bbox 1315 5359 1407 5413; x_wconf 87' lang='lat' dir='ltr'><strong><em>per</em></strong></span> <span class='ocrx_word' id='word_1_788' title='bbox 1432 5359 1519 5398; x_wconf 88' lang='lat' dir='ltr'><strong><em>eas</em></strong></span> <span class='ocrx_word' id='word_1_789' title='bbox 1545 5343 1600 5396; x_wconf 92' lang='lat' dir='ltr'><strong><em>in</em></strong></span> <span class='ocrx_word' id='word_1_790' title='bbox 1631 5344 1814 5398; x_wconf 86' lang='lat' dir='ltr'><strong><em>itinere</em></strong></span> 
     </span>
    </p>
   </div>
   <div class='ocr_carea' id='block_1_103' title="bbox 206 5435 1808 5506">
    <p class='ocr_par' dir='ltr' id='par_1_103' title="bbox 206 5435 1808 5506">
     <span class='ocr_line' id='line_1_103' title="bbox 206 5435 1808 5506; baseline 0.001 -17"><span class='ocrx_word' id='word_1_791' title='bbox 206 5453 311 5489; x_wconf 90' lang='lat' dir='ltr'><strong><em>non</em></strong></span> <span class='ocrx_word' id='word_1_792' title='bbox 357 5435 501 5488; x_wconf 89' lang='lat' dir='ltr'><strong><em>trito.</em></strong></span> <span class='ocrx_word' id='word_1_793' title='bbox 546 5435 646 5500; x_wconf 84' lang='lat' dir='ltr'><strong><em>Qui</em></strong></span> <span class='ocrx_word' id='word_1_794' title='bbox 689 5435 1036 5491; x_wconf 66' lang='lat' dir='ltr'><strong><em>obliviscitur</em></strong></span> <span class='ocrx_word' id='word_1_795' title='bbox 1082 5435 1197 5500; x_wconf 87' lang='lat' dir='ltr'><strong><em>Dei,</em></strong></span> <span class='ocrx_word' id='word_1_796' title='bbox 1241 5444 1294 5489; x_wconf 87' lang='lat' dir='ltr'><strong><em>et</em></strong></span> <span class='ocrx_word' id='word_1_797' title='bbox 1334 5435 1594 5506; x_wconf 83' lang='lat' dir='ltr'><strong><em>relinquit</em></strong></span> <span class='ocrx_word' id='word_1_798' title='bbox 1631 5437 1808 5504; x_wconf 88' lang='lat' dir='ltr'><strong><em>illum,</em></strong></span> 
     </span>
    </p>
   </div>
   <div class='ocr_carea' id='block_1_104' title="bbox 204 5526 1810 5608">
    <p class='ocr_par' dir='ltr' id='par_1_104' title="bbox 204 5526 1810 5608">
     <span class='ocr_line' id='line_1_104' title="bbox 204 5526 1810 5608; baseline 0.002 -26"><span class='ocrx_word' id='word_1_799' title='bbox 204 5532 296 5600; x_wconf 88' lang='lat' dir='ltr'><strong><em>qui</em></strong></span> <span class='ocrx_word' id='word_1_800' title='bbox 336 5527 467 5582; x_wconf 66' lang='lat' dir='ltr'><strong><em>dicit</em></strong></span> <span class='ocrx_word' id='word_1_801' title='bbox 509 5545 522 5581; x_wconf 87' lang='lat'><strong>:</strong></span> <span class='ocrx_word' id='word_1_802' title='bbox 559 5527 722 5600; x_wconf 74' lang='lat'><strong><em>971</em></strong></span> <span class='ocrx_word' id='word_1_803' title='bbox 759 5526 870 5602; x_wconf 80' lang='lat' dir='ltr'><strong><em>Ego</em></strong></span> <span class='ocrx_word' id='word_1_804' title='bbox 899 5547 1012 5584; x_wconf 88' lang='lat' dir='ltr'><strong><em>sum</em></strong></span> <span class='ocrx_word' id='word_1_805' title='bbox 1044 5529 1124 5583; x_wconf 82' lang='lat' dir='ltr'><strong><em>via</em></strong></span> <span class='ocrx_word' id='word_1_806' title='bbox 1154 5529 1335 5594; x_wconf 77' lang='lat' dir='ltr'><strong><em>(Joan.</em></strong></span> <span class='ocrx_word' id='word_1_807' title='bbox 1379 5545 1486 5592; x_wconf 82' lang='lat' dir='ltr'><strong><em>xtv,</em></strong></span> <span class='ocrx_word' id='word_1_808' title='bbox 1526 5529 1612 5599; x_wconf 82' lang='lat'><strong><em>6);</em></strong></span> <span class='ocrx_word' id='word_1_809' title='bbox 1649 5530 1810 5608; x_wconf 87' lang='lat' dir='ltr'><strong><em>libat-</em></strong></span> 
     </span>
    </p>
   </div>
   <div class='ocr_carea' id='block_1_105' title="bbox 203 5622 1808 5695">
    <p class='ocr_par' dir='ltr' id='par_1_105' title="bbox 203 5622 1808 5695">
     <span class='ocr_line' id='line_1_105' title="bbox 203 5622 1808 5695; baseline 0.004 -20"><span class='ocrx_word' id='word_1_810' title='bbox 203 5638 314 5694; x_wconf 89' lang='lat' dir='ltr'><strong><em>qne</em></strong></span> <span class='ocrx_word' id='word_1_811' title='bbox 355 5622 461 5677; x_wconf 91' lang='lat' dir='ltr'><strong><em>diis</em></strong></span> <span class='ocrx_word' id='word_1_812' title='bbox 501 5622 715 5689; x_wconf 72' lang='lat' dir='ltr'><strong><em>alienis,</em></strong></span> <span class='ocrx_word' id='word_1_813' title='bbox 760 5624 1008 5694; x_wconf 86' lang='lat' dir='ltr'><strong><em>impingit</em></strong></span> <span class='ocrx_word' id='word_1_814' title='bbox 1053 5626 1104 5680; x_wconf 92' lang='lat' dir='ltr'><strong><em>iu</em></strong></span> <span class='ocrx_word' id='word_1_815' title='bbox 1151 5625 1253 5680; x_wconf 90' lang='lat' dir='ltr'><strong><em>viis</em></strong></span> <span class='ocrx_word' id='word_1_816' title='bbox 1295 5626 1430 5691; x_wconf 89' lang='lat' dir='ltr'><strong><em>suis,</em></strong></span> <span class='ocrx_word' id='word_1_817' title='bbox 1465 5641 1808 5695; x_wconf 82' lang='lat' dir='ltr'><strong><em>nequaquam</em></strong></span> 
     </span>
    </p>
   </div>
   <div class='ocr_carea' id='block_1_106' title="bbox 208 5716 1809 5791">
    <p class='ocr_par' dir='ltr' id='par_1_106' title="bbox 208 5716 1809 5791">
     <span class='ocr_line' id='line_1_106' title="bbox 208 5716 1809 5791; baseline 0.002 -19"><span class='ocrx_word' id='word_1_818' title='bbox 208 5716 326 5784; x_wconf 89' lang='lat' dir='ltr'><strong><em>Dei,</em></strong></span> <span class='ocrx_word' id='word_1_819' title='bbox 370 5716 466 5772; x_wconf 90' lang='lat' dir='ltr'><strong><em>sed</em></strong></span> <span class='ocrx_word' id='word_1_820' title='bbox 509 5722 641 5784; x_wconf 87' lang='lat' dir='ltr'><strong><em>suis,</em></strong></span> <span class='ocrx_word' id='word_1_821' title='bbox 687 5725 742 5773; x_wconf 90' lang='lat' dir='ltr'><strong><em>et</em></strong></span> <span class='ocrx_word' id='word_1_822' title='bbox 780 5720 1035 5790; x_wconf 89' lang='lat' dir='ltr'><strong><em>antiquas</em></strong></span> <span class='ocrx_word' id='word_1_823' title='bbox 1074 5719 1554 5791; x_wconf 79' lang='lat' dir='ltr'><strong><em>sempiternasque</em></strong></span> <span class='ocrx_word' id='word_1_824' title='bbox 1585 5721 1809 5777; x_wconf 82' lang='lat' dir='ltr'><strong><em>semitas</em></strong></span> 
     </span>
    </p>
   </div>
   <div class='ocr_carea' id='block_1_107' title="bbox 187 5851 1806 5932">
    <p class='ocr_par' dir='ltr' id='par_1_107' title="bbox 187 5851 1806 5932">
     <span class='ocr_line' id='line_1_107' title="bbox 187 5851 1806 5932; baseline 0.004 -23"><span class='ocrx_word' id='word_1_825' title='bbox 187 5862 208 5872; x_wconf 74' lang='lat'><strong><em>’</em></strong></span> <span class='ocrx_word' id='word_1_826' title='bbox 285 5863 310 5892; x_wconf 72' lang='grc' dir='ltr'>α</span> <span class='ocrx_word' id='word_1_827' title='bbox 340 5851 674 5932; x_wconf 70' lang='lat' dir='ltr'><strong><em>Intersernnt</em></strong></span> <span class='ocrx_word' id='word_1_828' title='bbox 703 5855 810 5914; x_wconf 88' lang='lat' dir='ltr'><strong><em>duo</em></strong></span> <span class='ocrx_word' id='word_1_829' title='bbox 839 5874 970 5915; x_wconf 89' lang='lat' dir='ltr'><strong><em>mss.</em></strong></span> <span class='ocrx_word' id='word_1_830' title='bbox 994 5859 1266 5932; x_wconf 85' lang='lat' dir='ltr'><strong><em>glossema</em></strong></span> <span class='ocrx_word' id='word_1_831' title='bbox 1298 5861 1465 5928; x_wconf 85' lang='lat' dir='ltr'><strong><em>istud,</em></strong></span> <span class='ocrx_word' id='word_1_832' title='bbox 1499 5859 1806 5917; x_wconf 79' lang='lat' dir='ltr'><strong><em>Notandum</em></strong></span> 
     </span>
    </p>
   </div>
   <div class='ocr_carea' id='block_1_108' title="bbox 211 5927 761 6004">
    <p class='ocr_par' dir='ltr' id='par_1_108' title="bbox 211 5927 761 6004">
     <span class='ocr_line' id='line_1_108' title="bbox 211 5927 761 6004; baseline -0.002 -18"><span class='ocrx_word' id='word_1_833' title='bbox 211 5938 391 5990; x_wconf 78' lang='lat' dir='ltr'><strong><em>contra</em></strong></span> <span class='ocrx_word' id='word_1_834' title='bbox 421 5927 761 6004; x_wconf 82' lang='lat' dir='ltr'><strong><em>Pelagianos.</em></strong></span> 
     </span>
    </p>
   </div>
   <div class='ocr_carea' id='block_1_109' title="bbox 1915 4783 3518 4856">
    <p class='ocr_par' dir='ltr' id='par_1_109' title="bbox 1915 4783 3518 4856">
     <span class='ocr_line' id='line_1_109' title="bbox 1915 4783 3518 4856; baseline 0.002 -20"><span class='ocrx_word' id='word_1_835' title='bbox 1915 4783 2190 4852; x_wconf 89' lang='lat' dir='ltr'><strong><em>eloquium</em></strong></span> <span class='ocrx_word' id='word_1_836' title='bbox 2225 4797 2562 4851; x_wconf 88' lang='lat' dir='ltr'><strong><em>permanere,</em></strong></span> <span class='ocrx_word' id='word_1_837' title='bbox 2598 4784 2817 4839; x_wconf 89' lang='lat' dir='ltr'><strong><em>dicente</em></strong></span> <span class='ocrx_word' id='word_1_838' title='bbox 2844 4783 3131 4855; x_wconf 88' lang='lat' dir='ltr'><strong><em>Scriptura</em></strong></span> <span class='ocrx_word' id='word_1_839' title='bbox 3169 4803 3183 4840; x_wconf 88' lang='lat'><strong>:</strong></span> <span class='ocrx_word' id='word_1_840' title='bbox 3217 4783 3282 4840; x_wconf 90' lang='lat' dir='ltr'><strong><em>In</em></strong></span> <span class='ocrx_word' id='word_1_841' title='bbox 3312 4801 3518 4856; x_wconf 70' lang='lat' dir='ltr'><strong><em>peruer-</em></strong></span> 
     </span>
    </p>
   </div>
   <div class='ocr_carea' id='block_1_110' title="bbox 1916 4875 3309 4951">
    <p class='ocr_par' dir='ltr' id='par_1_110' title="bbox 1916 4875 3309 4951">
     <span class='ocr_line' id='line_1_110' title="bbox 1916 4875 3309 4951; baseline 0.003 -23"><span class='ocrx_word' id='word_1_842' title='bbox 1916 4891 2030 4928; x_wconf 85' lang='lat' dir='ltr'><strong><em>sum</em></strong></span> <span class='ocrx_word' id='word_1_843' title='bbox 2056 4875 2285 4929; x_wconf 89' lang='lat' dir='ltr'><strong><em>animam</em></strong></span> <span class='ocrx_word' id='word_1_844' title='bbox 2312 4891 2411 4929; x_wconf 86' lang='lat' dir='ltr'><strong><em>non</em></strong></span> <span class='ocrx_word' id='word_1_845' title='bbox 2439 4876 2652 4930; x_wconf 85' lang='lat' dir='ltr'><strong><em>intrabit</em></strong></span> <span class='ocrx_word' id='word_1_846' title='bbox 2681 4879 2938 4950; x_wconf 85' lang='lat' dir='ltr'><strong><em>sapientia</em></strong></span> <span class='ocrx_word' id='word_1_847' title='bbox 2969 4877 3126 4951; x_wconf 88' lang='lat' dir='ltr'><strong><em>(Sap.</em></strong></span> <span class='ocrx_word' id='word_1_848' title='bbox 3157 4895 3196 4944; x_wconf 88' lang='lat' dir='ltr'><strong><em>I,</em></strong></span> <span class='ocrx_word' id='word_1_849' title='bbox 3229 4877 3309 4950; x_wconf 75' lang='grc'><strong><em>4).</em></strong></span> 
     </span>
    </p>
   </div>
   <div class='ocr_carea' id='block_1_111' title="bbox 1992 4966 3524 5040">
    <p class='ocr_par' dir='ltr' id='par_1_111' title="bbox 1992 4966 3524 5040">
     <span class='ocr_line' id='line_1_111' title="bbox 1992 4966 3524 5040; baseline 0.003 -17"><span class='ocrx_word' id='word_1_850' title='bbox 1992 4967 2173 5040; x_wconf 88' lang='lat' dir='ltr'><strong><em>(Vers.</em></strong></span> <span class='ocrx_word' id='word_1_851' title='bbox 2208 4967 2276 5022; x_wconf 78' lang='lat' dir='ltr'><strong><em>i9</em></strong></span> <span class='ocrx_word' id='word_1_852' title='bbox 2297 4966 2478 5038; x_wconf 90' lang='lat' dir='ltr'><strong><em>seqq.)</em></strong></span> <span class='ocrx_word' id='word_1_853' title='bbox 2510 4968 2748 5036; x_wconf 80' lang='lat' dir='ltr'><strong><em>Attende,</em></strong></span> <span class='ocrx_word' id='word_1_854' title='bbox 2784 4969 3022 5036; x_wconf 79' lang='lat' dir='ltr'><strong><em>Domine,</em></strong></span> <span class='ocrx_word' id='word_1_855' title='bbox 3055 4971 3125 5026; x_wconf 88' lang='lat' dir='ltr'><strong><em>ad</em></strong></span> <span class='ocrx_word' id='word_1_856' title='bbox 3152 4988 3233 5026; x_wconf 82' lang='lat' dir='ltr'><strong><em>me</em></strong></span> <span class='ocrx_word' id='word_1_857' title='bbox 3265 4987 3284 5026; x_wconf 89' lang='lat'><strong><em>:</em></strong></span> <span class='ocrx_word' id='word_1_858' title='bbox 3316 4981 3363 5024; x_wconf 90' lang='lat' dir='ltr'><strong><em>et</em></strong></span> <span class='ocrx_word' id='word_1_859' title='bbox 3395 4972 3524 5027; x_wconf 84' lang='lat' dir='ltr'><strong><em>audi</em></strong></span> 
     </span>
    </p>
   </div>
   <div class='ocr_carea' id='block_1_112' title="bbox 1917 5061 3518 5136">
    <p class='ocr_par' dir='ltr' id='par_1_112' title="bbox 1917 5061 3518 5136">
     <span class='ocr_line' id='line_1_112' title="bbox 1917 5061 3518 5136; baseline 0.002 -19"><span class='ocrx_word' id='word_1_860' title='bbox 1917 5077 2090 5117; x_wconf 83' lang='lat' dir='ltr'><strong><em>vocem</em></strong></span> <span class='ocrx_word' id='word_1_861' title='bbox 2115 5062 2529 5116; x_wconf 74' lang='lat' dir='ltr'><strong><em>adversariorum</em></strong></span> <span class='ocrx_word' id='word_1_862' title='bbox 2561 5079 2809 5118; x_wconf 85' lang='lat' dir='ltr'><strong><em>meorum.</em></strong></span> <span class='ocrx_word' id='word_1_863' title='bbox 2850 5062 3116 5134; x_wconf 83' lang='lat' dir='ltr'><strong><em>Numquid</em></strong></span> <span class='ocrx_word' id='word_1_864' title='bbox 3143 5061 3386 5118; x_wconf 88' lang='lat' dir='ltr'><strong><em>redditur</em></strong></span> <span class='ocrx_word' id='word_1_865' title='bbox 3406 5061 3518 5136; x_wconf 82' lang='lat' dir='ltr'><strong><em>[AL</em></strong></span> 
     </span>
    </p>
   </div>
   <div class='ocr_carea' id='block_1_113' title="bbox 1917 5153 3521 5228">
    <p class='ocr_par' dir='ltr' id='par_1_113' title="bbox 1917 5153 3521 5228">
     <span class='ocr_line' id='line_1_113' title="bbox 1917 5153 3521 5228; baseline 0.001 -18"><span class='ocrx_word' id='word_1_866' title='bbox 1917 5153 2185 5228; x_wconf 89' lang='lat' dir='ltr'><strong><em>reddetur]</em></strong></span> <span class='ocrx_word' id='word_1_867' title='bbox 2214 5173 2308 5228; x_wconf 88' lang='lat' dir='ltr'><strong><em>pro</em></strong></span> <span class='ocrx_word' id='word_1_868' title='bbox 2335 5156 2468 5210; x_wconf 89' lang='lat' dir='ltr'><strong><em>bono</em></strong></span> <span class='ocrx_word' id='word_1_869' title='bbox 2499 5158 2714 5223; x_wconf 88' lang='lat' dir='ltr'><strong><em>malum,</em></strong></span> <span class='ocrx_word' id='word_1_870' title='bbox 2744 5159 2866 5228; x_wconf 88' lang='lat' dir='ltr'><strong><em>quia</em></strong></span> <span class='ocrx_word' id='word_1_871' title='bbox 2897 5158 3138 5228; x_wconf 79' lang='lat' dir='ltr'><strong><em>{oderunt</em></strong></span> <span class='ocrx_word' id='word_1_872' title='bbox 3171 5160 3368 5225; x_wconf 76' lang='lat' dir='ltr'><strong><em>foveam</em></strong></span> <span class='ocrx_word' id='word_1_873' title='bbox 3396 5157 3521 5211; x_wconf 84' lang='lat' dir='ltr'><strong><em>aui-</em></strong></span> 
     </span>
    </p>
   </div>
   <div class='ocr_carea' id='block_1_114' title="bbox 1919 5247 3519 5319">
    <p class='ocr_par' dir='ltr' id='par_1_114' title="bbox 1919 5247 3519 5319">
     <span class='ocr_line' id='line_1_114' title="bbox 1919 5247 3519 5319; baseline 0.001 -17"><span class='ocrx_word' id='word_1_874' title='bbox 1919 5263 2017 5302; x_wconf 68' lang='lat' dir='ltr'><strong><em>maz</em></strong></span> <span class='ocrx_word' id='word_1_875' title='bbox 2057 5249 2222 5303; x_wconf 68' lang='lat' dir='ltr'><strong><em>tuere?</em></strong></span> <span class='ocrx_word' id='word_1_876' title='bbox 2263 5247 2558 5304; x_wconf 82' lang='lat' dir='ltr'><strong><em>Recordare</em></strong></span> <span class='ocrx_word' id='word_1_877' title='bbox 2597 5250 2736 5317; x_wconf 86' lang='lat' dir='ltr'><strong><em>quod</em></strong></span> <span class='ocrx_word' id='word_1_878' title='bbox 2766 5251 2988 5304; x_wconf 76' lang='lat' dir='ltr'><strong><em>steterim</em></strong></span> <span class='ocrx_word' id='word_1_879' title='bbox 3018 5249 3070 5301; x_wconf 90' lang='lat' dir='ltr'><strong><em>in</em></strong></span> <span class='ocrx_word' id='word_1_880' title='bbox 3100 5258 3376 5319; x_wconf 87' lang='lat' dir='ltr'><strong><em>conspectu</em></strong></span> <span class='ocrx_word' id='word_1_881' title='bbox 3407 5257 3519 5317; x_wconf 89' lang='lat' dir='ltr'><strong><em>tuo,</em></strong></span> 
     </span>
    </p>
   </div>
   <div class='ocr_carea' id='block_1_115' title="bbox 1919 5340 3521 5414">
    <p class='ocr_par' dir='ltr' id='par_1_115' title="bbox 1919 5340 3521 5414">
     <span class='ocr_line' id='line_1_115' title="bbox 1919 5340 3521 5414; baseline 0.001 -18"><span class='ocrx_word' id='word_1_882' title='bbox 1919 5353 1974 5396; x_wconf 88' lang='lat' dir='ltr'><strong><em>ut</em></strong></span> <span class='ocrx_word' id='word_1_883' title='bbox 2003 5343 2236 5414; x_wconf 75' lang='lat' dir='ltr'><strong><em>loquerer</em></strong></span> <span class='ocrx_word' id='word_1_884' title='bbox 2261 5360 2354 5414; x_wconf 86' lang='lat' dir='ltr'><strong><em>pro</em></strong></span> <span class='ocrx_word' id='word_1_885' title='bbox 2385 5343 2457 5397; x_wconf 83' lang='lat' dir='ltr'><strong><em>eis</em></strong></span> <span class='ocrx_word' id='word_1_886' title='bbox 2483 5343 2696 5407; x_wconf 87' lang='lat' dir='ltr'><strong><em>bonum,</em></strong></span> <span class='ocrx_word' id='word_1_887' title='bbox 2729 5351 2775 5397; x_wconf 88' lang='lat' dir='ltr'><strong><em>et</em></strong></span> <span class='ocrx_word' id='word_1_888' title='bbox 2806 5353 3080 5396; x_wconf 82' lang='lat' dir='ltr'><strong><em>averterent</em></strong></span> <span class='ocrx_word' id='word_1_889' title='bbox 3109 5340 3521 5410; x_wconf 80' lang='lat' dir='ltr'><strong><em>indignationem</em></strong></span> 
     </span>
    </p>
   </div>
   <div class='ocr_carea' id='block_1_116' title="bbox 1919 5421 3521 5509">
    <p class='ocr_par' dir='ltr' id='par_1_116' title="bbox 1919 5421 3521 5509">
     <span class='ocr_line' id='line_1_116' title="bbox 1919 5421 3521 5509; baseline 0 -19"><span class='ocrx_word' id='word_1_890' title='bbox 1919 5445 2061 5491; x_wconf 89' lang='lat' dir='ltr'><strong><em>luam</em></strong></span> <span class='ocrx_word' id='word_1_891' title='bbox 2101 5437 2162 5490; x_wconf 91' lang='lat' dir='ltr'><strong><em>ab</em></strong></span> <span class='ocrx_word' id='word_1_892' title='bbox 2207 5438 2298 5491; x_wconf 78' lang='lat' dir='ltr'><strong><em>eis.</em></strong></span> <span class='ocrx_word' id='word_1_893' title='bbox 2331 5421 2636 5509; x_wconf 73' lang='lat' dir='ltr'><strong><em>Propterea</em></strong></span> <span class='ocrx_word' id='word_1_894' title='bbox 2667 5440 2733 5490; x_wconf 91' lang='lat' dir='ltr'><strong><em>da</em></strong></span> <span class='ocrx_word' id='word_1_895' title='bbox 2765 5438 2902 5504; x_wconf 79' lang='lat' dir='ltr'><strong><em>ﬁlios</em></strong></span> <span class='ocrx_word' id='word_1_896' title='bbox 2929 5450 3110 5488; x_wconf 89' lang='lat' dir='ltr'><strong><em>eorum</em></strong></span> <span class='ocrx_word' id='word_1_897' title='bbox 3139 5433 3195 5487; x_wconf 84' lang='lat' dir='ltr'><strong><em>in</em></strong></span> <span class='ocrx_word' id='word_1_898' title='bbox 3226 5433 3440 5504; x_wconf 76' lang='lat' dir='ltr'><strong><em>famam,</em></strong></span> <span class='ocrx_word' id='word_1_899' title='bbox 3472 5445 3521 5490; x_wconf 84' lang='lat' dir='ltr'><strong><em>et</em></strong></span> 
     </span>
    </p>
   </div>
   <div class='ocr_carea' id='block_1_117' title="bbox 1919 5529 3520 5605">
    <p class='ocr_par' dir='ltr' id='par_1_117' title="bbox 1919 5529 3520 5605">
     <span class='ocr_line' id='line_1_117' title="bbox 1919 5529 3520 5605; baseline 0.002 -21"><span class='ocrx_word' id='word_1_900' title='bbox 1919 5531 2084 5586; x_wconf 78' lang='lat' dir='ltr'><strong><em>deduc</em></strong></span> <span class='ocrx_word' id='word_1_901' title='bbox 2107 5549 2193 5587; x_wconf 88' lang='lat' dir='ltr'><strong><em>eos</em></strong></span> <span class='ocrx_word' id='word_1_902' title='bbox 2217 5535 2272 5587; x_wconf 88' lang='lat' dir='ltr'><strong><em>in</em></strong></span> <span class='ocrx_word' id='word_1_903' title='bbox 2302 5549 2485 5587; x_wconf 86' lang='lat' dir='ltr'><strong><em>manus</em></strong></span> <span class='ocrx_word' id='word_1_904' title='bbox 2510 5533 2693 5605; x_wconf 83' lang='lat' dir='ltr'><strong><em>gladii.</em></strong></span> <span class='ocrx_word' id='word_1_905' title='bbox 2725 5529 2885 5586; x_wconf 83' lang='lat' dir='ltr'><strong><em>Fiant</em></strong></span> <span class='ocrx_word' id='word_1_906' title='bbox 2911 5545 3101 5584; x_wconf 71' lang='lat' dir='ltr'><strong><em>uxores</em></strong></span> <span class='ocrx_word' id='word_1_907' title='bbox 3123 5541 3302 5583; x_wconf 84' lang='lat' dir='ltr'><strong><em>eorum</em></strong></span> <span class='ocrx_word' id='word_1_908' title='bbox 3327 5530 3520 5602; x_wconf 85' lang='lat' dir='ltr'><strong><em>absque</em></strong></span> 
     </span>
    </p>
   </div>
   <div class='ocr_carea' id='block_1_118' title="bbox 1917 5620 3521 5696">
    <p class='ocr_par' dir='ltr' id='par_1_118' title="bbox 1917 5620 3521 5696">
     <span class='ocr_line' id='line_1_118' title="bbox 1917 5620 3521 5696; baseline -0.001 -18"><span class='ocrx_word' id='word_1_909' title='bbox 1917 5623 2091 5679; x_wconf 65' lang='lat' dir='ltr'><strong><em>liberis</em></strong></span> <span class='ocrx_word' id='word_1_910' title='bbox 2120 5639 2167 5680; x_wconf 81' lang='lat' dir='ltr'><strong><em>et</em></strong></span> <span class='ocrx_word' id='word_1_911' title='bbox 2194 5625 2382 5689; x_wconf 65' lang='lat' dir='ltr'><strong><em>uirtute,</em></strong></span> <span class='ocrx_word' id='word_1_912' title='bbox 2405 5627 2452 5680; x_wconf 77' lang='lat' dir='ltr'><strong><em>et</em></strong></span> <span class='ocrx_word' id='word_1_913' title='bbox 2485 5626 2581 5679; x_wconf 82' lang='lat' dir='ltr'><strong><em>viri</em></strong></span> <span class='ocrx_word' id='word_1_914' title='bbox 2608 5639 2785 5679; x_wconf 88' lang='lat' dir='ltr'><strong><em>earum</em></strong></span> <span class='ocrx_word' id='word_1_915' title='bbox 2815 5620 3200 5690; x_wconf 78' lang='lat' dir='ltr'><strong><em>interficiuntur</em></strong></span> <span class='ocrx_word' id='word_1_916' title='bbox 3226 5631 3410 5686; x_wconf 88' lang='lat' dir='ltr'><strong><em>morte,</em></strong></span> <span class='ocrx_word' id='word_1_917' title='bbox 3426 5625 3521 5696; x_wconf 85' lang='lat' dir='ltr'><strong><em>ju-</em></strong></span> 
     </span>
    </p>
   </div>
   <div class='ocr_carea' id='block_1_119' title="bbox 1919 5715 3520 5791">
    <p class='ocr_par' dir='ltr' id='par_1_119' title="bbox 1919 5715 3520 5791">
     <span class='ocr_line' id='line_1_119' title="bbox 1919 5715 3520 5791; baseline 0 -17"><span class='ocrx_word' id='word_1_918' title='bbox 1919 5735 2066 5775; x_wconf 78' lang='lat' dir='ltr'><strong><em>venes</em></strong></span> <span class='ocrx_word' id='word_1_919' title='bbox 2109 5737 2287 5777; x_wconf 88' lang='lat' dir='ltr'><strong><em>eorum</em></strong></span> <span class='ocrx_word' id='word_1_920' title='bbox 2321 5720 2694 5791; x_wconf 79' lang='lat' dir='ltr'><strong><em>confodiantur</em></strong></span> <span class='ocrx_word' id='word_1_921' title='bbox 2731 5717 2908 5790; x_wconf 88' lang='lat' dir='ltr'><strong><em>gladio</em></strong></span> <span class='ocrx_word' id='word_1_922' title='bbox 2948 5718 3000 5770; x_wconf 90' lang='lat' dir='ltr'><strong><em>in</em></strong></span> <span class='ocrx_word' id='word_1_923' title='bbox 3029 5716 3234 5787; x_wconf 78' lang='lat' dir='ltr'><strong><em>prtelio,</em></strong></span> <span class='ocrx_word' id='word_1_924' title='bbox 3269 5715 3520 5774; x_wconf 88' lang='lat' dir='ltr'><strong><em>audiatur</em></strong></span> 
     </span>
    </p>
   </div>
   <div class='ocr_carea' id='block_1_120' title="bbox 1984 5856 3516 5994">
    <p class='ocr_par' dir='ltr' id='par_1_120' title="bbox 1984 5856 3516 5994">
     <span class='ocr_line' id='line_1_120' title="bbox 1984 5856 3516 5994; baseline 0 -76"><span class='ocrx_word' id='word_1_925' title='bbox 1984 5859 2012 5900; x_wconf 70' lang='grc' dir='ltr'>δ</span> <span class='ocrx_word' id='word_1_926' title='bbox 2035 5861 2226 5994; x_wconf 63' lang='lat' dir='ltr'><strong><em>tNostri</em></strong></span> <span class='ocrx_word' id='word_1_927' title='bbox 2269 5875 2399 5918; x_wconf 88' lang='lat' dir='ltr'><strong><em>mss.</em></strong></span> <span class='ocrx_word' id='word_1_928' title='bbox 2446 5867 2500 5915; x_wconf 91' lang='lat' dir='ltr'><strong><em>et</em></strong></span> <span class='ocrx_word' id='word_1_929' title='bbox 2539 5857 2816 5930; x_wconf 62' lang='lat' dir='ltr'><strong><em>Rabanus&#39;,</em></strong></span> <span class='ocrx_word' id='word_1_930' title='bbox 2866 5856 3018 5913; x_wconf 83' lang='lat' dir='ltr'><strong><em>sibilo</em></strong></span> <span class='ocrx_word' id='word_1_931' title='bbox 3057 5870 3160 5930; x_wconf 87' lang='lat' dir='ltr'><strong><em>pro</em></strong></span> <span class='ocrx_word' id='word_1_932' title='bbox 3188 5858 3398 5916; x_wconf 83' lang='lat' dir='ltr'><strong><em>silentio</em></strong></span> <span class='ocrx_word' id='word_1_933' title='bbox 3428 5857 3516 5930; x_wconf 70' lang='lat' dir='ltr'><strong><em>le-</em></strong></span> 
     </span>
     <span class='ocr_line' id='line_1_121' title="bbox 1984 5951 3074 5992; baseline -0.008 0"><span class='ocrx_word' id='word_1_934' title='bbox 1984 5951 2026 5992; x_wconf 79' lang='lat' dir='ltr'><strong><em>to</em></strong></span> <span class='ocrx_word' id='word_1_935' title='bbox 2064 5971 2076 5989; x_wconf 88' lang='lat'><strong><em>.</em></strong></span> <span class='ocrx_word' id='word_1_936' title='bbox 3067 5959 3074 5967; x_wconf 87' lang='lat'><strong><em>-</em></strong></span> 
     </span>
    </p>
   </div>
   <div class='ocr_carea' id='block_1_121' title="bbox 1922 5949 3074 6012">
    <p class='ocr_par' dir='ltr' id='par_1_121' title="bbox 1922 5949 3074 6012">
     <span class='ocr_line' id='line_1_122' title="bbox 1922 5949 3074 6012; baseline 0.003 -21"><span class='ocrx_word' id='word_1_937' title='bbox 1922 5949 2076 6012; x_wconf 79' lang='lat' dir='ltr'><strong><em>gunt.</em></strong></span> <span class='ocrx_word' id='word_1_938' title='bbox 3067 5959 3074 5967; x_wconf 68' lang='grc' dir='ltr'><strong><em>ε</em></strong></span> 
     </span>
    </p>
   </div>
  </div>
