  <div class='ocr_page' id='page_1' title='image "/cluster/home/n/w/nwhite01/storage/ocr_20150623/24/hvd.32044015471386/405.png"; bbox 0 0 3846 6972; ppageno 0'>
   <div class='ocr_carea' id='block_1_1' title="bbox 426 357 537 420">
    <p class='ocr_par' dir='ltr' id='par_1_1' title="bbox 426 357 537 420">
     <span class='ocr_line' id='line_1_1' title="bbox 426 357 537 420; baseline -0.027 0"><span class='ocrx_word' id='word_1_1' title='bbox 426 357 537 420; x_wconf 67' lang='lat'><strong>799</strong></span> 
     </span>
    </p>
   </div>
   <div class='ocr_carea' id='block_1_2' title="bbox 1683 355 2478 416">
    <p class='ocr_par' dir='ltr' id='par_1_2' title="bbox 1683 355 2478 416">
     <span class='ocr_line' id='line_1_2' title="bbox 1683 355 2478 416; baseline -0.003 0"><span class='ocrx_word' id='word_1_2' title='bbox 1683 357 1741 416; x_wconf 73' lang='grc' dir='ltr'><strong>Β.</strong></span> <span class='ocrx_word' id='word_1_3' title='bbox 1785 356 2060 416; x_wconf 79' lang='lat' dir='ltr'><strong>EUSEBII</strong></span> <span class='ocrx_word' id='word_1_4' title='bbox 2100 355 2478 415; x_wconf 74' lang='lat' dir='ltr'><strong>HIERONYMI</strong></span> 
     </span>
    </p>
   </div>
   <div class='ocr_carea' id='block_1_3' title="bbox 3585 358 3669 419">
    <p class='ocr_par' dir='ltr' id='par_1_3' title="bbox 3585 358 3669 419">
     <span class='ocr_line' id='line_1_3' title="bbox 3585 358 3669 419; baseline 0 0"><span class='ocrx_word' id='word_1_5' title='bbox 3585 358 3669 419; x_wconf 79' lang='lat'><strong>800</strong></span> 
     </span>
    </p>
   </div>
   <div class='ocr_carea' id='block_1_4' title="bbox 431 472 3671 553">
    <p class='ocr_par' dir='ltr' id='par_1_4' title="bbox 431 472 3671 553">
     <span class='ocr_line' id='line_1_4' title="bbox 431 472 3671 553; baseline 0.001 -23"><span class='ocrx_word' id='word_1_6' title='bbox 431 474 629 533; x_wconf 83' lang='lat' dir='ltr'><strong>clamor</strong></span> <span class='ocrx_word' id='word_1_7' title='bbox 667 477 730 532; x_wconf 89' lang='lat' dir='ltr'><strong>de</strong></span> <span class='ocrx_word' id='word_1_8' title='bbox 772 477 1011 533; x_wconf 89' lang='lat' dir='ltr'><strong>domibus</strong></span> <span class='ocrx_word' id='word_1_9' title='bbox 1048 493 1247 533; x_wconf 79' lang='lat' dir='ltr'><strong>eorum.</strong></span> <span class='ocrx_word' id='word_1_10' title='bbox 1288 476 1347 533; x_wconf 87' lang='grc' dir='ltr'><strong>ιιι</strong></span> <span class='ocrx_word' id='word_1_11' title='bbox 1379 484 1565 550; x_wconf 82' lang='lat' dir='ltr'><strong>typum</strong></span> <span class='ocrx_word' id='word_1_12' title='bbox 1590 474 1811 548; x_wconf 84' lang='lat' dir='ltr'><strong>quidem</strong></span> <span class='ocrx_word' id='word_1_13' title='bbox 1842 472 2034 532; x_wconf 86' lang='lat' dir='ltr'><strong>Salva—</strong></span> <span class='ocrx_word' id='word_1_14' title='bbox 2062 475 2114 542; x_wconf 77' lang='grc' dir='ltr'><strong>Α</strong></span> <span class='ocrx_word' id='word_1_15' title='bbox 2138 474 2328 531; x_wconf 84' lang='lat' dir='ltr'><strong>Audite</strong></span> <span class='ocrx_word' id='word_1_16' title='bbox 2346 474 2554 531; x_wconf 84' lang='lat' dir='ltr'><strong>verbum</strong></span> <span class='ocrx_word' id='word_1_17' title='bbox 2586 475 2821 544; x_wconf 88' lang='lat' dir='ltr'><strong>Domini,</strong></span> <span class='ocrx_word' id='word_1_18' title='bbox 2848 493 2994 553; x_wconf 80' lang='lat' dir='ltr'><strong>reges</strong></span> <span class='ocrx_word' id='word_1_19' title='bbox 3021 474 3186 543; x_wconf 82' lang='lat' dir='ltr'><strong>Juda,</strong></span> <span class='ocrx_word' id='word_1_20' title='bbox 3216 485 3264 531; x_wconf 88' lang='lat' dir='ltr'><strong>et</strong></span> <span class='ocrx_word' id='word_1_21' title='bbox 3303 476 3585 533; x_wconf 86' lang='lat' dir='ltr'><strong>habitatores</strong></span> <span class='ocrx_word' id='word_1_22' title='bbox 3601 474 3671 534; x_wconf 32' lang='lat' dir='ltr'><strong>les</strong></span> 
     </span>
    </p>
   </div>
   <div class='ocr_carea' id='block_1_5' title="bbox 433 568 2031 643">
    <p class='ocr_par' dir='ltr' id='par_1_5' title="bbox 433 568 2031 643">
     <span class='ocr_line' id='line_1_5' title="bbox 433 568 2031 643; baseline -0.001 -18"><span class='ocrx_word' id='word_1_23' title='bbox 433 568 570 626; x_wconf 90' lang='lat' dir='ltr'><strong>toris</strong></span> <span class='ocrx_word' id='word_1_24' title='bbox 612 568 730 626; x_wconf 60' lang='lat' dir='ltr'><strong>haec</strong></span> <span class='ocrx_word' id='word_1_25' title='bbox 771 586 801 626; x_wconf 88' lang='lat' dir='ltr'><strong>a</strong></span> <span class='ocrx_word' id='word_1_26' title='bbox 848 571 1050 643; x_wconf 91' lang='lat' dir='ltr'><strong>populo</strong></span> <span class='ocrx_word' id='word_1_27' title='bbox 1093 568 1409 628; x_wconf 68' lang='lat' dir='ltr'><strong>Judrenrttm</strong></span> <span class='ocrx_word' id='word_1_28' title='bbox 1456 568 1724 627; x_wconf 82' lang='lat' dir='ltr'><strong>Jeremias</strong></span> <span class='ocrx_word' id='word_1_29' title='bbox 1774 570 2031 626; x_wconf 80' lang='lat' dir='ltr'><strong>universa</strong></span> 
     </span>
    </p>
   </div>
   <div class='ocr_carea' id='block_1_6' title="bbox 433 662 2037 737">
    <p class='ocr_par' dir='ltr' id='par_1_6' title="bbox 433 662 2037 737">
     <span class='ocr_line' id='line_1_6' title="bbox 433 662 2037 737; baseline 0.001 -20"><span class='ocrx_word' id='word_1_30' title='bbox 433 663 762 735; x_wconf 75' lang='lat' dir='ltr'><strong>perpolitur,</strong></span> <span class='ocrx_word' id='word_1_31' title='bbox 798 662 889 735; x_wconf 92' lang='lat' dir='ltr'><strong>qui</strong></span> <span class='ocrx_word' id='word_1_32' title='bbox 931 672 1144 735; x_wconf 78' lang='lat' dir='ltr'><strong>postea.</strong></span> <span class='ocrx_word' id='word_1_33' title='bbox 1173 663 1480 737; x_wconf 82' lang='lat' dir='ltr'><strong>Babylonio</strong></span> <span class='ocrx_word' id='word_1_34' title='bbox 1508 662 1787 728; x_wconf 79' lang='lat' dir='ltr'><strong>veniente,</strong></span> <span class='ocrx_word' id='word_1_35' title='bbox 1817 671 2037 718; x_wconf 83' lang='lat' dir='ltr'><strong>vastan-</strong></span> 
     </span>
    </p>
   </div>
   <div class='ocr_carea' id='block_1_7' title="bbox 434 755 2035 831">
    <p class='ocr_par' dir='ltr' id='par_1_7' title="bbox 434 755 2035 831">
     <span class='ocr_line' id='line_1_7' title="bbox 434 755 2035 831; baseline 0.001 -20"><span class='ocrx_word' id='word_1_36' title='bbox 434 763 545 812; x_wconf 89' lang='lat' dir='ltr'><strong>tur.</strong></span> <span class='ocrx_word' id='word_1_37' title='bbox 595 755 705 813; x_wconf 86' lang='lat' dir='ltr'><strong>Sed</strong></span> <span class='ocrx_word' id='word_1_38' title='bbox 758 756 972 827; x_wconf 82' lang='lat' dir='ltr'><strong>plenius</strong></span> <span class='ocrx_word' id='word_1_39' title='bbox 1021 767 1186 828; x_wconf 86' lang='lat' dir='ltr'><strong>atque</strong></span> <span class='ocrx_word' id='word_1_40' title='bbox 1234 756 1536 831; x_wconf 71' lang='lat' dir='ltr'><strong>p~-rfectius</strong></span> <span class='ocrx_word' id='word_1_41' title='bbox 1588 759 1934 827; x_wconf 73' lang='lat' dir='ltr'><strong>complentur</strong></span> <span class='ocrx_word' id='word_1_42' title='bbox 1980 757 2035 813; x_wconf 92' lang='lat' dir='ltr'><strong>in</strong></span> 
     </span>
    </p>
   </div>
   <div class='ocr_carea' id='block_1_8' title="bbox 432 845 2035 924">
    <p class='ocr_par' dir='ltr' id='par_1_8' title="bbox 432 845 2035 924">
     <span class='ocr_line' id='line_1_8' title="bbox 432 845 2035 924; baseline 0.001 -23"><span class='ocrx_word' id='word_1_43' title='bbox 432 845 675 918; x_wconf 82' lang='lat' dir='ltr'><strong>Christo,</strong></span> <span class='ocrx_word' id='word_1_44' title='bbox 714 857 771 905; x_wconf 91' lang='lat' dir='ltr'><strong>et</strong></span> <span class='ocrx_word' id='word_1_45' title='bbox 798 846 908 923; x_wconf 84' lang='grc' dir='ltr'><strong>[ΑΙ.</strong></span> <span class='ocrx_word' id='word_1_46' title='bbox 953 848 1105 924; x_wconf 90' lang='lat' dir='ltr'><strong>cum]</strong></span> <span class='ocrx_word' id='word_1_47' title='bbox 1137 853 1273 908; x_wconf 92' lang='lat' dir='ltr'><strong>urhe</strong></span> <span class='ocrx_word' id='word_1_48' title='bbox 1311 851 1600 912; x_wconf 84' lang='lat' dir='ltr'><strong>subversa.</strong></span> <span class='ocrx_word' id='word_1_49' title='bbox 1640 849 1886 906; x_wconf 83' lang='lat' dir='ltr'><strong>Romano</strong></span> <span class='ocrx_word' id='word_1_50' title='bbox 1917 849 2035 921; x_wconf 58' lang='lat' dir='ltr'><strong>glav</strong></span> 
     </span>
    </p>
   </div>
   <div class='ocr_carea' id='block_1_9' title="bbox 432 939 2041 1015">
    <p class='ocr_par' dir='ltr' id='par_1_9' title="bbox 432 939 2041 1015">
     <span class='ocr_line' id='line_1_9' title="bbox 432 939 2041 1015; baseline 0.001 -18"><span class='ocrx_word' id='word_1_51' title='bbox 432 939 528 997; x_wconf 90' lang='lat' dir='ltr'><strong>dio</strong></span> <span class='ocrx_word' id='word_1_52' title='bbox 574 944 827 999; x_wconf 88' lang='lat' dir='ltr'><strong>trucidati</strong></span> <span class='ocrx_word' id='word_1_53' title='bbox 875 952 1037 1010; x_wconf 89' lang='lat' dir='ltr'><strong>sunt,</strong></span> <span class='ocrx_word' id='word_1_54' title='bbox 1083 960 1193 1000; x_wconf 90' lang='lat' dir='ltr'><strong>non</strong></span> <span class='ocrx_word' id='word_1_55' title='bbox 1239 946 1311 1000; x_wconf 87' lang='lat' dir='ltr'><strong>ob</strong></span> <span class='ocrx_word' id='word_1_56' title='bbox 1355 944 1756 1010; x_wconf 82' lang='lat' dir='ltr'><strong>idololatriam.</strong></span> <span class='ocrx_word' id='word_1_57' title='bbox 1803 961 1926 1015; x_wconf 72' lang='lat' dir='ltr'><strong>qua:</strong></span> <span class='ocrx_word' id='word_1_58' title='bbox 1972 959 2041 999; x_wconf 91' lang='lat' dir='ltr'><strong>eo</strong></span> 
     </span>
    </p>
   </div>
   <div class='ocr_carea' id='block_1_10' title="bbox 435 1036 2037 1106">
    <p class='ocr_par' dir='ltr' id='par_1_10' title="bbox 435 1036 2037 1106">
     <span class='ocr_line' id='line_1_10' title="bbox 435 1036 2037 1106; baseline -0.001 -14"><span class='ocrx_word' id='word_1_59' title='bbox 435 1042 684 1104; x_wconf 83' lang='lat' dir='ltr'><strong>tempore</strong></span> <span class='ocrx_word' id='word_1_60' title='bbox 725 1051 832 1091; x_wconf 91' lang='lat' dir='ltr'><strong>nou</strong></span> <span class='ocrx_word' id='word_1_61' title='bbox 877 1046 1018 1102; x_wconf 89' lang='lat' dir='ltr'><strong>erat,</strong></span> <span class='ocrx_word' id='word_1_62' title='bbox 1056 1038 1153 1094; x_wconf 88' lang='lat' dir='ltr'><strong>sed</strong></span> <span class='ocrx_word' id='word_1_63' title='bbox 1192 1039 1264 1093; x_wconf 88' lang='lat' dir='ltr'><strong>ob</strong></span> <span class='ocrx_word' id='word_1_64' title='bbox 1294 1038 1730 1094; x_wconf 68' lang='lat' dir='ltr'><strong>interfectionem</strong></span> <span class='ocrx_word' id='word_1_65' title='bbox 1762 1036 1884 1093; x_wconf 84' lang='lat' dir='ltr'><strong>Filii</strong></span> <span class='ocrx_word' id='word_1_66' title='bbox 1922 1038 2037 1106; x_wconf 84' lang='lat' dir='ltr'><strong>Dci,</strong></span> 
     </span>
    </p>
   </div>
   <div class='ocr_carea' id='block_1_11' title="bbox 434 1128 2038 1201">
    <p class='ocr_par' dir='ltr' id='par_1_11' title="bbox 434 1128 2038 1201">
     <span class='ocr_line' id='line_1_11' title="bbox 434 1128 2038 1201; baseline 0.002 -22"><span class='ocrx_word' id='word_1_67' title='bbox 434 1128 657 1199; x_wconf 85' lang='lat' dir='ltr'><strong>quando</strong></span> <span class='ocrx_word' id='word_1_68' title='bbox 692 1141 922 1184; x_wconf 82' lang='lat' dir='ltr'><strong>ctnictus</strong></span> <span class='ocrx_word' id='word_1_69' title='bbox 963 1130 1128 1185; x_wconf 84' lang='lat' dir='ltr'><strong>simul</strong></span> <span class='ocrx_word' id='word_1_70' title='bbox 1163 1131 1397 1201; x_wconf 85' lang='lat' dir='ltr'><strong>populus</strong></span> <span class='ocrx_word' id='word_1_71' title='bbox 1425 1130 1792 1187; x_wconf 83' lang='lat' dir='ltr'><strong>conclamavit</strong></span> <span class='ocrx_word' id='word_1_72' title='bbox 1822 1148 1835 1185; x_wconf 87' lang='lat'><strong>:</strong></span> <span class='ocrx_word' id='word_1_73' title='bbox 1868 1128 2038 1197; x_wconf 81' lang='lat' dir='ltr'><strong>Tolle,</strong></span> 
     </span>
    </p>
   </div>
   <div class='ocr_carea' id='block_1_12' title="bbox 436 1220 2039 1295">
    <p class='ocr_par' dir='ltr' id='par_1_12' title="bbox 436 1220 2039 1295">
     <span class='ocr_line' id='line_1_12' title="bbox 436 1220 2039 1295; baseline 0 -18"><span class='ocrx_word' id='word_1_74' title='bbox 436 1220 565 1277; x_wconf 90' lang='lat' dir='ltr'><strong>tolle</strong></span> <span class='ocrx_word' id='word_1_75' title='bbox 589 1222 744 1278; x_wconf 87' lang='lat' dir='ltr'><strong>talem</strong></span> <span class='ocrx_word' id='word_1_76' title='bbox 772 1239 791 1278; x_wconf 90' lang='lat'><strong><em>:</em></strong></span> <span class='ocrx_word' id='word_1_77' title='bbox 820 1239 995 1294; x_wconf 82' lang='lat' dir='ltr'><strong><em>regem</em></strong></span> <span class='ocrx_word' id='word_1_78' title='bbox 1023 1241 1129 1279; x_wconf 88' lang='lat' dir='ltr'><strong>non</strong></span> <span class='ocrx_word' id='word_1_79' title='bbox 1159 1224 1407 1279; x_wconf 76' lang='lat' dir='ltr'><strong>habemus</strong></span> <span class='ocrx_word' id='word_1_80' title='bbox 1439 1225 1540 1278; x_wconf 91' lang='lat' dir='ltr'><strong>nisi</strong></span> <span class='ocrx_word' id='word_1_81' title='bbox 1569 1222 1827 1280; x_wconf 76' lang='lat' dir='ltr'><strong>Ctesarem</strong></span> <span class='ocrx_word' id='word_1_82' title='bbox 1857 1222 2039 1295; x_wconf 81' lang='lat' dir='ltr'><strong>(Joan.</strong></span> 
     </span>
    </p>
   </div>
   <div class='ocr_carea' id='block_1_13' title="bbox 437 1316 2045 1386">
    <p class='ocr_par' dir='ltr' id='par_1_13' title="bbox 437 1316 2045 1386">
     <span class='ocr_line' id='line_1_13' title="bbox 437 1316 2045 1386; baseline 0.002 -15"><span class='ocrx_word' id='word_1_83' title='bbox 437 1329 555 1380; x_wconf 72' lang='lat' dir='ltr'><strong>nx,</strong></span> <span class='ocrx_word' id='word_1_84' title='bbox 602 1317 716 1385; x_wconf 80' lang='grc'><strong>15).</strong></span> <span class='ocrx_word' id='word_1_85' title='bbox 748 1316 822 1373; x_wconf 85' lang='grc' dir='ltr'>Ει</span> <span class='ocrx_word' id='word_1_86' title='bbox 865 1318 1188 1386; x_wconf 84' lang='lat' dir='ltr'><strong>imprecatio</strong></span> <span class='ocrx_word' id='word_1_87' title='bbox 1229 1334 1421 1375; x_wconf 91' lang='lat' dir='ltr'><strong>eorum</strong></span> <span class='ocrx_word' id='word_1_88' title='bbox 1462 1329 1663 1376; x_wconf 76' lang='lat' dir='ltr'><strong>mterna</strong></span> <span class='ocrx_word' id='word_1_89' title='bbox 1692 1319 2045 1375; x_wconf 73' lang='lat' dir='ltr'><strong>damnatione</strong></span> 
     </span>
    </p>
   </div>
   <div class='ocr_carea' id='block_1_14' title="bbox 439 1409 2047 1487">
    <p class='ocr_par' dir='ltr' id='par_1_14' title="bbox 439 1409 2047 1487">
     <span class='ocr_line' id='line_1_14' title="bbox 439 1409 2047 1487; baseline 0.004 -24"><span class='ocrx_word' id='word_1_90' title='bbox 439 1409 710 1478; x_wconf 82' lang='lat' dir='ltr'><strong>completa</strong></span> <span class='ocrx_word' id='word_1_91' title='bbox 742 1420 862 1479; x_wconf 87' lang='lat' dir='ltr'><strong>est;</strong></span> <span class='ocrx_word' id='word_1_92' title='bbox 900 1410 1133 1483; x_wconf 91' lang='lat' dir='ltr'><strong>Sanguis</strong></span> <span class='ocrx_word' id='word_1_93' title='bbox 1162 1415 1213 1487; x_wconf 91' lang='lat' dir='ltr'><strong>ej</strong></span> <span class='ocrx_word' id='word_1_94' title='bbox 1223 1430 1276 1469; x_wconf 75' lang='lat' dir='ltr'><strong>‘IS</strong></span> <span class='ocrx_word' id='word_1_95' title='bbox 1306 1430 1463 1484; x_wconf 86' lang='lat' dir='ltr'><strong>super</strong></span> <span class='ocrx_word' id='word_1_96' title='bbox 1492 1429 1611 1479; x_wconf 80' lang='lat' dir='ltr'><strong>nos,</strong></span> <span class='ocrx_word' id='word_1_97' title='bbox 1642 1423 1691 1469; x_wconf 91' lang='lat' dir='ltr'><strong>et</strong></span> <span class='ocrx_word' id='word_1_98' title='bbox 1720 1429 1877 1479; x_wconf 84' lang='lat' dir='ltr'><strong>super</strong></span> <span class='ocrx_word' id='word_1_99' title='bbox 1906 1412 2047 1483; x_wconf 89' lang='lat' dir='ltr'><strong>ﬁlios</strong></span> 
     </span>
    </p>
   </div>
   <div class='ocr_carea' id='block_1_15' title="bbox 440 1502 2048 1578">
    <p class='ocr_par' dir='ltr' id='par_1_15' title="bbox 440 1502 2048 1578">
     <span class='ocr_line' id='line_1_15' title="bbox 440 1502 2048 1578; baseline 0 -18"><span class='ocrx_word' id='word_1_100' title='bbox 440 1512 644 1560; x_wconf 85' lang='lat' dir='ltr'><strong>nostros</strong></span> <span class='ocrx_word' id='word_1_101' title='bbox 680 1502 897 1578; x_wconf 76' lang='lat' dir='ltr'><strong>(Matth.</strong></span> <span class='ocrx_word' id='word_1_102' title='bbox 942 1521 1112 1563; x_wconf 81' lang='lat' dir='ltr'><strong>xxvu.</strong></span> <span class='ocrx_word' id='word_1_103' title='bbox 1153 1506 1271 1578; x_wconf 72' lang='lat'><strong>23).</strong></span> <span class='ocrx_word' id='word_1_104' title='bbox 1318 1506 1593 1563; x_wconf 81' lang='lat' dir='ltr'><strong>Foderant</strong></span> <span class='ocrx_word' id='word_1_105' title='bbox 1635 1507 1781 1562; x_wconf 85' lang='lat' dir='ltr'><strong>enim</strong></span> <span class='ocrx_word' id='word_1_106' title='bbox 1825 1504 2048 1562; x_wconf 81' lang='lat' dir='ltr'><strong>Clll‘lSlO</strong></span> 
     </span>
    </p>
   </div>
   <div class='ocr_carea' id='block_1_16' title="bbox 442 1597 2048 1672">
    <p class='ocr_par' dir='ltr' id='par_1_16' title="bbox 442 1597 2048 1672">
     <span class='ocr_line' id='line_1_16' title="bbox 442 1597 2048 1672; baseline 0.002 -19"><span class='ocrx_word' id='word_1_107' title='bbox 442 1597 680 1665; x_wconf 71' lang='lat' dir='ltr'><strong>foveam,</strong></span> <span class='ocrx_word' id='word_1_108' title='bbox 713 1608 773 1656; x_wconf 92' lang='lat' dir='ltr'><strong>et</strong></span> <span class='ocrx_word' id='word_1_109' title='bbox 799 1600 1051 1657; x_wconf 82' lang='lat' dir='ltr'><strong>dixerant</strong></span> <span class='ocrx_word' id='word_1_110' title='bbox 1089 1620 1102 1656; x_wconf 90' lang='lat'>:</span> <span class='ocrx_word' id='word_1_111' title='bbox 1130 1601 1444 1672; x_wconf 65' lang='lat' dir='ltr'><strong>Auferamus</strong></span> <span class='ocrx_word' id='word_1_112' title='bbox 1471 1619 1590 1656; x_wconf 88' lang='lat' dir='ltr'><strong>eum</strong></span> <span class='ocrx_word' id='word_1_113' title='bbox 1617 1601 1683 1656; x_wconf 90' lang='lat' dir='ltr'><strong>de</strong></span> <span class='ocrx_word' id='word_1_114' title='bbox 1706 1611 1847 1656; x_wconf 90' lang='lat' dir='ltr'><strong>terra</strong></span> <span class='ocrx_word' id='word_1_115' title='bbox 1873 1602 2048 1656; x_wconf 75' lang='lat' dir='ltr'><strong>viven-</strong></span> 
     </span>
    </p>
   </div>
   <div class='ocr_carea' id='block_1_17' title="bbox 446 1690 2051 1769">
    <p class='ocr_par' dir='ltr' id='par_1_17' title="bbox 446 1690 2051 1769">
     <span class='ocr_line' id='line_1_17' title="bbox 446 1690 2051 1769; baseline 0.001 -22"><span class='ocrx_word' id='word_1_116' title='bbox 446 1692 576 1748; x_wconf 88' lang='lat' dir='ltr'><strong>tium</strong></span> <span class='ocrx_word' id='word_1_117' title='bbox 607 1690 742 1757; x_wconf 82' lang='lat' dir='ltr'><strong>(Isa.</strong></span> <span class='ocrx_word' id='word_1_118' title='bbox 786 1710 895 1759; x_wconf 82' lang='lat' dir='ltr'><strong>LIII.</strong></span> <span class='ocrx_word' id='word_1_119' title='bbox 930 1695 1009 1767; x_wconf 89' lang='lat'><strong>8).</strong></span> <span class='ocrx_word' id='word_1_120' title='bbox 1042 1696 1143 1763; x_wconf 92' lang='lat' dir='ltr'><strong>Qui</strong></span> <span class='ocrx_word' id='word_1_121' title='bbox 1180 1704 1346 1752; x_wconf 73' lang='lat' dir='ltr'><strong>tanta:</strong></span> <span class='ocrx_word' id='word_1_122' title='bbox 1375 1712 1501 1769; x_wconf 76' lang='lat' dir='ltr'><strong>erga</strong></span> <span class='ocrx_word' id='word_1_123' title='bbox 1530 1711 1628 1753; x_wconf 87' lang='lat' dir='ltr'><strong>eos</strong></span> <span class='ocrx_word' id='word_1_124' title='bbox 1659 1695 2051 1751; x_wconf 73' lang='lat' dir='ltr'><strong>misericordia:</strong></span> 
     </span>
    </p>
   </div>
   <div class='ocr_carea' id='block_1_18' title="bbox 448 1784 2051 1861">
    <p class='ocr_par' dir='ltr' id='par_1_18' title="bbox 448 1784 2051 1861">
     <span class='ocr_line' id='line_1_18' title="bbox 448 1784 2051 1861; baseline -0.002 -18"><span class='ocrx_word' id='word_1_125' title='bbox 448 1784 574 1852; x_wconf 85' lang='lat' dir='ltr'><strong>fuit,</strong></span> <span class='ocrx_word' id='word_1_126' title='bbox 618 1795 646 1824; x_wconf 80' lang='grc' dir='ltr'><strong>ι</strong></span> <span class='ocrx_word' id='word_1_127' title='bbox 680 1797 741 1842; x_wconf 85' lang='grc' dir='ltr'><strong>ιιι</strong></span> <span class='ocrx_word' id='word_1_128' title='bbox 774 1797 927 1844; x_wconf 90' lang='lat' dir='ltr'><strong>stans</strong></span> <span class='ocrx_word' id='word_1_129' title='bbox 966 1788 1019 1845; x_wconf 91' lang='lat' dir='ltr'><strong>in</strong></span> <span class='ocrx_word' id='word_1_130' title='bbox 1047 1799 1344 1861; x_wconf 87' lang='lat' dir='ltr'><strong>conspectu</strong></span> <span class='ocrx_word' id='word_1_131' title='bbox 1373 1790 1575 1854; x_wconf 79' lang='lat' dir='ltr'><strong>Patris,</strong></span> <span class='ocrx_word' id='word_1_132' title='bbox 1607 1790 1926 1861; x_wconf 69' lang='lat' dir='ltr'><strong>loqueretur</strong></span> <span class='ocrx_word' id='word_1_133' title='bbox 1953 1802 2051 1858; x_wconf 89' lang='lat' dir='ltr'><strong>pro</strong></span> 
     </span>
    </p>
   </div>
   <div class='ocr_carea' id='block_1_19' title="bbox 2134 566 3673 644">
    <p class='ocr_par' dir='ltr' id='par_1_19' title="bbox 2134 566 3673 644">
     <span class='ocr_line' id='line_1_19' title="bbox 2134 566 3673 644; baseline 0.003 -22"><span class='ocrx_word' id='word_1_134' title='bbox 2134 569 2385 624; x_wconf 87' lang='lat' dir='ltr'><strong>rusalem.</strong></span> <span class='ocrx_word' id='word_1_135' title='bbox 2418 568 2524 624; x_wconf 89' lang='lat' dir='ltr'><strong>Pro</strong></span> <span class='ocrx_word' id='word_1_136' title='bbox 2549 568 2831 640; x_wconf 86' lang='lat' dir='ltr'><strong>laguncula</strong></span> <span class='ocrx_word' id='word_1_137' title='bbox 2857 570 3028 644; x_wconf 80' lang='lat' dir='ltr'><strong>ﬁguli,</strong></span> <span class='ocrx_word' id='word_1_138' title='bbox 3059 583 3181 640; x_wconf 70' lang='lat' dir='ltr'><strong>qua:</strong></span> <span class='ocrx_word' id='word_1_139' title='bbox 3212 566 3464 624; x_wconf 80' lang='lat' dir='ltr'><strong>Hebraice</strong></span> <span class='ocrx_word' id='word_1_140' title='bbox 3511 568 3673 627; x_wconf 86' lang='lat' dir='ltr'><strong>dicitur</strong></span> 
     </span>
    </p>
   </div>
   <div class='ocr_carea' id='block_1_20' title="bbox 2135 663 3674 749">
    <p class='ocr_par' dir='ltr' id='par_1_20' title="bbox 2135 663 3674 749">
     <span class='ocr_line' id='line_1_20' title="bbox 2135 663 3674 749; baseline 0.001 -28"><span class='ocrx_word' id='word_1_141' title='bbox 2135 680 2331 721; x_wconf 75' lang='lat' dir='ltr'><strong>nocaoc</strong></span> <span class='ocrx_word' id='word_1_142' title='bbox 2356 665 2578 749; x_wconf 68' lang='lat' dir='ltr'><strong>(papa),</strong></span> <span class='ocrx_word' id='word_1_143' title='bbox 2604 664 2749 721; x_wconf 76' lang='lat' dir='ltr'><strong>LXX</strong></span> <span class='ocrx_word' id='word_1_144' title='bbox 2790 663 3046 720; x_wconf 80' lang='lat' dir='ltr'><strong>doliulum</strong></span> <span class='ocrx_word' id='word_1_145' title='bbox 3090 665 3488 729; x_wconf 81' lang='lat' dir='ltr'><strong>transtulerunt.</strong></span> <span class='ocrx_word' id='word_1_146' title='bbox 3517 679 3563 722; x_wconf 89' lang='lat' dir='ltr'><strong>et</strong></span> <span class='ocrx_word' id='word_1_147' title='bbox 3600 683 3674 734; x_wconf 88' lang='lat' dir='ltr'><strong>pro</strong></span> 
     </span>
    </p>
   </div>
   <div class='ocr_carea' id='block_1_21' title="bbox 2137 755 3674 831">
    <p class='ocr_par' dir='ltr' id='par_1_21' title="bbox 2137 755 3674 831">
     <span class='ocr_line' id='line_1_21' title="bbox 2137 755 3674 831; baseline 0.003 -22"><span class='ocrx_word' id='word_1_148' title='bbox 2137 768 2288 831; x_wconf 83' lang='lat' dir='ltr'><strong>porta</strong></span> <span class='ocrx_word' id='word_1_149' title='bbox 2309 759 2478 828; x_wconf 90' lang='lat' dir='ltr'><strong>ﬁctili,</strong></span> <span class='ocrx_word' id='word_1_150' title='bbox 2514 758 2726 829; x_wconf 75' lang='lat' dir='ltr'><strong>Aquila,</strong></span> <span class='ocrx_word' id='word_1_151' title='bbox 2752 756 3114 830; x_wconf 82' lang='lat' dir='ltr'><strong>Symmachus</strong></span> <span class='ocrx_word' id='word_1_152' title='bbox 3142 767 3198 812; x_wconf 90' lang='lat' dir='ltr'><strong>et</strong></span> <span class='ocrx_word' id='word_1_153' title='bbox 3222 755 3509 811; x_wconf 82' lang='lat' dir='ltr'><strong>Tltemlotio</strong></span> <span class='ocrx_word' id='word_1_154' title='bbox 3533 757 3674 829; x_wconf 81' lang='lat' dir='ltr'><strong>ipsum</strong></span> 
     </span>
    </p>
   </div>
   <div class='ocr_carea' id='block_1_22' title="bbox 2138 850 3676 921">
    <p class='ocr_par' dir='ltr' id='par_1_22' title="bbox 2138 850 3676 921">
     <span class='ocr_line' id='line_1_22' title="bbox 2138 850 3676 921; baseline 0 -14"><span class='ocrx_word' id='word_1_155' title='bbox 2138 852 2362 907; x_wconf 81' lang='lat' dir='ltr'><strong>verbum</strong></span> <span class='ocrx_word' id='word_1_156' title='bbox 2395 860 2694 920; x_wconf 74' lang='lat' dir='ltr'><strong>posuerunt</strong></span> <span class='ocrx_word' id='word_1_157' title='bbox 2725 850 3046 915; x_wconf 76' lang='lat' dir='ltr'><strong>HebruiCum</strong></span> <span class='ocrx_word' id='word_1_158' title='bbox 3091 866 3324 906; x_wconf 62' lang='grc' dir='ltr'>ιιιιιι-ιτιι</span> <span class='ocrx_word' id='word_1_159' title='bbox 3350 855 3543 915; x_wconf 70' lang='grc' dir='ltr'><strong>(ΠὍἸΊ)</strong></span> <span class='ocrx_word' id='word_1_160' title='bbox 3567 867 3579 905; x_wconf 93' lang='lat'><strong>:</strong></span> <span class='ocrx_word' id='word_1_161' title='bbox 3601 866 3676 921; x_wconf 90' lang='lat' dir='ltr'><strong>pro</strong></span> 
     </span>
    </p>
   </div>
   <div class='ocr_carea' id='block_1_23' title="bbox 2139 942 3677 1016">
    <p class='ocr_par' dir='ltr' id='par_1_23' title="bbox 2139 942 3677 1016">
     <span class='ocr_line' id='line_1_23' title="bbox 2139 942 3677 1016; baseline 0.001 -17"><span class='ocrx_word' id='word_1_162' title='bbox 2139 960 2248 1016; x_wconf 89' lang='lat' dir='ltr'><strong>quo</strong></span> <span class='ocrx_word' id='word_1_163' title='bbox 2273 942 2415 1001; x_wconf 79' lang='lat' dir='ltr'><strong>LXX</strong></span> <span class='ocrx_word' id='word_1_164' title='bbox 2439 946 2590 1014; x_wconf 84' lang='lat' dir='ltr'><strong>juxta</strong></span> <span class='ocrx_word' id='word_1_165' title='bbox 2621 961 2829 1001; x_wconf 90' lang='lat' dir='ltr'><strong>morem</strong></span> <span class='ocrx_word' id='word_1_166' title='bbox 2848 961 3005 1001; x_wconf 47' lang='lat' dir='ltr'><strong>sou&#39;n</strong></span> <span class='ocrx_word' id='word_1_167' title='bbox 3037 962 3134 1013; x_wconf 87' lang='lat' dir='ltr'><strong>pro</strong></span> <span class='ocrx_word' id='word_1_168' title='bbox 3164 946 3484 1016; x_wconf 69' lang='lat' dir='ltr'><strong>aspiratione</strong></span> <span class='ocrx_word' id='word_1_169' title='bbox 3509 960 3625 1001; x_wconf 83' lang='grc' dir='ltr'>ιιετιι</span> <span class='ocrx_word' id='word_1_170' title='bbox 3644 957 3677 1011; x_wconf 82' lang='lat' dir='ltr'><strong>n</strong></span> 
     </span>
    </p>
   </div>
   <div class='ocr_carea' id='block_1_24' title="bbox 2142 1039 3679 1117">
    <p class='ocr_par' dir='ltr' id='par_1_24' title="bbox 2142 1039 3679 1117">
     <span class='ocr_line' id='line_1_24' title="bbox 2142 1039 3679 1117; baseline 0.001 -22"><span class='ocrx_word' id='word_1_171' title='bbox 2142 1039 2360 1106; x_wconf 79' lang='lat' dir='ltr'><strong>litterte,</strong></span> <span class='ocrx_word' id='word_1_172' title='bbox 2392 1040 2723 1097; x_wconf 85' lang='lat' dir='ltr'><strong>addiderunt</strong></span> <span class='ocrx_word' id='word_1_173' title='bbox 2745 1057 2834 1097; x_wconf 79' lang='lat' dir='ltr'><strong>CB]</strong></span> <span class='ocrx_word' id='word_1_174' title='bbox 2857 1040 3131 1107; x_wconf 66' lang='lat' dir='ltr'><strong>Graecum,</strong></span> <span class='ocrx_word' id='word_1_175' title='bbox 3156 1050 3215 1094; x_wconf 91' lang='lat' dir='ltr'><strong>ut</strong></span> <span class='ocrx_word' id='word_1_176' title='bbox 3236 1040 3679 1117; x_wconf 76' lang='lat' dir='ltr'><strong>dicerentCharsith</strong></span> 
     </span>
    </p>
   </div>
   <div class='ocr_carea' id='block_1_25' title="bbox 2145 1133 3680 1207">
    <p class='ocr_par' dir='ltr' id='par_1_25' title="bbox 2145 1133 3680 1207">
     <span class='ocr_line' id='line_1_25' title="bbox 2145 1133 3680 1207; baseline 0.003 -18"><span class='ocrx_word' id='word_1_177' title='bbox 2145 1150 2245 1207; x_wconf 84' lang='lat' dir='ltr'><strong>pro</strong></span> <span class='ocrx_word' id='word_1_178' title='bbox 2268 1134 2465 1204; x_wconf 82' lang='lat' dir='ltr'><strong>Arsith,</strong></span> <span class='ocrx_word' id='word_1_179' title='bbox 2494 1137 2629 1190; x_wconf 87' lang='lat' dir='ltr'><strong>sicut</strong></span> <span class='ocrx_word' id='word_1_180' title='bbox 2666 1136 2797 1191; x_wconf 88' lang='lat' dir='ltr'><strong>illud</strong></span> <span class='ocrx_word' id='word_1_181' title='bbox 2828 1146 2913 1191; x_wconf 82' lang='lat' dir='ltr'><strong>est</strong></span> <span class='ocrx_word' id='word_1_182' title='bbox 2939 1150 3039 1206; x_wconf 86' lang='lat' dir='ltr'><strong>pro</strong></span> <span class='ocrx_word' id='word_1_183' title='bbox 3079 1134 3314 1196; x_wconf 87' lang='lat' dir='ltr'><strong>Hebron,</strong></span> <span class='ocrx_word' id='word_1_184' title='bbox 3369 1133 3598 1204; x_wconf 77' lang='lat' dir='ltr'><strong>Chebron,</strong></span> <span class='ocrx_word' id='word_1_185' title='bbox 3636 1144 3680 1193; x_wconf 85' lang='lat' dir='ltr'><strong>et</strong></span> 
     </span>
    </p>
   </div>
   <div class='ocr_carea' id='block_1_26' title="bbox 2145 1225 3678 1297">
    <p class='ocr_par' dir='ltr' id='par_1_26' title="bbox 2145 1225 3678 1297">
     <span class='ocr_line' id='line_1_26' title="bbox 2145 1225 3678 1297; baseline 0.001 -19"><span class='ocrx_word' id='word_1_186' title='bbox 2145 1240 2246 1297; x_wconf 90' lang='lat' dir='ltr'><strong>pro</strong></span> <span class='ocrx_word' id='word_1_187' title='bbox 2270 1225 2472 1292; x_wconf 80' lang='lat' dir='ltr'><strong>Jeriha,</strong></span> <span class='ocrx_word' id='word_1_188' title='bbox 2507 1227 2744 1283; x_wconf 76' lang='lat' dir='ltr'><strong>Iericho.</strong></span> <span class='ocrx_word' id='word_1_189' title='bbox 2792 1226 2919 1284; x_wconf 81' lang='lat' dir='ltr'><strong>Vult</strong></span> <span class='ocrx_word' id='word_1_190' title='bbox 2971 1237 3151 1282; x_wconf 85' lang='lat' dir='ltr'><strong>autem</strong></span> <span class='ocrx_word' id='word_1_191' title='bbox 3204 1226 3471 1296; x_wconf 82' lang='lat' dir='ltr'><strong>Scriptura</strong></span> <span class='ocrx_word' id='word_1_192' title='bbox 3510 1227 3678 1294; x_wconf 79' lang='lat' dir='ltr'><strong>divina,</strong></span> 
     </span>
    </p>
   </div>
   <div class='ocr_carea' id='block_1_27' title="bbox 2147 1320 3678 1390">
    <p class='ocr_par' dir='ltr' id='par_1_27' title="bbox 2147 1320 3678 1390">
     <span class='ocr_line' id='line_1_27' title="bbox 2147 1320 3678 1390; baseline 0 -13"><span class='ocrx_word' id='word_1_193' title='bbox 2147 1337 2257 1378; x_wconf 88' lang='lat' dir='ltr'><strong>non</strong></span> <span class='ocrx_word' id='word_1_194' title='bbox 2290 1324 2466 1378; x_wconf 88' lang='lat' dir='ltr'><strong>solum</strong></span> <span class='ocrx_word' id='word_1_195' title='bbox 2490 1322 2714 1377; x_wconf 87' lang='lat' dir='ltr'><strong>auribus</strong></span> <span class='ocrx_word' id='word_1_196' title='bbox 2752 1321 2937 1377; x_wconf 86' lang='lat' dir='ltr'><strong>doceri</strong></span> <span class='ocrx_word' id='word_1_197' title='bbox 2993 1321 3278 1390; x_wconf 84' lang='lat' dir='ltr'><strong>pOpqum,</strong></span> <span class='ocrx_word' id='word_1_198' title='bbox 3308 1320 3398 1375; x_wconf 88' lang='lat' dir='ltr'><strong>sed</strong></span> <span class='ocrx_word' id='word_1_199' title='bbox 3441 1330 3491 1374; x_wconf 92' lang='lat' dir='ltr'><strong>et</strong></span> <span class='ocrx_word' id='word_1_200' title='bbox 3526 1321 3678 1377; x_wconf 81' lang='lat' dir='ltr'><strong>oculis.</strong></span> 
     </span>
    </p>
   </div>
   <div class='ocr_carea' id='block_1_28' title="bbox 2151 1414 3682 1489">
    <p class='ocr_par' dir='ltr' id='par_1_28' title="bbox 2151 1414 3682 1489">
     <span class='ocr_line' id='line_1_28' title="bbox 2151 1414 3682 1489; baseline -0.003 -15"><span class='ocrx_word' id='word_1_201' title='bbox 2151 1417 2318 1489; x_wconf 65' lang='lat' dir='ltr'><strong>Magis</strong></span> <span class='ocrx_word' id='word_1_202' title='bbox 2348 1418 2494 1472; x_wconf 87' lang='lat' dir='ltr'><strong>enim</strong></span> <span class='ocrx_word' id='word_1_203' title='bbox 2521 1418 2538 1487; x_wconf 93' lang='lat'><strong>(</strong></span> <span class='ocrx_word' id='word_1_204' title='bbox 2568 1430 2624 1471; x_wconf 84' lang='grc' dir='ltr'><strong>ιιι</strong></span> <span class='ocrx_word' id='word_1_205' title='bbox 2649 1416 2762 1488; x_wconf 81' lang='lat' dir='ltr'><strong>jam</strong></span> <span class='ocrx_word' id='word_1_206' title='bbox 2789 1416 3072 1487; x_wconf 47' lang='lat' dir='ltr'><strong>diximus.)</strong></span> <span class='ocrx_word' id='word_1_207' title='bbox 3102 1425 3284 1470; x_wconf 90' lang='lat' dir='ltr'><strong>mente</strong></span> <span class='ocrx_word' id='word_1_208' title='bbox 3312 1414 3554 1469; x_wconf 77' lang='lat' dir='ltr'><strong>rctint-tur</strong></span> <span class='ocrx_word' id='word_1_209' title='bbox 3573 1414 3682 1482; x_wconf 83' lang='lat' dir='ltr'><strong>quod</strong></span> 
     </span>
    </p>
   </div>
   <div class='ocr_carea' id='block_1_29' title="bbox 2150 1504 3681 1582">
    <p class='ocr_par' dir='ltr' id='par_1_29' title="bbox 2150 1504 3681 1582">
     <span class='ocr_line' id='line_1_29' title="bbox 2150 1504 3681 1582; baseline -0.004 -17"><span class='ocrx_word' id='word_1_210' title='bbox 2150 1511 2293 1571; x_wconf 87' lang='lat' dir='ltr'><strong>visu.</strong></span> <span class='ocrx_word' id='word_1_211' title='bbox 2322 1524 2483 1582; x_wconf 82' lang='lat' dir='ltr'><strong>quam</strong></span> <span class='ocrx_word' id='word_1_212' title='bbox 2515 1510 2657 1581; x_wconf 90' lang='lat' dir='ltr'><strong>quod</strong></span> <span class='ocrx_word' id='word_1_213' title='bbox 2681 1509 2868 1564; x_wconf 86' lang='lat' dir='ltr'><strong>auditu</strong></span> <span class='ocrx_word' id='word_1_214' title='bbox 2897 1508 2963 1562; x_wconf 84' lang='lat' dir='ltr'><strong>ad</strong></span> <span class='ocrx_word' id='word_1_215' title='bbox 2995 1510 3232 1562; x_wconf 84' lang='lat' dir='ltr'><strong>animum</strong></span> <span class='ocrx_word' id='word_1_216' title='bbox 3263 1507 3493 1576; x_wconf 84' lang='lat' dir='ltr'><strong>pervenit</strong></span> <span class='ocrx_word' id='word_1_217' title='bbox 3518 1504 3681 1576; x_wconf 81' lang='lat' dir='ltr'><strong>:Tolle,</strong></span> 
     </span>
    </p>
   </div>
   <div class='ocr_carea' id='block_1_30' title="bbox 2152 1601 3686 1677">
    <p class='ocr_par' dir='ltr' id='par_1_30' title="bbox 2152 1601 3686 1677">
     <span class='ocr_line' id='line_1_30' title="bbox 2152 1601 3686 1677; baseline -0.005 -18"><span class='ocrx_word' id='word_1_218' title='bbox 2152 1603 2347 1672; x_wconf 89' lang='lat' dir='ltr'><strong>iuqttit,</strong></span> <span class='ocrx_word' id='word_1_219' title='bbox 2403 1604 2760 1677; x_wconf 78' lang='lat' dir='ltr'><strong>lagunculam.</strong></span> <span class='ocrx_word' id='word_1_220' title='bbox 2812 1602 2927 1657; x_wconf 89' lang='lat' dir='ltr'><strong>sive</strong></span> <span class='ocrx_word' id='word_1_221' title='bbox 2956 1601 3211 1656; x_wconf 87' lang='lat' dir='ltr'><strong>dolialum</strong></span> <span class='ocrx_word' id='word_1_222' title='bbox 3243 1610 3468 1669; x_wconf 88' lang='lat' dir='ltr'><strong>testeum,</strong></span> <span class='ocrx_word' id='word_1_223' title='bbox 3493 1601 3686 1655; x_wconf 81' lang='lat' dir='ltr'><strong>etdese-</strong></span> 
     </span>
    </p>
   </div>
   <div class='ocr_carea' id='block_1_31' title="bbox 2154 1691 3686 1767">
    <p class='ocr_par' dir='ltr' id='par_1_31' title="bbox 2154 1691 3686 1767">
     <span class='ocr_line' id='line_1_31' title="bbox 2154 1691 3686 1767; baseline -0.005 -14"><span class='ocrx_word' id='word_1_224' title='bbox 2154 1699 2384 1753; x_wconf 87' lang='lat' dir='ltr'><strong>nioribns</strong></span> <span class='ocrx_word' id='word_1_225' title='bbox 2406 1695 2591 1767; x_wconf 83' lang='lat' dir='ltr'><strong>populi</strong></span> <span class='ocrx_word' id='word_1_226' title='bbox 2617 1712 2679 1751; x_wconf 89' lang='lat' dir='ltr'><strong>ac</strong></span> <span class='ocrx_word' id='word_1_227' title='bbox 2708 1695 3052 1753; x_wconf 86' lang='lat' dir='ltr'><strong>Sacerdotnm</strong></span> <span class='ocrx_word' id='word_1_228' title='bbox 3069 1737 3086 1762; x_wconf 89' lang='lat'><strong>,</strong></span> <span class='ocrx_word' id='word_1_229' title='bbox 3113 1704 3163 1749; x_wconf 89' lang='lat' dir='ltr'><strong>et</strong></span> <span class='ocrx_word' id='word_1_230' title='bbox 3191 1693 3431 1766; x_wconf 84' lang='lat' dir='ltr'><strong>egredere</strong></span> <span class='ocrx_word' id='word_1_231' title='bbox 3457 1691 3519 1746; x_wconf 87' lang='lat' dir='ltr'><strong>ad</strong></span> <span class='ocrx_word' id='word_1_232' title='bbox 3540 1691 3686 1746; x_wconf 73' lang='lat' dir='ltr'><strong>vallem</strong></span> 
     </span>
    </p>
   </div>
   <div class='ocr_carea' id='block_1_32' title="bbox 2156 1784 3689 1862">
    <p class='ocr_par' dir='ltr' id='par_1_32' title="bbox 2156 1784 3689 1862">
     <span class='ocr_line' id='line_1_32' title="bbox 2156 1784 3689 1862; baseline -0.004 -19"><span class='ocrx_word' id='word_1_233' title='bbox 2156 1792 2253 1862; x_wconf 86' lang='lat' dir='ltr'><strong>ﬁlii</strong></span> <span class='ocrx_word' id='word_1_234' title='bbox 2288 1793 2512 1861; x_wconf 61' lang='lat' dir='ltr'><strong>ianuam,</strong></span> <span class='ocrx_word' id='word_1_235' title='bbox 2537 1788 2607 1845; x_wconf 89' lang='lat' dir='ltr'><strong>de</strong></span> <span class='ocrx_word' id='word_1_236' title='bbox 2631 1805 2736 1860; x_wconf 84' lang='lat' dir='ltr'><strong>qua</strong></span> <span class='ocrx_word' id='word_1_237' title='bbox 2764 1804 2923 1858; x_wconf 84' lang='lat' dir='ltr'><strong>supra</strong></span> <span class='ocrx_word' id='word_1_238' title='bbox 2953 1787 3219 1855; x_wconf 78' lang='lat' dir='ltr'><strong>diximus,</strong></span> <span class='ocrx_word' id='word_1_239' title='bbox 3246 1786 3300 1841; x_wconf 91' lang='lat' dir='ltr'><strong>in</strong></span> <span class='ocrx_word' id='word_1_240' title='bbox 3332 1802 3429 1857; x_wconf 87' lang='lat' dir='ltr'><strong>qua</strong></span> <span class='ocrx_word' id='word_1_241' title='bbox 3453 1784 3689 1840; x_wconf 85' lang='lat' dir='ltr'><strong>eratdelu-</strong></span> 
     </span>
    </p>
   </div>
   <div class='ocr_carea' id='block_1_33' title="bbox 447 1867 3688 1955">
    <p class='ocr_par' dir='ltr' id='par_1_33' title="bbox 447 1867 3688 1955">
     <span class='ocr_line' id='line_1_33' title="bbox 447 1867 3688 1955; baseline -0.001 -21"><span class='ocrx_word' id='word_1_242' title='bbox 447 1878 529 1935; x_wconf 87' lang='lat' dir='ltr'><strong>eis</strong></span> <span class='ocrx_word' id='word_1_243' title='bbox 558 1880 785 1945; x_wconf 85' lang='lat' dir='ltr'><strong>bonum,</strong></span> <span class='ocrx_word' id='word_1_244' title='bbox 820 1891 877 1937; x_wconf 92' lang='lat' dir='ltr'><strong>ut</strong></span> <span class='ocrx_word' id='word_1_245' title='bbox 900 1891 1178 1939; x_wconf 78' lang='lat' dir='ltr'><strong>averteret</strong></span> <span class='ocrx_word' id='word_1_246' title='bbox 1205 1884 1631 1955; x_wconf 79' lang='lat' dir='ltr'><strong>indignationem</strong></span> <span class='ocrx_word' id='word_1_247' title='bbox 1663 1895 1818 1937; x_wconf 74' lang='lat' dir='ltr'><strong>etiam</strong></span> <span class='ocrx_word' id='word_1_248' title='bbox 1849 1880 1919 1934; x_wconf 84' lang='lat' dir='ltr'><strong>ab</strong></span> <span class='ocrx_word' id='word_1_249' title='bbox 1945 1880 2048 1945; x_wconf 84' lang='lat' dir='ltr'><strong>eis,</strong></span> <span class='ocrx_word' id='word_1_250' title='bbox 2084 1867 2129 1927; x_wconf 86' lang='grc' dir='ltr'><strong>Β</strong></span> <span class='ocrx_word' id='word_1_251' title='bbox 2157 1884 2313 1940; x_wconf 79' lang='lat' dir='ltr'><strong>brum</strong></span> <span class='ocrx_word' id='word_1_252' title='bbox 2332 1883 2484 1951; x_wconf 77' lang='lat' dir='ltr'><strong>B..al,</strong></span> <span class='ocrx_word' id='word_1_253' title='bbox 2508 1892 2561 1939; x_wconf 81' lang='lat' dir='ltr'><strong>et</strong></span> <span class='ocrx_word' id='word_1_254' title='bbox 2584 1897 2797 1949; x_wconf 80' lang='lat' dir='ltr'><strong>nemus,</strong></span> <span class='ocrx_word' id='word_1_255' title='bbox 2828 1897 2895 1939; x_wconf 82' lang='lat' dir='ltr'><strong>ac</strong></span> <span class='ocrx_word' id='word_1_256' title='bbox 2920 1882 3079 1937; x_wconf 79' lang='lat' dir='ltr'><strong>Iut&#39;tls</strong></span> <span class='ocrx_word' id='word_1_257' title='bbox 3104 1880 3258 1936; x_wconf 79' lang='lat' dir='ltr'><strong>Siluc</strong></span> <span class='ocrx_word' id='word_1_258' title='bbox 3290 1879 3513 1935; x_wconf 78' lang='lat' dir='ltr'><strong>fontibus</strong></span> <span class='ocrx_word' id='word_1_259' title='bbox 3540 1880 3688 1947; x_wconf 69' lang='lat' dir='ltr'><strong>irriga-</strong></span> 
     </span>
    </p>
   </div>
   <div class='ocr_carea' id='block_1_34' title="bbox 451 1972 2052 2051">
    <p class='ocr_par' dir='ltr' id='par_1_34' title="bbox 451 1972 2052 2051">
     <span class='ocr_line' id='line_1_34' title="bbox 451 1972 2052 2051; baseline 0 -24"><span class='ocrx_word' id='word_1_260' title='bbox 451 1983 510 2027; x_wconf 85' lang='grc' dir='ltr'><strong>ιιι</strong></span> <span class='ocrx_word' id='word_1_261' title='bbox 541 1972 594 2028; x_wconf 92' lang='lat' dir='ltr'><strong>iu</strong></span> <span class='ocrx_word' id='word_1_262' title='bbox 627 1988 792 2029; x_wconf 87' lang='lat' dir='ltr'><strong>cruce</strong></span> <span class='ocrx_word' id='word_1_263' title='bbox 819 1991 1035 2047; x_wconf 85' lang='lat' dir='ltr'><strong>quoque</strong></span> <span class='ocrx_word' id='word_1_264' title='bbox 1056 1976 1263 2033; x_wconf 82' lang='lat' dir='ltr'><strong>diceret</strong></span> <span class='ocrx_word' id='word_1_265' title='bbox 1298 1994 1315 2032; x_wconf 88' lang='lat'><strong>:</strong></span> <span class='ocrx_word' id='word_1_266' title='bbox 1348 1975 1531 2045; x_wconf 86' lang='lat' dir='ltr'><strong>Pater,</strong></span> <span class='ocrx_word' id='word_1_267' title='bbox 1555 1978 1765 2051; x_wconf 88' lang='lat' dir='ltr'><strong>ignosce</strong></span> <span class='ocrx_word' id='word_1_268' title='bbox 1792 1974 1899 2040; x_wconf 81' lang='lat' dir='ltr'><strong>eis;</strong></span> <span class='ocrx_word' id='word_1_269' title='bbox 1927 1973 2052 2045; x_wconf 88' lang='lat' dir='ltr'><strong>quid</strong></span> 
     </span>
    </p>
   </div>
   <div class='ocr_carea' id='block_1_35' title="bbox 452 2068 2054 2144">
    <p class='ocr_par' dir='ltr' id='par_1_35' title="bbox 452 2068 2054 2144">
     <span class='ocr_line' id='line_1_35' title="bbox 452 2068 2054 2144; baseline 0.002 -21"><span class='ocrx_word' id='word_1_270' title='bbox 452 2068 591 2124; x_wconf 88' lang='lat' dir='ltr'><strong>enim</strong></span> <span class='ocrx_word' id='word_1_271' title='bbox 635 2069 868 2138; x_wconf 70' lang='lat' dir='ltr'><strong>faciunt,</strong></span> <span class='ocrx_word' id='word_1_272' title='bbox 913 2071 1151 2126; x_wconf 88' lang='lat' dir='ltr'><strong>nesciunt</strong></span> <span class='ocrx_word' id='word_1_273' title='bbox 1193 2070 1349 2144; x_wconf 86' lang='lat' dir='ltr'><strong>(Luc.</strong></span> <span class='ocrx_word' id='word_1_274' title='bbox 1396 2088 1562 2139; x_wconf 69' lang='grc' dir='ltr'>χχιιι,</span> <span class='ocrx_word' id='word_1_275' title='bbox 1607 2072 1723 2143; x_wconf 73' lang='grc'><strong>54).</strong></span> <span class='ocrx_word' id='word_1_276' title='bbox 1768 2073 2054 2129; x_wconf 83' lang='lat' dir='ltr'><strong>Mmifesta</strong></span> 
     </span>
    </p>
   </div>
   <div class='ocr_carea' id='block_1_36' title="bbox 453 2164 2056 2232">
    <p class='ocr_par' dir='ltr' id='par_1_36' title="bbox 453 2164 2056 2232">
     <span class='ocr_line' id='line_1_36' title="bbox 453 2164 2056 2232; baseline 0.003 -16"><span class='ocrx_word' id='word_1_277' title='bbox 453 2164 917 2232; x_wconf 86' lang='lat' dir='ltr'><strong>transcurrimus,</strong></span> <span class='ocrx_word' id='word_1_278' title='bbox 973 2174 1032 2221; x_wconf 79' lang='grc' dir='ltr'><strong>ιιι</strong></span> <span class='ocrx_word' id='word_1_279' title='bbox 1081 2166 1138 2221; x_wconf 90' lang='lat' dir='ltr'><strong>in</strong></span> <span class='ocrx_word' id='word_1_280' title='bbox 1197 2167 1607 2223; x_wconf 84' lang='lat' dir='ltr'><strong>obscurioribus</strong></span> <span class='ocrx_word' id='word_1_281' title='bbox 1665 2169 2056 2232; x_wconf 80' lang='lat' dir='ltr'><strong>immorentur,</strong></span> 
     </span>
    </p>
   </div>
   <div class='ocr_carea' id='block_1_37' title="bbox 457 2255 2057 2331">
    <p class='ocr_par' dir='ltr' id='par_1_37' title="bbox 457 2255 2057 2331">
     <span class='ocr_line' id='line_1_37' title="bbox 457 2255 2057 2331; baseline 0.003 -20"><span class='ocrx_word' id='word_1_282' title='bbox 457 2267 798 2325; x_wconf 73' lang='lat' dir='ltr'><strong>nequaquam</strong></span> <span class='ocrx_word' id='word_1_283' title='bbox 829 2255 1190 2314; x_wconf 87' lang='lat' dir='ltr'><strong>deliramenta</strong></span> <span class='ocrx_word' id='word_1_284' title='bbox 1217 2259 1577 2331; x_wconf 83' lang='lat' dir='ltr'><strong>quorumdam</strong></span> <span class='ocrx_word' id='word_1_285' title='bbox 1607 2269 1661 2316; x_wconf 93' lang='lat' dir='ltr'><strong>et</strong></span> <span class='ocrx_word' id='word_1_286' title='bbox 1685 2261 2057 2330; x_wconf 78' lang='lat' dir='ltr'><strong>captivitatem</strong></span> 
     </span>
    </p>
   </div>
   <div class='ocr_carea' id='block_1_38' title="bbox 458 2346 2059 2424">
    <p class='ocr_par' dir='ltr' id='par_1_38' title="bbox 458 2346 2059 2424">
     <span class='ocr_line' id='line_1_38' title="bbox 458 2346 2059 2424; baseline 0.001 -21"><span class='ocrx_word' id='word_1_287' title='bbox 458 2346 702 2403; x_wconf 67' lang='lat' dir='ltr'><strong>caelestis</strong></span> <span class='ocrx_word' id='word_1_288' title='bbox 738 2347 1047 2406; x_wconf 81' lang='lat' dir='ltr'><strong>Jerusalem</strong></span> <span class='ocrx_word' id='word_1_289' title='bbox 1086 2350 1535 2422; x_wconf 86' lang='lat' dir='ltr'><strong>interpretantes,</strong></span> <span class='ocrx_word' id='word_1_290' title='bbox 1576 2352 1672 2409; x_wconf 89' lang='lat' dir='ltr'><strong>sed</strong></span> <span class='ocrx_word' id='word_1_291' title='bbox 1720 2353 2059 2424; x_wconf 86' lang='lat' dir='ltr'><strong>perspicuam</strong></span> 
     </span>
    </p>
   </div>
   <div class='ocr_carea' id='block_1_39' title="bbox 456 2438 2062 2517">
    <p class='ocr_par' dir='ltr' id='par_1_39' title="bbox 456 2438 2062 2517">
     <span class='ocr_line' id='line_1_39' title="bbox 456 2438 2062 2517; baseline 0.003 -20"><span class='ocrx_word' id='word_1_292' title='bbox 456 2438 745 2497; x_wconf 84' lang='lat' dir='ltr'><strong>historiam</strong></span> <span class='ocrx_word' id='word_1_293' title='bbox 799 2452 854 2500; x_wconf 91' lang='lat' dir='ltr'><strong>et</strong></span> <span class='ocrx_word' id='word_1_294' title='bbox 908 2444 1410 2502; x_wconf 50' lang='lat' dir='ltr'><strong>manifestissimum</strong></span> <span class='ocrx_word' id='word_1_295' title='bbox 1470 2445 1811 2517; x_wconf 81' lang='lat' dir='ltr'><strong>prapln-tiam</strong></span> <span class='ocrx_word' id='word_1_296' title='bbox 1842 2489 1858 2514; x_wconf 94' lang='lat'><strong>,</strong></span> <span class='ocrx_word' id='word_1_297' title='bbox 1913 2446 2062 2502; x_wconf 90' lang='lat' dir='ltr'><strong>omni</strong></span> 
     </span>
    </p>
   </div>
   <div class='ocr_carea' id='block_1_40' title="bbox 462 2534 1935 2611">
    <p class='ocr_par' dir='ltr' id='par_1_40' title="bbox 462 2534 1935 2611">
     <span class='ocr_line' id='line_1_40' title="bbox 462 2534 1935 2611; baseline 0.004 -23"><span class='ocrx_word' id='word_1_298' title='bbox 462 2534 754 2590; x_wconf 86' lang='lat' dir='ltr'><strong>verborum</strong></span> <span class='ocrx_word' id='word_1_299' title='bbox 783 2544 840 2593; x_wconf 92' lang='lat' dir='ltr'><strong>et</strong></span> <span class='ocrx_word' id='word_1_300' title='bbox 867 2551 1124 2593; x_wconf 78' lang='lat' dir='ltr'><strong>sensuum</strong></span> <span class='ocrx_word' id='word_1_301' title='bbox 1155 2538 1492 2596; x_wconf 87' lang='lat' dir='ltr'><strong>conﬁdentia</strong></span> <span class='ocrx_word' id='word_1_302' title='bbox 1522 2548 1935 2611; x_wconf 88' lang='lat' dir='ltr'><strong>persequentes.</strong></span> 
     </span>
    </p>
   </div>
   <div class='ocr_carea' id='block_1_41' title="bbox 537 2628 2067 2702">
    <p class='ocr_par' dir='ltr' id='par_1_41' title="bbox 537 2628 2067 2702">
     <span class='ocr_line' id='line_1_41' title="bbox 537 2628 2067 2702; baseline 0.001 -18"><span class='ocrx_word' id='word_1_303' title='bbox 537 2629 722 2701; x_wconf 85' lang='lat' dir='ltr'><strong>(Vers.</strong></span> <span class='ocrx_word' id='word_1_304' title='bbox 763 2628 858 2692; x_wconf 71' lang='lat'><strong>‘22.</strong></span> <span class='ocrx_word' id='word_1_305' title='bbox 896 2632 1012 2695; x_wconf 70' lang='lat'><strong>23.)</strong></span> <span class='ocrx_word' id='word_1_306' title='bbox 1047 2631 1289 2690; x_wconf 79' lang='lat' dir='ltr'><strong>Adduces</strong></span> <span class='ocrx_word' id='word_1_307' title='bbox 1327 2635 1465 2690; x_wconf 88' lang='lat' dir='ltr'><strong>enim</strong></span> <span class='ocrx_word' id='word_1_308' title='bbox 1504 2650 1661 2702; x_wconf 89' lang='lat' dir='ltr'><strong>super</strong></span> <span class='ocrx_word' id='word_1_309' title='bbox 1700 2651 1784 2689; x_wconf 88' lang='lat' dir='ltr'><strong>eos</strong></span> <span class='ocrx_word' id='word_1_310' title='bbox 1815 2634 2067 2688; x_wconf 84' lang='lat' dir='ltr'><strong>latronem</strong></span> 
     </span>
    </p>
   </div>
   <div class='ocr_carea' id='block_1_42' title="bbox 458 2724 2070 2798">
    <p class='ocr_par' dir='ltr' id='par_1_42' title="bbox 458 2724 2070 2798">
     <span class='ocr_line' id='line_1_42' title="bbox 458 2724 2070 2798; baseline 0.001 -21"><span class='ocrx_word' id='word_1_311' title='bbox 458 2733 695 2793; x_wconf 84' lang='lat' dir='ltr'><strong>repente,</strong></span> <span class='ocrx_word' id='word_1_312' title='bbox 733 2724 857 2795; x_wconf 87' lang='lat' dir='ltr'><strong>quia</strong></span> <span class='ocrx_word' id='word_1_313' title='bbox 899 2725 1137 2779; x_wconf 88' lang='lat' dir='ltr'><strong>foderunt</strong></span> <span class='ocrx_word' id='word_1_314' title='bbox 1178 2729 1379 2798; x_wconf 82' lang='lat' dir='ltr'><strong>foueam</strong></span> <span class='ocrx_word' id='word_1_315' title='bbox 1419 2740 1475 2780; x_wconf 87' lang='lat' dir='ltr'><strong>ut</strong></span> <span class='ocrx_word' id='word_1_316' title='bbox 1510 2735 1755 2793; x_wconf 83' lang='lat' dir='ltr'><strong>caperent</strong></span> <span class='ocrx_word' id='word_1_317' title='bbox 1782 2741 1885 2792; x_wconf 88' lang='lat' dir='ltr'><strong>me,</strong></span> <span class='ocrx_word' id='word_1_318' title='bbox 1917 2734 1964 2778; x_wconf 91' lang='lat' dir='ltr'><strong>et</strong></span> <span class='ocrx_word' id='word_1_319' title='bbox 1990 2724 2070 2780; x_wconf 89' lang='lat' dir='ltr'><strong>la-</strong></span> 
     </span>
    </p>
   </div>
   <div class='ocr_carea' id='block_1_43' title="bbox 450 2817 2068 2890">
    <p class='ocr_par' dir='ltr' id='par_1_43' title="bbox 450 2817 2068 2890">
     <span class='ocr_line' id='line_1_43' title="bbox 450 2817 2068 2890; baseline 0.001 -18"><span class='ocrx_word' id='word_1_320' title='bbox 450 2834 622 2890; x_wconf 69' lang='lat' dir='ltr'><strong>,queos</strong></span> <span class='ocrx_word' id='word_1_321' title='bbox 657 2817 1040 2875; x_wconf 78' lang='lat' dir='ltr'><strong>absconderant</strong></span> <span class='ocrx_word' id='word_1_322' title='bbox 1080 2818 1297 2889; x_wconf 88' lang='lat' dir='ltr'><strong>pedibus</strong></span> <span class='ocrx_word' id='word_1_323' title='bbox 1335 2820 1485 2874; x_wconf 83' lang='lat' dir='ltr'><strong>meis.</strong></span> <span class='ocrx_word' id='word_1_324' title='bbox 1510 2818 1588 2873; x_wconf 87' lang='lat' dir='ltr'><strong>Tu</strong></span> <span class='ocrx_word' id='word_1_325' title='bbox 1609 2827 1801 2883; x_wconf 87' lang='lat' dir='ltr'><strong>autem,</strong></span> <span class='ocrx_word' id='word_1_326' title='bbox 1830 2818 2068 2882; x_wconf 84' lang='lat' dir='ltr'><strong>Domine,</strong></span> 
     </span>
    </p>
   </div>
   <div class='ocr_carea' id='block_1_44' title="bbox 464 2909 2065 2968">
    <p class='ocr_par' dir='ltr' id='par_1_44' title="bbox 464 2909 2065 2968">
     <span class='ocr_line' id='line_1_44' title="bbox 464 2909 2065 2968; baseline -0.001 0"><span class='ocrx_word' id='word_1_327' title='bbox 464 2912 568 2968; x_wconf 75' lang='lat' dir='ltr'><strong>scis</strong></span> <span class='ocrx_word' id='word_1_328' title='bbox 602 2928 755 2967; x_wconf 89' lang='lat' dir='ltr'><strong>omne</strong></span> <span class='ocrx_word' id='word_1_329' title='bbox 793 2909 1067 2967; x_wconf 80' lang='lat' dir='ltr'><strong>consilium</strong></span> <span class='ocrx_word' id='word_1_330' title='bbox 1104 2929 1280 2967; x_wconf 90' lang='lat' dir='ltr'><strong>eorum</strong></span> <span class='ocrx_word' id='word_1_331' title='bbox 1319 2914 1590 2967; x_wconf 81' lang='lat' dir='ltr'><strong>adversum</strong></span> <span class='ocrx_word' id='word_1_332' title='bbox 1630 2927 1712 2965; x_wconf 89' lang='lat' dir='ltr'><strong>me</strong></span> <span class='ocrx_word' id='word_1_333' title='bbox 1748 2911 1803 2966; x_wconf 88' lang='lat' dir='ltr'><strong>in</strong></span> <span class='ocrx_word' id='word_1_334' title='bbox 1830 2922 2065 2966; x_wconf 88' lang='lat' dir='ltr'><strong>mortem.</strong></span> 
     </span>
    </p>
   </div>
   <div class='ocr_carea' id='block_1_45' title="bbox 449 3004 2072 3078">
    <p class='ocr_par' dir='ltr' id='par_1_45' title="bbox 449 3004 2072 3078">
     <span class='ocr_line' id='line_1_45' title="bbox 449 3004 2072 3078; baseline -0.003 -17"><span class='ocrx_word' id='word_1_335' title='bbox 449 3004 556 3066; x_wconf 66' lang='lat' dir='ltr'><strong>.Ne</strong></span> <span class='ocrx_word' id='word_1_336' title='bbox 596 3005 896 3078; x_wconf 87' lang='lat' dir='ltr'><strong>prapitieris</strong></span> <span class='ocrx_word' id='word_1_337' title='bbox 930 3005 1196 3078; x_wconf 86' lang='lat' dir='ltr'><strong>iniquitati</strong></span> <span class='ocrx_word' id='word_1_338' title='bbox 1234 3021 1434 3070; x_wconf 89' lang='lat' dir='ltr'><strong>eorum,</strong></span> <span class='ocrx_word' id='word_1_339' title='bbox 1467 3016 1514 3060; x_wconf 89' lang='lat' dir='ltr'><strong>et</strong></span> <span class='ocrx_word' id='word_1_340' title='bbox 1544 3014 1806 3077; x_wconf 86' lang='lat' dir='ltr'><strong>peccatum</strong></span> <span class='ocrx_word' id='word_1_341' title='bbox 1833 3019 2012 3058; x_wconf 89' lang='lat' dir='ltr'><strong>eorum</strong></span> <span class='ocrx_word' id='word_1_342' title='bbox 2041 3019 2072 3056; x_wconf 88' lang='lat' dir='ltr'><strong>a</strong></span> 
     </span>
    </p>
   </div>
   <div class='ocr_carea' id='block_1_46' title="bbox 468 3097 2076 3170">
    <p class='ocr_par' dir='ltr' id='par_1_46' title="bbox 468 3097 2076 3170">
     <span class='ocr_line' id='line_1_46' title="bbox 468 3097 2076 3170; baseline -0.001 -18"><span class='ocrx_word' id='word_1_343' title='bbox 468 3098 603 3169; x_wconf 74' lang='lat' dir='ltr'><strong>{acie</strong></span> <span class='ocrx_word' id='word_1_344' title='bbox 642 3108 735 3152; x_wconf 81' lang='lat' dir='ltr'><strong>tua</strong></span> <span class='ocrx_word' id='word_1_345' title='bbox 774 3115 877 3153; x_wconf 87' lang='lat' dir='ltr'><strong>non</strong></span> <span class='ocrx_word' id='word_1_346' title='bbox 916 3098 1171 3154; x_wconf 89' lang='lat' dir='ltr'><strong>deleatur.</strong></span> <span class='ocrx_word' id='word_1_347' title='bbox 1206 3097 1365 3154; x_wconf 81' lang='lat' dir='ltr'><strong>Fiant</strong></span> <span class='ocrx_word' id='word_1_348' title='bbox 1392 3111 1689 3154; x_wconf 85' lang='lat' dir='ltr'><strong>carrucntes</strong></span> <span class='ocrx_word' id='word_1_349' title='bbox 1715 3099 1858 3170; x_wconf 85' lang='lat' dir='ltr'><strong>(sive</strong></span> <span class='ocrx_word' id='word_1_350' title='bbox 1886 3098 2076 3166; x_wconf 90' lang='lat' dir='ltr'><strong>impin—</strong></span> 
     </span>
    </p>
   </div>
   <div class='ocr_carea' id='block_1_47' title="bbox 468 3189 2076 3263">
    <p class='ocr_par' dir='ltr' id='par_1_47' title="bbox 468 3189 2076 3263">
     <span class='ocr_line' id='line_1_47' title="bbox 468 3189 2076 3263; baseline 0.002 -20"><span class='ocrx_word' id='word_1_351' title='bbox 468 3189 731 3263; x_wconf 85' lang='lat' dir='ltr'><strong>gentes)in</strong></span> <span class='ocrx_word' id='word_1_352' title='bbox 761 3202 1039 3261; x_wconf 88' lang='lat' dir='ltr'><strong>conspectu</strong></span> <span class='ocrx_word' id='word_1_353' title='bbox 1069 3202 1179 3257; x_wconf 88' lang='lat' dir='ltr'><strong>tuo,</strong></span> <span class='ocrx_word' id='word_1_354' title='bbox 1206 3194 1262 3247; x_wconf 89' lang='lat' dir='ltr'><strong>in</strong></span> <span class='ocrx_word' id='word_1_355' title='bbox 1293 3202 1521 3262; x_wconf 87' lang='lat' dir='ltr'><strong>tempore</strong></span> <span class='ocrx_word' id='word_1_356' title='bbox 1548 3193 1739 3261; x_wconf 79' lang='lat' dir='ltr'><strong>furoris</strong></span> <span class='ocrx_word' id='word_1_357' title='bbox 1766 3193 1843 3249; x_wconf 88' lang='lat' dir='ltr'><strong>tui</strong></span> <span class='ocrx_word' id='word_1_358' title='bbox 1868 3190 2076 3247; x_wconf 85' lang='lat' dir='ltr'><strong>abutere</strong></span> 
     </span>
    </p>
   </div>
   <div class='ocr_carea' id='block_1_48' title="bbox 468 3254 2147 3366">
    <p class='ocr_par' dir='ltr' id='par_1_48' title="bbox 468 3254 2147 3366">
     <span class='ocr_line' id='line_1_48' title="bbox 468 3254 2147 3366; baseline 0.002 -29"><span class='ocrx_word' id='word_1_359' title='bbox 468 3254 545 3366; x_wconf 73' lang='lat' dir='ltr'><strong>eis</strong></span> <span class='ocrx_word' id='word_1_360' title='bbox 574 3284 714 3353; x_wconf 74' lang='lat' dir='ltr'><strong>(sive</strong></span> <span class='ocrx_word' id='word_1_361' title='bbox 744 3283 831 3354; x_wconf 78' lang='lat' dir='ltr'><strong>[ac</strong></span> <span class='ocrx_word' id='word_1_362' title='bbox 866 3254 921 3338; x_wconf 78' lang='lat' dir='ltr'><strong>in</strong></span> <span class='ocrx_word' id='word_1_363' title='bbox 947 3284 1066 3355; x_wconf 87' lang='lat' dir='ltr'><strong>eis).</strong></span> <span class='ocrx_word' id='word_1_364' title='bbox 1101 3254 1263 3341; x_wconf 13' lang='lat' dir='ltr'><strong>Siﬁde</strong></span> <span class='ocrx_word' id='word_1_365' title='bbox 1295 3254 1956 3357; x_wconf 38' lang='lat' dir='ltr'><strong>Jeremia&#39;iutelligimus,</strong></span> <span class='ocrx_word' id='word_1_366' title='bbox 1988 3300 2076 3340; x_wconf 58' lang='lat' dir='ltr'><strong>re-</strong></span> <span class='ocrx_word' id='word_1_367' title='bbox 2100 3254 2147 3318; x_wconf 65' lang='grc' dir='ltr'><strong>θ</strong></span> 
     </span>
    </p>
   </div>
   <div class='ocr_carea' id='block_1_49' title="bbox 476 3374 2072 3445">
    <p class='ocr_par' dir='ltr' id='par_1_49' title="bbox 476 3374 2072 3445">
     <span class='ocr_line' id='line_1_49' title="bbox 476 3374 2072 3445; baseline 0.002 -16"><span class='ocrx_word' id='word_1_368' title='bbox 476 3374 758 3445; x_wconf 87' lang='lat' dir='ltr'><strong>pentinum</strong></span> <span class='ocrx_word' id='word_1_369' title='bbox 788 3374 1055 3432; x_wconf 86' lang='lat' dir='ltr'><strong>latronem</strong></span> <span class='ocrx_word' id='word_1_370' title='bbox 1087 3378 1393 3434; x_wconf 81' lang='lat' dir='ltr'><strong>referamus</strong></span> <span class='ocrx_word' id='word_1_371' title='bbox 1423 3376 1489 3433; x_wconf 87' lang='lat' dir='ltr'><strong>ad</strong></span> <span class='ocrx_word' id='word_1_372' title='bbox 1518 3376 2027 3434; x_wconf 83' lang='lat' dir='ltr'><strong>Nabuchodonosor</strong></span> <span class='ocrx_word' id='word_1_373' title='bbox 2059 3395 2072 3432; x_wconf 91' lang='lat'><strong>:</strong></span> 
     </span>
    </p>
   </div>
   <div class='ocr_carea' id='block_1_50' title="bbox 474 3467 2075 3542">
    <p class='ocr_par' dir='ltr' id='par_1_50' title="bbox 474 3467 2075 3542">
     <span class='ocr_line' id='line_1_50' title="bbox 474 3467 2075 3542; baseline 0.002 -19"><span class='ocrx_word' id='word_1_374' title='bbox 474 3468 521 3523; x_wconf 79' lang='lat' dir='ltr'><strong>si</strong></span> <span class='ocrx_word' id='word_1_375' title='bbox 567 3467 639 3525; x_wconf 86' lang='lat' dir='ltr'><strong>de</strong></span> <span class='ocrx_word' id='word_1_376' title='bbox 677 3468 982 3537; x_wconf 85' lang='lat' dir='ltr'><strong>Salvatore,</strong></span> <span class='ocrx_word' id='word_1_377' title='bbox 1026 3472 1170 3542; x_wconf 95' lang='lat' dir='ltr'><strong>quod</strong></span> <span class='ocrx_word' id='word_1_378' title='bbox 1213 3481 1269 3527; x_wconf 92' lang='lat' dir='ltr'><strong>et</strong></span> <span class='ocrx_word' id='word_1_379' title='bbox 1312 3472 1515 3539; x_wconf 87' lang='lat' dir='ltr'><strong>verius,</strong></span> <span class='ocrx_word' id='word_1_380' title='bbox 1560 3480 1616 3527; x_wconf 90' lang='lat' dir='ltr'><strong>et</strong></span> <span class='ocrx_word' id='word_1_381' title='bbox 1649 3473 1847 3527; x_wconf 89' lang='lat' dir='ltr'><strong>melius</strong></span> <span class='ocrx_word' id='word_1_382' title='bbox 1875 3480 1979 3537; x_wconf 89' lang='lat' dir='ltr'><strong>est,</strong></span> <span class='ocrx_word' id='word_1_383' title='bbox 2008 3470 2075 3526; x_wconf 85' lang='lat' dir='ltr'><strong>ad</strong></span> 
     </span>
    </p>
   </div>
   <div class='ocr_carea' id='block_1_51' title="bbox 477 3559 2074 3634">
    <p class='ocr_par' dir='ltr' id='par_1_51' title="bbox 477 3559 2074 3634">
     <span class='ocr_line' id='line_1_51' title="bbox 477 3559 2074 3634; baseline 0.001 -19"><span class='ocrx_word' id='word_1_384' title='bbox 477 3559 782 3616; x_wconf 80' lang='lat' dir='ltr'><strong>Butnanum</strong></span> <span class='ocrx_word' id='word_1_385' title='bbox 822 3566 1144 3619; x_wconf 87' lang='lat' dir='ltr'><strong>exercitum.</strong></span> <span class='ocrx_word' id='word_1_386' title='bbox 1193 3563 1260 3619; x_wconf 88' lang='lat' dir='ltr'><strong>Et</strong></span> <span class='ocrx_word' id='word_1_387' title='bbox 1298 3579 1367 3620; x_wconf 92' lang='lat' dir='ltr'><strong>ne</strong></span> <span class='ocrx_word' id='word_1_388' title='bbox 1406 3562 1611 3634; x_wconf 64' lang='grc' dir='ltr'>ἱιιίιιςιιι</span> <span class='ocrx_word' id='word_1_389' title='bbox 1654 3561 1906 3619; x_wconf 83' lang='lat' dir='ltr'><strong>videatur</strong></span> <span class='ocrx_word' id='word_1_390' title='bbox 1944 3577 2074 3617; x_wconf 83' lang='lat' dir='ltr'><strong>seu-</strong></span> 
     </span>
    </p>
   </div>
   <div class='ocr_carea' id='block_1_52' title="bbox 477 3656 2079 3731">
    <p class='ocr_par' dir='ltr' id='par_1_52' title="bbox 477 3656 2079 3731">
     <span class='ocr_line' id='line_1_52' title="bbox 477 3656 2079 3731; baseline 0 -19"><span class='ocrx_word' id='word_1_391' title='bbox 477 3656 644 3713; x_wconf 86' lang='lat' dir='ltr'><strong>tcntia</strong></span> <span class='ocrx_word' id='word_1_392' title='bbox 682 3656 801 3723; x_wconf 75' lang='lat' dir='ltr'><strong>Dei,</strong></span> <span class='ocrx_word' id='word_1_393' title='bbox 852 3660 1097 3730; x_wconf 81' lang='lat' dir='ltr'><strong>exponit,</strong></span> <span class='ocrx_word' id='word_1_394' title='bbox 1141 3658 1307 3731; x_wconf 81' lang='lat'><strong>973</strong></span> <span class='ocrx_word' id='word_1_395' title='bbox 1345 3660 1474 3727; x_wconf 83' lang='lat' dir='ltr'><strong>quid</strong></span> <span class='ocrx_word' id='word_1_396' title='bbox 1514 3657 1959 3714; x_wconf 83' lang='lat' dir='ltr'><strong>feceriotcontra</strong></span> <span class='ocrx_word' id='word_1_397' title='bbox 1989 3657 2079 3713; x_wconf 83' lang='lat' dir='ltr'><strong>Fi-</strong></span> 
     </span>
    </p>
   </div>
   <div class='ocr_carea' id='block_1_53' title="bbox 476 3748 2076 3824">
    <p class='ocr_par' dir='ltr' id='par_1_53' title="bbox 476 3748 2076 3824">
     <span class='ocr_line' id='line_1_53' title="bbox 476 3748 2076 3824; baseline -0.002 -18"><span class='ocrx_word' id='word_1_398' title='bbox 476 3748 609 3806; x_wconf 85' lang='lat' dir='ltr'><strong>lium</strong></span> <span class='ocrx_word' id='word_1_399' title='bbox 652 3750 745 3807; x_wconf 88' lang='lat' dir='ltr'><strong>Dei</strong></span> <span class='ocrx_word' id='word_1_400' title='bbox 785 3750 1085 3815; x_wconf 86' lang='lat' dir='ltr'><strong>Christum.</strong></span> <span class='ocrx_word' id='word_1_401' title='bbox 1126 3764 1179 3807; x_wconf 91' lang='lat' dir='ltr'><strong>et</strong></span> <span class='ocrx_word' id='word_1_402' title='bbox 1207 3751 1336 3824; x_wconf 90' lang='lat' dir='ltr'><strong>quid</strong></span> <span class='ocrx_word' id='word_1_403' title='bbox 1369 3750 1515 3822; x_wconf 79' lang='lat' dir='ltr'><strong>passi</strong></span> <span class='ocrx_word' id='word_1_404' title='bbox 1546 3751 1678 3806; x_wconf 91' lang='lat' dir='ltr'><strong>sint.</strong></span> <span class='ocrx_word' id='word_1_405' title='bbox 1710 3751 1866 3818; x_wconf 85' lang='lat' dir='ltr'><strong>Quod</strong></span> <span class='ocrx_word' id='word_1_406' title='bbox 1897 3758 2076 3804; x_wconf 86' lang='lat' dir='ltr'><strong>autem</strong></span> 
     </span>
    </p>
   </div>
   <div class='ocr_carea' id='block_1_54' title="bbox 478 3845 2078 3918">
    <p class='ocr_par' dir='ltr' id='par_1_54' title="bbox 478 3845 2078 3918">
     <span class='ocr_line' id='line_1_54' title="bbox 478 3845 2078 3918; baseline -0.003 -17"><span class='ocrx_word' id='word_1_407' title='bbox 478 3845 665 3908; x_wconf 84' lang='lat' dir='ltr'><strong>infert,</strong></span> <span class='ocrx_word' id='word_1_408' title='bbox 696 3861 761 3900; x_wconf 89' lang='lat' dir='ltr'><strong>ne</strong></span> <span class='ocrx_word' id='word_1_409' title='bbox 783 3846 1081 3916; x_wconf 79' lang='lat' dir='ltr'><strong>propitiaris</strong></span> <span class='ocrx_word' id='word_1_410' title='bbox 1106 3846 1370 3918; x_wconf 82' lang='lat' dir='ltr'><strong>iniquitati</strong></span> <span class='ocrx_word' id='word_1_411' title='bbox 1396 3861 1595 3915; x_wconf 87' lang='lat' dir='ltr'><strong>eorum,</strong></span> <span class='ocrx_word' id='word_1_412' title='bbox 1624 3852 1669 3899; x_wconf 90' lang='lat' dir='ltr'><strong>et</strong></span> <span class='ocrx_word' id='word_1_413' title='bbox 1698 3852 1968 3918; x_wconf 86' lang='lat' dir='ltr'><strong>peccatum</strong></span> <span class='ocrx_word' id='word_1_414' title='bbox 1992 3859 2078 3898; x_wconf 88' lang='lat' dir='ltr'><strong>eo-</strong></span> 
     </span>
    </p>
   </div>
   <div class='ocr_carea' id='block_1_55' title="bbox 478 3937 2077 4013">
    <p class='ocr_par' dir='ltr' id='par_1_55' title="bbox 478 3937 2077 4013">
     <span class='ocr_line' id='line_1_55' title="bbox 478 3937 2077 4013; baseline -0.001 -20"><span class='ocrx_word' id='word_1_415' title='bbox 478 3954 595 3995; x_wconf 88' lang='lat' dir='ltr'><strong>rum</strong></span> <span class='ocrx_word' id='word_1_416' title='bbox 617 3957 648 3993; x_wconf 89' lang='lat' dir='ltr'><strong>a</strong></span> <span class='ocrx_word' id='word_1_417' title='bbox 677 3940 816 4013; x_wconf 75' lang='lat' dir='ltr'><strong>facie</strong></span> <span class='ocrx_word' id='word_1_418' title='bbox 845 3950 935 3994; x_wconf 89' lang='lat' dir='ltr'><strong>tua</strong></span> <span class='ocrx_word' id='word_1_419' title='bbox 962 3957 1066 3995; x_wconf 92' lang='lat' dir='ltr'><strong>non</strong></span> <span class='ocrx_word' id='word_1_420' title='bbox 1091 3938 1349 4006; x_wconf 86' lang='lat' dir='ltr'><strong>deleatur,</strong></span> <span class='ocrx_word' id='word_1_421' title='bbox 1377 3954 1719 4010; x_wconf 78' lang='lat' dir='ltr'><strong>nequaquam</strong></span> <span class='ocrx_word' id='word_1_422' title='bbox 1752 3937 1917 4007; x_wconf 83' lang='lat' dir='ltr'><strong>priori</strong></span> <span class='ocrx_word' id='word_1_423' title='bbox 1947 3954 2077 3992; x_wconf 84' lang='lat' dir='ltr'><strong>sen-</strong></span> 
     </span>
    </p>
   </div>
   <div class='ocr_carea' id='block_1_56' title="bbox 481 4031 2076 4105">
    <p class='ocr_par' dir='ltr' id='par_1_56' title="bbox 481 4031 2076 4105">
     <span class='ocr_line' id='line_1_56' title="bbox 481 4031 2076 4105; baseline -0.001 -18"><span class='ocrx_word' id='word_1_424' title='bbox 481 4033 668 4088; x_wconf 73' lang='lat' dir='ltr'><strong>tentia:</strong></span> <span class='ocrx_word' id='word_1_425' title='bbox 707 4035 1050 4089; x_wconf 87' lang='lat' dir='ltr'><strong>contrarium</strong></span> <span class='ocrx_word' id='word_1_426' title='bbox 1092 4044 1196 4097; x_wconf 86' lang='lat' dir='ltr'><strong>est,</strong></span> <span class='ocrx_word' id='word_1_427' title='bbox 1230 4033 1284 4088; x_wconf 91' lang='lat' dir='ltr'><strong>in</strong></span> <span class='ocrx_word' id='word_1_428' title='bbox 1321 4049 1423 4105; x_wconf 75' lang='lat' dir='ltr'><strong>qui</strong></span> <span class='ocrx_word' id='word_1_429' title='bbox 1460 4050 1557 4103; x_wconf 90' lang='lat' dir='ltr'><strong>pro</strong></span> <span class='ocrx_word' id='word_1_430' title='bbox 1590 4031 1789 4103; x_wconf 90' lang='lat' dir='ltr'><strong>populo</strong></span> <span class='ocrx_word' id='word_1_431' title='bbox 1813 4031 2076 4100; x_wconf 83' lang='lat' dir='ltr'><strong>depreca-</strong></span> 
     </span>
    </p>
   </div>
   <div class='ocr_carea' id='block_1_57' title="bbox 482 4127 2081 4200">
    <p class='ocr_par' dir='ltr' id='par_1_57' title="bbox 482 4127 2081 4200">
     <span class='ocr_line' id='line_1_57' title="bbox 482 4127 2081 4200; baseline -0.001 -18"><span class='ocrx_word' id='word_1_432' title='bbox 482 4138 571 4182; x_wconf 90' lang='lat' dir='ltr'><strong>tur</strong></span> <span class='ocrx_word' id='word_1_433' title='bbox 613 4127 861 4194; x_wconf 86' lang='lat' dir='ltr'><strong>Patrem;</strong></span> <span class='ocrx_word' id='word_1_434' title='bbox 903 4128 999 4185; x_wconf 88' lang='lat' dir='ltr'><strong>sed</strong></span> <span class='ocrx_word' id='word_1_435' title='bbox 1029 4137 1312 4200; x_wconf 88' lang='lat' dir='ltr'><strong>postquam</strong></span> <span class='ocrx_word' id='word_1_436' title='bbox 1342 4129 1532 4183; x_wconf 88' lang='lat' dir='ltr'><strong>datum</strong></span> <span class='ocrx_word' id='word_1_437' title='bbox 1567 4139 1782 4198; x_wconf 89' lang='lat' dir='ltr'><strong>tempus</strong></span> <span class='ocrx_word' id='word_1_438' title='bbox 1812 4128 2081 4198; x_wconf 65' lang='lat' dir='ltr'><strong>paeniten-</strong></span> 
     </span>
    </p>
   </div>
   <div class='ocr_carea' id='block_1_58' title="bbox 477 4219 2077 4293">
    <p class='ocr_par' dir='ltr' id='par_1_58' title="bbox 477 4219 2077 4293">
     <span class='ocr_line' id='line_1_58' title="bbox 477 4219 2077 4293; baseline -0.001 -19"><span class='ocrx_word' id='word_1_439' title='bbox 477 4219 571 4274; x_wconf 68' lang='lat' dir='ltr'><strong>tia:</strong></span> <span class='ocrx_word' id='word_1_440' title='bbox 615 4220 908 4290; x_wconf 58' lang='lat' dir='ltr'><strong>praeteriit,</strong></span> <span class='ocrx_word' id='word_1_441' title='bbox 958 4230 1013 4276; x_wconf 85' lang='lat' dir='ltr'><strong>et</strong></span> <span class='ocrx_word' id='word_1_442' title='bbox 1061 4221 1140 4276; x_wconf 91' lang='lat' dir='ltr'><strong>illi</strong></span> <span class='ocrx_word' id='word_1_443' title='bbox 1190 4221 1243 4276; x_wconf 88' lang='lat' dir='ltr'><strong>iu</strong></span> <span class='ocrx_word' id='word_1_444' title='bbox 1290 4236 1391 4276; x_wconf 88' lang='lat' dir='ltr'><strong>suo</strong></span> <span class='ocrx_word' id='word_1_445' title='bbox 1440 4220 1653 4277; x_wconf 80' lang='lat' dir='ltr'><strong>scelere</strong></span> <span class='ocrx_word' id='word_1_446' title='bbox 1703 4230 2077 4293; x_wconf 85' lang='lat' dir='ltr'><strong>perseverant,</strong></span> 
     </span>
    </p>
   </div>
   <div class='ocr_carea' id='block_1_59' title="bbox 477 4309 2079 4387">
    <p class='ocr_par' dir='ltr' id='par_1_59' title="bbox 477 4309 2079 4387">
     <span class='ocr_line' id='line_1_59' title="bbox 477 4309 2079 4387; baseline 0.005 -25"><span class='ocrx_word' id='word_1_447' title='bbox 477 4309 508 4351; x_wconf 71' lang='grc' dir='ltr'>ι»</span> <span class='ocrx_word' id='word_1_448' title='bbox 539 4312 795 4383; x_wconf 87' lang='lat' dir='ltr'><strong>populiet</strong></span> <span class='ocrx_word' id='word_1_449' title='bbox 810 4313 1078 4381; x_wconf 86' lang='lat' dir='ltr'><strong>seniores,</strong></span> <span class='ocrx_word' id='word_1_450' title='bbox 1105 4330 1212 4371; x_wconf 90' lang='lat' dir='ltr'><strong>non</strong></span> <span class='ocrx_word' id='word_1_451' title='bbox 1243 4322 1351 4370; x_wconf 85' lang='lat' dir='ltr'><strong>tam</strong></span> <span class='ocrx_word' id='word_1_452' title='bbox 1382 4331 1480 4386; x_wconf 89' lang='lat' dir='ltr'><strong>pro</strong></span> <span class='ocrx_word' id='word_1_453' title='bbox 1505 4328 1567 4372; x_wconf 88' lang='lat' dir='ltr'><strong>se</strong></span> <span class='ocrx_word' id='word_1_454' title='bbox 1595 4313 1898 4385; x_wconf 87' lang='lat' dir='ltr'><strong>puniuntur</strong></span> <span class='ocrx_word' id='word_1_455' title='bbox 1916 4330 2079 4387; x_wconf 87' lang='lat' dir='ltr'><strong>quam</strong></span> 
     </span>
    </p>
   </div>
   <div class='ocr_carea' id='block_1_60' title="bbox 460 4406 2083 4480">
    <p class='ocr_par' dir='ltr' id='par_1_60' title="bbox 460 4406 2083 4480">
     <span class='ocr_line' id='line_1_60' title="bbox 460 4406 2083 4480; baseline 0.006 -22"><span class='ocrx_word' id='word_1_456' title='bbox 460 4421 584 4476; x_wconf 85' lang='lat' dir='ltr'><strong>pro</strong></span> <span class='ocrx_word' id='word_1_457' title='bbox 639 4406 807 4474; x_wconf 85' lang='lat' dir='ltr'><strong>aliis,</strong></span> <span class='ocrx_word' id='word_1_458' title='bbox 864 4421 934 4462; x_wconf 90' lang='lat' dir='ltr'><strong>ne</strong></span> <span class='ocrx_word' id='word_1_459' title='bbox 986 4406 1216 4463; x_wconf 88' lang='lat' dir='ltr'><strong>inultum</strong></span> <span class='ocrx_word' id='word_1_460' title='bbox 1276 4419 1559 4480; x_wconf 83' lang='lat' dir='ltr'><strong>peccatum</strong></span> <span class='ocrx_word' id='word_1_461' title='bbox 1611 4409 1832 4467; x_wconf 66' lang='lat' dir='ltr'><strong>cieteris</strong></span> <span class='ocrx_word' id='word_1_462' title='bbox 1885 4422 2083 4467; x_wconf 84' lang='lat' dir='ltr'><strong>noceat</strong></span> 
     </span>
    </p>
   </div>
   <div class='ocr_carea' id='block_1_61' title="bbox 482 4498 2083 4575">
    <p class='ocr_par' dir='ltr' id='par_1_61' title="bbox 482 4498 2083 4575">
     <span class='ocr_line' id='line_1_61' title="bbox 482 4498 2083 4575; baseline 0.004 -21"><span class='ocrx_word' id='word_1_463' title='bbox 482 4498 753 4569; x_wconf 82' lang='lat' dir='ltr'><strong>exemplo.</strong></span> <span class='ocrx_word' id='word_1_464' title='bbox 796 4498 1060 4570; x_wconf 85' lang='lat' dir='ltr'><strong>Quodque</strong></span> <span class='ocrx_word' id='word_1_465' title='bbox 1101 4500 1262 4557; x_wconf 79' lang='lat' dir='ltr'><strong>infert</strong></span> <span class='ocrx_word' id='word_1_466' title='bbox 1299 4519 1314 4556; x_wconf 91' lang='lat'><strong>:</strong></span> <span class='ocrx_word' id='word_1_467' title='bbox 1353 4500 1515 4558; x_wconf 81' lang='lat' dir='ltr'><strong>Fiant</strong></span> <span class='ocrx_word' id='word_1_468' title='bbox 1549 4502 1923 4575; x_wconf 87' lang='lat' dir='ltr'><strong>impingentes,</strong></span> <span class='ocrx_word' id='word_1_469' title='bbox 1967 4504 2083 4561; x_wconf 88' lang='lat' dir='ltr'><strong>sive</strong></span> 
     </span>
    </p>
   </div>
   <div class='ocr_carea' id='block_1_62' title="bbox 482 4590 2078 4665">
    <p class='ocr_par' dir='ltr' id='par_1_62' title="bbox 482 4590 2078 4665">
     <span class='ocr_line' id='line_1_62' title="bbox 482 4590 2078 4665; baseline 0.003 -21"><span class='ocrx_word' id='word_1_470' title='bbox 482 4600 798 4656; x_wconf 82' lang='lat' dir='ltr'><strong>carmentes,</strong></span> <span class='ocrx_word' id='word_1_471' title='bbox 842 4592 897 4645; x_wconf 87' lang='lat' dir='ltr'><strong>in</strong></span> <span class='ocrx_word' id='word_1_472' title='bbox 939 4602 1221 4665; x_wconf 87' lang='lat' dir='ltr'><strong>conspectu</strong></span> <span class='ocrx_word' id='word_1_473' title='bbox 1261 4603 1371 4659; x_wconf 88' lang='lat' dir='ltr'><strong>tuo,</strong></span> <span class='ocrx_word' id='word_1_474' title='bbox 1418 4591 1565 4647; x_wconf 86' lang='lat' dir='ltr'><strong>illius</strong></span> <span class='ocrx_word' id='word_1_475' title='bbox 1603 4590 1794 4663; x_wconf 74' lang='lat' dir='ltr'><strong>lsaim,</strong></span> <span class='ocrx_word' id='word_1_476' title='bbox 1833 4606 1889 4649; x_wconf 94' lang='lat' dir='ltr'><strong>et</strong></span> <span class='ocrx_word' id='word_1_477' title='bbox 1934 4593 2078 4650; x_wconf 84' lang='lat' dir='ltr'><strong>Petri</strong></span> 
     </span>
    </p>
   </div>
   <div class='ocr_carea' id='block_1_63' title="bbox 2160 1974 3690 2048">
    <p class='ocr_par' dir='ltr' id='par_1_63' title="bbox 2160 1974 3690 2048">
     <span class='ocr_line' id='line_1_63' title="bbox 2160 1974 3690 2048; baseline -0.006 -14"><span class='ocrx_word' id='word_1_478' title='bbox 2160 1989 2263 2034; x_wconf 90' lang='lat' dir='ltr'><strong>tus.</strong></span> <span class='ocrx_word' id='word_1_479' title='bbox 2299 1980 2415 2048; x_wconf 86' lang='lat' dir='ltr'><strong>Ipsa</strong></span> <span class='ocrx_word' id='word_1_480' title='bbox 2447 1987 2650 2043; x_wconf 88' lang='lat' dir='ltr'><strong>autem,</strong></span> <span class='ocrx_word' id='word_1_481' title='bbox 2675 1976 2869 2047; x_wconf 87' lang='lat' dir='ltr'><strong>inquit.</strong></span> <span class='ocrx_word' id='word_1_482' title='bbox 2905 1975 3066 2030; x_wconf 80' lang='lat' dir='ltr'><strong>vallis</strong></span> <span class='ocrx_word' id='word_1_483' title='bbox 3089 1974 3240 2044; x_wconf 84' lang='lat' dir='ltr'><strong>juxta</strong></span> <span class='ocrx_word' id='word_1_484' title='bbox 3272 1981 3473 2043; x_wconf 86' lang='lat' dir='ltr'><strong>portam</strong></span> <span class='ocrx_word' id='word_1_485' title='bbox 3497 1982 3690 2038; x_wconf 76' lang='lat' dir='ltr'><strong>cSI,qu:e</strong></span> 
     </span>
    </p>
   </div>
   <div class='ocr_carea' id='block_1_64' title="bbox 2160 2063 3693 2142">
    <p class='ocr_par' dir='ltr' id='par_1_64' title="bbox 2160 2063 3693 2142">
     <span class='ocr_line' id='line_1_64' title="bbox 2160 2063 3693 2142; baseline -0.007 -15"><span class='ocrx_word' id='word_1_486' title='bbox 2160 2072 2430 2127; x_wconf 86' lang='lat' dir='ltr'><strong>Hebraice</strong></span> <span class='ocrx_word' id='word_1_487' title='bbox 2456 2086 2688 2127; x_wconf 67' lang='lat' dir='ltr'><strong>masne</strong></span> <span class='ocrx_word' id='word_1_488' title='bbox 2714 2068 2957 2142; x_wconf 75' lang='lat' dir='ltr'><strong>(n&#39;mn),</strong></span> <span class='ocrx_word' id='word_1_489' title='bbox 2992 2068 3097 2124; x_wconf 89' lang='lat' dir='ltr'><strong>hoc</strong></span> <span class='ocrx_word' id='word_1_490' title='bbox 3133 2078 3239 2136; x_wconf 88' lang='lat' dir='ltr'><strong>est,</strong></span> <span class='ocrx_word' id='word_1_491' title='bbox 3297 2066 3464 2138; x_wconf 89' lang='lat' dir='ltr'><strong>ﬁctilis</strong></span> <span class='ocrx_word' id='word_1_492' title='bbox 3502 2063 3693 2133; x_wconf 76' lang='lat' dir='ltr'><strong>appella-</strong></span> 
     </span>
    </p>
   </div>
   <div class='ocr_carea' id='block_1_65' title="bbox 2162 2159 3695 2237">
    <p class='ocr_par' dir='ltr' id='par_1_65' title="bbox 2162 2159 3695 2237">
     <span class='ocr_line' id='line_1_65' title="bbox 2162 2159 3695 2237; baseline -0.007 -16"><span class='ocrx_word' id='word_1_493' title='bbox 2162 2174 2270 2221; x_wconf 90' lang='lat' dir='ltr'><strong>tur.</strong></span> <span class='ocrx_word' id='word_1_494' title='bbox 2299 2166 2366 2220; x_wconf 87' lang='lat' dir='ltr'><strong>Et</strong></span> <span class='ocrx_word' id='word_1_495' title='bbox 2398 2167 2721 2237; x_wconf 81' lang='lat' dir='ltr'><strong>prtedicabis,</strong></span> <span class='ocrx_word' id='word_1_496' title='bbox 2753 2166 2839 2221; x_wconf 87' lang='lat' dir='ltr'><strong>vel</strong></span> <span class='ocrx_word' id='word_1_497' title='bbox 2862 2166 2998 2235; x_wconf 82' lang='lat' dir='ltr'><strong>leges</strong></span> <span class='ocrx_word' id='word_1_498' title='bbox 3018 2162 3090 2218; x_wconf 88' lang='lat' dir='ltr'><strong>ibi</strong></span> <span class='ocrx_word' id='word_1_499' title='bbox 3116 2161 3424 2233; x_wconf 78' lang='lat' dir='ltr'><strong>uerba,qu¢e</strong></span> <span class='ocrx_word' id='word_1_500' title='bbox 3447 2176 3529 2231; x_wconf 84' lang='lat' dir='ltr'><strong>ego</strong></span> <span class='ocrx_word' id='word_1_501' title='bbox 3552 2159 3695 2222; x_wconf 80' lang='lat' dir='ltr'><strong>loquar</strong></span> 
     </span>
    </p>
   </div>
   <div class='ocr_carea' id='block_1_66' title="bbox 2163 2253 3696 2330">
    <p class='ocr_par' dir='ltr' id='par_1_66' title="bbox 2163 2253 3696 2330">
     <span class='ocr_line' id='line_1_66' title="bbox 2163 2253 3696 2330; baseline -0.007 -13"><span class='ocrx_word' id='word_1_502' title='bbox 2163 2274 2326 2318; x_wconf 84' lang='lat' dir='ltr'><strong>tecum</strong></span> <span class='ocrx_word' id='word_1_503' title='bbox 2356 2280 2374 2319; x_wconf 90' lang='lat'><strong><em>:</em></strong></span> <span class='ocrx_word' id='word_1_504' title='bbox 2398 2272 2455 2317; x_wconf 92' lang='lat' dir='ltr'><strong>ut</strong></span> <span class='ocrx_word' id='word_1_505' title='bbox 2478 2262 2550 2317; x_wconf 89' lang='lat' dir='ltr'><strong>ibi</strong></span> <span class='ocrx_word' id='word_1_506' title='bbox 2579 2262 2869 2316; x_wconf 82' lang='lat' dir='ltr'><strong>audiantur</strong></span> <span class='ocrx_word' id='word_1_507' title='bbox 2897 2274 3017 2330; x_wconf 66' lang='lat' dir='ltr'><strong>quae</strong></span> <span class='ocrx_word' id='word_1_508' title='bbox 3048 2257 3298 2314; x_wconf 87' lang='lat' dir='ltr'><strong>dicturus</strong></span> <span class='ocrx_word' id='word_1_509' title='bbox 3344 2271 3475 2311; x_wconf 87' lang='lat' dir='ltr'><strong>sum.</strong></span> <span class='ocrx_word' id='word_1_510' title='bbox 3500 2253 3605 2309; x_wconf 83' lang='lat' dir='ltr'><strong>Ideo</strong></span> <span class='ocrx_word' id='word_1_511' title='bbox 3625 2265 3696 2306; x_wconf 77' lang='lat' dir='ltr'><strong>su-</strong></span> 
     </span>
    </p>
   </div>
   <div class='ocr_carea' id='block_1_67' title="bbox 2167 2346 3695 2427">
    <p class='ocr_par' dir='ltr' id='par_1_67' title="bbox 2167 2346 3695 2427">
     <span class='ocr_line' id='line_1_67' title="bbox 2167 2346 3695 2427; baseline -0.009 -16"><span class='ocrx_word' id='word_1_512' title='bbox 2167 2367 2273 2411; x_wconf 90' lang='lat' dir='ltr'><strong>tem</strong></span> <span class='ocrx_word' id='word_1_513' title='bbox 2303 2357 2323 2427; x_wconf 85' lang='lat'><strong>(</strong></span> <span class='ocrx_word' id='word_1_514' title='bbox 2358 2365 2417 2411; x_wconf 89' lang='lat' dir='ltr'><strong>ut</strong></span> <span class='ocrx_word' id='word_1_515' title='bbox 2438 2356 2550 2427; x_wconf 88' lang='lat' dir='ltr'><strong>jam</strong></span> <span class='ocrx_word' id='word_1_516' title='bbox 2605 2351 2892 2425; x_wconf 81' lang='lat' dir='ltr'><strong>diximus)</strong></span> <span class='ocrx_word' id='word_1_517' title='bbox 2923 2361 2979 2408; x_wconf 91' lang='lat' dir='ltr'><strong>et</strong></span> <span class='ocrx_word' id='word_1_518' title='bbox 3011 2350 3357 2421; x_wconf 71' lang='lat' dir='ltr'><strong>prauiicabis,</strong></span> <span class='ocrx_word' id='word_1_519' title='bbox 3391 2357 3444 2405; x_wconf 90' lang='lat' dir='ltr'><strong>et</strong></span> <span class='ocrx_word' id='word_1_520' title='bbox 3468 2346 3695 2410; x_wconf 84' lang='lat' dir='ltr'><strong>clamabis,</strong></span> 
     </span>
    </p>
   </div>
   <div class='ocr_carea' id='block_1_68' title="bbox 2166 2443 3697 2522">
    <p class='ocr_par' dir='ltr' id='par_1_68' title="bbox 2166 2443 3697 2522">
     <span class='ocr_line' id='line_1_68' title="bbox 2166 2443 3697 2522; baseline -0.008 -16"><span class='ocrx_word' id='word_1_521' title='bbox 2166 2459 2222 2507; x_wconf 90' lang='lat' dir='ltr'><strong>et</strong></span> <span class='ocrx_word' id='word_1_522' title='bbox 2253 2452 2395 2521; x_wconf 77' lang='lat' dir='ltr'><strong>leges</strong></span> <span class='ocrx_word' id='word_1_523' title='bbox 2423 2450 2663 2522; x_wconf 87' lang='lat' dir='ltr'><strong>ponitur,</strong></span> <span class='ocrx_word' id='word_1_524' title='bbox 2715 2448 2838 2520; x_wconf 87' lang='lat' dir='ltr'><strong>quia</strong></span> <span class='ocrx_word' id='word_1_525' title='bbox 2882 2446 3111 2502; x_wconf 84' lang='lat' dir='ltr'><strong>verbum</strong></span> <span class='ocrx_word' id='word_1_526' title='bbox 3165 2443 3488 2501; x_wconf 86' lang='lat' dir='ltr'><strong>llebraicum</strong></span> <span class='ocrx_word' id='word_1_527' title='bbox 3536 2452 3697 2497; x_wconf 67' lang='lat' dir='ltr'><strong>nam</strong></span> 
     </span>
    </p>
   </div>
   <div class='ocr_carea' id='block_1_69' title="bbox 2171 2536 3701 2633">
    <p class='ocr_par' dir='ltr' id='par_1_69' title="bbox 2171 2536 3701 2633">
     <span class='ocr_line' id='line_1_69' title="bbox 2171 2536 3701 2633; baseline -0.009 -30"><span class='ocrx_word' id='word_1_528' title='bbox 2171 2544 2395 2633; x_wconf 73' lang='lat' dir='ltr'><strong>(rmp),</strong></span> <span class='ocrx_word' id='word_1_529' title='bbox 2426 2543 2525 2599; x_wconf 87' lang='lat' dir='ltr'><strong>tria</strong></span> <span class='ocrx_word' id='word_1_530' title='bbox 2570 2543 2686 2599; x_wconf 75' lang='lat' dir='ltr'><strong>lucc</strong></span> <span class='ocrx_word' id='word_1_531' title='bbox 2713 2541 3001 2613; x_wconf 79' lang='lat' dir='ltr'><strong>signiﬁcat.</strong></span> <span class='ocrx_word' id='word_1_532' title='bbox 3057 2538 3301 2611; x_wconf 79' lang='lat' dir='ltr'><strong>Vultque</strong></span> <span class='ocrx_word' id='word_1_533' title='bbox 3352 2554 3466 2633; x_wconf 68' lang='lat' dir='ltr'><strong>qua:</strong></span> <span class='ocrx_word' id='word_1_534' title='bbox 3504 2536 3701 2633; x_wconf 74' lang='lat' dir='ltr'><strong>dicturus</strong></span> 
     </span>
    </p>
   </div>
   <div class='ocr_carea' id='block_1_70' title="bbox 2169 2626 3698 2707">
    <p class='ocr_par' dir='ltr' id='par_1_70' title="bbox 2169 2626 3698 2707">
     <span class='ocr_line' id='line_1_70' title="bbox 2169 2626 3698 2707; baseline -0.011 -13"><span class='ocrx_word' id='word_1_535' title='bbox 2169 2649 2277 2705; x_wconf 90' lang='lat' dir='ltr'><strong>est,</strong></span> <span class='ocrx_word' id='word_1_536' title='bbox 2305 2626 2362 2694; x_wconf 82' lang='lat' dir='ltr'><strong>et</strong></span> <span class='ocrx_word' id='word_1_537' title='bbox 2391 2652 2550 2707; x_wconf 82' lang='lat' dir='ltr'><strong>reges</strong></span> <span class='ocrx_word' id='word_1_538' title='bbox 2574 2634 2709 2693; x_wconf 81' lang='lat' dir='ltr'><strong>luda</strong></span> <span class='ocrx_word' id='word_1_539' title='bbox 2741 2634 2949 2700; x_wconf 83' lang='lat' dir='ltr'><strong>audire,</strong></span> <span class='ocrx_word' id='word_1_540' title='bbox 2981 2643 3038 2690; x_wconf 88' lang='lat' dir='ltr'><strong>et</strong></span> <span class='ocrx_word' id='word_1_541' title='bbox 3069 2633 3414 2688; x_wconf 79' lang='lat' dir='ltr'><strong>habitatores</strong></span> <span class='ocrx_word' id='word_1_542' title='bbox 3431 2626 3698 2692; x_wconf 55' lang='lat' dir='ltr'><strong>Jerusalem,</strong></span> 
     </span>
    </p>
   </div>
   <div class='ocr_carea' id='block_1_71' title="bbox 2170 2719 3701 2799">
    <p class='ocr_par' dir='ltr' id='par_1_71' title="bbox 2170 2719 3701 2799">
     <span class='ocr_line' id='line_1_71' title="bbox 2170 2719 3701 2799; baseline -0.008 -13"><span class='ocrx_word' id='word_1_543' title='bbox 2170 2729 2226 2786; x_wconf 86' lang='lat' dir='ltr'><strong>id</strong></span> <span class='ocrx_word' id='word_1_544' title='bbox 2265 2738 2387 2799; x_wconf 79' lang='lat' dir='ltr'><strong>est,</strong></span> <span class='ocrx_word' id='word_1_545' title='bbox 2434 2738 2490 2784; x_wconf 90' lang='lat' dir='ltr'><strong>et</strong></span> <span class='ocrx_word' id='word_1_546' title='bbox 2532 2728 2758 2798; x_wconf 88' lang='lat' dir='ltr'><strong>stirpem</strong></span> <span class='ocrx_word' id='word_1_547' title='bbox 2808 2727 3013 2797; x_wconf 78' lang='lat' dir='ltr'><strong>regiam</strong></span> <span class='ocrx_word' id='word_1_548' title='bbox 3039 2770 3054 2794; x_wconf 93' lang='lat'><strong>,</strong></span> <span class='ocrx_word' id='word_1_549' title='bbox 3086 2733 3144 2780; x_wconf 90' lang='lat' dir='ltr'><strong>et</strong></span> <span class='ocrx_word' id='word_1_550' title='bbox 3200 2739 3420 2780; x_wconf 87' lang='lat' dir='ltr'><strong>omnem</strong></span> <span class='ocrx_word' id='word_1_551' title='bbox 3468 2719 3701 2793; x_wconf 81' lang='lat' dir='ltr'><strong>populum,</strong></span> 
     </span>
    </p>
   </div>
   <div class='ocr_carea' id='block_1_72' title="bbox 2172 2811 3698 2895">
    <p class='ocr_par' dir='ltr' id='par_1_72' title="bbox 2172 2811 3698 2895">
     <span class='ocr_line' id='line_1_72' title="bbox 2172 2811 3698 2895; baseline -0.01 -16"><span class='ocrx_word' id='word_1_552' title='bbox 2172 2833 2232 2879; x_wconf 90' lang='lat' dir='ltr'><strong>ut</strong></span> <span class='ocrx_word' id='word_1_553' title='bbox 2295 2819 2462 2895; x_wconf 62' lang='grc'><strong>974</strong></span> <span class='ocrx_word' id='word_1_554' title='bbox 2516 2819 2913 2878; x_wconf 80' lang='lat' dir='ltr'><strong>inexcusabilcs</strong></span> <span class='ocrx_word' id='word_1_555' title='bbox 2966 2819 3116 2887; x_wconf 89' lang='lat' dir='ltr'><strong>sint,</strong></span> <span class='ocrx_word' id='word_1_556' title='bbox 3169 2817 3266 2889; x_wconf 89' lang='lat' dir='ltr'><strong>qui</strong></span> <span class='ocrx_word' id='word_1_557' title='bbox 3324 2816 3505 2873; x_wconf 83' lang='lat' dir='ltr'><strong>audire</strong></span> <span class='ocrx_word' id='word_1_558' title='bbox 3549 2811 3698 2868; x_wconf 83' lang='lat' dir='ltr'><strong>nolue-</strong></span> 
     </span>
    </p>
   </div>
   <div class='ocr_carea' id='block_1_73' title="bbox 2174 2917 2310 2973">
    <p class='ocr_par' dir='ltr' id='par_1_73' title="bbox 2174 2917 2310 2973">
     <span class='ocr_line' id='line_1_73' title="bbox 2174 2917 2310 2973; baseline -0.007 0"><span class='ocrx_word' id='word_1_559' title='bbox 2174 2917 2310 2973; x_wconf 87' lang='lat' dir='ltr'><strong>rint.</strong></span> 
     </span>
    </p>
   </div>
   <div class='ocr_carea' id='block_1_74' title="bbox 2246 2994 3694 3082">
    <p class='ocr_par' dir='ltr' id='par_1_74' title="bbox 2246 2994 3694 3082">
     <span class='ocr_line' id='line_1_74' title="bbox 2246 2994 3694 3082; baseline -0.015 -15"><span class='ocrx_word' id='word_1_560' title='bbox 2246 3010 2429 3082; x_wconf 83' lang='lat' dir='ltr'><strong>(Vers.</strong></span> <span class='ocrx_word' id='word_1_561' title='bbox 2456 3006 2605 3080; x_wconf 68' lang='lat'><strong>4-6.)</strong></span> <span class='ocrx_word' id='word_1_562' title='bbox 2647 3006 2777 3063; x_wconf 79' lang='lat' dir='ltr'><strong>Hcce</strong></span> <span class='ocrx_word' id='word_1_563' title='bbox 2799 3005 2923 3060; x_wconf 83' lang='lat' dir='ltr'><strong>dicit</strong></span> <span class='ocrx_word' id='word_1_564' title='bbox 2960 3000 3223 3058; x_wconf 87' lang='lat' dir='ltr'><strong>Dominus</strong></span> <span class='ocrx_word' id='word_1_565' title='bbox 3268 3000 3565 3056; x_wconf 77' lang='lat' dir='ltr'><strong>exercituum</strong></span> <span class='ocrx_word' id='word_1_566' title='bbox 3587 2994 3694 3049; x_wconf 77' lang='lat' dir='ltr'><strong>Deus</strong></span> 
     </span>
    </p>
   </div>
   <div class='ocr_carea' id='block_1_75' title="bbox 2177 3085 3708 3177">
    <p class='ocr_par' dir='ltr' id='par_1_75' title="bbox 2177 3085 3708 3177">
     <span class='ocr_line' id='line_1_75' title="bbox 2177 3085 3708 3177; baseline -0.014 -17"><span class='ocrx_word' id='word_1_567' title='bbox 2177 3104 2391 3162; x_wconf 83' lang='lat' dir='ltr'><strong>Israel:</strong></span> <span class='ocrx_word' id='word_1_568' title='bbox 2421 3103 2553 3159; x_wconf 86' lang='lat' dir='ltr'><strong>Ecce</strong></span> <span class='ocrx_word' id='word_1_569' title='bbox 2600 3119 2693 3177; x_wconf 88' lang='lat' dir='ltr'><strong>ego</strong></span> <span class='ocrx_word' id='word_1_570' title='bbox 2722 3102 2964 3156; x_wconf 87' lang='lat' dir='ltr'><strong>inducam</strong></span> <span class='ocrx_word' id='word_1_571' title='bbox 3011 3093 3406 3169; x_wconf 76' lang='lat' dir='ltr'><strong>afﬁictionem(</strong></span> <span class='ocrx_word' id='word_1_572' title='bbox 3433 3094 3536 3148; x_wconf 83' lang='lat' dir='ltr'><strong>sive</strong></span> <span class='ocrx_word' id='word_1_573' title='bbox 3561 3085 3708 3155; x_wconf 81' lang='lat' dir='ltr'><strong>mala)</strong></span> 
     </span>
    </p>
   </div>
   <div class='ocr_carea' id='block_1_76' title="bbox 2177 3182 3711 3267">
    <p class='ocr_par' dir='ltr' id='par_1_76' title="bbox 2177 3182 3711 3267">
     <span class='ocr_line' id='line_1_76' title="bbox 2177 3182 3711 3267; baseline -0.016 -13"><span class='ocrx_word' id='word_1_574' title='bbox 2177 3208 2334 3267; x_wconf 82' lang='lat' dir='ltr'><strong>super</strong></span> <span class='ocrx_word' id='word_1_575' title='bbox 2386 3198 2556 3252; x_wconf 89' lang='lat' dir='ltr'><strong>locum</strong></span> <span class='ocrx_word' id='word_1_576' title='bbox 2604 3195 2759 3248; x_wconf 75' lang='lat' dir='ltr'><strong>istum</strong></span> <span class='ocrx_word' id='word_1_577' title='bbox 2786 3209 2804 3247; x_wconf 91' lang='lat'><strong><em>:</em></strong></span> <span class='ocrx_word' id='word_1_578' title='bbox 2836 3193 2908 3245; x_wconf 90' lang='lat' dir='ltr'><strong>ita</strong></span> <span class='ocrx_word' id='word_1_579' title='bbox 2939 3201 2995 3244; x_wconf 87' lang='lat' dir='ltr'><strong>ut</strong></span> <span class='ocrx_word' id='word_1_580' title='bbox 3023 3190 3190 3243; x_wconf 87' lang='lat' dir='ltr'><strong>anmis</strong></span> <span class='ocrx_word' id='word_1_581' title='bbox 3218 3188 3314 3255; x_wconf 86' lang='lat' dir='ltr'><strong>qui</strong></span> <span class='ocrx_word' id='word_1_582' title='bbox 3358 3185 3563 3241; x_wconf 86' lang='lat' dir='ltr'><strong>audierit</strong></span> <span class='ocrx_word' id='word_1_583' title='bbox 3602 3182 3711 3234; x_wconf 77' lang='lat' dir='ltr'><strong>illam</strong></span> 
     </span>
    </p>
   </div>
   <div class='ocr_carea' id='block_1_77' title="bbox 2181 3272 3714 3364">
    <p class='ocr_par' dir='ltr' id='par_1_77' title="bbox 2181 3272 3714 3364">
     <span class='ocr_line' id='line_1_77' title="bbox 2181 3272 3714 3364; baseline -0.018 -14"><span class='ocrx_word' id='word_1_584' title='bbox 2181 3293 2322 3364; x_wconf 89' lang='lat' dir='ltr'><strong>(sive</strong></span> <span class='ocrx_word' id='word_1_585' title='bbox 2347 3292 2439 3346; x_wconf 89' lang='lat' dir='ltr'><strong>illa</strong></span> <span class='ocrx_word' id='word_1_586' title='bbox 2465 3289 2486 3363; x_wconf 89' lang='lat'><strong>)</strong></span> <span class='ocrx_word' id='word_1_587' title='bbox 2516 3291 2742 3345; x_wconf 85' lang='lat' dir='ltr'><strong>tinniaut</strong></span> <span class='ocrx_word' id='word_1_588' title='bbox 2791 3302 2941 3341; x_wconf 90' lang='lat' dir='ltr'><strong>aures</strong></span> <span class='ocrx_word' id='word_1_589' title='bbox 2966 3286 3103 3358; x_wconf 83' lang='lat' dir='ltr'><strong>ejus,</strong></span> <span class='ocrx_word' id='word_1_590' title='bbox 3132 3299 3192 3338; x_wconf 90' lang='lat' dir='ltr'><strong>eo</strong></span> <span class='ocrx_word' id='word_1_591' title='bbox 3217 3282 3362 3353; x_wconf 85' lang='lat' dir='ltr'><strong>quod</strong></span> <span class='ocrx_word' id='word_1_592' title='bbox 3403 3272 3714 3348; x_wconf 73' lang='lat' dir='ltr'><strong>dereliquerittt</strong></span> 
     </span>
    </p>
   </div>
   <div class='ocr_carea' id='block_1_78' title="bbox 2181 3368 3713 3451">
    <p class='ocr_par' dir='ltr' id='par_1_78' title="bbox 2181 3368 3713 3451">
     <span class='ocr_line' id='line_1_78' title="bbox 2181 3368 3713 3451; baseline -0.016 -10"><span class='ocrx_word' id='word_1_593' title='bbox 2181 3402 2281 3447; x_wconf 87' lang='lat' dir='ltr'><strong>me.</strong></span> <span class='ocrx_word' id='word_1_594' title='bbox 2302 3392 2349 3439; x_wconf 89' lang='lat' dir='ltr'><strong>et</strong></span> <span class='ocrx_word' id='word_1_595' title='bbox 2377 3384 2602 3439; x_wconf 86' lang='lat' dir='ltr'><strong>alienant</strong></span> <span class='ocrx_word' id='word_1_596' title='bbox 2630 3381 2845 3451; x_wconf 78' lang='lat' dir='ltr'><strong>fecerint</strong></span> <span class='ocrx_word' id='word_1_597' title='bbox 2867 3377 3039 3433; x_wconf 89' lang='lat' dir='ltr'><strong>locum</strong></span> <span class='ocrx_word' id='word_1_598' title='bbox 3068 3379 3248 3442; x_wconf 88' lang='lat' dir='ltr'><strong>istum,</strong></span> <span class='ocrx_word' id='word_1_599' title='bbox 3282 3384 3329 3429; x_wconf 91' lang='lat' dir='ltr'><strong>et</strong></span> <span class='ocrx_word' id='word_1_600' title='bbox 3358 3368 3713 3428; x_wconf 75' lang='lat' dir='ltr'><strong>libaverintineo</strong></span> 
     </span>
    </p>
   </div>
   <div class='ocr_carea' id='block_1_79' title="bbox 2180 3467 3717 3546">
    <p class='ocr_par' dir='ltr' id='par_1_79' title="bbox 2180 3467 3717 3546">
     <span class='ocr_line' id='line_1_79' title="bbox 2180 3467 3717 3546; baseline -0.016 -12"><span class='ocrx_word' id='word_1_601' title='bbox 2180 3479 2282 3535; x_wconf 87' lang='lat' dir='ltr'><strong>diis</strong></span> <span class='ocrx_word' id='word_1_602' title='bbox 2307 3477 2496 3532; x_wconf 87' lang='lat' dir='ltr'><strong>alienis</strong></span> <span class='ocrx_word' id='word_1_603' title='bbox 2546 3492 2672 3546; x_wconf 86' lang='lat' dir='ltr'><strong>quos</strong></span> <span class='ocrx_word' id='word_1_604' title='bbox 2689 3473 2981 3529; x_wconf 84' lang='lat' dir='ltr'><strong>nescierunt</strong></span> <span class='ocrx_word' id='word_1_605' title='bbox 3011 3469 3114 3539; x_wconf 85' lang='lat' dir='ltr'><strong>ipsi</strong></span> <span class='ocrx_word' id='word_1_606' title='bbox 3135 3478 3182 3523; x_wconf 89' lang='lat' dir='ltr'><strong>et</strong></span> <span class='ocrx_word' id='word_1_607' title='bbox 3212 3479 3391 3539; x_wconf 84' lang='lat' dir='ltr'><strong>patres</strong></span> <span class='ocrx_word' id='word_1_608' title='bbox 3414 3479 3577 3519; x_wconf 76' lang='lat' dir='ltr'><strong>eorum</strong></span> <span class='ocrx_word' id='word_1_609' title='bbox 3599 3467 3641 3514; x_wconf 86' lang='lat' dir='ltr'><strong>et</strong></span> <span class='ocrx_word' id='word_1_610' title='bbox 3658 3471 3717 3510; x_wconf 86' lang='lat' dir='ltr'><strong>re-</strong></span> 
     </span>
    </p>
   </div>
   <div class='ocr_carea' id='block_1_80' title="bbox 2180 3552 3717 3644">
    <p class='ocr_par' dir='ltr' id='par_1_80' title="bbox 2180 3552 3717 3644">
     <span class='ocr_line' id='line_1_80' title="bbox 2180 3552 3717 3644; baseline -0.016 -18"><span class='ocrx_word' id='word_1_611' title='bbox 2180 3570 2450 3644; x_wconf 76' lang='lat' dir='ltr'><strong>gesluda.</strong></span> <span class='ocrx_word' id='word_1_612' title='bbox 2474 3567 2543 3622; x_wconf 86' lang='lat' dir='ltr'><strong>Et</strong></span> <span class='ocrx_word' id='word_1_613' title='bbox 2572 3566 2890 3640; x_wconf 74' lang='lat' dir='ltr'><strong>repleverunt</strong></span> <span class='ocrx_word' id='word_1_614' title='bbox 2930 3565 3097 3619; x_wconf 86' lang='lat' dir='ltr'><strong>locum</strong></span> <span class='ocrx_word' id='word_1_615' title='bbox 3145 3562 3310 3617; x_wconf 85' lang='lat' dir='ltr'><strong>istum</strong></span> <span class='ocrx_word' id='word_1_616' title='bbox 3338 3556 3574 3631; x_wconf 86' lang='lat' dir='ltr'><strong>sanguine</strong></span> <span class='ocrx_word' id='word_1_617' title='bbox 3605 3552 3717 3644; x_wconf 65' lang='lat' dir='ltr'><strong>iniu»</strong></span> 
     </span>
    </p>
   </div>
   <div class='ocr_carea' id='block_1_81' title="bbox 2182 3642 3719 3731">
    <p class='ocr_par' dir='ltr' id='par_1_81' title="bbox 2182 3642 3719 3731">
     <span class='ocr_line' id='line_1_81' title="bbox 2182 3642 3719 3731; baseline -0.017 -11"><span class='ocrx_word' id='word_1_618' title='bbox 2182 3642 2417 3731; x_wconf 80' lang='lat' dir='ltr'><strong>centum,</strong></span> <span class='ocrx_word' id='word_1_619' title='bbox 2461 3673 2510 3719; x_wconf 87' lang='lat' dir='ltr'><strong>et</strong></span> <span class='ocrx_word' id='word_1_620' title='bbox 2549 3663 2935 3731; x_wconf 72' lang='lat' dir='ltr'><strong>aediﬁcaverunt</strong></span> <span class='ocrx_word' id='word_1_621' title='bbox 2990 3657 3194 3714; x_wconf 70' lang='lat' dir='ltr'><strong>excelsa</strong></span> <span class='ocrx_word' id='word_1_622' title='bbox 3233 3654 3463 3717; x_wconf 84' lang='lat' dir='ltr'><strong>Baulim,</strong></span> <span class='ocrx_word' id='word_1_623' title='bbox 3478 3651 3539 3704; x_wconf 86' lang='lat' dir='ltr'><strong>ad</strong></span> <span class='ocrx_word' id='word_1_624' title='bbox 3560 3642 3719 3701; x_wconf 78' lang='lat' dir='ltr'><strong>combu-</strong></span> 
     </span>
    </p>
   </div>
   <div class='ocr_carea' id='block_1_82' title="bbox 2181 3745 3719 3830">
    <p class='ocr_par' dir='ltr' id='par_1_82' title="bbox 2181 3745 3719 3830">
     <span class='ocr_line' id='line_1_82' title="bbox 2181 3745 3719 3830; baseline -0.015 -16"><span class='ocrx_word' id='word_1_625' title='bbox 2181 3760 2368 3814; x_wconf 81' lang='lat' dir='ltr'><strong>rendos</strong></span> <span class='ocrx_word' id='word_1_626' title='bbox 2385 3756 2525 3830; x_wconf 85' lang='lat' dir='ltr'><strong>ﬁlios</strong></span> <span class='ocrx_word' id='word_1_627' title='bbox 2545 3772 2667 3811; x_wconf 85' lang='lat' dir='ltr'><strong>suos</strong></span> <span class='ocrx_word' id='word_1_628' title='bbox 2689 3757 2808 3826; x_wconf 88' lang='lat' dir='ltr'><strong>igne</strong></span> <span class='ocrx_word' id='word_1_629' title='bbox 2823 3753 2876 3807; x_wconf 90' lang='lat' dir='ltr'><strong>in</strong></span> <span class='ocrx_word' id='word_1_630' title='bbox 2895 3751 3260 3806; x_wconf 86' lang='lat' dir='ltr'><strong>holocaustum</strong></span> <span class='ocrx_word' id='word_1_631' title='bbox 3284 3745 3517 3811; x_wconf 85' lang='lat' dir='ltr'><strong>Baulim;</strong></span> <span class='ocrx_word' id='word_1_632' title='bbox 3533 3752 3629 3812; x_wconf 79' lang='lat' dir='ltr'><strong>qua:</strong></span> <span class='ocrx_word' id='word_1_633' title='bbox 3644 3749 3719 3789; x_wconf 76' lang='lat' dir='ltr'><strong>non</strong></span> 
     </span>
    </p>
   </div>
   <div class='ocr_carea' id='block_1_83' title="bbox 2182 3831 3721 3928">
    <p class='ocr_par' dir='ltr' id='par_1_83' title="bbox 2182 3831 3721 3928">
     <span class='ocr_line' id='line_1_83' title="bbox 2182 3831 3721 3928; baseline -0.018 -20"><span class='ocrx_word' id='word_1_634' title='bbox 2182 3852 2555 3928; x_wconf 72' lang='lat' dir='ltr'><strong>prthepi(sive</strong></span> <span class='ocrx_word' id='word_1_635' title='bbox 2582 3848 2827 3921; x_wconf 83' lang='lat' dir='ltr'><strong>cogitavi)</strong></span> <span class='ocrx_word' id='word_1_636' title='bbox 2843 3888 2860 3911; x_wconf 90' lang='lat'><strong>,</strong></span> <span class='ocrx_word' id='word_1_637' title='bbox 2891 3863 2983 3901; x_wconf 91' lang='lat' dir='ltr'><strong>nec</strong></span> <span class='ocrx_word' id='word_1_638' title='bbox 3013 3843 3216 3899; x_wconf 85' lang='lat' dir='ltr'><strong>locutus</strong></span> <span class='ocrx_word' id='word_1_639' title='bbox 3240 3857 3363 3897; x_wconf 87' lang='lat' dir='ltr'><strong>sum</strong></span> <span class='ocrx_word' id='word_1_640' title='bbox 3380 3885 3394 3910; x_wconf 92' lang='lat'><strong>,</strong></span> <span class='ocrx_word' id='word_1_641' title='bbox 3421 3854 3506 3893; x_wconf 88' lang='lat' dir='ltr'><strong>nec</strong></span> <span class='ocrx_word' id='word_1_642' title='bbox 3525 3831 3721 3928; x_wconf 52' lang='lat' dir='ltr'><strong>ascende:</strong></span> 
     </span>
    </p>
   </div>
   <div class='ocr_carea' id='block_1_84' title="bbox 2183 3919 3720 4002">
    <p class='ocr_par' dir='ltr' id='par_1_84' title="bbox 2183 3919 3720 4002">
     <span class='ocr_line' id='line_1_84' title="bbox 2183 3919 3720 4002; baseline -0.018 0"><span class='ocrx_word' id='word_1_643' title='bbox 2183 3919 2302 4002; x_wconf 74' lang='lat' dir='ltr'><strong>runt</strong></span> <span class='ocrx_word' id='word_1_644' title='bbox 2334 3919 2387 3999; x_wconf 78' lang='lat' dir='ltr'><strong>in</strong></span> <span class='ocrx_word' id='word_1_645' title='bbox 2409 3919 2496 3999; x_wconf 73' lang='lat' dir='ltr'><strong>cor</strong></span> <span class='ocrx_word' id='word_1_646' title='bbox 2530 3919 2720 3996; x_wconf 83' lang='lat' dir='ltr'><strong>meum.</strong></span> <span class='ocrx_word' id='word_1_647' title='bbox 2769 3940 2837 3995; x_wconf 88' lang='lat' dir='ltr'><strong>Et</strong></span> <span class='ocrx_word' id='word_1_648' title='bbox 2867 3938 3013 3994; x_wconf 86' lang='lat' dir='ltr'><strong>hunc</strong></span> <span class='ocrx_word' id='word_1_649' title='bbox 3043 3937 3225 3992; x_wconf 71' lang='lat' dir='ltr'><strong>loc-im</strong></span> <span class='ocrx_word' id='word_1_650' title='bbox 3258 3935 3428 3989; x_wconf 89' lang='lat' dir='ltr'><strong>stulte</strong></span> <span class='ocrx_word' id='word_1_651' title='bbox 3467 3928 3651 4001; x_wconf 82' lang='lat' dir='ltr'><strong>quidam</strong></span> <span class='ocrx_word' id='word_1_652' title='bbox 3672 3919 3720 3975; x_wconf 81' lang='lat' dir='ltr'><strong>ad</strong></span> 
     </span>
    </p>
   </div>
   <div class='ocr_carea' id='block_1_85' title="bbox 2162 4012 3725 4096">
    <p class='ocr_par' dir='ltr' id='par_1_85' title="bbox 2162 4012 3725 4096">
     <span class='ocr_line' id='line_1_85' title="bbox 2162 4012 3725 4096; baseline -0.015 -1"><span class='ocrx_word' id='word_1_653' title='bbox 2162 4038 2465 4095; x_wconf 72' lang='lat' dir='ltr'><strong>‘cmleStcm</strong></span> <span class='ocrx_word' id='word_1_654' title='bbox 2498 4034 2747 4090; x_wconf 87' lang='lat' dir='ltr'><strong>referunt</strong></span> <span class='ocrx_word' id='word_1_655' title='bbox 2782 4029 3113 4087; x_wconf 83' lang='lat' dir='ltr'><strong>Jerusalem.</strong></span> <span class='ocrx_word' id='word_1_656' title='bbox 3138 4026 3296 4096; x_wconf 86' lang='lat' dir='ltr'><strong>Quod</strong></span> <span class='ocrx_word' id='word_1_657' title='bbox 3326 4040 3393 4081; x_wconf 91' lang='lat' dir='ltr'><strong>ne</strong></span> <span class='ocrx_word' id='word_1_658' title='bbox 3417 4034 3611 4093; x_wconf 87' lang='lat' dir='ltr'><strong>semper</strong></span> <span class='ocrx_word' id='word_1_659' title='bbox 3654 4012 3725 4069; x_wconf 70' lang='lat' dir='ltr'><strong>atl-</strong></span> 
     </span>
    </p>
   </div>
   <div class='ocr_carea' id='block_1_86' title="bbox 2185 4107 3724 4193">
    <p class='ocr_par' dir='ltr' id='par_1_86' title="bbox 2185 4107 3724 4193">
     <span class='ocr_line' id='line_1_86' title="bbox 2185 4107 3724 4193; baseline -0.019 -4"><span class='ocrx_word' id='word_1_660' title='bbox 2185 4144 2523 4193; x_wconf 80' lang='lat' dir='ltr'><strong>mnneamus,</strong></span> <span class='ocrx_word' id='word_1_661' title='bbox 2548 4127 2650 4181; x_wconf 89' lang='lat' dir='ltr'><strong>hoc</strong></span> <span class='ocrx_word' id='word_1_662' title='bbox 2687 4133 2895 4180; x_wconf 88' lang='lat' dir='ltr'><strong>tantum</strong></span> <span class='ocrx_word' id='word_1_663' title='bbox 2945 4121 3150 4177; x_wconf 76' lang='lat' dir='ltr'><strong>dixisse</strong></span> <span class='ocrx_word' id='word_1_664' title='bbox 3180 4117 3423 4174; x_wconf 79' lang='lat' dir='ltr'><strong>sufﬁciat</strong></span> <span class='ocrx_word' id='word_1_665' title='bbox 3462 4133 3475 4169; x_wconf 89' lang='lat'><strong>:</strong></span> <span class='ocrx_word' id='word_1_666' title='bbox 3505 4107 3724 4166; x_wconf 74' lang='lat' dir='ltr'><strong>vitandam</strong></span> 
     </span>
    </p>
   </div>
   <div class='ocr_carea' id='block_1_87' title="bbox 2187 4204 3726 4291">
    <p class='ocr_par' dir='ltr' id='par_1_87' title="bbox 2187 4204 3726 4291">
     <span class='ocr_line' id='line_1_87' title="bbox 2187 4204 3726 4291; baseline -0.019 -11"><span class='ocrx_word' id='word_1_667' title='bbox 2187 4219 2494 4280; x_wconf 87' lang='lat' dir='ltr'><strong>istiusmodi</strong></span> <span class='ocrx_word' id='word_1_668' title='bbox 2524 4217 2961 4291; x_wconf 78' lang='lat' dir='ltr'><strong>explanationem</strong></span> <span class='ocrx_word' id='word_1_669' title='bbox 2985 4228 3131 4279; x_wconf 90' lang='lat' dir='ltr'><strong>esse,</strong></span> <span class='ocrx_word' id='word_1_670' title='bbox 3162 4213 3335 4266; x_wconf 89' lang='lat' dir='ltr'><strong>immo</strong></span> <span class='ocrx_word' id='word_1_671' title='bbox 3354 4204 3609 4271; x_wconf 74' lang='lat' dir='ltr'><strong>hmresim,</strong></span> <span class='ocrx_word' id='word_1_672' title='bbox 3636 4212 3726 4271; x_wconf 70' lang='lat' dir='ltr'><strong>qua</strong></span> 
     </span>
    </p>
   </div>
   <div class='ocr_carea' id='block_1_88' title="bbox 2186 4292 3725 4381">
    <p class='ocr_par' dir='ltr' id='par_1_88' title="bbox 2186 4292 3725 4381">
     <span class='ocr_line' id='line_1_88' title="bbox 2186 4292 3725 4381; baseline -0.019 -7"><span class='ocrx_word' id='word_1_673' title='bbox 2186 4316 2476 4374; x_wconf 82' lang='lat' dir='ltr'><strong>manifeSIa</strong></span> <span class='ocrx_word' id='word_1_674' title='bbox 2508 4313 2797 4377; x_wconf 83' lang='lat' dir='ltr'><strong>subvertit,</strong></span> <span class='ocrx_word' id='word_1_675' title='bbox 2826 4319 2881 4367; x_wconf 91' lang='lat' dir='ltr'><strong>et</strong></span> <span class='ocrx_word' id='word_1_676' title='bbox 2911 4305 3216 4381; x_wconf 67' lang='lat' dir='ltr'><strong>praestigias</strong></span> <span class='ocrx_word' id='word_1_677' title='bbox 3239 4305 3500 4376; x_wconf 85' lang='lat' dir='ltr'><strong>quasdam</strong></span> <span class='ocrx_word' id='word_1_678' title='bbox 3523 4292 3725 4355; x_wconf 70' lang='lat' dir='ltr'><strong>Ecclesiis</strong></span> 
     </span>
    </p>
   </div>
   <div class='ocr_carea' id='block_1_89' title="bbox 2185 4384 3726 4466">
    <p class='ocr_par' dir='ltr' id='par_1_89' title="bbox 2185 4384 3726 4466">
     <span class='ocr_line' id='line_1_89' title="bbox 2185 4384 3726 4466; baseline -0.019 0"><span class='ocrx_word' id='word_1_679' title='bbox 2185 4408 2390 4466; x_wconf 82' lang='lat' dir='ltr'><strong>Christi</strong></span> <span class='ocrx_word' id='word_1_680' title='bbox 2420 4419 2648 4462; x_wconf 88' lang='lat' dir='ltr'><strong>conatur</strong></span> <span class='ocrx_word' id='word_1_681' title='bbox 2676 4402 2960 4459; x_wconf 89' lang='lat' dir='ltr'><strong>inducere.</strong></span> <span class='ocrx_word' id='word_1_682' title='bbox 2993 4399 3138 4456; x_wconf 86' lang='lat' dir='ltr'><strong>Nulli</strong></span> <span class='ocrx_word' id='word_1_683' title='bbox 3174 4407 3361 4454; x_wconf 87' lang='lat' dir='ltr'><strong>autem</strong></span> <span class='ocrx_word' id='word_1_684' title='bbox 3404 4393 3606 4450; x_wconf 90' lang='lat' dir='ltr'><strong>dubium</strong></span> <span class='ocrx_word' id='word_1_685' title='bbox 3631 4384 3726 4458; x_wconf 74' lang='lat' dir='ltr'><strong>quin</strong></span> 
     </span>
    </p>
   </div>
   <div class='ocr_carea' id='block_1_90' title="bbox 2188 4479 3728 4569">
    <p class='ocr_par' dir='ltr' id='par_1_90' title="bbox 2188 4479 3728 4569">
     <span class='ocr_line' id='line_1_90' title="bbox 2188 4479 3728 4569; baseline -0.016 -10"><span class='ocrx_word' id='word_1_686' title='bbox 2188 4503 2243 4559; x_wconf 91' lang='lat' dir='ltr'><strong>in</strong></span> <span class='ocrx_word' id='word_1_687' title='bbox 2263 4499 2492 4569; x_wconf 87' lang='lat' dir='ltr'><strong>Templa</strong></span> <span class='ocrx_word' id='word_1_688' title='bbox 2520 4498 2640 4567; x_wconf 89' lang='lat' dir='ltr'><strong>Dei,</strong></span> <span class='ocrx_word' id='word_1_689' title='bbox 2675 4495 2805 4551; x_wconf 78' lang='lat' dir='ltr'><strong>Bnal</strong></span> <span class='ocrx_word' id='word_1_690' title='bbox 2838 4494 3047 4551; x_wconf 90' lang='lat' dir='ltr'><strong>idolum</strong></span> <span class='ocrx_word' id='word_1_691' title='bbox 3079 4491 3390 4562; x_wconf 84' lang='lat' dir='ltr'><strong>posuerint,</strong></span> <span class='ocrx_word' id='word_1_692' title='bbox 3415 4487 3524 4542; x_wconf 89' lang='lat' dir='ltr'><strong>sive</strong></span> <span class='ocrx_word' id='word_1_693' title='bbox 3546 4484 3593 4540; x_wconf 91' lang='lat' dir='ltr'><strong>in</strong></span> <span class='ocrx_word' id='word_1_694' title='bbox 3614 4479 3728 4535; x_wconf 60' lang='lat' dir='ltr'><strong>delu</strong></span> 
     </span>
    </p>
   </div>
   <div class='ocr_carea' id='block_1_91' title="bbox 2189 4568 3725 4666">
    <p class='ocr_par' dir='ltr' id='par_1_91' title="bbox 2189 4568 3725 4666">
     <span class='ocr_line' id='line_1_91' title="bbox 2189 4568 3725 4666; baseline -0.016 -13"><span class='ocrx_word' id='word_1_695' title='bbox 2189 4597 2289 4653; x_wconf 87' lang='lat' dir='ltr'><strong>bro</strong></span> <span class='ocrx_word' id='word_1_696' title='bbox 2318 4593 2461 4666; x_wconf 81' lang='lat' dir='ltr'><strong>quod</strong></span> <span class='ocrx_word' id='word_1_697' title='bbox 2484 4600 2603 4648; x_wconf 87' lang='lat' dir='ltr'><strong>erat</strong></span> <span class='ocrx_word' id='word_1_698' title='bbox 2628 4592 2681 4645; x_wconf 93' lang='lat' dir='ltr'><strong>in</strong></span> <span class='ocrx_word' id='word_1_699' title='bbox 2709 4589 2849 4644; x_wconf 77' lang='lat' dir='ltr'><strong>valle</strong></span> <span class='ocrx_word' id='word_1_700' title='bbox 2876 4587 2973 4642; x_wconf 89' lang='lat' dir='ltr'><strong>ﬁlii</strong></span> <span class='ocrx_word' id='word_1_701' title='bbox 3008 4587 3245 4645; x_wconf 87' lang='lat' dir='ltr'><strong>Eunom.</strong></span> <span class='ocrx_word' id='word_1_702' title='bbox 3273 4584 3369 4639; x_wconf 90' lang='lat' dir='ltr'><strong>ubi</strong></span> <span class='ocrx_word' id='word_1_703' title='bbox 3399 4590 3455 4638; x_wconf 89' lang='lat' dir='ltr'><strong>et</strong></span> <span class='ocrx_word' id='word_1_704' title='bbox 3474 4582 3611 4635; x_wconf 84' lang='lat' dir='ltr'><strong>lucus</strong></span> <span class='ocrx_word' id='word_1_705' title='bbox 3629 4568 3725 4630; x_wconf 70' lang='lat' dir='ltr'><strong>Baal</strong></span> 
     </span>
    </p>
   </div>
   <div class='ocr_carea' id='block_1_92' title="bbox 482 4656 3723 4759">
    <p class='ocr_par' dir='ltr' id='par_1_92' title="bbox 482 4656 3723 4759">
     <span class='ocr_line' id='line_1_92' title="bbox 482 4656 3723 4759; baseline -0.006 -21"><span class='ocrx_word' id='word_1_706' title='bbox 482 4683 716 4751; x_wconf 68' lang='lat' dir='ltr'><strong>apostoli</strong></span> <span class='ocrx_word' id='word_1_707' title='bbox 751 4682 928 4741; x_wconf 79' lang='lat' dir='ltr'><strong>simile</strong></span> <span class='ocrx_word' id='word_1_708' title='bbox 962 4656 1079 4749; x_wconf 61' lang='lat' dir='ltr'><strong>est,</strong></span> <span class='ocrx_word' id='word_1_709' title='bbox 1113 4683 1184 4741; x_wconf 86' lang='lat' dir='ltr'><strong>Et</strong></span> <span class='ocrx_word' id='word_1_710' title='bbox 1223 4701 1325 4740; x_wconf 91' lang='lat' dir='ltr'><strong>non</strong></span> <span class='ocrx_word' id='word_1_711' title='bbox 1358 4656 1669 4757; x_wconf 83' lang='lat' dir='ltr'><strong>impingetis</strong></span> <span class='ocrx_word' id='word_1_712' title='bbox 1699 4656 1833 4740; x_wconf 83' lang='lat' dir='ltr'><strong>sicut</strong></span> <span class='ocrx_word' id='word_1_713' title='bbox 1864 4686 1919 4741; x_wconf 89' lang='lat' dir='ltr'><strong>in</strong></span> <span class='ocrx_word' id='word_1_714' title='bbox 1947 4686 2083 4759; x_wconf 86' lang='lat' dir='ltr'><strong>lapi-</strong></span> <span class='ocrx_word' id='word_1_715' title='bbox 2112 4656 2161 4717; x_wconf 74' lang='grc' dir='ltr'><strong>θ</strong></span> <span class='ocrx_word' id='word_1_716' title='bbox 2188 4698 2245 4745; x_wconf 79' lang='lat' dir='ltr'><strong>et</strong></span> <span class='ocrx_word' id='word_1_717' title='bbox 2278 4656 2370 4743; x_wconf 61' lang='lat' dir='ltr'><strong>aro</strong></span> <span class='ocrx_word' id='word_1_718' title='bbox 2400 4688 2521 4756; x_wconf 86' lang='lat' dir='ltr'><strong>ejus</strong></span> <span class='ocrx_word' id='word_1_719' title='bbox 2544 4685 2660 4750; x_wconf 86' lang='lat' dir='ltr'><strong>luit,</strong></span> <span class='ocrx_word' id='word_1_720' title='bbox 2685 4697 2849 4754; x_wconf 90' lang='lat' dir='ltr'><strong>super</strong></span> <span class='ocrx_word' id='word_1_721' title='bbox 2877 4692 3036 4750; x_wconf 70' lang='lat' dir='ltr'><strong>quam</strong></span> <span class='ocrx_word' id='word_1_722' title='bbox 3065 4678 3486 4733; x_wconf 85' lang='lat' dir='ltr'><strong>immolaverunt</strong></span> <span class='ocrx_word' id='word_1_723' title='bbox 3504 4679 3556 4727; x_wconf 90' lang='lat' dir='ltr'><strong>et</strong></span> <span class='ocrx_word' id='word_1_724' title='bbox 3577 4671 3723 4725; x_wconf 61' lang='lat' dir='ltr'><strong>inccno</strong></span> 
     </span>
    </p>
   </div>
   <div class='ocr_carea' id='block_1_93' title="bbox 485 4775 2080 4851">
    <p class='ocr_par' dir='ltr' id='par_1_93' title="bbox 485 4775 2080 4851">
     <span class='ocr_line' id='line_1_93' title="bbox 485 4775 2080 4851; baseline 0.002 -20"><span class='ocrx_word' id='word_1_725' title='bbox 485 4777 600 4832; x_wconf 87' lang='lat' dir='ltr'><strong>dem</strong></span> <span class='ocrx_word' id='word_1_726' title='bbox 629 4775 967 4846; x_wconf 69' lang='lat' dir='ltr'><strong>o/I&#39;ensionis,</strong></span> <span class='ocrx_word' id='word_1_727' title='bbox 992 4790 1041 4835; x_wconf 91' lang='lat' dir='ltr'><strong>et</strong></span> <span class='ocrx_word' id='word_1_728' title='bbox 1075 4791 1275 4847; x_wconf 85' lang='lat' dir='ltr'><strong>petram</strong></span> <span class='ocrx_word' id='word_1_729' title='bbox 1304 4780 1545 4836; x_wconf 85' lang='lat' dir='ltr'><strong>scandali</strong></span> <span class='ocrx_word' id='word_1_730' title='bbox 1574 4777 1737 4851; x_wconf 85' lang='lat' dir='ltr'><strong>(Isai.</strong></span> <span class='ocrx_word' id='word_1_731' title='bbox 1772 4795 1889 4847; x_wconf 84' lang='lat' dir='ltr'><strong>vttt,</strong></span> <span class='ocrx_word' id='word_1_732' title='bbox 1925 4780 1993 4835; x_wconf 70' lang='lat' dir='ltr'><strong>ﬂ</strong></span> <span class='ocrx_word' id='word_1_733' title='bbox 2025 4801 2039 4846; x_wconf 90' lang='lat'><strong>;</strong></span> <span class='ocrx_word' id='word_1_734' title='bbox 2065 4780 2080 4834; x_wconf 92' lang='lat' dir='ltr'><strong>I</strong></span> 
     </span>
    </p>
   </div>
   <div class='ocr_carea' id='block_1_94' title="bbox 485 4869 2085 4944">
    <p class='ocr_par' dir='ltr' id='par_1_94' title="bbox 485 4869 2085 4944">
     <span class='ocr_line' id='line_1_94' title="bbox 485 4869 2085 4944; baseline 0.001 -18"><span class='ocrx_word' id='word_1_735' title='bbox 485 4869 604 4927; x_wconf 86' lang='lat' dir='ltr'><strong>Pet.</strong></span> <span class='ocrx_word' id='word_1_736' title='bbox 626 4869 959 4943; x_wconf 75' lang='lat' dir='ltr'><strong>11,8).Cujus</strong></span> <span class='ocrx_word' id='word_1_737' title='bbox 984 4882 1041 4928; x_wconf 90' lang='lat' dir='ltr'><strong>et</strong></span> <span class='ocrx_word' id='word_1_738' title='bbox 1066 4874 1117 4928; x_wconf 92' lang='lat' dir='ltr'><strong>in</strong></span> <span class='ocrx_word' id='word_1_739' title='bbox 1145 4874 1369 4944; x_wconf 72' lang='lat' dir='ltr'><strong>psalmis</strong></span> <span class='ocrx_word' id='word_1_740' title='bbox 1393 4873 1664 4944; x_wconf 78' lang='lat' dir='ltr'><strong>Propheta</strong></span> <span class='ocrx_word' id='word_1_741' title='bbox 1690 4874 1934 4928; x_wconf 88' lang='lat' dir='ltr'><strong>meminit</strong></span> <span class='ocrx_word' id='word_1_742' title='bbox 1955 4871 2085 4928; x_wconf 86' lang='lat' dir='ltr'><strong>:La-</strong></span> 
     </span>
    </p>
   </div>
   <div class='ocr_carea' id='block_1_95' title="bbox 483 4967 2082 5042">
    <p class='ocr_par' dir='ltr' id='par_1_95' title="bbox 483 4967 2082 5042">
     <span class='ocr_line' id='line_1_95' title="bbox 483 4967 2082 5042; baseline -0.001 -20"><span class='ocrx_word' id='word_1_743' title='bbox 483 4969 673 5042; x_wconf 85' lang='lat' dir='ltr'><strong>pidem,</strong></span> <span class='ocrx_word' id='word_1_744' title='bbox 693 4985 845 5041; x_wconf 79' lang='lat' dir='ltr'><strong>quem</strong></span> <span class='ocrx_word' id='word_1_745' title='bbox 864 4969 1264 5039; x_wconf 83' lang='lat' dir='ltr'><strong>reprobaoerunt</strong></span> <span class='ocrx_word' id='word_1_746' title='bbox 1279 4971 1619 5037; x_wconf 63' lang='lat' dir='ltr'><strong>aediﬁcantes,</strong></span> <span class='ocrx_word' id='word_1_747' title='bbox 1639 4967 1727 5023; x_wconf 82' lang='lat' dir='ltr'><strong>hic</strong></span> <span class='ocrx_word' id='word_1_748' title='bbox 1739 4968 1908 5038; x_wconf 78' lang='lat' dir='ltr'><strong>factus</strong></span> <span class='ocrx_word' id='word_1_749' title='bbox 1937 4978 2013 5023; x_wconf 87' lang='lat' dir='ltr'><strong>est</strong></span> <span class='ocrx_word' id='word_1_750' title='bbox 2028 4969 2082 5022; x_wconf 88' lang='lat' dir='ltr'><strong>in</strong></span> 
     </span>
    </p>
   </div>
   <div class='ocr_carea' id='block_1_96' title="bbox 484 5059 2083 5136">
    <p class='ocr_par' dir='ltr' id='par_1_96' title="bbox 484 5059 2083 5136">
     <span class='ocr_line' id='line_1_96' title="bbox 484 5059 2083 5136; baseline -0.003 -19"><span class='ocrx_word' id='word_1_751' title='bbox 484 5072 644 5131; x_wconf 82' lang='lat' dir='ltr'><strong>caput</strong></span> <span class='ocrx_word' id='word_1_752' title='bbox 672 5063 876 5136; x_wconf 89' lang='lat' dir='ltr'><strong>anguli.</strong></span> <span class='ocrx_word' id='word_1_753' title='bbox 906 5062 947 5116; x_wconf 83' lang='lat' dir='ltr'><strong><em>A</em></strong></span> <span class='ocrx_word' id='word_1_754' title='bbox 962 5060 1187 5116; x_wconf 89' lang='lat' dir='ltr'><strong>Domino</strong></span> <span class='ocrx_word' id='word_1_755' title='bbox 1204 5064 1399 5134; x_wconf 79' lang='lat' dir='ltr'><strong>factum</strong></span> <span class='ocrx_word' id='word_1_756' title='bbox 1412 5071 1485 5117; x_wconf 88' lang='lat' dir='ltr'><strong>est</strong></span> <span class='ocrx_word' id='word_1_757' title='bbox 1499 5060 1951 5130; x_wconf 75' lang='lat' dir='ltr'><strong>hoc(P.sal.cxvu,</strong></span> <span class='ocrx_word' id='word_1_758' title='bbox 1966 5059 2083 5131; x_wconf 76' lang='lat'><strong>&#39;22).</strong></span> 
     </span>
    </p>
   </div>
   <div class='ocr_carea' id='block_1_97' title="bbox 560 5151 2083 5227">
    <p class='ocr_par' dir='ltr' id='par_1_97' title="bbox 560 5151 2083 5227">
     <span class='ocr_line' id='line_1_97' title="bbox 560 5151 2083 5227; baseline -0.003 -16"><span class='ocrx_word' id='word_1_759' title='bbox 560 5157 579 5226; x_wconf 95' lang='lat'>(</span> <span class='ocrx_word' id='word_1_760' title='bbox 605 5153 735 5224; x_wconf 81' lang='lat' dir='ltr'><strong>Cap.</strong></span> <span class='ocrx_word' id='word_1_761' title='bbox 768 5152 911 5211; x_wconf 79' lang='lat' dir='ltr'><strong>XIX.</strong></span> <span class='ocrx_word' id='word_1_762' title='bbox 934 5184 1007 5196; x_wconf 93' lang='lat'><strong>—-</strong></span> <span class='ocrx_word' id='word_1_763' title='bbox 1031 5153 1185 5209; x_wconf 78' lang='lat' dir='ltr'><strong>Vers.</strong></span> <span class='ocrx_word' id='word_1_764' title='bbox 1221 5155 1246 5209; x_wconf 78' lang='grc'><strong>1</strong></span> <span class='ocrx_word' id='word_1_765' title='bbox 1278 5160 1456 5227; x_wconf 85' lang='lat' dir='ltr'><strong>seqq.)</strong></span> <span class='ocrx_word' id='word_1_766' title='bbox 1503 5153 1769 5210; x_wconf 76' lang='lat' dir='ltr'><strong>chdicit</strong></span> <span class='ocrx_word' id='word_1_767' title='bbox 1793 5151 2083 5207; x_wconf 86' lang='lat' dir='ltr'><strong>Dominus:</strong></span> 
     </span>
    </p>
   </div>
   <div class='ocr_carea' id='block_1_98' title="bbox 503 5247 2083 5324">
    <p class='ocr_par' dir='ltr' id='par_1_98' title="bbox 503 5247 2083 5324">
     <span class='ocr_line' id='line_1_98' title="bbox 503 5247 2083 5324; baseline -0.001 -20"><span class='ocrx_word' id='word_1_768' title='bbox 503 5247 662 5317; x_wconf 82' lang='lat' dir='ltr'><strong>Vade,</strong></span> <span class='ocrx_word' id='word_1_769' title='bbox 691 5261 714 5290; x_wconf 75' lang='grc' dir='ltr'><strong>ο</strong></span> <span class='ocrx_word' id='word_1_770' title='bbox 745 5260 795 5304; x_wconf 91' lang='lat' dir='ltr'><strong>et</strong></span> <span class='ocrx_word' id='word_1_771' title='bbox 819 5266 965 5303; x_wconf 86' lang='lat' dir='ltr'><strong>sume</strong></span> <span class='ocrx_word' id='word_1_772' title='bbox 994 5250 1324 5323; x_wconf 87' lang='lat' dir='ltr'><strong>lagunculam</strong></span> <span class='ocrx_word' id='word_1_773' title='bbox 1337 5249 1485 5324; x_wconf 87' lang='lat' dir='ltr'><strong>ﬁguli</strong></span> <span class='ocrx_word' id='word_1_774' title='bbox 1514 5260 1724 5305; x_wconf 72' lang='lat' dir='ltr'><strong>testeum</strong></span> <span class='ocrx_word' id='word_1_775' title='bbox 1746 5258 1796 5305; x_wconf 92' lang='lat' dir='ltr'><strong>et</strong></span> <span class='ocrx_word' id='word_1_776' title='bbox 1822 5249 1887 5303; x_wconf 90' lang='lat' dir='ltr'><strong>de</strong></span> <span class='ocrx_word' id='word_1_777' title='bbox 1914 5249 2083 5303; x_wconf 85' lang='lat' dir='ltr'><strong>senio-</strong></span> 
     </span>
    </p>
   </div>
   <div class='ocr_carea' id='block_1_99' title="bbox 488 5344 2085 5418">
    <p class='ocr_par' dir='ltr' id='par_1_99' title="bbox 488 5344 2085 5418">
     <span class='ocr_line' id='line_1_99' title="bbox 488 5344 2085 5418; baseline 0.002 -22"><span class='ocrx_word' id='word_1_778' title='bbox 488 5344 631 5400; x_wconf 87' lang='lat' dir='ltr'><strong>ribus</strong></span> <span class='ocrx_word' id='word_1_779' title='bbox 650 5346 852 5418; x_wconf 81' lang='lat' dir='ltr'><strong>populi,</strong></span> <span class='ocrx_word' id='word_1_780' title='bbox 883 5355 932 5401; x_wconf 90' lang='lat' dir='ltr'><strong>et</strong></span> <span class='ocrx_word' id='word_1_781' title='bbox 961 5344 1026 5399; x_wconf 89' lang='lat' dir='ltr'><strong>de</strong></span> <span class='ocrx_word' id='word_1_782' title='bbox 1050 5344 1339 5399; x_wconf 89' lang='lat' dir='ltr'><strong>senioribus</strong></span> <span class='ocrx_word' id='word_1_783' title='bbox 1368 5345 1736 5411; x_wconf 83' lang='lat' dir='ltr'><strong>Sacerdotum,</strong></span> <span class='ocrx_word' id='word_1_784' title='bbox 1762 5356 1811 5398; x_wconf 90' lang='lat' dir='ltr'><strong>et</strong></span> <span class='ocrx_word' id='word_1_785' title='bbox 1839 5344 2085 5416; x_wconf 84' lang='lat' dir='ltr'><strong>egredere</strong></span> 
     </span>
    </p>
   </div>
   <div class='ocr_carea' id='block_1_100' title="bbox 488 5436 2087 5510">
    <p class='ocr_par' dir='ltr' id='par_1_100' title="bbox 488 5436 2087 5510">
     <span class='ocr_line' id='line_1_100' title="bbox 488 5436 2087 5510; baseline 0 -19"><span class='ocrx_word' id='word_1_786' title='bbox 488 5437 558 5491; x_wconf 90' lang='lat' dir='ltr'><strong>ad</strong></span> <span class='ocrx_word' id='word_1_787' title='bbox 585 5436 771 5494; x_wconf 80' lang='lat' dir='ltr'><strong>vallem</strong></span> <span class='ocrx_word' id='word_1_788' title='bbox 798 5438 898 5510; x_wconf 87' lang='lat' dir='ltr'><strong>ﬁlii</strong></span> <span class='ocrx_word' id='word_1_789' title='bbox 928 5437 1154 5503; x_wconf 80' lang='lat' dir='ltr'><strong>Ennom,</strong></span> <span class='ocrx_word' id='word_1_790' title='bbox 1183 5453 1300 5509; x_wconf 69' lang='lat' dir='ltr'><strong>qua:</strong></span> <span class='ocrx_word' id='word_1_791' title='bbox 1326 5447 1399 5493; x_wconf 82' lang='lat' dir='ltr'><strong>est</strong></span> <span class='ocrx_word' id='word_1_792' title='bbox 1420 5440 1580 5510; x_wconf 71' lang='lat' dir='ltr'><strong>juxta</strong></span> <span class='ocrx_word' id='word_1_793' title='bbox 1607 5438 1876 5491; x_wconf 89' lang='lat' dir='ltr'><strong>introitum</strong></span> <span class='ocrx_word' id='word_1_794' title='bbox 1924 5449 2087 5509; x_wconf 68' lang='lat' dir='ltr'><strong>parta</strong></span> 
     </span>
    </p>
   </div>
   <div class='ocr_carea' id='block_1_101' title="bbox 487 5529 2081 5605">
    <p class='ocr_par' dir='ltr' id='par_1_101' title="bbox 487 5529 2081 5605">
     <span class='ocr_line' id='line_1_101' title="bbox 487 5529 2081 5605; baseline 0.001 -22"><span class='ocrx_word' id='word_1_795' title='bbox 487 5530 666 5602; x_wconf 89' lang='lat' dir='ltr'><strong>ﬁctilis</strong></span> <span class='ocrx_word' id='word_1_796' title='bbox 689 5531 827 5605; x_wconf 83' lang='lat' dir='ltr'><strong>(sive</strong></span> <span class='ocrx_word' id='word_1_797' title='bbox 853 5530 1122 5603; x_wconf 81' lang='lat' dir='ltr'><strong>Charsith)</strong></span> <span class='ocrx_word' id='word_1_798' title='bbox 1148 5548 1164 5598; x_wconf 88' lang='lat'><strong>;</strong></span> <span class='ocrx_word' id='word_1_799' title='bbox 1192 5542 1241 5587; x_wconf 89' lang='lat' dir='ltr'><strong>et</strong></span> <span class='ocrx_word' id='word_1_800' title='bbox 1277 5530 1587 5605; x_wconf 67' lang='lat' dir='ltr'><strong>pradicabis</strong></span> <span class='ocrx_word' id='word_1_801' title='bbox 1618 5529 1638 5602; x_wconf 83' lang='lat'><strong>(</strong></span> <span class='ocrx_word' id='word_1_802' title='bbox 1666 5530 1784 5586; x_wconf 77' lang='lat' dir='ltr'><strong>sive</strong></span> <span class='ocrx_word' id='word_1_803' title='bbox 1812 5529 2081 5598; x_wconf 88' lang='lat' dir='ltr'><strong>clamabis,</strong></span> 
     </span>
    </p>
   </div>
   <div class='ocr_carea' id='block_1_102' title="bbox 2189 4762 3729 4842">
    <p class='ocr_par' dir='ltr' id='par_1_102' title="bbox 2189 4762 3729 4842">
     <span class='ocr_line' id='line_1_102' title="bbox 2189 4762 3729 4842; baseline -0.017 -5"><span class='ocrx_word' id='word_1_804' title='bbox 2189 4781 2390 4837; x_wconf 89' lang='lat' dir='ltr'><strong>derunt</strong></span> <span class='ocrx_word' id='word_1_805' title='bbox 2418 4779 2560 4833; x_wconf 89' lang='lat' dir='ltr'><strong>ﬁlios</strong></span> <span class='ocrx_word' id='word_1_806' title='bbox 2586 4791 2741 4832; x_wconf 88' lang='lat' dir='ltr'><strong>suos.</strong></span> <span class='ocrx_word' id='word_1_807' title='bbox 2767 4776 2901 4842; x_wconf 77' lang='lat' dir='ltr'><strong>Quae</strong></span> <span class='ocrx_word' id='word_1_808' title='bbox 2937 4771 3203 4828; x_wconf 89' lang='lat' dir='ltr'><strong>Dominus</strong></span> <span class='ocrx_word' id='word_1_809' title='bbox 3232 4783 3339 4824; x_wconf 90' lang='lat' dir='ltr'><strong>nec</strong></span> <span class='ocrx_word' id='word_1_810' title='bbox 3368 4762 3623 4837; x_wconf 78' lang='lat' dir='ltr'><strong>cogitavit,</strong></span> <span class='ocrx_word' id='word_1_811' title='bbox 3658 4767 3729 4813; x_wconf 75' lang='lat' dir='ltr'><strong>nec</strong></span> 
     </span>
    </p>
   </div>
   <div class='ocr_carea' id='block_1_103' title="bbox 2190 4855 3730 4939">
    <p class='ocr_par' dir='ltr' id='par_1_103' title="bbox 2190 4855 3730 4939">
     <span class='ocr_line' id='line_1_103' title="bbox 2190 4855 3730 4939; baseline -0.014 -10"><span class='ocrx_word' id='word_1_812' title='bbox 2190 4874 2403 4929; x_wconf 89' lang='lat' dir='ltr'><strong>locutus</strong></span> <span class='ocrx_word' id='word_1_813' title='bbox 2430 4882 2536 4939; x_wconf 87' lang='lat' dir='ltr'><strong>est,</strong></span> <span class='ocrx_word' id='word_1_814' title='bbox 2570 4884 2670 4924; x_wconf 89' lang='lat' dir='ltr'><strong>nec</strong></span> <span class='ocrx_word' id='word_1_815' title='bbox 2715 4867 3083 4923; x_wconf 84' lang='lat' dir='ltr'><strong>ascenderunt</strong></span> <span class='ocrx_word' id='word_1_816' title='bbox 3120 4864 3172 4919; x_wconf 89' lang='lat' dir='ltr'><strong>in</strong></span> <span class='ocrx_word' id='word_1_817' title='bbox 3197 4878 3297 4918; x_wconf 89' lang='lat' dir='ltr'><strong>cor</strong></span> <span class='ocrx_word' id='word_1_818' title='bbox 3326 4862 3466 4931; x_wconf 89' lang='lat' dir='ltr'><strong>ejus.</strong></span> <span class='ocrx_word' id='word_1_819' title='bbox 3507 4855 3611 4914; x_wconf 77' lang='lat' dir='ltr'><strong>Non</strong></span> <span class='ocrx_word' id='word_1_820' title='bbox 3649 4863 3730 4922; x_wconf 84' lang='lat' dir='ltr'><strong>quo</strong></span> 
     </span>
    </p>
   </div>
   <div class='ocr_carea' id='block_1_104' title="bbox 2192 4944 3732 5029">
    <p class='ocr_par' dir='ltr' id='par_1_104' title="bbox 2192 4944 3732 5029">
     <span class='ocr_line' id='line_1_104' title="bbox 2192 4944 3732 5029; baseline -0.018 -5"><span class='ocrx_word' id='word_1_821' title='bbox 2192 4967 2334 5024; x_wconf 92' lang='lat' dir='ltr'><strong>Dens</strong></span> <span class='ocrx_word' id='word_1_822' title='bbox 2376 4964 2554 5020; x_wconf 88' lang='lat' dir='ltr'><strong>futura</strong></span> <span class='ocrx_word' id='word_1_823' title='bbox 2585 4961 2865 5025; x_wconf 85' lang='lat' dir='ltr'><strong>nescierit,</strong></span> <span class='ocrx_word' id='word_1_824' title='bbox 2896 4959 2991 5015; x_wconf 92' lang='lat' dir='ltr'><strong>sed</strong></span> <span class='ocrx_word' id='word_1_825' title='bbox 3013 4957 3158 5029; x_wconf 89' lang='lat' dir='ltr'><strong>quod</strong></span> <span class='ocrx_word' id='word_1_826' title='bbox 3180 4954 3404 5026; x_wconf 81' lang='lat' dir='ltr'><strong>indigna</strong></span> <span class='ocrx_word' id='word_1_827' title='bbox 3448 4965 3542 5007; x_wconf 87' lang='lat' dir='ltr'><strong>sua</strong></span> <span class='ocrx_word' id='word_1_828' title='bbox 3583 4944 3732 5004; x_wconf 76' lang='lat' dir='ltr'><strong>notitia</strong></span> 
     </span>
    </p>
   </div>
   <div class='ocr_carea' id='block_1_105' title="bbox 2193 5040 3734 5135">
    <p class='ocr_par' dir='ltr' id='par_1_105' title="bbox 2193 5040 3734 5135">
     <span class='ocr_line' id='line_1_105' title="bbox 2193 5040 3734 5135; baseline -0.016 -18"><span class='ocrx_word' id='word_1_829' title='bbox 2193 5064 2448 5135; x_wconf 77' lang='lat' dir='ltr'><strong>ignorare</strong></span> <span class='ocrx_word' id='word_1_830' title='bbox 2473 5074 2535 5116; x_wconf 88' lang='lat' dir='ltr'><strong>se</strong></span> <span class='ocrx_word' id='word_1_831' title='bbox 2571 5058 2739 5126; x_wconf 84' lang='lat' dir='ltr'><strong>dicat,</strong></span> <span class='ocrx_word' id='word_1_832' title='bbox 2766 5055 2920 5127; x_wconf 85' lang='lat' dir='ltr'><strong>juxta</strong></span> <span class='ocrx_word' id='word_1_833' title='bbox 2971 5053 3101 5110; x_wconf 85' lang='lat' dir='ltr'><strong>illud</strong></span> <span class='ocrx_word' id='word_1_834' title='bbox 3152 5040 3734 5135; x_wconf 70' lang='lat' dir='ltr'><strong>Evangelicnmzltistt-</strong></span> 
     </span>
    </p>
   </div>
   <div class='ocr_carea' id='block_1_106' title="bbox 2186 5131 3731 5222">
    <p class='ocr_par' dir='ltr' id='par_1_106' title="bbox 2186 5131 3731 5222">
     <span class='ocr_line' id='line_1_106' title="bbox 2186 5131 3731 5222; baseline -0.012 -13"><span class='ocrx_word' id='word_1_835' title='bbox 2186 5131 2443 5220; x_wconf 79' lang='lat' dir='ltr'><strong>diteame,</strong></span> <span class='ocrx_word' id='word_1_836' title='bbox 2461 5150 2686 5222; x_wconf 84' lang='lat' dir='ltr'><strong>operarii</strong></span> <span class='ocrx_word' id='word_1_837' title='bbox 2708 5148 3012 5219; x_wconf 86' lang='lat' dir='ltr'><strong>iniquitatis,</strong></span> <span class='ocrx_word' id='word_1_838' title='bbox 3046 5146 3217 5200; x_wconf 87' lang='lat' dir='ltr'><strong>nescio</strong></span> <span class='ocrx_word' id='word_1_839' title='bbox 3240 5162 3328 5201; x_wconf 81' lang='lat' dir='ltr'><strong>uos</strong></span> <span class='ocrx_word' id='word_1_840' title='bbox 3351 5144 3504 5219; x_wconf 87' lang='lat' dir='ltr'><strong>(an.</strong></span> <span class='ocrx_word' id='word_1_841' title='bbox 3532 5155 3613 5198; x_wconf 84' lang='lat' dir='ltr'><strong>xttl</strong></span> <span class='ocrx_word' id='word_1_842' title='bbox 3641 5131 3731 5203; x_wconf 70' lang='grc' dir='ltr'><strong>ετ).</strong></span> 
     </span>
    </p>
   </div>
   <div class='ocr_carea' id='block_1_107' title="bbox 2187 5228 3733 5312">
    <p class='ocr_par' dir='ltr' id='par_1_107' title="bbox 2187 5228 3733 5312">
     <span class='ocr_line' id='line_1_107' title="bbox 2187 5228 3733 5312; baseline -0.01 -9"><span class='ocrx_word' id='word_1_843' title='bbox 2187 5248 2349 5303; x_wconf 83' lang='lat' dir='ltr'><strong>Novit</strong></span> <span class='ocrx_word' id='word_1_844' title='bbox 2370 5246 2515 5300; x_wconf 89' lang='lat' dir='ltr'><strong>enim</strong></span> <span class='ocrx_word' id='word_1_845' title='bbox 2563 5242 2825 5299; x_wconf 87' lang='lat' dir='ltr'><strong>Dominus</strong></span> <span class='ocrx_word' id='word_1_846' title='bbox 2850 5256 2948 5297; x_wconf 90' lang='lat' dir='ltr'><strong>eos</strong></span> <span class='ocrx_word' id='word_1_847' title='bbox 2976 5240 3065 5309; x_wconf 92' lang='lat' dir='ltr'><strong>qui</strong></span> <span class='ocrx_word' id='word_1_848' title='bbox 3096 5243 3179 5295; x_wconf 87' lang='lat' dir='ltr'><strong>sui</strong></span> <span class='ocrx_word' id='word_1_849' title='bbox 3204 5252 3333 5295; x_wconf 88' lang='lat' dir='ltr'><strong>sunt</strong></span> <span class='ocrx_word' id='word_1_850' title='bbox 3364 5239 3433 5312; x_wconf 91' lang='lat' dir='ltr'><strong>(ll</strong></span> <span class='ocrx_word' id='word_1_851' title='bbox 3461 5237 3585 5293; x_wconf 82' lang='lat' dir='ltr'><strong>Tim.</strong></span> <span class='ocrx_word' id='word_1_852' title='bbox 3611 5235 3643 5303; x_wconf 82' lang='lat'><strong>).</strong></span> <span class='ocrx_word' id='word_1_853' title='bbox 3669 5228 3733 5289; x_wconf 76' lang='lat' dir='ltr'><strong>El.</strong></span> 
     </span>
    </p>
   </div>
   <div class='ocr_carea' id='block_1_108' title="bbox 2190 5326 3737 5412">
    <p class='ocr_par' dir='ltr' id='par_1_108' title="bbox 2190 5326 3737 5412">
     <span class='ocr_line' id='line_1_108' title="bbox 2190 5326 3737 5412; baseline -0.016 -17"><span class='ocrx_word' id='word_1_854' title='bbox 2190 5341 2290 5408; x_wconf 84' lang='lat' dir='ltr'><strong>Qui</strong></span> <span class='ocrx_word' id='word_1_855' title='bbox 2320 5341 2545 5412; x_wconf 86' lang='lat' dir='ltr'><strong>ignorat,</strong></span> <span class='ocrx_word' id='word_1_856' title='bbox 2595 5332 2918 5408; x_wconf 81' lang='lat' dir='ltr'><strong>ignorabitur</strong></span> <span class='ocrx_word' id='word_1_857' title='bbox 2951 5331 2996 5405; x_wconf 90' lang='lat' dir='ltr'><strong>(l</strong></span> <span class='ocrx_word' id='word_1_858' title='bbox 3025 5330 3145 5387; x_wconf 89' lang='lat' dir='ltr'><strong>Cor.</strong></span> <span class='ocrx_word' id='word_1_859' title='bbox 3189 5347 3302 5398; x_wconf 78' lang='lat' dir='ltr'><strong>xrv,</strong></span> <span class='ocrx_word' id='word_1_860' title='bbox 3336 5330 3456 5401; x_wconf 74' lang='lat'><strong>&#39;53).</strong></span> <span class='ocrx_word' id='word_1_861' title='bbox 3490 5326 3583 5383; x_wconf 73' lang='lat' dir='ltr'><strong>Vel</strong></span> <span class='ocrx_word' id='word_1_862' title='bbox 3625 5327 3737 5378; x_wconf 80' lang='lat' dir='ltr'><strong>certe</strong></span> 
     </span>
    </p>
   </div>
   <div class='ocr_carea' id='block_1_109' title="bbox 2187 5414 3736 5513">
    <p class='ocr_par' dir='ltr' id='par_1_109' title="bbox 2187 5414 3736 5513">
     <span class='ocr_line' id='line_1_109' title="bbox 2187 5414 3736 5513; baseline -0.014 -21"><span class='ocrx_word' id='word_1_863' title='bbox 2187 5434 2623 5513; x_wconf 78' lang='grc' dir='ltr'><strong>ἀνθρωποπὰθως,</strong></span> <span class='ocrx_word' id='word_1_864' title='bbox 2643 5441 2702 5484; x_wconf 90' lang='lat' dir='ltr'><strong>et</strong></span> <span class='ocrx_word' id='word_1_865' title='bbox 2717 5427 2832 5483; x_wconf 77' lang='lat' dir='ltr'><strong>haec</strong></span> <span class='ocrx_word' id='word_1_866' title='bbox 2845 5426 3034 5483; x_wconf 84' lang='lat' dir='ltr'><strong>deDco</strong></span> <span class='ocrx_word' id='word_1_867' title='bbox 3059 5426 3406 5496; x_wconf 81' lang='lat' dir='ltr'><strong>accipienda,</strong></span> <span class='ocrx_word' id='word_1_868' title='bbox 3438 5424 3570 5479; x_wconf 87' lang='lat' dir='ltr'><strong>sicut</strong></span> <span class='ocrx_word' id='word_1_869' title='bbox 3582 5414 3736 5513; x_wconf 68' lang='lat' dir='ltr'><strong>etalia-</strong></span> 
     </span>
    </p>
   </div>
   <div class='ocr_carea' id='block_1_110' title="bbox 2185 5507 3729 5589">
    <p class='ocr_par' dir='ltr' id='par_1_110' title="bbox 2185 5507 3729 5589">
     <span class='ocr_line' id='line_1_110' title="bbox 2185 5507 3729 5589; baseline -0.017 -4"><span class='ocrx_word' id='word_1_870' title='bbox 2185 5507 2374 5585; x_wconf 37' lang='lat' dir='ltr'><strong>Diu-nis</strong></span> <span class='ocrx_word' id='word_1_871' title='bbox 2395 5535 2575 5580; x_wconf 83' lang='lat' dir='ltr'><strong>autem</strong></span> <span class='ocrx_word' id='word_1_872' title='bbox 2624 5522 2913 5577; x_wconf 63' lang='lat' dir='ltr'><strong>haereticus</strong></span> <span class='ocrx_word' id='word_1_873' title='bbox 2941 5519 3270 5589; x_wconf 79' lang='lat' dir='ltr'><strong>derelinquit</strong></span> <span class='ocrx_word' id='word_1_874' title='bbox 3311 5518 3510 5581; x_wconf 84' lang='lat' dir='ltr'><strong>Deum,</strong></span> <span class='ocrx_word' id='word_1_875' title='bbox 3554 5521 3607 5569; x_wconf 90' lang='lat' dir='ltr'><strong>et</strong></span> <span class='ocrx_word' id='word_1_876' title='bbox 3626 5507 3729 5564; x_wconf 80' lang='lat' dir='ltr'><strong>alie-</strong></span> 
     </span>
    </p>
   </div>
   <div class='ocr_carea' id='block_1_111' title="bbox 490 5598 3739 5697">
    <p class='ocr_par' dir='ltr' id='par_1_111' title="bbox 490 5598 3739 5697">
     <span class='ocr_line' id='line_1_111' title="bbox 490 5598 3739 5697; baseline -0.007 -20"><span class='ocrx_word' id='word_1_877' title='bbox 490 5598 578 5680; x_wconf 79' lang='lat' dir='ltr'><strong>vel</strong></span> <span class='ocrx_word' id='word_1_878' title='bbox 601 5598 740 5695; x_wconf 82' lang='lat' dir='ltr'><strong>leges</strong></span> <span class='ocrx_word' id='word_1_879' title='bbox 770 5624 791 5693; x_wconf 95' lang='lat'><strong>)</strong></span> <span class='ocrx_word' id='word_1_880' title='bbox 818 5622 891 5679; x_wconf 90' lang='lat' dir='ltr'><strong>ibi</strong></span> <span class='ocrx_word' id='word_1_881' title='bbox 918 5598 1114 5693; x_wconf 64' lang='lat' dir='ltr'><strong>verba,</strong></span> <span class='ocrx_word' id='word_1_882' title='bbox 1148 5598 1393 5697; x_wconf 41' lang='lat' dir='ltr'><strong>gnte-ego</strong></span> <span class='ocrx_word' id='word_1_883' title='bbox 1435 5598 1721 5696; x_wconf 32' lang='lat' dir='ltr'><strong>loquar‘ad</strong></span> <span class='ocrx_word' id='word_1_884' title='bbox 1752 5633 1819 5691; x_wconf 85' lang='lat' dir='ltr'><strong>te,</strong></span> <span class='ocrx_word' id='word_1_885' title='bbox 1843 5634 1891 5682; x_wconf 89' lang='lat' dir='ltr'><strong>et</strong></span> <span class='ocrx_word' id='word_1_886' title='bbox 1920 5626 2101 5684; x_wconf 87' lang='lat' dir='ltr'><strong>dices:</strong></span> <span class='ocrx_word' id='word_1_887' title='bbox 2174 5639 2305 5683; x_wconf 89' lang='lat' dir='ltr'><strong>num</strong></span> <span class='ocrx_word' id='word_1_888' title='bbox 2334 5620 2463 5676; x_wconf 82' lang='lat' dir='ltr'><strong>facit</strong></span> <span class='ocrx_word' id='word_1_889' title='bbox 2484 5620 2665 5673; x_wconf 86' lang='lat' dir='ltr'><strong>lacum</strong></span> <span class='ocrx_word' id='word_1_890' title='bbox 2693 5614 3029 5670; x_wconf 79' lang='lat' dir='ltr'><strong>habitatione</strong></span> <span class='ocrx_word' id='word_1_891' title='bbox 3063 5612 3184 5678; x_wconf 86' lang='lat' dir='ltr'><strong>Dei,</strong></span> <span class='ocrx_word' id='word_1_892' title='bbox 3230 5628 3400 5685; x_wconf 88' lang='lat' dir='ltr'><strong>quem</strong></span> <span class='ocrx_word' id='word_1_893' title='bbox 3452 5624 3545 5666; x_wconf 84' lang='lat' dir='ltr'><strong>sua</strong></span> <span class='ocrx_word' id='word_1_894' title='bbox 3586 5598 3739 5660; x_wconf 74' lang='lat' dir='ltr'><strong>fraude</strong></span> 
     </span>
    </p>
   </div>
   <div class='ocr_carea' id='block_1_112' title="bbox 566 5784 2087 5855">
    <p class='ocr_par' dir='ltr' id='par_1_112' title="bbox 566 5784 2087 5855">
     <span class='ocr_line' id='line_1_112' title="bbox 566 5784 2087 5855; baseline 0.001 -13"><span class='ocrx_word' id='word_1_895' title='bbox 566 5794 593 5824; x_wconf 80' lang='grc'><strong>⁸</strong></span> <span class='ocrx_word' id='word_1_896' title='bbox 625 5786 791 5843; x_wconf 84' lang='lat' dir='ltr'><strong>[idem</strong></span> <span class='ocrx_word' id='word_1_897' title='bbox 832 5802 989 5851; x_wconf 86' lang='lat' dir='ltr'><strong>mss.,</strong></span> <span class='ocrx_word' id='word_1_898' title='bbox 1026 5786 1257 5842; x_wconf 86' lang='lat' dir='ltr'><strong>et.stetit</strong></span> <span class='ocrx_word' id='word_1_899' title='bbox 1287 5787 1343 5842; x_wconf 88' lang='lat' dir='ltr'><strong>in</strong></span> <span class='ocrx_word' id='word_1_900' title='bbox 1380 5795 1657 5855; x_wconf 83' lang='lat' dir='ltr'><strong>conspectu</strong></span> <span class='ocrx_word' id='word_1_901' title='bbox 1689 5784 1888 5850; x_wconf 85' lang='lat' dir='ltr'><strong>Patris,</strong></span> <span class='ocrx_word' id='word_1_902' title='bbox 1919 5797 1977 5842; x_wconf 86' lang='lat' dir='ltr'><strong>ut</strong></span> <span class='ocrx_word' id='word_1_903' title='bbox 2006 5789 2087 5843; x_wconf 75' lang='grc' dir='ltr'><strong>ιο.</strong></span> 
     </span>
    </p>
   </div>
   <div class='ocr_carea' id='block_1_113' title="bbox 492 5858 2086 5984">
    <p class='ocr_par' dir='ltr' id='par_1_113' title="bbox 492 5858 2086 5984">
     <span class='ocr_line' id='line_1_113' title="bbox 492 5858 2086 5984; baseline -0.001 -72"><span class='ocrx_word' id='word_1_904' title='bbox 492 5869 857 5984; x_wconf 49' lang='lat' dir='ltr'><strong>gueregurlpro</strong></span> <span class='ocrx_word' id='word_1_905' title='bbox 882 5859 955 5915; x_wconf 81' lang='lat' dir='ltr'><strong>eis</strong></span> <span class='ocrx_word' id='word_1_906' title='bbox 984 5858 1197 5923; x_wconf 85' lang='lat' dir='ltr'><strong>bonum,</strong></span> <span class='ocrx_word' id='word_1_907' title='bbox 1226 5868 1275 5914; x_wconf 87' lang='lat' dir='ltr'><strong>et</strong></span> <span class='ocrx_word' id='word_1_908' title='bbox 1304 5866 1550 5914; x_wconf 80' lang='lat' dir='ltr'><strong>auerteret</strong></span> <span class='ocrx_word' id='word_1_909' title='bbox 1583 5858 1992 5926; x_wconf 79' lang='lat' dir='ltr'><strong>indignationem</strong></span> <span class='ocrx_word' id='word_1_910' title='bbox 2017 5858 2086 5912; x_wconf 79' lang='lat' dir='ltr'><strong>il-</strong></span> 
     </span>
     <span class='ocr_line' id='line_1_114' title="bbox 537 5942 797 5984; baseline 0.012 -3"><span class='ocrx_word' id='word_1_911' title='bbox 537 5942 595 5984; x_wconf 80' lang='lat' dir='ltr'><strong>us</strong></span> <span class='ocrx_word' id='word_1_912' title='bbox 620 5942 650 5983; x_wconf 82' lang='lat' dir='ltr'><strong>tt</strong></span> <span class='ocrx_word' id='word_1_913' title='bbox 706 5945 732 5984; x_wconf 84' lang='lat' dir='ltr'><strong>e</strong></span> <span class='ocrx_word' id='word_1_914' title='bbox 756 5944 797 5984; x_wconf 78' lang='grc' dir='ltr'>ι.</span> 
     </span>
    </p>
   </div>
   <div class='ocr_carea' id='block_1_114' title="bbox 537 5942 797 5986">
    <p class='ocr_par' dir='ltr' id='par_1_114' title="bbox 537 5942 797 5986">
     <span class='ocr_line' id='line_1_115' title="bbox 537 5942 797 5986; baseline 0.023 -6"><span class='ocrx_word' id='word_1_915' title='bbox 537 5942 595 5985; x_wconf 76' lang='grc' dir='ltr'><strong>ιιι</strong></span> <span class='ocrx_word' id='word_1_916' title='bbox 620 5942 680 5983; x_wconf 77' lang='lat' dir='ltr'><strong>av</strong></span> <span class='ocrx_word' id='word_1_917' title='bbox 706 5942 797 5986; x_wconf 79' lang='lat' dir='ltr'><strong>ett.</strong></span> 
     </span>
    </p>
   </div>
   <div class='ocr_carea' id='block_1_115' title="bbox 2269 5770 3740 5851">
    <p class='ocr_par' dir='ltr' id='par_1_115' title="bbox 2269 5770 3740 5851">
     <span class='ocr_line' id='line_1_116' title="bbox 2269 5770 3740 5851; baseline -0.012 -16"><span class='ocrx_word' id='word_1_918' title='bbox 2269 5780 2297 5824; x_wconf 69' lang='grc' dir='ltr'>δ</span> <span class='ocrx_word' id='word_1_919' title='bbox 2320 5782 2515 5849; x_wconf 74' lang='lat' dir='ltr'><strong>Verba,</strong></span> <span class='ocrx_word' id='word_1_920' title='bbox 2537 5781 2715 5851; x_wconf 83' lang='lat' dir='ltr'><strong>papuli</strong></span> <span class='ocrx_word' id='word_1_921' title='bbox 2728 5794 2790 5833; x_wconf 88' lang='lat' dir='ltr'><strong>ac</strong></span> <span class='ocrx_word' id='word_1_922' title='bbox 2801 5777 3049 5851; x_wconf 76' lang='lat' dir='ltr'><strong>seniores,</strong></span> <span class='ocrx_word' id='word_1_923' title='bbox 3065 5777 3121 5832; x_wconf 90' lang='lat' dir='ltr'><strong>in</strong></span> <span class='ocrx_word' id='word_1_924' title='bbox 3138 5776 3374 5851; x_wconf 68' lang='lat' dir='ltr'><strong>Cisterc.</strong></span> <span class='ocrx_word' id='word_1_925' title='bbox 3392 5792 3494 5830; x_wconf 86' lang='lat' dir='ltr'><strong>ms.</strong></span> <span class='ocrx_word' id='word_1_926' title='bbox 3508 5788 3608 5829; x_wconf 91' lang='lat' dir='ltr'><strong>non</strong></span> <span class='ocrx_word' id='word_1_927' title='bbox 3626 5770 3740 5851; x_wconf 74' lang='lat' dir='ltr'><strong>sunt.</strong></span> 
     </span>
    </p>
   </div>
   <div class='ocr_carea' id='block_1_116' title="bbox 2198 5849 3743 5981">
    <p class='ocr_par' dir='ltr' id='par_1_116' title="bbox 2198 5849 3743 5981">
     <span class='ocr_line' id='line_1_117' title="bbox 2198 5849 3743 5981; baseline -0.011 -68"><span class='ocrx_word' id='word_1_928' title='bbox 2198 5853 2501 5981; x_wconf 45' lang='grc' dir='ltr'><strong>Μῗυνὲἓέ.</strong></span> <span class='ocrx_word' id='word_1_929' title='bbox 2530 5849 2545 5907; x_wconf 65' lang='grc' dir='ltr'><em>ἐ</em></span> <span class='ocrx_word' id='word_1_930' title='bbox 2576 5851 2763 5919; x_wconf 79' lang='lat' dir='ltr'><strong>Accipe</strong></span> <span class='ocrx_word' id='word_1_931' title='bbox 2791 5849 3129 5919; x_wconf 76' lang='lat' dir='ltr'><strong>lagunculam</strong></span> <span class='ocrx_word' id='word_1_932' title='bbox 3158 5849 3306 5920; x_wconf 74' lang='lat' dir='ltr'><strong>ﬁguli</strong></span> <span class='ocrx_word' id='word_1_933' title='bbox 3338 5855 3546 5905; x_wconf 72' lang='lat' dir='ltr'><strong>testeum</strong></span> <span class='ocrx_word' id='word_1_934' title='bbox 3563 5859 3592 5899; x_wconf 76' lang='grc' dir='ltr'><strong>ιι</strong></span> <span class='ocrx_word' id='word_1_935' title='bbox 3610 5850 3743 5892; x_wconf 67' lang='lat' dir='ltr'><strong>unto-</strong></span> 
     </span>
    </p>
   </div>
   <div class='ocr_carea' id='block_1_117' title="bbox 2345 5960 2489 5995">
    <p class='ocr_par' dir='ltr' id='par_1_117' title="bbox 2345 5960 2489 5995">
     <span class='ocr_line' id='line_1_118' title="bbox 2345 5960 2489 5995; baseline 0 -20"><span class='ocrx_word' id='word_1_936' title='bbox 2345 5968 2359 5995; x_wconf 65' lang='lat'><strong>,</strong></span> <span class='ocrx_word' id='word_1_937' title='bbox 2384 5960 2489 5979; x_wconf 56' lang='grc' dir='ltr'><strong>ποιαί</strong></span> 
     </span>
    </p>
   </div>
   <div class='ocr_carea' id='block_1_118' title="bbox 2439 6376 3810 6580">
    <p class='ocr_par' dir='ltr' id='par_1_118' title="bbox 2439 6376 3810 6580">
     <span class='ocr_line' id='line_1_119' title="bbox 2439 6376 3810 6580; baseline -0.001 -94"><span class='ocrx_word' id='word_1_938' title='bbox 2439 6376 3810 6580; x_wconf 41' lang='grc' dir='ltr'><strong>ὴ...-</strong></span> 
     </span>
    </p>
   </div>
  </div>
