  <div class='ocr_page' id='page_1' title='image "/cluster/home/n/w/nwhite01/storage/ocr_20150623/24/hvd.32044015471386/406.png"; bbox 0 0 4080 6326; ppageno 0'>
   <div class='ocr_carea' id='block_1_1' title="bbox 233 333 328 392">
    <p class='ocr_par' dir='ltr' id='par_1_1' title="bbox 233 333 328 392">
     <span class='ocr_line' id='line_1_1' title="bbox 233 333 328 392; baseline -0.011 0"><span class='ocrx_word' id='word_1_1' title='bbox 233 333 328 392; x_wconf 75' lang='grc'><strong>801</strong></span> 
     </span>
    </p>
   </div>
   <div class='ocr_carea' id='block_1_2' title="bbox 737 327 3039 394">
    <p class='ocr_par' dir='ltr' id='par_1_2' title="bbox 737 327 3039 394">
     <span class='ocr_line' id='line_1_2' title="bbox 737 327 3039 394; baseline -0.003 -1"><span class='ocrx_word' id='word_1_2' title='bbox 737 333 1391 394; x_wconf 75' lang='lat' dir='ltr'><strong>COMMENTARIORUM</strong></span> <span class='ocrx_word' id='word_1_3' title='bbox 1433 327 1500 390; x_wconf 78' lang='grc' dir='ltr'><strong>ΙΝ</strong></span> <span class='ocrx_word' id='word_1_4' title='bbox 1540 329 1892 390; x_wconf 77' lang='lat' dir='ltr'><strong>JEBEMIAM</strong></span> <span class='ocrx_word' id='word_1_5' title='bbox 1934 327 2356 390; x_wconf 80' lang='lat' dir='ltr'><strong>PROPHETAM</strong></span> <span class='ocrx_word' id='word_1_6' title='bbox 2395 331 2524 390; x_wconf 89' lang='lat' dir='ltr'><strong>LIB.</strong></span> <span class='ocrx_word' id='word_1_7' title='bbox 2567 330 2658 390; x_wconf 80' lang='lat' dir='ltr'><strong>IV.</strong></span> <span class='ocrx_word' id='word_1_8' title='bbox 2699 330 2852 390; x_wconf 81' lang='lat' dir='ltr'><strong>CAP.</strong></span> <span class='ocrx_word' id='word_1_9' title='bbox 2893 327 3039 388; x_wconf 74' lang='lat' dir='ltr'><strong>XIX.</strong></span> 
     </span>
    </p>
   </div>
   <div class='ocr_carea' id='block_1_3' title="bbox 3431 325 3542 386">
    <p class='ocr_par' dir='ltr' id='par_1_3' title="bbox 3431 325 3542 386">
     <span class='ocr_line' id='line_1_3' title="bbox 3431 325 3542 386; baseline -0.018 0"><span class='ocrx_word' id='word_1_10' title='bbox 3431 325 3542 386; x_wconf 67' lang='lat'><strong>809</strong></span> 
     </span>
    </p>
   </div>
   <div class='ocr_carea' id='block_1_4' title="bbox 234 443 3542 521">
    <p class='ocr_par' dir='ltr' id='par_1_4' title="bbox 234 443 3542 521">
     <span class='ocr_line' id='line_1_4' title="bbox 234 443 3542 521; baseline -0 -21"><span class='ocrx_word' id='word_1_11' title='bbox 234 445 506 515; x_wconf 85' lang='lat' dir='ltr'><strong>polluerit,</strong></span> <span class='ocrx_word' id='word_1_12' title='bbox 539 452 596 502; x_wconf 90' lang='lat' dir='ltr'><strong>et</strong></span> <span class='ocrx_word' id='word_1_13' title='bbox 621 445 754 503; x_wconf 99' lang='lat' dir='ltr'><strong>libat</strong></span> <span class='ocrx_word' id='word_1_14' title='bbox 776 447 882 504; x_wconf 90' lang='lat' dir='ltr'><strong>diis</strong></span> <span class='ocrx_word' id='word_1_15' title='bbox 917 447 1136 516; x_wconf 84' lang='lat' dir='ltr'><strong>alienis,</strong></span> <span class='ocrx_word' id='word_1_16' title='bbox 1168 462 1309 521; x_wconf 87' lang='lat' dir='ltr'><strong>quos</strong></span> <span class='ocrx_word' id='word_1_17' title='bbox 1338 462 1441 503; x_wconf 89' lang='lat' dir='ltr'><strong>nec</strong></span> <span class='ocrx_word' id='word_1_18' title='bbox 1463 447 1580 518; x_wconf 90' lang='lat' dir='ltr'><strong>ipse</strong></span> <span class='ocrx_word' id='word_1_19' title='bbox 1596 454 1840 512; x_wconf 76' lang='lat' dir='ltr'><strong>noverat,</strong></span> <span class='ocrx_word' id='word_1_20' title='bbox 1869 449 1924 509; x_wconf 83' lang='grc' dir='ltr'><strong>Α</strong></span> <span class='ocrx_word' id='word_1_21' title='bbox 1948 444 2015 501; x_wconf 93' lang='lat' dir='ltr'><strong>de</strong></span> <span class='ocrx_word' id='word_1_22' title='bbox 2045 446 2363 518; x_wconf 83' lang='lat' dir='ltr'><strong>Babylonia,</strong></span> <span class='ocrx_word' id='word_1_23' title='bbox 2405 447 2502 504; x_wconf 89' lang='lat' dir='ltr'><strong>sed</strong></span> <span class='ocrx_word' id='word_1_24' title='bbox 2547 447 2617 504; x_wconf 91' lang='lat' dir='ltr'><strong>de</strong></span> <span class='ocrx_word' id='word_1_25' title='bbox 2666 447 2907 503; x_wconf 79' lang='lat' dir='ltr'><strong>Romana</strong></span> <span class='ocrx_word' id='word_1_26' title='bbox 2955 445 3154 502; x_wconf 88' lang='lat' dir='ltr'><strong>dicitur</strong></span> <span class='ocrx_word' id='word_1_27' title='bbox 3205 443 3542 515; x_wconf 70' lang='lat' dir='ltr'><strong>captivitate.</strong></span> 
     </span>
    </p>
   </div>
   <div class='ocr_carea' id='block_1_5' title="bbox 229 541 1834 613">
    <p class='ocr_par' dir='ltr' id='par_1_5' title="bbox 229 541 1834 613">
     <span class='ocr_line' id='line_1_5' title="bbox 229 541 1834 613; baseline -0.002 -16"><span class='ocrx_word' id='word_1_28' title='bbox 229 556 329 597; x_wconf 86' lang='lat' dir='ltr'><strong>nec</strong></span> <span class='ocrx_word' id='word_1_29' title='bbox 359 552 543 609; x_wconf 88' lang='lat' dir='ltr'><strong>patres</strong></span> <span class='ocrx_word' id='word_1_30' title='bbox 568 541 708 610; x_wconf 83' lang='lat' dir='ltr'><strong>ejus,</strong></span> <span class='ocrx_word' id='word_1_31' title='bbox 742 544 990 613; x_wconf 77' lang='lat' dir='ltr'><strong>Apostnli</strong></span> <span class='ocrx_word' id='word_1_32' title='bbox 1018 543 1277 598; x_wconf 91' lang='lat' dir='ltr'><strong>videlicet</strong></span> <span class='ocrx_word' id='word_1_33' title='bbox 1303 553 1358 598; x_wconf 90' lang='lat' dir='ltr'><strong>et</strong></span> <span class='ocrx_word' id='word_1_34' title='bbox 1388 541 1681 612; x_wconf 77' lang='lat' dir='ltr'><strong>apostolici</strong></span> <span class='ocrx_word' id='word_1_35' title='bbox 1709 541 1834 606; x_wconf 88' lang='lat' dir='ltr'><strong>viti;</strong></span> 
     </span>
    </p>
   </div>
   <div class='ocr_carea' id='block_1_6' title="bbox 229 633 1834 704">
    <p class='ocr_par' dir='ltr' id='par_1_6' title="bbox 229 633 1834 704">
     <span class='ocr_line' id='line_1_6' title="bbox 229 633 1834 704; baseline -0.002 -14"><span class='ocrx_word' id='word_1_36' title='bbox 229 649 382 704; x_wconf 80' lang='lat' dir='ltr'><strong>reges</strong></span> <span class='ocrx_word' id='word_1_37' title='bbox 406 643 590 692; x_wconf 88' lang='lat' dir='ltr'><strong>autem</strong></span> <span class='ocrx_word' id='word_1_38' title='bbox 618 635 646 691; x_wconf 90' lang='lat' dir='ltr'><strong>J</strong></span> <span class='ocrx_word' id='word_1_39' title='bbox 657 635 781 701; x_wconf 88' lang='lat' dir='ltr'><strong>uda,</strong></span> <span class='ocrx_word' id='word_1_40' title='bbox 810 636 911 691; x_wconf 88' lang='lat' dir='ltr'><strong>hoc</strong></span> <span class='ocrx_word' id='word_1_41' title='bbox 931 645 1036 702; x_wconf 87' lang='lat' dir='ltr'><strong>est,</strong></span> <span class='ocrx_word' id='word_1_42' title='bbox 1070 635 1450 691; x_wconf 57' lang='lat' dir='ltr'><strong>hereticorum</strong></span> <span class='ocrx_word' id='word_1_43' title='bbox 1487 633 1834 703; x_wconf 74' lang='lat' dir='ltr'><strong>patriarchae,</strong></span> 
     </span>
    </p>
   </div>
   <div class='ocr_carea' id='block_1_7' title="bbox 231 726 1836 802">
    <p class='ocr_par' dir='ltr' id='par_1_7' title="bbox 231 726 1836 802">
     <span class='ocr_line' id='line_1_7' title="bbox 231 726 1836 802; baseline -0.002 -18"><span class='ocrx_word' id='word_1_44' title='bbox 231 727 458 799; x_wconf 88' lang='lat' dir='ltr'><strong>implent</strong></span> <span class='ocrx_word' id='word_1_45' title='bbox 487 729 667 785; x_wconf 91' lang='lat' dir='ltr'><strong>locum</strong></span> <span class='ocrx_word' id='word_1_46' title='bbox 696 729 972 802; x_wconf 87' lang='lat' dir='ltr'><strong>quondam</strong></span> <span class='ocrx_word' id='word_1_47' title='bbox 1004 729 1125 797; x_wconf 85' lang='lat' dir='ltr'><strong>Dei,</strong></span> <span class='ocrx_word' id='word_1_48' title='bbox 1154 730 1419 799; x_wconf 83' lang='lat' dir='ltr'><strong>sanguine</strong></span> <span class='ocrx_word' id='word_1_49' title='bbox 1468 726 1836 798; x_wconf 74' lang='lat' dir='ltr'><strong>deceptorum</strong></span> 
     </span>
    </p>
   </div>
   <div class='ocr_carea' id='block_1_8' title="bbox 231 816 1836 889">
    <p class='ocr_par' dir='ltr' id='par_1_8' title="bbox 231 816 1836 889">
     <span class='ocr_line' id='line_1_8' title="bbox 231 816 1836 889; baseline -0.006 -9"><span class='ocrx_word' id='word_1_50' title='bbox 231 831 286 880; x_wconf 87' lang='lat' dir='ltr'><strong>et</strong></span> <span class='ocrx_word' id='word_1_51' title='bbox 313 821 717 878; x_wconf 87' lang='lat' dir='ltr'><strong>innocentium.</strong></span> <span class='ocrx_word' id='word_1_52' title='bbox 750 823 859 876; x_wconf 83' lang='lat' dir='ltr'><strong>Nisi</strong></span> <span class='ocrx_word' id='word_1_53' title='bbox 886 823 1030 877; x_wconf 84' lang='lat' dir='ltr'><strong>enim</strong></span> <span class='ocrx_word' id='word_1_54' title='bbox 1063 820 1259 877; x_wconf 87' lang='lat' dir='ltr'><strong>stultus</strong></span> <span class='ocrx_word' id='word_1_55' title='bbox 1290 833 1345 877; x_wconf 90' lang='lat' dir='ltr'><strong>et</strong></span> <span class='ocrx_word' id='word_1_56' title='bbox 1374 820 1609 889; x_wconf 80' lang='lat' dir='ltr'><strong>simplex</strong></span> <span class='ocrx_word' id='word_1_57' title='bbox 1651 816 1836 884; x_wconf 84' lang='lat' dir='ltr'><strong>fuerit,</strong></span> 
     </span>
    </p>
   </div>
   <div class='ocr_carea' id='block_1_9' title="bbox 233 911 1833 979">
    <p class='ocr_par' dir='ltr' id='par_1_9' title="bbox 233 911 1833 979">
     <span class='ocr_line' id='line_1_9' title="bbox 233 911 1833 979; baseline -0.003 -9"><span class='ocrx_word' id='word_1_58' title='bbox 233 928 337 970; x_wconf 90' lang='lat' dir='ltr'><strong>non</strong></span> <span class='ocrx_word' id='word_1_59' title='bbox 367 914 478 968; x_wconf 91' lang='lat' dir='ltr'><strong>cito</strong></span> <span class='ocrx_word' id='word_1_60' title='bbox 502 914 861 969; x_wconf 88' lang='lat' dir='ltr'><strong>subvertitur.</strong></span> <span class='ocrx_word' id='word_1_61' title='bbox 892 913 958 968; x_wconf 86' lang='lat' dir='ltr'><strong>Et</strong></span> <span class='ocrx_word' id='word_1_62' title='bbox 1002 913 1276 969; x_wconf 60' lang='lat' dir='ltr'><strong>sedilicant</strong></span> <span class='ocrx_word' id='word_1_63' title='bbox 1334 912 1554 968; x_wconf 80' lang='lat' dir='ltr'><strong>excelsa</strong></span> <span class='ocrx_word' id='word_1_64' title='bbox 1602 911 1833 979; x_wconf 87' lang='lat' dir='ltr'><strong>Baalim,</strong></span> 
     </span>
    </p>
   </div>
   <div class='ocr_carea' id='block_1_10' title="bbox 230 1007 1838 1075">
    <p class='ocr_par' dir='ltr' id='par_1_10' title="bbox 230 1007 1838 1075">
     <span class='ocr_line' id='line_1_10' title="bbox 230 1007 1838 1075; baseline -0.002 -11"><span class='ocrx_word' id='word_1_65' title='bbox 230 1008 357 1064; x_wconf 89' lang='lat' dir='ltr'><strong>dum</strong></span> <span class='ocrx_word' id='word_1_66' title='bbox 387 1008 456 1063; x_wconf 90' lang='lat' dir='ltr'><strong>de</strong></span> <span class='ocrx_word' id='word_1_67' title='bbox 483 1009 806 1063; x_wconf 77' lang='lat' dir='ltr'><strong>sublimibus</strong></span> <span class='ocrx_word' id='word_1_68' title='bbox 835 1008 1121 1075; x_wconf 77' lang='lat' dir='ltr'><strong>disntttare</strong></span> <span class='ocrx_word' id='word_1_69' title='bbox 1143 1023 1203 1063; x_wconf 92' lang='lat' dir='ltr'><strong>se</strong></span> <span class='ocrx_word' id='word_1_70' title='bbox 1231 1009 1442 1064; x_wconf 86' lang='lat' dir='ltr'><strong>dicunt.</strong></span> <span class='ocrx_word' id='word_1_71' title='bbox 1492 1007 1558 1063; x_wconf 87' lang='lat' dir='ltr'><strong>Et</strong></span> <span class='ocrx_word' id='word_1_72' title='bbox 1607 1007 1838 1063; x_wconf 80' lang='lat' dir='ltr'><strong>combu-</strong></span> 
     </span>
    </p>
   </div>
   <div class='ocr_carea' id='block_1_11' title="bbox 234 1095 1834 1173">
    <p class='ocr_par' dir='ltr' id='par_1_11' title="bbox 234 1095 1834 1173">
     <span class='ocr_line' id='line_1_11' title="bbox 234 1095 1834 1173; baseline -0.004 -13"><span class='ocrx_word' id='word_1_73' title='bbox 234 1113 358 1160; x_wconf 82' lang='lat' dir='ltr'><strong>runt</strong></span> <span class='ocrx_word' id='word_1_74' title='bbox 419 1095 560 1157; x_wconf 81' lang='lat' dir='ltr'><strong>ﬁlios</strong></span> <span class='ocrx_word' id='word_1_75' title='bbox 615 1117 745 1158; x_wconf 87' lang='lat' dir='ltr'><strong>suos</strong></span> <span class='ocrx_word' id='word_1_76' title='bbox 799 1101 966 1166; x_wconf 89' lang='lat' dir='ltr'><strong>idolo,</strong></span> <span class='ocrx_word' id='word_1_77' title='bbox 997 1118 1134 1173; x_wconf 90' lang='lat' dir='ltr'><strong>quos</strong></span> <span class='ocrx_word' id='word_1_78' title='bbox 1180 1102 1232 1156; x_wconf 93' lang='lat' dir='ltr'><strong>in</strong></span> <span class='ocrx_word' id='word_1_79' title='bbox 1273 1101 1469 1156; x_wconf 69' lang='lat' dir='ltr'><strong>lueresi</strong></span> <span class='ocrx_word' id='word_1_80' title='bbox 1511 1108 1834 1169; x_wconf 83' lang='lat' dir='ltr'><strong>genuerunt.</strong></span> 
     </span>
    </p>
   </div>
   <div class='ocr_carea' id='block_1_12' title="bbox 235 1193 1836 1267">
    <p class='ocr_par' dir='ltr' id='par_1_12' title="bbox 235 1193 1836 1267">
     <span class='ocr_line' id='line_1_12' title="bbox 235 1193 1836 1267; baseline -0.003 -16"><span class='ocrx_word' id='word_1_81' title='bbox 235 1197 366 1265; x_wconf 66' lang='lat' dir='ltr'><strong>Quae</strong></span> <span class='ocrx_word' id='word_1_82' title='bbox 388 1197 568 1250; x_wconf 83' lang='lat' dir='ltr'><strong>omnia</strong></span> <span class='ocrx_word' id='word_1_83' title='bbox 600 1196 858 1267; x_wconf 78' lang='lat' dir='ltr'><strong>ignorare</strong></span> <span class='ocrx_word' id='word_1_84' title='bbox 884 1210 942 1249; x_wconf 89' lang='lat' dir='ltr'><strong>se</strong></span> <span class='ocrx_word' id='word_1_85' title='bbox 967 1193 1102 1250; x_wconf 85' lang='lat' dir='ltr'><strong>dicit</strong></span> <span class='ocrx_word' id='word_1_86' title='bbox 1131 1195 1420 1263; x_wconf 77' lang='lat' dir='ltr'><strong>Dominus,</strong></span> <span class='ocrx_word' id='word_1_87' title='bbox 1452 1208 1552 1250; x_wconf 90' lang='lat' dir='ltr'><strong>nec</strong></span> <span class='ocrx_word' id='word_1_88' title='bbox 1584 1205 1836 1263; x_wconf 84' lang='lat' dir='ltr'><strong>umquam</strong></span> 
     </span>
    </p>
   </div>
   <div class='ocr_carea' id='block_1_13' title="bbox 234 1287 1254 1359">
    <p class='ocr_par' dir='ltr' id='par_1_13' title="bbox 234 1287 1254 1359">
     <span class='ocr_line' id='line_1_13' title="bbox 234 1287 1254 1359; baseline -0.003 -15"><span class='ocrx_word' id='word_1_89' title='bbox 234 1287 550 1344; x_wconf 86' lang='lat' dir='ltr'><strong>ascendisse</strong></span> <span class='ocrx_word' id='word_1_90' title='bbox 574 1287 629 1342; x_wconf 91' lang='lat' dir='ltr'><strong>in</strong></span> <span class='ocrx_word' id='word_1_91' title='bbox 663 1287 1044 1359; x_wconf 81' lang='lat' dir='ltr'><strong>cogitationem</strong></span> <span class='ocrx_word' id='word_1_92' title='bbox 1076 1303 1254 1342; x_wconf 88' lang='lat' dir='ltr'><strong>suam.</strong></span> 
     </span>
    </p>
   </div>
   <div class='ocr_carea' id='block_1_14' title="bbox 307 1376 1840 1453">
    <p class='ocr_par' dir='ltr' id='par_1_14' title="bbox 307 1376 1840 1453">
     <span class='ocr_line' id='line_1_14' title="bbox 307 1376 1840 1453; baseline -0.005 -17"><span class='ocrx_word' id='word_1_93' title='bbox 307 1382 326 1452; x_wconf 92' lang='lat'><strong>(</strong></span> <span class='ocrx_word' id='word_1_94' title='bbox 357 1379 514 1437; x_wconf 79' lang='lat' dir='ltr'><strong>Vers.</strong></span> <span class='ocrx_word' id='word_1_95' title='bbox 545 1380 600 1436; x_wconf 86' lang='lat'><strong>6.</strong></span> <span class='ocrx_word' id='word_1_96' title='bbox 629 1381 650 1453; x_wconf 88' lang='lat'>)</span> <span class='ocrx_word' id='word_1_97' title='bbox 697 1379 979 1452; x_wconf 87' lang='lat' dir='ltr'><strong>Propterea</strong></span> <span class='ocrx_word' id='word_1_98' title='bbox 1005 1396 1121 1435; x_wconf 86' lang='lat' dir='ltr'><strong>ecce</strong></span> <span class='ocrx_word' id='word_1_99' title='bbox 1151 1380 1261 1434; x_wconf 87' lang='lat' dir='ltr'><strong>dies</strong></span> <span class='ocrx_word' id='word_1_100' title='bbox 1286 1380 1514 1445; x_wconf 87' lang='lat' dir='ltr'><strong>veniunt,</strong></span> <span class='ocrx_word' id='word_1_101' title='bbox 1565 1379 1690 1432; x_wconf 80' lang='lat' dir='ltr'><strong>dicit</strong></span> <span class='ocrx_word' id='word_1_102' title='bbox 1729 1376 1840 1430; x_wconf 87' lang='lat' dir='ltr'><strong>Do-</strong></span> 
     </span>
    </p>
   </div>
   <div class='ocr_carea' id='block_1_15' title="bbox 242 1471 1834 1546">
    <p class='ocr_par' dir='ltr' id='par_1_15' title="bbox 242 1471 1834 1546">
     <span class='ocr_line' id='line_1_15' title="bbox 242 1471 1834 1546; baseline -0.004 -15"><span class='ocrx_word' id='word_1_103' title='bbox 242 1476 436 1540; x_wconf 88' lang='lat' dir='ltr'><strong>minus,</strong></span> <span class='ocrx_word' id='word_1_104' title='bbox 483 1484 534 1531; x_wconf 86' lang='lat' dir='ltr'><strong>et</strong></span> <span class='ocrx_word' id='word_1_105' title='bbox 577 1491 680 1529; x_wconf 87' lang='lat' dir='ltr'><strong>non</strong></span> <span class='ocrx_word' id='word_1_106' title='bbox 708 1475 972 1529; x_wconf 86' lang='lat' dir='ltr'><strong>vocabitur</strong></span> <span class='ocrx_word' id='word_1_107' title='bbox 999 1475 1143 1529; x_wconf 89' lang='lat' dir='ltr'><strong>locus</strong></span> <span class='ocrx_word' id='word_1_108' title='bbox 1167 1475 1265 1529; x_wconf 84' lang='lat' dir='ltr'><strong>iste</strong></span> <span class='ocrx_word' id='word_1_109' title='bbox 1289 1474 1513 1546; x_wconf 86' lang='lat' dir='ltr'><strong>amplius</strong></span> <span class='ocrx_word' id='word_1_110' title='bbox 1539 1471 1834 1543; x_wconf 65' lang='lat' dir='ltr'><strong>Tltopltem,</strong></span> 
     </span>
    </p>
   </div>
   <div class='ocr_carea' id='block_1_16' title="bbox 239 1562 1840 1636">
    <p class='ocr_par' dir='ltr' id='par_1_16' title="bbox 239 1562 1840 1636">
     <span class='ocr_line' id='line_1_16' title="bbox 239 1562 1840 1636; baseline -0.004 -12"><span class='ocrx_word' id='word_1_111' title='bbox 239 1578 286 1624; x_wconf 82' lang='lat' dir='ltr'><strong>et</strong></span> <span class='ocrx_word' id='word_1_112' title='bbox 314 1566 462 1622; x_wconf 79' lang='lat' dir='ltr'><strong>t-allis</strong></span> <span class='ocrx_word' id='word_1_113' title='bbox 487 1566 588 1630; x_wconf 80' lang='lat' dir='ltr'><strong>ﬁlii</strong></span> <span class='ocrx_word' id='word_1_114' title='bbox 633 1566 856 1636; x_wconf 85' lang='lat' dir='ltr'><strong>Ennom,</strong></span> <span class='ocrx_word' id='word_1_115' title='bbox 905 1567 996 1622; x_wconf 84' lang='lat' dir='ltr'><strong>sed</strong></span> <span class='ocrx_word' id='word_1_116' title='bbox 1018 1567 1166 1622; x_wconf 78' lang='lat' dir='ltr'><strong>vallis</strong></span> <span class='ocrx_word' id='word_1_117' title='bbox 1211 1567 1501 1621; x_wconf 77' lang='lat' dir='ltr'><strong>occisionis.</strong></span> <span class='ocrx_word' id='word_1_118' title='bbox 1530 1564 1669 1620; x_wconf 78' lang='lat' dir='ltr'><strong>LXX</strong></span> <span class='ocrx_word' id='word_1_119' title='bbox 1698 1581 1710 1617; x_wconf 86' lang='lat'><strong>:</strong></span> <span class='ocrx_word' id='word_1_120' title='bbox 1745 1562 1840 1618; x_wconf 84' lang='lat' dir='ltr'><strong>Id-</strong></span> 
     </span>
    </p>
   </div>
   <div class='ocr_carea' id='block_1_17' title="bbox 239 1656 1840 1726">
    <p class='ocr_par' dir='ltr' id='par_1_17' title="bbox 239 1656 1840 1726">
     <span class='ocr_line' id='line_1_17' title="bbox 239 1656 1840 1726; baseline -0.002 -12"><span class='ocrx_word' id='word_1_121' title='bbox 239 1660 378 1715; x_wconf 82' lang='lat' dir='ltr'><strong>circo</strong></span> <span class='ocrx_word' id='word_1_122' title='bbox 431 1675 543 1714; x_wconf 90' lang='lat' dir='ltr'><strong>ecce</strong></span> <span class='ocrx_word' id='word_1_123' title='bbox 569 1659 678 1714; x_wconf 87' lang='lat' dir='ltr'><strong>dies</strong></span> <span class='ocrx_word' id='word_1_124' title='bbox 704 1660 934 1726; x_wconf 80' lang='lat' dir='ltr'><strong>veniunt,</strong></span> <span class='ocrx_word' id='word_1_125' title='bbox 967 1658 1092 1712; x_wconf 87' lang='lat' dir='ltr'><strong>dicit</strong></span> <span class='ocrx_word' id='word_1_126' title='bbox 1125 1656 1402 1723; x_wconf 83' lang='lat' dir='ltr'><strong>Dominus,</strong></span> <span class='ocrx_word' id='word_1_127' title='bbox 1425 1669 1473 1712; x_wconf 89' lang='lat' dir='ltr'><strong>et</strong></span> <span class='ocrx_word' id='word_1_128' title='bbox 1501 1674 1602 1711; x_wconf 88' lang='lat' dir='ltr'><strong>non</strong></span> <span class='ocrx_word' id='word_1_129' title='bbox 1634 1656 1840 1711; x_wconf 86' lang='lat' dir='ltr'><strong>vocabi-</strong></span> 
     </span>
    </p>
   </div>
   <div class='ocr_carea' id='block_1_18' title="bbox 241 1748 1834 1829">
    <p class='ocr_par' dir='ltr' id='par_1_18' title="bbox 241 1748 1834 1829">
     <span class='ocr_line' id='line_1_18' title="bbox 241 1748 1834 1829; baseline -0.003 -23"><span class='ocrx_word' id='word_1_130' title='bbox 241 1760 322 1808; x_wconf 89' lang='lat' dir='ltr'><strong>tur</strong></span> <span class='ocrx_word' id='word_1_131' title='bbox 351 1753 495 1808; x_wconf 87' lang='lat' dir='ltr'><strong>locus</strong></span> <span class='ocrx_word' id='word_1_132' title='bbox 517 1753 613 1806; x_wconf 86' lang='lat' dir='ltr'><strong>iste</strong></span> <span class='ocrx_word' id='word_1_133' title='bbox 637 1753 860 1825; x_wconf 82' lang='lat' dir='ltr'><strong>amplius</strong></span> <span class='ocrx_word' id='word_1_134' title='bbox 879 1753 1030 1806; x_wconf 88' lang='lat' dir='ltr'><strong>ruina</strong></span> <span class='ocrx_word' id='word_1_135' title='bbox 1060 1762 1107 1806; x_wconf 80' lang='lat' dir='ltr'><strong>et</strong></span> <span class='ocrx_word' id='word_1_136' title='bbox 1134 1750 1469 1829; x_wconf 80' lang='grc' dir='ltr'><strong>πολυάνδριον</strong></span> <span class='ocrx_word' id='word_1_137' title='bbox 1495 1748 1834 1819; x_wconf 82' lang='lat' dir='ltr'><strong>ﬁliiEuuom,</strong></span> 
     </span>
    </p>
   </div>
   <div class='ocr_carea' id='block_1_19' title="bbox 1946 541 3544 614">
    <p class='ocr_par' dir='ltr' id='par_1_19' title="bbox 1946 541 3544 614">
     <span class='ocr_line' id='line_1_19' title="bbox 1946 541 3544 614; baseline -0.003 -18"><span class='ocrx_word' id='word_1_138' title='bbox 1946 542 2072 596; x_wconf 83' lang='lat' dir='ltr'><strong>Post</strong></span> <span class='ocrx_word' id='word_1_139' title='bbox 2097 542 2431 614; x_wconf 82' lang='lat' dir='ltr'><strong>Babylonios</strong></span> <span class='ocrx_word' id='word_1_140' title='bbox 2457 542 2679 614; x_wconf 84' lang='lat' dir='ltr'><strong>quippe,</strong></span> <span class='ocrx_word' id='word_1_141' title='bbox 2699 554 2751 598; x_wconf 88' lang='lat' dir='ltr'><strong>et</strong></span> <span class='ocrx_word' id='word_1_142' title='bbox 2777 542 2910 596; x_wconf 89' lang='lat' dir='ltr'><strong>urbs</strong></span> <span class='ocrx_word' id='word_1_143' title='bbox 2935 541 3254 610; x_wconf 81' lang='lat' dir='ltr'><strong>instaurata,</strong></span> <span class='ocrx_word' id='word_1_144' title='bbox 3280 547 3337 597; x_wconf 91' lang='lat' dir='ltr'><strong>ct</strong></span> <span class='ocrx_word' id='word_1_145' title='bbox 3365 555 3544 608; x_wconf 79' lang='lat' dir='ltr'><strong>popu-</strong></span> 
     </span>
    </p>
   </div>
   <div class='ocr_carea' id='block_1_20' title="bbox 1941 633 3543 702">
    <p class='ocr_par' dir='ltr' id='par_1_20' title="bbox 1941 633 3543 702">
     <span class='ocr_line' id='line_1_20' title="bbox 1941 633 3543 702; baseline -0.001 -12"><span class='ocrx_word' id='word_1_146' title='bbox 1941 635 2027 690; x_wconf 89' lang='lat' dir='ltr'><strong>lus</strong></span> <span class='ocrx_word' id='word_1_147' title='bbox 2086 635 2347 690; x_wconf 89' lang='lat' dir='ltr'><strong>reductus</strong></span> <span class='ocrx_word' id='word_1_148' title='bbox 2396 635 2450 690; x_wconf 93' lang='lat' dir='ltr'><strong>in</strong></span> <span class='ocrx_word' id='word_1_149' title='bbox 2504 635 2770 702; x_wconf 72' lang='lat' dir='ltr'><strong>Judteam,</strong></span> <span class='ocrx_word' id='word_1_150' title='bbox 2820 645 2876 690; x_wconf 91' lang='lat' dir='ltr'><strong>et</strong></span> <span class='ocrx_word' id='word_1_151' title='bbox 2906 634 3248 689; x_wconf 76' lang='lat' dir='ltr'><strong>abundantite</strong></span> <span class='ocrx_word' id='word_1_152' title='bbox 3295 633 3543 702; x_wconf 76' lang='lat' dir='ltr'><strong>pristina:</strong></span> 
     </span>
    </p>
   </div>
   <div class='ocr_carea' id='block_1_21' title="bbox 1939 725 3537 800">
    <p class='ocr_par' dir='ltr' id='par_1_21' title="bbox 1939 725 3537 800">
     <span class='ocr_line' id='line_1_21' title="bbox 1939 725 3537 800; baseline -0.002 -15"><span class='ocrx_word' id='word_1_153' title='bbox 1939 733 2224 786; x_wconf 78' lang='lat' dir='ltr'><strong>resututus</strong></span> <span class='ocrx_word' id='word_1_154' title='bbox 2273 737 2375 786; x_wconf 88' lang='lat' dir='ltr'><strong>est.</strong></span> <span class='ocrx_word' id='word_1_155' title='bbox 2432 729 2560 786; x_wconf 84' lang='lat' dir='ltr'><strong>Post</strong></span> <span class='ocrx_word' id='word_1_156' title='bbox 2607 731 2978 799; x_wconf 80' lang='lat' dir='ltr'><strong>captivitatem</strong></span> <span class='ocrx_word' id='word_1_157' title='bbox 3025 739 3232 797; x_wconf 88' lang='lat' dir='ltr'><strong>autem,</strong></span> <span class='ocrx_word' id='word_1_158' title='bbox 3276 743 3398 800; x_wconf 72' lang='lat' dir='ltr'><strong>qua:</strong></span> <span class='ocrx_word' id='word_1_159' title='bbox 3434 725 3537 782; x_wconf 78' lang='lat' dir='ltr'><strong>sub</strong></span> 
     </span>
    </p>
   </div>
   <div class='ocr_carea' id='block_1_22' title="bbox 1942 820 3526 893">
    <p class='ocr_par' dir='ltr' id='par_1_22' title="bbox 1942 820 3526 893">
     <span class='ocr_line' id='line_1_22' title="bbox 1942 820 3526 893; baseline -0.001 -15"><span class='ocrx_word' id='word_1_160' title='bbox 1942 821 2284 892; x_wconf 77' lang='lat' dir='ltr'><strong>Vespasiano</strong></span> <span class='ocrx_word' id='word_1_161' title='bbox 2316 831 2370 876; x_wconf 91' lang='lat' dir='ltr'><strong>et</strong></span> <span class='ocrx_word' id='word_1_162' title='bbox 2394 821 2538 888; x_wconf 83' lang='lat' dir='ltr'><strong>&#39;l‘ito,</strong></span> <span class='ocrx_word' id='word_1_163' title='bbox 2577 830 2632 878; x_wconf 89' lang='lat' dir='ltr'><strong>et</strong></span> <span class='ocrx_word' id='word_1_164' title='bbox 2653 832 2843 893; x_wconf 86' lang='lat' dir='ltr'><strong>postea</strong></span> <span class='ocrx_word' id='word_1_165' title='bbox 2873 821 3069 878; x_wconf 85' lang='lat' dir='ltr'><strong>accidit</strong></span> <span class='ocrx_word' id='word_1_166' title='bbox 3097 821 3200 877; x_wconf 90' lang='lat' dir='ltr'><strong>sub</strong></span> <span class='ocrx_word' id='word_1_167' title='bbox 3231 820 3526 886; x_wconf 81' lang='lat' dir='ltr'><strong>Hadriano.</strong></span> 
     </span>
    </p>
   </div>
   <div class='ocr_carea' id='block_1_23' title="bbox 1939 913 3531 987">
    <p class='ocr_par' dir='ltr' id='par_1_23' title="bbox 1939 913 3531 987">
     <span class='ocr_line' id='line_1_23' title="bbox 1939 913 3531 987; baseline -0.002 -15"><span class='ocrx_word' id='word_1_168' title='bbox 1939 931 2110 987; x_wconf 86' lang='lat' dir='ltr'><strong>usque</strong></span> <span class='ocrx_word' id='word_1_169' title='bbox 2147 917 2212 971; x_wconf 87' lang='lat' dir='ltr'><strong>ad</strong></span> <span class='ocrx_word' id='word_1_170' title='bbox 2234 917 2757 972; x_wconf 86' lang='lat' dir='ltr'><strong>consummatiouettt</strong></span> <span class='ocrx_word' id='word_1_171' title='bbox 2786 917 2971 972; x_wconf 64' lang='grc' dir='ltr'><strong>δινευιί</strong></span> <span class='ocrx_word' id='word_1_172' title='bbox 3003 918 3174 972; x_wconf 65' lang='lat' dir='ltr'><strong>ruinae</strong></span> <span class='ocrx_word' id='word_1_173' title='bbox 3221 913 3531 973; x_wconf 72' lang='lat' dir='ltr'><strong>Jerusalem</strong></span> 
     </span>
    </p>
   </div>
   <div class='ocr_carea' id='block_1_24' title="bbox 1938 1009 3525 1084">
    <p class='ocr_par' dir='ltr' id='par_1_24' title="bbox 1938 1009 3525 1084">
     <span class='ocr_line' id='line_1_24' title="bbox 1938 1009 3525 1084; baseline -0.001 -18"><span class='ocrx_word' id='word_1_174' title='bbox 1938 1025 2307 1081; x_wconf 69' lang='lat' dir='ltr'><strong>pertttansurte</strong></span> <span class='ocrx_word' id='word_1_175' title='bbox 2333 1009 2498 1083; x_wconf 91' lang='lat' dir='ltr'><strong>sunt[</strong></span> <span class='ocrx_word' id='word_1_176' title='bbox 2528 1009 2614 1067; x_wconf 80' lang='lat' dir='ltr'><strong>Al.</strong></span> <span class='ocrx_word' id='word_1_177' title='bbox 2650 1018 3065 1081; x_wconf 69' lang='lat' dir='ltr'><strong>permanserunt</strong></span> <span class='ocrx_word' id='word_1_178' title='bbox 3092 1009 3136 1084; x_wconf 86' lang='lat'><strong>],</strong></span> <span class='ocrx_word' id='word_1_179' title='bbox 3195 1023 3525 1079; x_wconf 84' lang='lat' dir='ltr'><strong>quamquam</strong></span> 
     </span>
    </p>
   </div>
   <div class='ocr_carea' id='block_1_25' title="bbox 1937 1103 3534 1176">
    <p class='ocr_par' dir='ltr' id='par_1_25' title="bbox 1937 1103 3534 1176">
     <span class='ocr_line' id='line_1_25' title="bbox 1937 1103 3534 1176; baseline -0.001 -18"><span class='ocrx_word' id='word_1_180' title='bbox 1937 1103 2040 1158; x_wconf 88' lang='lat' dir='ltr'><strong>sibi</strong></span> <span class='ocrx_word' id='word_1_181' title='bbox 2069 1104 2242 1161; x_wconf 85' lang='lat' dir='ltr'><strong>Juda-i</strong></span> <span class='ocrx_word' id='word_1_182' title='bbox 2262 1119 2484 1161; x_wconf 87' lang='lat' dir='ltr'><strong>auream</strong></span> <span class='ocrx_word' id='word_1_183' title='bbox 2514 1112 2673 1176; x_wconf 90' lang='lat' dir='ltr'><strong>atque</strong></span> <span class='ocrx_word' id='word_1_184' title='bbox 2699 1114 3022 1172; x_wconf 75' lang='lat' dir='ltr'><strong>gemmatam</strong></span> <span class='ocrx_word' id='word_1_185' title='bbox 3051 1103 3356 1160; x_wconf 81' lang='lat' dir='ltr'><strong>Jerusalem</strong></span> <span class='ocrx_word' id='word_1_186' title='bbox 3377 1103 3534 1158; x_wconf 83' lang='lat' dir='ltr'><strong>resti-</strong></span> 
     </span>
    </p>
   </div>
   <div class='ocr_carea' id='block_1_26' title="bbox 1939 1198 3539 1270">
    <p class='ocr_par' dir='ltr' id='par_1_26' title="bbox 1939 1198 3539 1270">
     <span class='ocr_line' id='line_1_26' title="bbox 1939 1198 3539 1270; baseline 0.001 -17"><span class='ocrx_word' id='word_1_187' title='bbox 1939 1198 2194 1254; x_wconf 90' lang='lat' dir='ltr'><strong>tuendam</strong></span> <span class='ocrx_word' id='word_1_188' title='bbox 2225 1210 2434 1265; x_wconf 87' lang='lat' dir='ltr'><strong>putent,</strong></span> <span class='ocrx_word' id='word_1_189' title='bbox 2463 1213 2785 1270; x_wconf 88' lang='lat' dir='ltr'><strong>rursumque</strong></span> <span class='ocrx_word' id='word_1_190' title='bbox 2806 1199 3077 1265; x_wconf 74' lang='lat' dir='ltr'><strong>victimas,</strong></span> <span class='ocrx_word' id='word_1_191' title='bbox 3102 1208 3160 1254; x_wconf 88' lang='lat' dir='ltr'><strong>et</strong></span> <span class='ocrx_word' id='word_1_192' title='bbox 3193 1200 3458 1255; x_wconf 71' lang='lat' dir='ltr'><strong>sacriﬁcia</strong></span> <span class='ocrx_word' id='word_1_193' title='bbox 3481 1206 3539 1254; x_wconf 89' lang='lat' dir='ltr'><strong>et</strong></span> 
     </span>
    </p>
   </div>
   <div class='ocr_carea' id='block_1_27' title="bbox 1938 1291 3546 1361">
    <p class='ocr_par' dir='ltr' id='par_1_27' title="bbox 1938 1291 3546 1361">
     <span class='ocr_line' id='line_1_27' title="bbox 1938 1291 3546 1361; baseline 0.001 -15"><span class='ocrx_word' id='word_1_194' title='bbox 1938 1292 2189 1361; x_wconf 77' lang='lat' dir='ltr'><strong>cattjttgia</strong></span> <span class='ocrx_word' id='word_1_195' title='bbox 2221 1303 2560 1356; x_wconf 87' lang='lat' dir='ltr'><strong>sanctorum,</strong></span> <span class='ocrx_word' id='word_1_196' title='bbox 2589 1302 2642 1346; x_wconf 91' lang='lat' dir='ltr'><strong>et</strong></span> <span class='ocrx_word' id='word_1_197' title='bbox 2666 1307 2888 1361; x_wconf 79' lang='lat' dir='ltr'><strong>regnum</strong></span> <span class='ocrx_word' id='word_1_198' title='bbox 2914 1292 2966 1346; x_wconf 92' lang='lat' dir='ltr'><strong>in</strong></span> <span class='ocrx_word' id='word_1_199' title='bbox 2991 1292 3154 1349; x_wconf 87' lang='lat' dir='ltr'><strong>terris</strong></span> <span class='ocrx_word' id='word_1_200' title='bbox 3185 1293 3398 1348; x_wconf 82' lang='lat' dir='ltr'><strong>Dantitti</strong></span> <span class='ocrx_word' id='word_1_201' title='bbox 3423 1291 3546 1350; x_wconf 77' lang='lat' dir='ltr'><strong>Sal-</strong></span> 
     </span>
    </p>
   </div>
   <div class='ocr_carea' id='block_1_28' title="bbox 1943 1386 3548 1460">
    <p class='ocr_par' dir='ltr' id='par_1_28' title="bbox 1943 1386 3548 1460">
     <span class='ocr_line' id='line_1_28' title="bbox 1943 1386 3548 1460; baseline 0.002 -22"><span class='ocrx_word' id='word_1_202' title='bbox 1943 1388 2176 1442; x_wconf 87' lang='lat' dir='ltr'><strong>vatoris.</strong></span> <span class='ocrx_word' id='word_1_203' title='bbox 2201 1386 2333 1456; x_wconf 74' lang='lat' dir='ltr'><strong>Qua:</strong></span> <span class='ocrx_word' id='word_1_204' title='bbox 2361 1387 2490 1442; x_wconf 86' lang='lat' dir='ltr'><strong>licet</strong></span> <span class='ocrx_word' id='word_1_205' title='bbox 2519 1403 2623 1441; x_wconf 91' lang='lat' dir='ltr'><strong>non</strong></span> <span class='ocrx_word' id='word_1_206' title='bbox 2647 1388 2814 1460; x_wconf 76' lang='lat'><strong>976</strong></span> <span class='ocrx_word' id='word_1_207' title='bbox 2833 1403 3152 1456; x_wconf 80' lang='lat' dir='ltr'><strong>sequamur,</strong></span> <span class='ocrx_word' id='word_1_208' title='bbox 3185 1397 3362 1443; x_wconf 87' lang='lat' dir='ltr'><strong>tamen</strong></span> <span class='ocrx_word' id='word_1_209' title='bbox 3394 1387 3548 1442; x_wconf 78' lang='lat' dir='ltr'><strong>dam-</strong></span> 
     </span>
    </p>
   </div>
   <div class='ocr_carea' id='block_1_29' title="bbox 1941 1480 3550 1552">
    <p class='ocr_par' dir='ltr' id='par_1_29' title="bbox 1941 1480 3550 1552">
     <span class='ocr_line' id='line_1_29' title="bbox 1941 1480 3550 1552; baseline 0 -16"><span class='ocrx_word' id='word_1_210' title='bbox 1941 1496 2074 1536; x_wconf 87' lang='lat' dir='ltr'><strong>nare</strong></span> <span class='ocrx_word' id='word_1_211' title='bbox 2099 1497 2203 1535; x_wconf 90' lang='lat' dir='ltr'><strong>non</strong></span> <span class='ocrx_word' id='word_1_212' title='bbox 2236 1496 2546 1550; x_wconf 86' lang='lat' dir='ltr'><strong>possumus,</strong></span> <span class='ocrx_word' id='word_1_213' title='bbox 2579 1495 2708 1552; x_wconf 77' lang='lat' dir='ltr'><strong>quia</strong></span> <span class='ocrx_word' id='word_1_214' title='bbox 2733 1481 2891 1536; x_wconf 90' lang='lat' dir='ltr'><strong>multi</strong></span> <span class='ocrx_word' id='word_1_215' title='bbox 2919 1481 3422 1538; x_wconf 69' lang='lat' dir='ltr'><strong>ecclesiasticarum</strong></span> <span class='ocrx_word' id='word_1_216' title='bbox 3465 1480 3550 1536; x_wconf 85' lang='lat' dir='ltr'><strong>vi-</strong></span> 
     </span>
    </p>
   </div>
   <div class='ocr_carea' id='block_1_30' title="bbox 1941 1568 3552 1647">
    <p class='ocr_par' dir='ltr' id='par_1_30' title="bbox 1941 1568 3552 1647">
     <span class='ocr_line' id='line_1_30' title="bbox 1941 1568 3552 1647; baseline 0.001 -17"><span class='ocrx_word' id='word_1_217' title='bbox 1941 1589 2153 1638; x_wconf 87' lang='lat' dir='ltr'><strong>rorum,</strong></span> <span class='ocrx_word' id='word_1_218' title='bbox 2186 1581 2243 1630; x_wconf 89' lang='lat' dir='ltr'><strong>et</strong></span> <span class='ocrx_word' id='word_1_219' title='bbox 2266 1572 2292 1612; x_wconf 72' lang='lat' dir='ltr'><strong>b</strong></span> <span class='ocrx_word' id='word_1_220' title='bbox 2322 1573 2587 1647; x_wconf 79' lang='lat' dir='ltr'><strong>Martyres</strong></span> <span class='ocrx_word' id='word_1_221' title='bbox 2631 1575 2730 1629; x_wconf 87' lang='lat' dir='ltr'><strong>ista</strong></span> <span class='ocrx_word' id='word_1_222' title='bbox 2762 1575 3044 1630; x_wconf 79' lang='lat' dir='ltr'><strong>dixerunt.</strong></span> <span class='ocrx_word' id='word_1_223' title='bbox 3083 1568 3552 1644; x_wconf 61' lang='lat' dir='ltr'><strong>Et&#39;ttnnsquisqtte</strong></span> 
     </span>
    </p>
   </div>
   <div class='ocr_carea' id='block_1_31' title="bbox 1942 1667 3537 1739">
    <p class='ocr_par' dir='ltr' id='par_1_31' title="bbox 1942 1667 3537 1739">
     <span class='ocr_line' id='line_1_31' title="bbox 1942 1667 3537 1739; baseline -0.001 -15"><span class='ocrx_word' id='word_1_224' title='bbox 1942 1669 1994 1724; x_wconf 91' lang='lat' dir='ltr'><strong>in</strong></span> <span class='ocrx_word' id='word_1_225' title='bbox 2023 1683 2122 1721; x_wconf 86' lang='lat' dir='ltr'><strong>suo</strong></span> <span class='ocrx_word' id='word_1_226' title='bbox 2149 1683 2311 1723; x_wconf 89' lang='lat' dir='ltr'><strong>sensu</strong></span> <span class='ocrx_word' id='word_1_227' title='bbox 2344 1667 2602 1736; x_wconf 90' lang='lat' dir='ltr'><strong>abundet,</strong></span> <span class='ocrx_word' id='word_1_228' title='bbox 2627 1678 2682 1721; x_wconf 90' lang='lat' dir='ltr'><strong>et</strong></span> <span class='ocrx_word' id='word_1_229' title='bbox 2732 1668 2943 1723; x_wconf 89' lang='lat' dir='ltr'><strong>Domini</strong></span> <span class='ocrx_word' id='word_1_230' title='bbox 2989 1678 3182 1724; x_wconf 81' lang='lat' dir='ltr'><strong>cuncta</strong></span> <span class='ocrx_word' id='word_1_231' title='bbox 3209 1667 3418 1739; x_wconf 85' lang='lat' dir='ltr'><strong>judicio</strong></span> <span class='ocrx_word' id='word_1_232' title='bbox 3449 1682 3537 1722; x_wconf 85' lang='lat' dir='ltr'><strong>re-</strong></span> 
     </span>
    </p>
   </div>
   <div class='ocr_carea' id='block_1_32' title="bbox 1940 1759 3554 1830">
    <p class='ocr_par' dir='ltr' id='par_1_32' title="bbox 1940 1759 3554 1830">
     <span class='ocr_line' id='line_1_32' title="bbox 1940 1759 3554 1830; baseline 0.001 -17"><span class='ocrx_word' id='word_1_233' title='bbox 1940 1769 2230 1816; x_wconf 89' lang='lat' dir='ltr'><strong>serventur</strong></span> <span class='ocrx_word' id='word_1_234' title='bbox 2259 1761 2437 1830; x_wconf 83' lang='lat' dir='ltr'><strong>(Rom.</strong></span> <span class='ocrx_word' id='word_1_235' title='bbox 2468 1760 2604 1830; x_wconf 80' lang='lat' dir='ltr'><strong>stv).</strong></span> <span class='ocrx_word' id='word_1_236' title='bbox 2627 1759 2920 1830; x_wconf 76' lang='lat' dir='ltr'><strong>Quomodo</strong></span> <span class='ocrx_word' id='word_1_237' title='bbox 2945 1770 3122 1817; x_wconf 87' lang='lat' dir='ltr'><strong>autem</strong></span> <span class='ocrx_word' id='word_1_238' title='bbox 3153 1776 3250 1818; x_wconf 86' lang='lat' dir='ltr'><strong>vas</strong></span> <span class='ocrx_word' id='word_1_239' title='bbox 3280 1760 3469 1827; x_wconf 76' lang='lat' dir='ltr'><strong>fictile,</strong></span> <span class='ocrx_word' id='word_1_240' title='bbox 3496 1765 3554 1816; x_wconf 87' lang='lat' dir='ltr'><strong>et</strong></span> 
     </span>
    </p>
   </div>
   <div class='ocr_carea' id='block_1_33' title="bbox 240 1841 3554 1926">
    <p class='ocr_par' dir='ltr' id='par_1_33' title="bbox 240 1841 3554 1926">
     <span class='ocr_line' id='line_1_33' title="bbox 240 1841 3554 1926; baseline 0.002 -24"><span class='ocrx_word' id='word_1_241' title='bbox 240 1849 328 1902; x_wconf 87' lang='lat' dir='ltr'><strong>sed</strong></span> <span class='ocrx_word' id='word_1_242' title='bbox 358 1845 697 1922; x_wconf 76' lang='grc' dir='ltr'>πολυάνδριον</span> <span class='ocrx_word' id='word_1_243' title='bbox 731 1846 1028 1902; x_wconf 84' lang='lat' dir='ltr'><strong>occisionis.</strong></span> <span class='ocrx_word' id='word_1_244' title='bbox 1062 1846 1194 1912; x_wconf 73' lang='lat' dir='ltr'><strong>Qua:</strong></span> <span class='ocrx_word' id='word_1_245' title='bbox 1224 1848 1297 1900; x_wconf 87' lang='lat' dir='ltr'><strong>sit</strong></span> <span class='ocrx_word' id='word_1_246' title='bbox 1326 1845 1484 1899; x_wconf 64' lang='lat' dir='ltr'><strong>vallis</strong></span> <span class='ocrx_word' id='word_1_247' title='bbox 1514 1845 1607 1898; x_wconf 81' lang='lat' dir='ltr'><strong>lilii</strong></span> <span class='ocrx_word' id='word_1_248' title='bbox 1634 1844 1845 1899; x_wconf 85' lang='lat' dir='ltr'><strong>Ennom</strong></span> <span class='ocrx_word' id='word_1_249' title='bbox 1877 1841 1925 1901; x_wconf 85' lang='lat' dir='ltr'><strong>B</strong></span> <span class='ocrx_word' id='word_1_250' title='bbox 1955 1862 2184 1908; x_wconf 78' lang='lat' dir='ltr'><strong>testeum</strong></span> <span class='ocrx_word' id='word_1_251' title='bbox 2217 1853 2261 1906; x_wconf 87' lang='lat' dir='ltr'><strong>si</strong></span> <span class='ocrx_word' id='word_1_252' title='bbox 2288 1852 2517 1908; x_wconf 87' lang='lat' dir='ltr'><strong>fraetum</strong></span> <span class='ocrx_word' id='word_1_253' title='bbox 2561 1854 2740 1917; x_wconf 85' lang='lat' dir='ltr'><strong>fuerit.</strong></span> <span class='ocrx_word' id='word_1_254' title='bbox 2780 1853 2833 1910; x_wconf 91' lang='lat' dir='ltr'><strong>in</strong></span> <span class='ocrx_word' id='word_1_255' title='bbox 2862 1855 3138 1926; x_wconf 82' lang='lat' dir='ltr'><strong>antiquam</strong></span> <span class='ocrx_word' id='word_1_256' title='bbox 3171 1857 3410 1926; x_wconf 79' lang='lat' dir='ltr'><strong>speciem</strong></span> <span class='ocrx_word' id='word_1_257' title='bbox 3443 1869 3554 1912; x_wconf 87' lang='lat' dir='ltr'><strong>non</strong></span> 
     </span>
    </p>
   </div>
   <div class='ocr_carea' id='block_1_34' title="bbox 241 1935 1843 2014">
    <p class='ocr_par' dir='ltr' id='par_1_34' title="bbox 241 1935 1843 2014">
     <span class='ocr_line' id='line_1_34' title="bbox 241 1935 1843 2014; baseline -0.002 -20"><span class='ocrx_word' id='word_1_258' title='bbox 241 1955 311 2014; x_wconf 88' lang='lat' dir='ltr'><strong>qu</strong></span> <span class='ocrx_word' id='word_1_259' title='bbox 331 1957 359 1991; x_wconf 72' lang='grc' dir='ltr'>ιε</span> <span class='ocrx_word' id='word_1_260' title='bbox 393 1937 661 1994; x_wconf 83' lang='lat' dir='ltr'><strong>llehraice</strong></span> <span class='ocrx_word' id='word_1_261' title='bbox 708 1937 909 1993; x_wconf 84' lang='lat' dir='ltr'><strong>dicitur</strong></span> <span class='ocrx_word' id='word_1_262' title='bbox 939 1953 1185 1995; x_wconf 71' lang='lat' dir='ltr'><strong>czeuxou</strong></span> <span class='ocrx_word' id='word_1_263' title='bbox 1210 1935 1482 2011; x_wconf 66' lang='lat' dir='ltr'><strong>(na-tm),</strong></span> <span class='ocrx_word' id='word_1_264' title='bbox 1514 1936 1655 1992; x_wconf 91' lang='lat' dir='ltr'><strong>unde</strong></span> <span class='ocrx_word' id='word_1_265' title='bbox 1677 1946 1731 1990; x_wconf 94' lang='lat' dir='ltr'><strong>et</strong></span> <span class='ocrx_word' id='word_1_266' title='bbox 1755 1953 1843 2010; x_wconf 87' lang='lat' dir='ltr'><strong>ge-</strong></span> 
     </span>
    </p>
   </div>
   <div class='ocr_carea' id='block_1_35' title="bbox 250 2031 1844 2104">
    <p class='ocr_par' dir='ltr' id='par_1_35' title="bbox 250 2031 1844 2104">
     <span class='ocr_line' id='line_1_35' title="bbox 250 2031 1844 2104; baseline 0.001 -19"><span class='ocrx_word' id='word_1_267' title='bbox 250 2032 485 2086; x_wconf 82' lang='lat' dir='ltr'><strong>hennam</strong></span> <span class='ocrx_word' id='word_1_268' title='bbox 507 2031 839 2101; x_wconf 82' lang='lat' dir='ltr'><strong>appellatam</strong></span> <span class='ocrx_word' id='word_1_269' title='bbox 865 2031 1030 2104; x_wconf 75' lang='lat'><strong>975</strong></span> <span class='ocrx_word' id='word_1_270' title='bbox 1065 2042 1304 2101; x_wconf 88' lang='lat' dir='ltr'><strong>putatur,</strong></span> <span class='ocrx_word' id='word_1_271' title='bbox 1331 2041 1360 2070; x_wconf 76' lang='grc' dir='ltr'>ει</span> <span class='ocrx_word' id='word_1_272' title='bbox 1394 2047 1556 2100; x_wconf 75' lang='lat' dir='ltr'><strong>supra</strong></span> <span class='ocrx_word' id='word_1_273' title='bbox 1585 2032 1844 2086; x_wconf 82' lang='lat' dir='ltr'><strong>diximus.</strong></span> 
     </span>
    </p>
   </div>
   <div class='ocr_carea' id='block_1_36' title="bbox 244 2123 1845 2195">
    <p class='ocr_par' dir='ltr' id='par_1_36' title="bbox 244 2123 1845 2195">
     <span class='ocr_line' id='line_1_36' title="bbox 244 2123 1845 2195; baseline -0.003 -14"><span class='ocrx_word' id='word_1_274' title='bbox 244 2124 415 2181; x_wconf 79' lang='lat' dir='ltr'><strong>Miror</strong></span> <span class='ocrx_word' id='word_1_275' title='bbox 458 2133 640 2179; x_wconf 89' lang='lat' dir='ltr'><strong>autent</strong></span> <span class='ocrx_word' id='word_1_276' title='bbox 669 2123 797 2194; x_wconf 90' lang='lat' dir='ltr'><strong>quid</strong></span> <span class='ocrx_word' id='word_1_277' title='bbox 825 2124 928 2179; x_wconf 90' lang='lat' dir='ltr'><strong>sibi</strong></span> <span class='ocrx_word' id='word_1_278' title='bbox 962 2124 1234 2179; x_wconf 77' lang='lat' dir='ltr'><strong>voluerint</strong></span> <span class='ocrx_word' id='word_1_279' title='bbox 1261 2123 1402 2179; x_wconf 78' lang='lat' dir='ltr'><strong>LXX</strong></span> <span class='ocrx_word' id='word_1_280' title='bbox 1432 2139 1529 2195; x_wconf 89' lang='lat' dir='ltr'><strong>pro</strong></span> <span class='ocrx_word' id='word_1_281' title='bbox 1557 2137 1845 2179; x_wconf 72' lang='lat' dir='ltr'><strong>TﬂtiPBETﬂ</strong></span> 
     </span>
    </p>
   </div>
   <div class='ocr_carea' id='block_1_37' title="bbox 248 2216 1848 2289">
    <p class='ocr_par' dir='ltr' id='par_1_37' title="bbox 248 2216 1848 2289">
     <span class='ocr_line' id='line_1_37' title="bbox 248 2216 1848 2289; baseline -0.005 -12"><span class='ocrx_word' id='word_1_282' title='bbox 248 2217 433 2289; x_wconf 62' lang='lat' dir='ltr'><strong>(rem)</strong></span> <span class='ocrx_word' id='word_1_283' title='bbox 481 2217 791 2284; x_wconf 81' lang='grc' dir='ltr'><strong>διάπτωσιν,</strong></span> <span class='ocrx_word' id='word_1_284' title='bbox 846 2216 949 2273; x_wconf 92' lang='lat' dir='ltr'><strong>hoc</strong></span> <span class='ocrx_word' id='word_1_285' title='bbox 993 2226 1098 2281; x_wconf 91' lang='lat' dir='ltr'><strong>est,</strong></span> <span class='ocrx_word' id='word_1_286' title='bbox 1151 2218 1361 2271; x_wconf 87' lang='lat' dir='ltr'><strong>ruinam</strong></span> <span class='ocrx_word' id='word_1_287' title='bbox 1414 2231 1636 2286; x_wconf 90' lang='lat' dir='ltr'><strong>ponere,</strong></span> <span class='ocrx_word' id='word_1_288' title='bbox 1667 2225 1720 2270; x_wconf 91' lang='lat' dir='ltr'><strong>et</strong></span> <span class='ocrx_word' id='word_1_289' title='bbox 1749 2229 1848 2286; x_wconf 92' lang='lat' dir='ltr'><strong>pro</strong></span> 
     </span>
    </p>
   </div>
   <div class='ocr_carea' id='block_1_38' title="bbox 246 2307 1851 2386">
    <p class='ocr_par' dir='ltr' id='par_1_38' title="bbox 246 2307 1851 2386">
     <span class='ocr_line' id='line_1_38' title="bbox 246 2307 1851 2386; baseline -0.003 -20"><span class='ocrx_word' id='word_1_290' title='bbox 246 2313 399 2380; x_wconf 86' lang='lat' dir='ltr'><strong>valle,</strong></span> <span class='ocrx_word' id='word_1_291' title='bbox 430 2311 791 2386; x_wconf 79' lang='grc' dir='ltr'><strong>πολυάνδριον,</strong></span> <span class='ocrx_word' id='word_1_292' title='bbox 819 2310 962 2381; x_wconf 86' lang='lat' dir='ltr'><strong>quod</strong></span> <span class='ocrx_word' id='word_1_293' title='bbox 1003 2310 1276 2378; x_wconf 67' lang='lat' dir='ltr'><strong>signiﬁcat</strong></span> <span class='ocrx_word' id='word_1_294' title='bbox 1303 2311 1532 2364; x_wconf 88' lang='lat' dir='ltr'><strong>virorum</strong></span> <span class='ocrx_word' id='word_1_295' title='bbox 1554 2307 1851 2363; x_wconf 88' lang='lat' dir='ltr'><strong>multitudi-</strong></span> 
     </span>
    </p>
   </div>
   <div class='ocr_carea' id='block_1_39' title="bbox 249 2403 1854 2474">
    <p class='ocr_par' dir='ltr' id='par_1_39' title="bbox 249 2403 1854 2474">
     <span class='ocr_line' id='line_1_39' title="bbox 249 2403 1854 2474; baseline 0 -16"><span class='ocrx_word' id='word_1_296' title='bbox 249 2419 403 2460; x_wconf 85' lang='lat' dir='ltr'><strong>nem:</strong></span> <span class='ocrx_word' id='word_1_297' title='bbox 437 2404 537 2460; x_wconf 88' lang='lat' dir='ltr'><strong>nisi</strong></span> <span class='ocrx_word' id='word_1_298' title='bbox 567 2404 707 2459; x_wconf 85' lang='lat' dir='ltr'><strong>forte</strong></span> <span class='ocrx_word' id='word_1_299' title='bbox 741 2419 810 2458; x_wconf 81' lang='lat' dir='ltr'><strong>ex</strong></span> <span class='ocrx_word' id='word_1_300' title='bbox 847 2419 914 2459; x_wconf 92' lang='lat' dir='ltr'><strong>eo</strong></span> <span class='ocrx_word' id='word_1_301' title='bbox 940 2404 1084 2474; x_wconf 89' lang='lat' dir='ltr'><strong>quod</strong></span> <span class='ocrx_word' id='word_1_302' title='bbox 1114 2403 1186 2458; x_wconf 88' lang='lat' dir='ltr'><strong>ibi</strong></span> <span class='ocrx_word' id='word_1_303' title='bbox 1222 2403 1452 2474; x_wconf 80' lang='lat' dir='ltr'><strong>pepnlus</strong></span> <span class='ocrx_word' id='word_1_304' title='bbox 1480 2403 1767 2470; x_wconf 84' lang='lat' dir='ltr'><strong>corruerit,</strong></span> <span class='ocrx_word' id='word_1_305' title='bbox 1797 2411 1854 2458; x_wconf 86' lang='lat' dir='ltr'><strong>et</strong></span> 
     </span>
    </p>
   </div>
   <div class='ocr_carea' id='block_1_40' title="bbox 250 2495 1850 2566">
    <p class='ocr_par' dir='ltr' id='par_1_40' title="bbox 250 2495 1850 2566">
     <span class='ocr_line' id='line_1_40' title="bbox 250 2495 1850 2566; baseline -0.003 -13"><span class='ocrx_word' id='word_1_306' title='bbox 250 2511 390 2554; x_wconf 65' lang='lat' dir='ltr'><strong>caesa</strong></span> <span class='ocrx_word' id='word_1_307' title='bbox 419 2499 493 2554; x_wconf 91' lang='lat' dir='ltr'><strong>sit</strong></span> <span class='ocrx_word' id='word_1_308' title='bbox 513 2498 792 2552; x_wconf 84' lang='lat' dir='ltr'><strong>hominum</strong></span> <span class='ocrx_word' id='word_1_309' title='bbox 828 2496 1140 2565; x_wconf 80' lang='lat' dir='ltr'><strong>multitudo,</strong></span> <span class='ocrx_word' id='word_1_310' title='bbox 1167 2496 1250 2552; x_wconf 88' lang='lat' dir='ltr'><strong>vel</strong></span> <span class='ocrx_word' id='word_1_311' title='bbox 1284 2495 1660 2566; x_wconf 87' lang='lat' dir='ltr'><strong>spiritualiter,</strong></span> <span class='ocrx_word' id='word_1_312' title='bbox 1681 2495 1734 2548; x_wconf 89' lang='lat' dir='ltr'><strong>in</strong></span> <span class='ocrx_word' id='word_1_313' title='bbox 1759 2510 1850 2550; x_wconf 84' lang='lat' dir='ltr'><strong>er-</strong></span> 
     </span>
    </p>
   </div>
   <div class='ocr_carea' id='block_1_41' title="bbox 252 2589 1854 2660">
    <p class='ocr_par' dir='ltr' id='par_1_41' title="bbox 252 2589 1854 2660">
     <span class='ocr_line' id='line_1_41' title="bbox 252 2589 1854 2660; baseline -0.001 -15"><span class='ocrx_word' id='word_1_314' title='bbox 252 2605 375 2646; x_wconf 90' lang='lat' dir='ltr'><strong>rore</strong></span> <span class='ocrx_word' id='word_1_315' title='bbox 427 2589 778 2656; x_wconf 71' lang='lat' dir='ltr'><strong>idololatrim,</strong></span> <span class='ocrx_word' id='word_1_316' title='bbox 830 2589 918 2645; x_wconf 93' lang='lat' dir='ltr'><strong>vel</strong></span> <span class='ocrx_word' id='word_1_317' title='bbox 963 2589 1115 2659; x_wconf 81' lang='lat' dir='ltr'><strong>juxta</strong></span> <span class='ocrx_word' id='word_1_318' title='bbox 1163 2590 1424 2654; x_wconf 86' lang='lat' dir='ltr'><strong>litteram,</strong></span> <span class='ocrx_word' id='word_1_319' title='bbox 1469 2604 1500 2644; x_wconf 88' lang='lat' dir='ltr'><strong>a</strong></span> <span class='ocrx_word' id='word_1_320' title='bbox 1554 2589 1854 2660; x_wconf 81' lang='lat' dir='ltr'><strong>Babylmtio</strong></span> 
     </span>
    </p>
   </div>
   <div class='ocr_carea' id='block_1_42' title="bbox 254 2685 1852 2760">
    <p class='ocr_par' dir='ltr' id='par_1_42' title="bbox 254 2685 1852 2760">
     <span class='ocr_line' id='line_1_42' title="bbox 254 2685 1852 2760; baseline -0.001 -16"><span class='ocrx_word' id='word_1_321' title='bbox 254 2687 522 2756; x_wconf 83' lang='lat' dir='ltr'><strong>exercitu,</strong></span> <span class='ocrx_word' id='word_1_322' title='bbox 578 2687 724 2760; x_wconf 89' lang='lat' dir='ltr'><strong>quod</strong></span> <span class='ocrx_word' id='word_1_323' title='bbox 767 2687 822 2742; x_wconf 91' lang='lat' dir='ltr'><strong>in</strong></span> <span class='ocrx_word' id='word_1_324' title='bbox 851 2687 1314 2758; x_wconf 85' lang='lat' dir='ltr'><strong>consequentibus</strong></span> <span class='ocrx_word' id='word_1_325' title='bbox 1343 2685 1687 2743; x_wconf 81' lang='lat' dir='ltr'><strong>manifestius</strong></span> <span class='ocrx_word' id='word_1_326' title='bbox 1712 2688 1852 2759; x_wconf 82' lang='lat' dir='ltr'><strong>legi-</strong></span> 
     </span>
    </p>
   </div>
   <div class='ocr_carea' id='block_1_43' title="bbox 254 2789 360 2838">
    <p class='ocr_par' dir='ltr' id='par_1_43' title="bbox 254 2789 360 2838">
     <span class='ocr_line' id='line_1_43' title="bbox 254 2789 360 2838; baseline 0.009 -3"><span class='ocrx_word' id='word_1_327' title='bbox 254 2789 360 2838; x_wconf 86' lang='lat' dir='ltr'><strong>tur.</strong></span> 
     </span>
    </p>
   </div>
   <div class='ocr_carea' id='block_1_44' title="bbox 325 2872 1854 2946">
    <p class='ocr_par' dir='ltr' id='par_1_44' title="bbox 325 2872 1854 2946">
     <span class='ocr_line' id='line_1_44' title="bbox 325 2872 1854 2946; baseline 0.001 -22"><span class='ocrx_word' id='word_1_328' title='bbox 325 2877 346 2946; x_wconf 90' lang='lat'><strong>(</strong></span> <span class='ocrx_word' id='word_1_329' title='bbox 380 2874 536 2930; x_wconf 86' lang='lat' dir='ltr'><strong>\t&#39;ers.</strong></span> <span class='ocrx_word' id='word_1_330' title='bbox 566 2876 598 2930; x_wconf 85' lang='lat'>7</span> <span class='ocrx_word' id='word_1_331' title='bbox 650 2890 803 2946; x_wconf 84' lang='lat' dir='ltr'><strong>seqq.</strong></span> <span class='ocrx_word' id='word_1_332' title='bbox 837 2874 856 2941; x_wconf 95' lang='lat'><strong>)</strong></span> <span class='ocrx_word' id='word_1_333' title='bbox 901 2873 964 2929; x_wconf 85' lang='lat' dir='ltr'><strong>Et</strong></span> <span class='ocrx_word' id='word_1_334' title='bbox 996 2872 1258 2943; x_wconf 76' lang='lat' dir='ltr'><strong>dissipabo</strong></span> <span class='ocrx_word' id='word_1_335' title='bbox 1287 2874 1566 2928; x_wconf 79' lang='lat' dir='ltr'><strong>consilium</strong></span> <span class='ocrx_word' id='word_1_336' title='bbox 1603 2872 1760 2929; x_wconf 73' lang='lat' dir='ltr'><strong>Judw</strong></span> <span class='ocrx_word' id='word_1_337' title='bbox 1807 2881 1854 2927; x_wconf 87' lang='lat' dir='ltr'><strong>et</strong></span> 
     </span>
    </p>
   </div>
   <div class='ocr_carea' id='block_1_45' title="bbox 255 2968 1858 3040">
    <p class='ocr_par' dir='ltr' id='par_1_45' title="bbox 255 2968 1858 3040">
     <span class='ocr_line' id='line_1_45' title="bbox 255 2968 1858 3040; baseline -0.002 -16"><span class='ocrx_word' id='word_1_338' title='bbox 255 2969 551 3026; x_wconf 78' lang='lat' dir='ltr'><strong>Jerusalem</strong></span> <span class='ocrx_word' id='word_1_339' title='bbox 580 2971 634 3024; x_wconf 89' lang='lat' dir='ltr'><strong>in</strong></span> <span class='ocrx_word' id='word_1_340' title='bbox 667 2970 781 3026; x_wconf 88' lang='lat' dir='ltr'><strong>loco</strong></span> <span class='ocrx_word' id='word_1_341' title='bbox 803 2971 922 3037; x_wconf 87' lang='lat' dir='ltr'><strong>isto,</strong></span> <span class='ocrx_word' id='word_1_342' title='bbox 942 2978 988 3022; x_wconf 88' lang='lat' dir='ltr'><strong>et</strong></span> <span class='ocrx_word' id='word_1_343' title='bbox 1011 2969 1302 3024; x_wconf 83' lang='lat' dir='ltr'><strong>subvertant</strong></span> <span class='ocrx_word' id='word_1_344' title='bbox 1329 2985 1416 3022; x_wconf 89' lang='lat' dir='ltr'><strong>eos</strong></span> <span class='ocrx_word' id='word_1_345' title='bbox 1439 2968 1618 3040; x_wconf 86' lang='lat' dir='ltr'><strong>gladio</strong></span> <span class='ocrx_word' id='word_1_346' title='bbox 1659 2969 1711 3022; x_wconf 88' lang='lat' dir='ltr'><strong>in</strong></span> <span class='ocrx_word' id='word_1_347' title='bbox 1734 2984 1858 3022; x_wconf 89' lang='lat' dir='ltr'><strong>con-</strong></span> 
     </span>
    </p>
   </div>
   <div class='ocr_carea' id='block_1_46' title="bbox 255 3062 1856 3135">
    <p class='ocr_par' dir='ltr' id='par_1_46' title="bbox 255 3062 1856 3135">
     <span class='ocr_line' id='line_1_46' title="bbox 255 3062 1856 3135; baseline -0.004 -16"><span class='ocrx_word' id='word_1_348' title='bbox 255 3075 428 3135; x_wconf 66' lang='lat' dir='ltr'><strong>spectu</strong></span> <span class='ocrx_word' id='word_1_349' title='bbox 470 3065 799 3119; x_wconf 83' lang='lat' dir='ltr'><strong>inimicorum</strong></span> <span class='ocrx_word' id='word_1_350' title='bbox 843 3079 1075 3130; x_wconf 88' lang='lat' dir='ltr'><strong>suorum,</strong></span> <span class='ocrx_word' id='word_1_351' title='bbox 1126 3070 1174 3116; x_wconf 87' lang='lat' dir='ltr'><strong>et</strong></span> <span class='ocrx_word' id='word_1_352' title='bbox 1216 3063 1271 3116; x_wconf 88' lang='lat' dir='ltr'><strong>in</strong></span> <span class='ocrx_word' id='word_1_353' title='bbox 1317 3078 1477 3116; x_wconf 89' lang='lat' dir='ltr'><strong>manu</strong></span> <span class='ocrx_word' id='word_1_354' title='bbox 1519 3062 1856 3132; x_wconf 69' lang='lat' dir='ltr'><strong>quiet-entiam</strong></span> 
     </span>
    </p>
   </div>
   <div class='ocr_carea' id='block_1_47' title="bbox 256 3149 1861 3218">
    <p class='ocr_par' dir='ltr' id='par_1_47' title="bbox 256 3149 1861 3218">
     <span class='ocr_line' id='line_1_47' title="bbox 256 3149 1861 3218; baseline -0.002 -10"><span class='ocrx_word' id='word_1_355' title='bbox 256 3157 456 3209; x_wconf 86' lang='lat' dir='ltr'><strong>animas</strong></span> <span class='ocrx_word' id='word_1_356' title='bbox 477 3172 677 3218; x_wconf 86' lang='lat' dir='ltr'><strong>eorum,</strong></span> <span class='ocrx_word' id='word_1_357' title='bbox 702 3164 750 3209; x_wconf 88' lang='lat' dir='ltr'><strong>et</strong></span> <span class='ocrx_word' id='word_1_358' title='bbox 781 3153 913 3209; x_wconf 85' lang='lat' dir='ltr'><strong>dabo</strong></span> <span class='ocrx_word' id='word_1_359' title='bbox 943 3153 1196 3208; x_wconf 84' lang='lat' dir='ltr'><strong>cadavera</strong></span> <span class='ocrx_word' id='word_1_360' title='bbox 1225 3169 1401 3206; x_wconf 90' lang='lat' dir='ltr'><strong>eorum</strong></span> <span class='ocrx_word' id='word_1_361' title='bbox 1438 3168 1605 3207; x_wconf 85' lang='lat' dir='ltr'><strong>escam</strong></span> <span class='ocrx_word' id='word_1_362' title='bbox 1637 3149 1861 3206; x_wconf 87' lang='lat' dir='ltr'><strong>volatili-</strong></span> 
     </span>
    </p>
   </div>
   <div class='ocr_carea' id='block_1_48' title="bbox 1949 1944 3548 2017">
    <p class='ocr_par' dir='ltr' id='par_1_48' title="bbox 1949 1944 3548 2017">
     <span class='ocr_line' id='line_1_48' title="bbox 1949 1944 3548 2017; baseline 0.007 -22"><span class='ocrx_word' id='word_1_363' title='bbox 1949 1953 2128 2014; x_wconf 81' lang='lat' dir='ltr'><strong>potest</strong></span> <span class='ocrx_word' id='word_1_364' title='bbox 2171 1944 2457 1999; x_wconf 83' lang='lat' dir='ltr'><strong>reformari</strong></span> <span class='ocrx_word' id='word_1_365' title='bbox 2483 1963 2495 1999; x_wconf 90' lang='lat'>:</span> <span class='ocrx_word' id='word_1_366' title='bbox 2525 1946 2604 2000; x_wconf 90' lang='lat' dir='ltr'><strong>sic</strong></span> <span class='ocrx_word' id='word_1_367' title='bbox 2631 1956 2686 2001; x_wconf 90' lang='lat' dir='ltr'><strong>et</strong></span> <span class='ocrx_word' id='word_1_368' title='bbox 2714 1948 2941 2017; x_wconf 91' lang='lat' dir='ltr'><strong>populus</strong></span> <span class='ocrx_word' id='word_1_369' title='bbox 2971 1946 3287 2004; x_wconf 75' lang='lat' dir='ltr'><strong>Judaeorum</strong></span> <span class='ocrx_word' id='word_1_370' title='bbox 3311 1957 3368 2004; x_wconf 89' lang='lat' dir='ltr'><strong>et</strong></span> <span class='ocrx_word' id='word_1_371' title='bbox 3385 1948 3548 2006; x_wconf 81' lang='lat' dir='ltr'><strong>Jeru-</strong></span> 
     </span>
    </p>
   </div>
   <div class='ocr_carea' id='block_1_49' title="bbox 1947 2037 3552 2108">
    <p class='ocr_par' dir='ltr' id='par_1_49' title="bbox 1947 2037 3552 2108">
     <span class='ocr_line' id='line_1_49' title="bbox 1947 2037 3552 2108; baseline 0.006 -16"><span class='ocrx_word' id='word_1_372' title='bbox 1947 2039 2120 2092; x_wconf 89' lang='lat' dir='ltr'><strong>salem</strong></span> <span class='ocrx_word' id='word_1_373' title='bbox 2153 2037 2442 2104; x_wconf 71' lang='lat' dir='ltr'><strong>subversa,</strong></span> <span class='ocrx_word' id='word_1_374' title='bbox 2495 2049 2695 2094; x_wconf 84' lang='lat' dir='ltr'><strong>statum</strong></span> <span class='ocrx_word' id='word_1_375' title='bbox 2748 2041 3033 2108; x_wconf 89' lang='lat' dir='ltr'><strong>pristinum</strong></span> <span class='ocrx_word' id='word_1_376' title='bbox 3092 2058 3198 2098; x_wconf 92' lang='lat' dir='ltr'><strong>non</strong></span> <span class='ocrx_word' id='word_1_377' title='bbox 3252 2042 3552 2102; x_wconf 85' lang='lat' dir='ltr'><strong>habebunt.</strong></span> 
     </span>
    </p>
   </div>
   <div class='ocr_carea' id='block_1_50' title="bbox 1952 2132 3542 2207">
    <p class='ocr_par' dir='ltr' id='par_1_50' title="bbox 1952 2132 3542 2207">
     <span class='ocr_line' id='line_1_50' title="bbox 1952 2132 3542 2207; baseline 0.006 -21"><span class='ocrx_word' id='word_1_378' title='bbox 1952 2132 2194 2200; x_wconf 85' lang='lat' dir='ltr'><strong>Denique</strong></span> <span class='ocrx_word' id='word_1_379' title='bbox 2218 2147 2434 2188; x_wconf 91' lang='lat' dir='ltr'><strong>cassum</strong></span> <span class='ocrx_word' id='word_1_380' title='bbox 2462 2145 2545 2188; x_wconf 85' lang='lat' dir='ltr'><strong>est</strong></span> <span class='ocrx_word' id='word_1_381' title='bbox 2572 2133 2733 2190; x_wconf 80' lang='lat' dir='ltr'><strong>hudie</strong></span> <span class='ocrx_word' id='word_1_382' title='bbox 2759 2150 2954 2191; x_wconf 91' lang='lat' dir='ltr'><strong>nomen</strong></span> <span class='ocrx_word' id='word_1_383' title='bbox 2988 2136 3159 2205; x_wconf 88' lang='lat' dir='ltr'><strong>ipsius</strong></span> <span class='ocrx_word' id='word_1_384' title='bbox 3193 2135 3452 2207; x_wconf 81' lang='lat' dir='ltr'><strong>civitatis,</strong></span> <span class='ocrx_word' id='word_1_385' title='bbox 3483 2146 3542 2196; x_wconf 85' lang='lat' dir='ltr'><strong>et</strong></span> 
     </span>
    </p>
   </div>
   <div class='ocr_carea' id='block_1_51' title="bbox 1950 2223 3558 2292">
    <p class='ocr_par' dir='ltr' id='par_1_51' title="bbox 1950 2223 3558 2292">
     <span class='ocr_line' id='line_1_51' title="bbox 1950 2223 3558 2292; baseline 0.002 -16"><span class='ocrx_word' id='word_1_386' title='bbox 1950 2223 2019 2277; x_wconf 83' lang='lat' dir='ltr'><strong>ab</strong></span> <span class='ocrx_word' id='word_1_387' title='bbox 2043 2223 2188 2279; x_wconf 68' lang='lat' dir='ltr'><strong>Elin</strong></span> <span class='ocrx_word' id='word_1_388' title='bbox 2221 2223 2493 2279; x_wconf 83' lang='lat' dir='ltr'><strong>Hadriano</strong></span> <span class='ocrx_word' id='word_1_389' title='bbox 2537 2224 2680 2281; x_wconf 61' lang='lat' dir='ltr'><strong>[Elia</strong></span> <span class='ocrx_word' id='word_1_390' title='bbox 2730 2225 2957 2292; x_wconf 86' lang='lat' dir='ltr'><strong>dicitur,</strong></span> <span class='ocrx_word' id='word_1_391' title='bbox 2985 2238 3038 2283; x_wconf 87' lang='lat' dir='ltr'><strong>et</strong></span> <span class='ocrx_word' id='word_1_392' title='bbox 3066 2243 3188 2284; x_wconf 86' lang='lat' dir='ltr'><strong>cum</strong></span> <span class='ocrx_word' id='word_1_393' title='bbox 3219 2228 3558 2289; x_wconf 78' lang='lat' dir='ltr'><strong>habitatione</strong></span> 
     </span>
    </p>
   </div>
   <div class='ocr_carea' id='block_1_52' title="bbox 1950 2315 3548 2388">
    <p class='ocr_par' dir='ltr' id='par_1_52' title="bbox 1950 2315 3548 2388">
     <span class='ocr_line' id='line_1_52' title="bbox 1950 2315 3548 2388; baseline 0.008 -20"><span class='ocrx_word' id='word_1_394' title='bbox 1950 2315 2204 2385; x_wconf 77' lang='lat' dir='ltr'><strong>pristina,</strong></span> <span class='ocrx_word' id='word_1_395' title='bbox 2237 2317 2524 2386; x_wconf 89' lang='lat' dir='ltr'><strong>pristinum</strong></span> <span class='ocrx_word' id='word_1_396' title='bbox 2557 2333 2773 2388; x_wconf 90' lang='lat' dir='ltr'><strong>quoque</strong></span> <span class='ocrx_word' id='word_1_397' title='bbox 2803 2333 3000 2375; x_wconf 90' lang='lat' dir='ltr'><strong>nomen</strong></span> <span class='ocrx_word' id='word_1_398' title='bbox 3041 2321 3251 2386; x_wconf 83' lang='lat' dir='ltr'><strong>amisit,</strong></span> <span class='ocrx_word' id='word_1_399' title='bbox 3283 2322 3349 2377; x_wconf 88' lang='lat' dir='ltr'><strong>ad</strong></span> <span class='ocrx_word' id='word_1_400' title='bbox 3376 2323 3548 2380; x_wconf 84' lang='lat' dir='ltr'><strong>decu-</strong></span> 
     </span>
    </p>
   </div>
   <div class='ocr_carea' id='block_1_53' title="bbox 1954 2406 3554 2482">
    <p class='ocr_par' dir='ltr' id='par_1_53' title="bbox 1954 2406 3554 2482">
     <span class='ocr_line' id='line_1_53' title="bbox 1954 2406 3554 2482; baseline 0.001 -20"><span class='ocrx_word' id='word_1_401' title='bbox 1954 2406 2189 2463; x_wconf 82' lang='lat' dir='ltr'><strong>tiendam</strong></span> <span class='ocrx_word' id='word_1_402' title='bbox 2214 2409 2525 2478; x_wconf 85' lang='lat' dir='ltr'><strong>superbiam</strong></span> <span class='ocrx_word' id='word_1_403' title='bbox 2558 2409 2924 2466; x_wconf 79' lang='lat' dir='ltr'><strong>habitatorum</strong></span> <span class='ocrx_word' id='word_1_404' title='bbox 2952 2412 3096 2482; x_wconf 87' lang='lat' dir='ltr'><strong>ejus.</strong></span> <span class='ocrx_word' id='word_1_405' title='bbox 3130 2413 3344 2469; x_wconf 69' lang='lat' dir='ltr'><strong>Sancta-2</strong></span> <span class='ocrx_word' id='word_1_406' title='bbox 3370 2426 3554 2473; x_wconf 70' lang='lat' dir='ltr'><strong>autem</strong></span> 
     </span>
    </p>
   </div>
   <div class='ocr_carea' id='block_1_54' title="bbox 1954 2499 3556 2577">
    <p class='ocr_par' dir='ltr' id='par_1_54' title="bbox 1954 2499 3556 2577">
     <span class='ocr_line' id='line_1_54' title="bbox 1954 2499 3556 2577; baseline 0.006 -23"><span class='ocrx_word' id='word_1_407' title='bbox 1954 2499 2144 2554; x_wconf 88' lang='lat' dir='ltr'><strong>Crucis</strong></span> <span class='ocrx_word' id='word_1_408' title='bbox 2171 2510 2227 2555; x_wconf 91' lang='lat' dir='ltr'><strong>et</strong></span> <span class='ocrx_word' id='word_1_409' title='bbox 2249 2500 2688 2556; x_wconf 80' lang='lat' dir='ltr'><strong>Resurrectinnis</strong></span> <span class='ocrx_word' id='word_1_410' title='bbox 2718 2501 3002 2571; x_wconf 83' lang='lat' dir='ltr'><strong>vocabula,</strong></span> <span class='ocrx_word' id='word_1_411' title='bbox 3027 2520 3133 2558; x_wconf 80' lang='lat' dir='ltr'><strong>non</strong></span> <span class='ocrx_word' id='word_1_412' title='bbox 3160 2504 3354 2561; x_wconf 90' lang='lat' dir='ltr'><strong>urbem</strong></span> <span class='ocrx_word' id='word_1_413' title='bbox 3384 2506 3556 2577; x_wconf 75' lang='lat' dir='ltr'><strong>signi-</strong></span> 
     </span>
    </p>
   </div>
   <div class='ocr_carea' id='block_1_55' title="bbox 1958 2594 3564 2670">
    <p class='ocr_par' dir='ltr' id='par_1_55' title="bbox 1958 2594 3564 2670">
     <span class='ocr_line' id='line_1_55' title="bbox 1958 2594 3564 2670; baseline 0.004 -21"><span class='ocrx_word' id='word_1_414' title='bbox 1958 2594 2147 2659; x_wconf 82' lang='lat' dir='ltr'><strong>ﬁcant,</strong></span> <span class='ocrx_word' id='word_1_415' title='bbox 2175 2595 2269 2649; x_wconf 90' lang='lat' dir='ltr'><strong>sed</strong></span> <span class='ocrx_word' id='word_1_416' title='bbox 2299 2595 2475 2649; x_wconf 87' lang='lat' dir='ltr'><strong>locum</strong></span> <span class='ocrx_word' id='word_1_417' title='bbox 2503 2613 2514 2648; x_wconf 89' lang='lat'><strong>:</strong></span> <span class='ocrx_word' id='word_1_418' title='bbox 2541 2610 2638 2650; x_wconf 91' lang='lat' dir='ltr'><strong>nec</strong></span> <span class='ocrx_word' id='word_1_419' title='bbox 2663 2595 2972 2650; x_wconf 88' lang='lat' dir='ltr'><strong>divitiarum</strong></span> <span class='ocrx_word' id='word_1_420' title='bbox 2990 2597 3263 2668; x_wconf 85' lang='lat' dir='ltr'><strong>quondam</strong></span> <span class='ocrx_word' id='word_1_421' title='bbox 3291 2601 3564 2670; x_wconf 81' lang='lat' dir='ltr'><strong>magnitu-</strong></span> 
     </span>
    </p>
   </div>
   <div class='ocr_carea' id='block_1_56' title="bbox 1957 2686 3562 2765">
    <p class='ocr_par' dir='ltr' id='par_1_56' title="bbox 1957 2686 3562 2765">
     <span class='ocr_line' id='line_1_56' title="bbox 1957 2686 3562 2765; baseline 0.005 -25"><span class='ocrx_word' id='word_1_422' title='bbox 1957 2686 2165 2750; x_wconf 86' lang='lat' dir='ltr'><strong>dinem.</strong></span> <span class='ocrx_word' id='word_1_423' title='bbox 2200 2700 2296 2755; x_wconf 88' lang='lat' dir='ltr'><strong>per</strong></span> <span class='ocrx_word' id='word_1_424' title='bbox 2323 2702 2484 2755; x_wconf 84' lang='lat' dir='ltr'><strong>quam</strong></span> <span class='ocrx_word' id='word_1_425' title='bbox 2510 2688 2672 2757; x_wconf 87' lang='lat' dir='ltr'><strong>periit</strong></span> <span class='ocrx_word' id='word_1_426' title='bbox 2696 2687 2926 2758; x_wconf 74' lang='lat' dir='ltr'><strong>poltulus</strong></span> <span class='ocrx_word' id='word_1_427' title='bbox 2949 2689 3286 2758; x_wconf 73' lang='lat' dir='ltr'><strong>Judmoruttt,</strong></span> <span class='ocrx_word' id='word_1_428' title='bbox 3313 2690 3409 2747; x_wconf 79' lang='lat' dir='ltr'><strong>sed</strong></span> <span class='ocrx_word' id='word_1_429' title='bbox 3439 2695 3562 2765; x_wconf 73' lang='lat' dir='ltr'><strong>glo-</strong></span> 
     </span>
    </p>
   </div>
   <div class='ocr_carea' id='block_1_57' title="bbox 1959 2777 3564 2854">
    <p class='ocr_par' dir='ltr' id='par_1_57' title="bbox 1959 2777 3564 2854">
     <span class='ocr_line' id='line_1_57' title="bbox 1959 2777 3564 2854; baseline 0.007 -21"><span class='ocrx_word' id='word_1_430' title='bbox 1959 2778 2094 2833; x_wconf 86' lang='lat' dir='ltr'><strong>riam</strong></span> <span class='ocrx_word' id='word_1_431' title='bbox 2124 2777 2452 2848; x_wconf 89' lang='lat' dir='ltr'><strong>sanctitatis,</strong></span> <span class='ocrx_word' id='word_1_432' title='bbox 2493 2794 2653 2850; x_wconf 83' lang='lat' dir='ltr'><strong>quam</strong></span> <span class='ocrx_word' id='word_1_433' title='bbox 2703 2788 2888 2834; x_wconf 87' lang='lat' dir='ltr'><strong>nostra</strong></span> <span class='ocrx_word' id='word_1_434' title='bbox 2921 2782 3260 2851; x_wconf 79' lang='lat' dir='ltr'><strong>paupercula</strong></span> <span class='ocrx_word' id='word_1_435' title='bbox 3317 2786 3564 2854; x_wconf 64' lang='lat' dir='ltr'><strong>pllSsidel</strong></span> 
     </span>
    </p>
   </div>
   <div class='ocr_carea' id='block_1_58' title="bbox 1960 2871 3562 2951">
    <p class='ocr_par' dir='ltr' id='par_1_58' title="bbox 1960 2871 3562 2951">
     <span class='ocr_line' id='line_1_58' title="bbox 1960 2871 3562 2951; baseline 0.007 -25"><span class='ocrx_word' id='word_1_436' title='bbox 1960 2871 2260 2940; x_wconf 86' lang='lat' dir='ltr'><strong>Bethleem,</strong></span> <span class='ocrx_word' id='word_1_437' title='bbox 2294 2887 2400 2927; x_wconf 91' lang='lat' dir='ltr'><strong>non</strong></span> <span class='ocrx_word' id='word_1_438' title='bbox 2424 2871 2633 2930; x_wconf 88' lang='lat' dir='ltr'><strong>habens</strong></span> <span class='ocrx_word' id='word_1_439' title='bbox 2663 2889 2855 2930; x_wconf 90' lang='lat' dir='ltr'><strong>aurum</strong></span> <span class='ocrx_word' id='word_1_440' title='bbox 2881 2885 2932 2930; x_wconf 92' lang='lat' dir='ltr'><strong>et</strong></span> <span class='ocrx_word' id='word_1_441' title='bbox 2955 2890 3217 2947; x_wconf 74' lang='lat' dir='ltr'><strong>gemmas,</strong></span> <span class='ocrx_word' id='word_1_442' title='bbox 3241 2879 3336 2936; x_wconf 86' lang='lat' dir='ltr'><strong>sed</strong></span> <span class='ocrx_word' id='word_1_443' title='bbox 3367 2895 3562 2951; x_wconf 81' lang='lat' dir='ltr'><strong>partem</strong></span> 
     </span>
    </p>
   </div>
   <div class='ocr_carea' id='block_1_59' title="bbox 1961 2963 2555 3034">
    <p class='ocr_par' dir='ltr' id='par_1_59' title="bbox 1961 2963 2555 3034">
     <span class='ocr_line' id='line_1_59' title="bbox 1961 2963 2555 3034; baseline 0.013 -23"><span class='ocrx_word' id='word_1_444' title='bbox 1961 2963 2056 3034; x_wconf 86' lang='lat' dir='ltr'><strong>qni</strong></span> <span class='ocrx_word' id='word_1_445' title='bbox 2081 2965 2132 3018; x_wconf 86' lang='lat' dir='ltr'><strong>in</strong></span> <span class='ocrx_word' id='word_1_446' title='bbox 2161 2980 2224 3019; x_wconf 89' lang='lat' dir='ltr'><strong>ea</strong></span> <span class='ocrx_word' id='word_1_447' title='bbox 2254 2977 2415 3019; x_wconf 90' lang='lat' dir='ltr'><strong>natus</strong></span> <span class='ocrx_word' id='word_1_448' title='bbox 2440 2973 2555 3019; x_wconf 77' lang='lat' dir='ltr'><strong>est.</strong></span> 
     </span>
    </p>
   </div>
   <div class='ocr_carea' id='block_1_60' title="bbox 2035 3053 3564 3136">
    <p class='ocr_par' dir='ltr' id='par_1_60' title="bbox 2035 3053 3564 3136">
     <span class='ocr_line' id='line_1_60' title="bbox 2035 3053 3564 3136; baseline 0.01 -30"><span class='ocrx_word' id='word_1_449' title='bbox 2035 3056 2215 3130; x_wconf 86' lang='lat' dir='ltr'><strong>(Vers.</strong></span> <span class='ocrx_word' id='word_1_450' title='bbox 2252 3056 2370 3125; x_wconf 72' lang='lat' dir='ltr'><strong>l2.)</strong></span> <span class='ocrx_word' id='word_1_451' title='bbox 2410 3053 2478 3111; x_wconf 86' lang='lat' dir='ltr'><strong>Et</strong></span> <span class='ocrx_word' id='word_1_452' title='bbox 2517 3057 2581 3122; x_wconf 51' lang='lat' dir='ltr'><strong>in;</strong></span> <span class='ocrx_word' id='word_1_453' title='bbox 2607 3057 2878 3130; x_wconf 82' lang='lat' dir='ltr'><strong>TltOpltetlt</strong></span> <span class='ocrx_word' id='word_1_454' title='bbox 2906 3061 3220 3131; x_wconf 86' lang='lat' dir='ltr'><strong>sepelieutur</strong></span> <span class='ocrx_word' id='word_1_455' title='bbox 3249 3063 3389 3136; x_wconf 79' lang='lat' dir='ltr'><strong>(sive</strong></span> <span class='ocrx_word' id='word_1_456' title='bbox 3417 3081 3564 3135; x_wconf 56' lang='lat' dir='ltr'><strong>sepe.</strong></span> 
     </span>
    </p>
   </div>
   <div class='ocr_carea' id='block_1_61' title="bbox 1966 3146 3562 3224">
    <p class='ocr_par' dir='ltr' id='par_1_61' title="bbox 1966 3146 3562 3224">
     <span class='ocr_line' id='line_1_61' title="bbox 1966 3146 3562 3224; baseline 0.009 -25"><span class='ocrx_word' id='word_1_457' title='bbox 1966 3146 2140 3218; x_wconf 74' lang='lat' dir='ltr'><strong>lieni),</strong></span> <span class='ocrx_word' id='word_1_458' title='bbox 2164 3164 2224 3201; x_wconf 87' lang='lat' dir='ltr'><strong>eo</strong></span> <span class='ocrx_word' id='word_1_459' title='bbox 2252 3148 2390 3216; x_wconf 79' lang='lat' dir='ltr'><strong>quod</strong></span> <span class='ocrx_word' id='word_1_460' title='bbox 2407 3165 2508 3202; x_wconf 90' lang='lat' dir='ltr'><strong>non</strong></span> <span class='ocrx_word' id='word_1_461' title='bbox 2536 3149 2602 3203; x_wconf 89' lang='lat' dir='ltr'><strong>sit</strong></span> <span class='ocrx_word' id='word_1_462' title='bbox 2617 3148 2753 3205; x_wconf 84' lang='lat' dir='ltr'><strong>alius</strong></span> <span class='ocrx_word' id='word_1_463' title='bbox 2774 3150 2920 3206; x_wconf 88' lang='lat' dir='ltr'><strong>locus</strong></span> <span class='ocrx_word' id='word_1_464' title='bbox 2938 3154 3007 3207; x_wconf 86' lang='lat' dir='ltr'><strong>ad</strong></span> <span class='ocrx_word' id='word_1_465' title='bbox 3041 3153 3418 3224; x_wconf 72' lang='lat' dir='ltr'><strong>sepeliendum.</strong></span> <span class='ocrx_word' id='word_1_466' title='bbox 3469 3156 3562 3214; x_wconf 83' lang='lat' dir='ltr'><strong>Sic</strong></span> 
     </span>
    </p>
   </div>
   <div class='ocr_carea' id='block_1_62' title="bbox 259 3229 3563 3324">
    <p class='ocr_par' dir='ltr' id='par_1_62' title="bbox 259 3229 3563 3324">
     <span class='ocr_line' id='line_1_62' title="bbox 259 3229 3563 3324; baseline 0.001 -22"><span class='ocrx_word' id='word_1_467' title='bbox 259 3246 349 3302; x_wconf 89' lang='lat' dir='ltr'><strong>bus</strong></span> <span class='ocrx_word' id='word_1_468' title='bbox 399 3248 517 3302; x_wconf 66' lang='lat' dir='ltr'><strong>celi</strong></span> <span class='ocrx_word' id='word_1_469' title='bbox 546 3257 593 3303; x_wconf 80' lang='lat' dir='ltr'><strong>et</strong></span> <span class='ocrx_word' id='word_1_470' title='bbox 623 3247 801 3302; x_wconf 82' lang='lat' dir='ltr'><strong>bestiis</strong></span> <span class='ocrx_word' id='word_1_471' title='bbox 829 3257 997 3309; x_wconf 68' lang='lat' dir='ltr'><strong>terra.</strong></span> <span class='ocrx_word' id='word_1_472' title='bbox 1031 3254 1075 3300; x_wconf 84' lang='lat' dir='ltr'><strong>et</strong></span> <span class='ocrx_word' id='word_1_473' title='bbox 1119 3261 1307 3317; x_wconf 86' lang='lat' dir='ltr'><strong>ponam</strong></span> <span class='ocrx_word' id='word_1_474' title='bbox 1334 3246 1594 3298; x_wconf 83' lang='lat' dir='ltr'><strong>ciuitatem</strong></span> <span class='ocrx_word' id='word_1_475' title='bbox 1645 3245 1778 3298; x_wconf 89' lang='lat' dir='ltr'><strong>Itanc</strong></span> <span class='ocrx_word' id='word_1_476' title='bbox 1805 3243 1856 3296; x_wconf 89' lang='lat' dir='ltr'><strong>in</strong></span> <span class='ocrx_word' id='word_1_477' title='bbox 1887 3229 1933 3293; x_wconf 87' lang='lat' dir='ltr'><strong><em>C</em></strong></span> <span class='ocrx_word' id='word_1_478' title='bbox 1966 3239 2156 3310; x_wconf 80' lang='lat' dir='ltr'><strong>faciam</strong></span> <span class='ocrx_word' id='word_1_479' title='bbox 2181 3239 2294 3294; x_wconf 90' lang='lat' dir='ltr'><strong>loco</strong></span> <span class='ocrx_word' id='word_1_480' title='bbox 2316 3239 2458 3310; x_wconf 87' lang='lat' dir='ltr'><strong>Ituic,</strong></span> <span class='ocrx_word' id='word_1_481' title='bbox 2488 3245 2558 3296; x_wconf 88' lang='lat' dir='ltr'><strong>ait</strong></span> <span class='ocrx_word' id='word_1_482' title='bbox 2585 3242 2861 3309; x_wconf 85' lang='lat' dir='ltr'><strong>Dominus,</strong></span> <span class='ocrx_word' id='word_1_483' title='bbox 2885 3257 2931 3300; x_wconf 86' lang='lat' dir='ltr'><strong>et</strong></span> <span class='ocrx_word' id='word_1_484' title='bbox 2951 3245 3330 3304; x_wconf 86' lang='lat' dir='ltr'><strong>habitatoribus</strong></span> <span class='ocrx_word' id='word_1_485' title='bbox 3350 3253 3485 3324; x_wconf 82' lang='lat' dir='ltr'><strong>ejus.</strong></span> <span class='ocrx_word' id='word_1_486' title='bbox 3512 3259 3563 3306; x_wconf 82' lang='lat' dir='ltr'><strong>et</strong></span> 
     </span>
    </p>
   </div>
   <div class='ocr_carea' id='block_1_63' title="bbox 271 3337 1858 3413">
    <p class='ocr_par' dir='ltr' id='par_1_63' title="bbox 271 3337 1858 3413">
     <span class='ocr_line' id='line_1_63' title="bbox 271 3337 1858 3413; baseline -0.006 -15"><span class='ocrx_word' id='word_1_487' title='bbox 271 3349 594 3413; x_wconf 84' lang='lat' dir='ltr'><strong>stuporcmet</strong></span> <span class='ocrx_word' id='word_1_488' title='bbox 609 3340 661 3393; x_wconf 87' lang='lat' dir='ltr'><strong>in</strong></span> <span class='ocrx_word' id='word_1_489' title='bbox 690 3337 922 3393; x_wconf 80' lang='lat' dir='ltr'><strong>sibilum.</strong></span> <span class='ocrx_word' id='word_1_490' title='bbox 956 3337 1137 3392; x_wconf 83' lang='lat' dir='ltr'><strong>Omnis</strong></span> <span class='ocrx_word' id='word_1_491' title='bbox 1150 3338 1240 3408; x_wconf 86' lang='lat' dir='ltr'><strong>qui</strong></span> <span class='ocrx_word' id='word_1_492' title='bbox 1263 3339 1488 3406; x_wconf 65' lang='lat' dir='ltr'><strong>preterit</strong></span> <span class='ocrx_word' id='word_1_493' title='bbox 1513 3337 1622 3410; x_wconf 78' lang='lat' dir='ltr'><strong>[AL</strong></span> <span class='ocrx_word' id='word_1_494' title='bbox 1646 3346 1858 3409; x_wconf 63' lang='lat' dir='ltr'><strong>printer-</strong></span> 
     </span>
    </p>
   </div>
   <div class='ocr_carea' id='block_1_64' title="bbox 261 3432 1860 3508">
    <p class='ocr_par' dir='ltr' id='par_1_64' title="bbox 261 3432 1860 3508">
     <span class='ocr_line' id='line_1_64' title="bbox 261 3432 1860 3508; baseline -0.004 -18"><span class='ocrx_word' id='word_1_495' title='bbox 261 3433 427 3508; x_wconf 87' lang='lat' dir='ltr'><strong>ierit]</strong></span> <span class='ocrx_word' id='word_1_496' title='bbox 458 3451 556 3504; x_wconf 72' lang='lat' dir='ltr'><strong>pu-r</strong></span> <span class='ocrx_word' id='word_1_497' title='bbox 587 3450 700 3486; x_wconf 85' lang='lat' dir='ltr'><strong>eam</strong></span> <span class='ocrx_word' id='word_1_498' title='bbox 732 3433 1084 3504; x_wconf 84' lang='lat' dir='ltr'><strong>obstupescet,</strong></span> <span class='ocrx_word' id='word_1_499' title='bbox 1117 3440 1162 3484; x_wconf 90' lang='lat' dir='ltr'><strong>et</strong></span> <span class='ocrx_word' id='word_1_500' title='bbox 1191 3432 1415 3486; x_wconf 84' lang='lat' dir='ltr'><strong>sibilabit</strong></span> <span class='ocrx_word' id='word_1_501' title='bbox 1439 3447 1589 3497; x_wconf 85' lang='lat' dir='ltr'><strong>super</strong></span> <span class='ocrx_word' id='word_1_502' title='bbox 1623 3433 1860 3485; x_wconf 86' lang='lat' dir='ltr'><strong>universa</strong></span> 
     </span>
    </p>
   </div>
   <div class='ocr_carea' id='block_1_65' title="bbox 257 3524 1859 3600">
    <p class='ocr_par' dir='ltr' id='par_1_65' title="bbox 257 3524 1859 3600">
     <span class='ocr_line' id='line_1_65' title="bbox 257 3524 1859 3600; baseline -0.002 -20"><span class='ocrx_word' id='word_1_503' title='bbox 257 3524 416 3600; x_wconf 81' lang='lat' dir='ltr'><strong>plaga</strong></span> <span class='ocrx_word' id='word_1_504' title='bbox 443 3530 557 3600; x_wconf 87' lang='lat' dir='ltr'><strong>ejus</strong></span> <span class='ocrx_word' id='word_1_505' title='bbox 614 3524 682 3579; x_wconf 82' lang='lat' dir='ltr'><strong>Et</strong></span> <span class='ocrx_word' id='word_1_506' title='bbox 709 3525 895 3579; x_wconf 87' lang='lat' dir='ltr'><strong>cibabo</strong></span> <span class='ocrx_word' id='word_1_507' title='bbox 923 3541 1007 3579; x_wconf 90' lang='lat' dir='ltr'><strong>eos</strong></span> <span class='ocrx_word' id='word_1_508' title='bbox 1028 3525 1271 3578; x_wconf 87' lang='lat' dir='ltr'><strong>carnibus</strong></span> <span class='ocrx_word' id='word_1_509' title='bbox 1295 3525 1525 3592; x_wconf 70' lang='lat' dir='ltr'><strong>filiorum</strong></span> <span class='ocrx_word' id='word_1_510' title='bbox 1547 3540 1779 3590; x_wconf 87' lang='lat' dir='ltr'><strong>suorutn,</strong></span> <span class='ocrx_word' id='word_1_511' title='bbox 1811 3530 1859 3577; x_wconf 88' lang='lat' dir='ltr'><strong>et</strong></span> 
     </span>
    </p>
   </div>
   <div class='ocr_carea' id='block_1_66' title="bbox 257 3618 1863 3689">
    <p class='ocr_par' dir='ltr' id='par_1_66' title="bbox 257 3618 1863 3689">
     <span class='ocr_line' id='line_1_66' title="bbox 257 3618 1863 3689; baseline -0.004 -15"><span class='ocrx_word' id='word_1_512' title='bbox 257 3620 502 3674; x_wconf 85' lang='lat' dir='ltr'><strong>carnibus</strong></span> <span class='ocrx_word' id='word_1_513' title='bbox 560 3619 791 3689; x_wconf 76' lang='lat' dir='ltr'><strong>ﬁliarum</strong></span> <span class='ocrx_word' id='word_1_514' title='bbox 841 3634 1100 3682; x_wconf 86' lang='lat' dir='ltr'><strong>suarum,</strong></span> <span class='ocrx_word' id='word_1_515' title='bbox 1145 3626 1194 3671; x_wconf 82' lang='lat' dir='ltr'><strong>et</strong></span> <span class='ocrx_word' id='word_1_516' title='bbox 1232 3618 1583 3688; x_wconf 85' lang='lat' dir='ltr'><strong>unusquisque</strong></span> <span class='ocrx_word' id='word_1_517' title='bbox 1654 3631 1863 3671; x_wconf 88' lang='lat' dir='ltr'><strong>carnem</strong></span> 
     </span>
    </p>
   </div>
   <div class='ocr_carea' id='block_1_67' title="bbox 259 3710 1862 3783">
    <p class='ocr_par' dir='ltr' id='par_1_67' title="bbox 259 3710 1862 3783">
     <span class='ocr_line' id='line_1_67' title="bbox 259 3710 1862 3783; baseline -0.002 -15"><span class='ocrx_word' id='word_1_518' title='bbox 259 3713 413 3769; x_wconf 84' lang='lat' dir='ltr'><strong>amici</strong></span> <span class='ocrx_word' id='word_1_519' title='bbox 443 3712 527 3766; x_wconf 79' lang='lat' dir='ltr'><strong>sui</strong></span> <span class='ocrx_word' id='word_1_520' title='bbox 548 3711 800 3780; x_wconf 86' lang='lat' dir='ltr'><strong>comedet,</strong></span> <span class='ocrx_word' id='word_1_521' title='bbox 828 3712 883 3766; x_wconf 90' lang='lat' dir='ltr'><strong>in</strong></span> <span class='ocrx_word' id='word_1_522' title='bbox 909 3710 1177 3765; x_wconf 85' lang='lat' dir='ltr'><strong>obsidione</strong></span> <span class='ocrx_word' id='word_1_523' title='bbox 1204 3718 1254 3765; x_wconf 89' lang='lat' dir='ltr'><strong>et</strong></span> <span class='ocrx_word' id='word_1_524' title='bbox 1284 3715 1337 3764; x_wconf 87' lang='lat' dir='ltr'><strong>in</strong></span> <span class='ocrx_word' id='word_1_525' title='bbox 1376 3711 1644 3783; x_wconf 86' lang='lat' dir='ltr'><strong>angustia,</strong></span> <span class='ocrx_word' id='word_1_526' title='bbox 1678 3710 1731 3763; x_wconf 88' lang='lat' dir='ltr'><strong>in</strong></span> <span class='ocrx_word' id='word_1_527' title='bbox 1760 3726 1862 3781; x_wconf 87' lang='lat' dir='ltr'><strong>qua</strong></span> 
     </span>
    </p>
   </div>
   <div class='ocr_carea' id='block_1_68' title="bbox 259 3805 1863 3874">
    <p class='ocr_par' dir='ltr' id='par_1_68' title="bbox 259 3805 1863 3874">
     <span class='ocr_line' id='line_1_68' title="bbox 259 3805 1863 3874; baseline -0.002 -10"><span class='ocrx_word' id='word_1_528' title='bbox 259 3807 570 3864; x_wconf 72' lang='lat' dir='ltr'><strong>concludant</strong></span> <span class='ocrx_word' id='word_1_529' title='bbox 609 3824 692 3861; x_wconf 89' lang='lat' dir='ltr'><strong>eos</strong></span> <span class='ocrx_word' id='word_1_530' title='bbox 722 3807 924 3860; x_wconf 84' lang='lat' dir='ltr'><strong>inimici</strong></span> <span class='ocrx_word' id='word_1_531' title='bbox 967 3821 1166 3873; x_wconf 85' lang='lat' dir='ltr'><strong>eorum,</strong></span> <span class='ocrx_word' id='word_1_532' title='bbox 1198 3813 1245 3858; x_wconf 88' lang='lat' dir='ltr'><strong>et</strong></span> <span class='ocrx_word' id='word_1_533' title='bbox 1285 3805 1373 3874; x_wconf 91' lang='lat' dir='ltr'><strong>qui</strong></span> <span class='ocrx_word' id='word_1_534' title='bbox 1395 3815 1632 3872; x_wconf 77' lang='lat' dir='ltr'><strong>qucerunt</strong></span> <span class='ocrx_word' id='word_1_535' title='bbox 1659 3807 1863 3860; x_wconf 83' lang='lat' dir='ltr'><strong>animos</strong></span> 
     </span>
    </p>
   </div>
   <div class='ocr_carea' id='block_1_69' title="bbox 261 3896 1866 3970">
    <p class='ocr_par' dir='ltr' id='par_1_69' title="bbox 261 3896 1866 3970">
     <span class='ocr_line' id='line_1_69' title="bbox 261 3896 1866 3970; baseline -0.001 -14"><span class='ocrx_word' id='word_1_536' title='bbox 261 3917 460 3957; x_wconf 87' lang='lat' dir='ltr'><strong>earnm.</strong></span> <span class='ocrx_word' id='word_1_537' title='bbox 527 3899 862 3970; x_wconf 88' lang='lat' dir='ltr'><strong>Quamquam</strong></span> <span class='ocrx_word' id='word_1_538' title='bbox 896 3897 1012 3954; x_wconf 68' lang='lat' dir='ltr'><strong>haec</strong></span> <span class='ocrx_word' id='word_1_539' title='bbox 1039 3907 1094 3952; x_wconf 90' lang='lat' dir='ltr'><strong>et</strong></span> <span class='ocrx_word' id='word_1_540' title='bbox 1127 3897 1178 3950; x_wconf 92' lang='lat' dir='ltr'><strong>in</strong></span> <span class='ocrx_word' id='word_1_541' title='bbox 1206 3896 1508 3968; x_wconf 81' lang='lat' dir='ltr'><strong>Babylonia</strong></span> <span class='ocrx_word' id='word_1_542' title='bbox 1547 3899 1866 3966; x_wconf 81' lang='lat' dir='ltr'><strong>Captivitate</strong></span> 
     </span>
    </p>
   </div>
   <div class='ocr_carea' id='block_1_70' title="bbox 260 3993 1868 4067">
    <p class='ocr_par' dir='ltr' id='par_1_70' title="bbox 260 3993 1868 4067">
     <span class='ocr_line' id='line_1_70' title="bbox 260 3993 1868 4067; baseline -0.002 -15"><span class='ocrx_word' id='word_1_543' title='bbox 260 3997 531 4053; x_wconf 76' lang='lat' dir='ltr'><strong>acridi~se</strong></span> <span class='ocrx_word' id='word_1_544' title='bbox 579 3996 781 4067; x_wconf 82' lang='lat' dir='ltr'><strong>papula</strong></span> <span class='ocrx_word' id='word_1_545' title='bbox 833 3995 1170 4058; x_wconf 80' lang='lat' dir='ltr'><strong>noverimus,</strong></span> <span class='ocrx_word' id='word_1_546' title='bbox 1224 4001 1405 4046; x_wconf 90' lang='lat' dir='ltr'><strong>tamen</strong></span> <span class='ocrx_word' id='word_1_547' title='bbox 1444 3993 1662 4063; x_wconf 88' lang='lat' dir='ltr'><strong>plenius</strong></span> <span class='ocrx_word' id='word_1_548' title='bbox 1726 3993 1868 4048; x_wconf 82' lang='lat' dir='ltr'><strong>refe-</strong></span> 
     </span>
    </p>
   </div>
   <div class='ocr_carea' id='block_1_71' title="bbox 260 4083 1868 4158">
    <p class='ocr_par' dir='ltr' id='par_1_71' title="bbox 260 4083 1868 4158">
     <span class='ocr_line' id='line_1_71' title="bbox 260 4083 1868 4158; baseline -0.001 -14"><span class='ocrx_word' id='word_1_549' title='bbox 260 4100 454 4146; x_wconf 87' lang='lat' dir='ltr'><strong>runtur</strong></span> <span class='ocrx_word' id='word_1_550' title='bbox 480 4087 545 4142; x_wconf 88' lang='lat' dir='ltr'><strong>ad</strong></span> <span class='ocrx_word' id='word_1_551' title='bbox 572 4098 814 4158; x_wconf 86' lang='lat' dir='ltr'><strong>tempora</strong></span> <span class='ocrx_word' id='word_1_552' title='bbox 843 4083 1406 4151; x_wconf 76' lang='lat' dir='ltr'><strong>Salvatoris,qnando</strong></span> <span class='ocrx_word' id='word_1_553' title='bbox 1433 4085 1644 4141; x_wconf 87' lang='lat' dir='ltr'><strong>obsessi</strong></span> <span class='ocrx_word' id='word_1_554' title='bbox 1680 4097 1804 4141; x_wconf 90' lang='lat' dir='ltr'><strong>sunt</strong></span> <span class='ocrx_word' id='word_1_555' title='bbox 1837 4102 1868 4143; x_wconf 86' lang='lat' dir='ltr'><strong>a</strong></span> 
     </span>
    </p>
   </div>
   <div class='ocr_carea' id='block_1_72' title="bbox 265 4181 1869 4253">
    <p class='ocr_par' dir='ltr' id='par_1_72' title="bbox 265 4181 1869 4253">
     <span class='ocr_line' id='line_1_72' title="bbox 265 4181 1869 4253; baseline -0.002 -12"><span class='ocrx_word' id='word_1_556' title='bbox 265 4184 600 4251; x_wconf 74' lang='lat' dir='ltr'><strong>Vesttasiano</strong></span> <span class='ocrx_word' id='word_1_557' title='bbox 615 4183 824 4248; x_wconf 78' lang='lat' dir='ltr'><strong>et&#39;l&#39;ito,</strong></span> <span class='ocrx_word' id='word_1_558' title='bbox 851 4192 906 4236; x_wconf 92' lang='lat' dir='ltr'><strong>et</strong></span> <span class='ocrx_word' id='word_1_559' title='bbox 925 4181 1120 4237; x_wconf 87' lang='lat' dir='ltr'><strong>civitas</strong></span> <span class='ocrx_word' id='word_1_560' title='bbox 1139 4196 1352 4246; x_wconf 82' lang='lat' dir='ltr'><strong>eorum.</strong></span> <span class='ocrx_word' id='word_1_561' title='bbox 1371 4181 1625 4236; x_wconf 91' lang='lat' dir='ltr'><strong>lladriani</strong></span> <span class='ocrx_word' id='word_1_562' title='bbox 1655 4195 1869 4253; x_wconf 85' lang='lat' dir='ltr'><strong>tempo-</strong></span> 
     </span>
    </p>
   </div>
   <div class='ocr_carea' id='block_1_73' title="bbox 262 4273 1871 4348">
    <p class='ocr_par' dir='ltr' id='par_1_73' title="bbox 262 4273 1871 4348">
     <span class='ocr_line' id='line_1_73' title="bbox 262 4273 1871 4348; baseline -0.004 -12"><span class='ocrx_word' id='word_1_563' title='bbox 262 4279 437 4348; x_wconf 89' lang='lat' dir='ltr'><strong>ribus,</strong></span> <span class='ocrx_word' id='word_1_564' title='bbox 464 4280 516 4333; x_wconf 88' lang='lat' dir='ltr'><strong>itt</strong></span> <span class='ocrx_word' id='word_1_565' title='bbox 542 4290 781 4335; x_wconf 84' lang='lat' dir='ltr'><strong>aeternos</strong></span> <span class='ocrx_word' id='word_1_566' title='bbox 809 4277 1024 4332; x_wconf 85' lang='lat' dir='ltr'><strong>cineres</strong></span> <span class='ocrx_word' id='word_1_567' title='bbox 1054 4273 1294 4344; x_wconf 78' lang='lat' dir='ltr'><strong>collapsa</strong></span> <span class='ocrx_word' id='word_1_568' title='bbox 1325 4283 1430 4339; x_wconf 88' lang='lat' dir='ltr'><strong>est,</strong></span> <span class='ocrx_word' id='word_1_569' title='bbox 1463 4283 1523 4331; x_wconf 88' lang='lat' dir='ltr'><strong>nt</strong></span> <span class='ocrx_word' id='word_1_570' title='bbox 1544 4275 1632 4346; x_wconf 91' lang='lat' dir='ltr'><strong>qtti</strong></span> <span class='ocrx_word' id='word_1_571' title='bbox 1660 4275 1871 4332; x_wconf 78' lang='lat' dir='ltr'><strong>obtule-</strong></span> 
     </span>
    </p>
   </div>
   <div class='ocr_carea' id='block_1_74' title="bbox 261 4368 1874 4439">
    <p class='ocr_par' dir='ltr' id='par_1_74' title="bbox 261 4368 1874 4439">
     <span class='ocr_line' id='line_1_74' title="bbox 261 4368 1874 4439; baseline -0.002 -9"><span class='ocrx_word' id='word_1_572' title='bbox 261 4383 386 4430; x_wconf 87' lang='lat' dir='ltr'><strong>rant</strong></span> <span class='ocrx_word' id='word_1_573' title='bbox 408 4372 551 4428; x_wconf 86' lang='lat' dir='ltr'><strong>tilios</strong></span> <span class='ocrx_word' id='word_1_574' title='bbox 578 4387 707 4427; x_wconf 91' lang='lat' dir='ltr'><strong>suos</strong></span> <span class='ocrx_word' id='word_1_575' title='bbox 727 4371 914 4437; x_wconf 87' lang='lat' dir='ltr'><strong>idolis,</strong></span> <span class='ocrx_word' id='word_1_576' title='bbox 939 4368 1039 4439; x_wconf 91' lang='lat' dir='ltr'><strong>ipsi</strong></span> <span class='ocrx_word' id='word_1_577' title='bbox 1063 4381 1159 4423; x_wconf 91' lang='lat' dir='ltr'><strong>eos</strong></span> <span class='ocrx_word' id='word_1_578' title='bbox 1183 4378 1368 4438; x_wconf 86' lang='lat' dir='ltr'><strong>postea</strong></span> <span class='ocrx_word' id='word_1_579' title='bbox 1392 4369 1550 4426; x_wconf 84' lang='lat' dir='ltr'><strong>lamis</strong></span> <span class='ocrx_word' id='word_1_580' title='bbox 1573 4371 1874 4427; x_wconf 64' lang='lat' dir='ltr'><strong>necessitao</strong></span> 
     </span>
    </p>
   </div>
   <div class='ocr_carea' id='block_1_75' title="bbox 264 4465 1872 4535">
    <p class='ocr_par' dir='ltr' id='par_1_75' title="bbox 264 4465 1872 4535">
     <span class='ocr_line' id='line_1_75' title="bbox 264 4465 1872 4535; baseline -0.004 -11"><span class='ocrx_word' id='word_1_581' title='bbox 264 4479 318 4524; x_wconf 89' lang='lat' dir='ltr'><strong>te</strong></span> <span class='ocrx_word' id='word_1_582' title='bbox 339 4467 632 4535; x_wconf 81' lang='lat' dir='ltr'><strong>compulsi,</strong></span> <span class='ocrx_word' id='word_1_583' title='bbox 665 4467 716 4520; x_wconf 93' lang='lat' dir='ltr'><strong>in</strong></span> <span class='ocrx_word' id='word_1_584' title='bbox 759 4465 1007 4520; x_wconf 87' lang='lat' dir='ltr'><strong>ciborum</strong></span> <span class='ocrx_word' id='word_1_585' title='bbox 1040 4476 1196 4515; x_wconf 90' lang='lat' dir='ltr'><strong>usum</strong></span> <span class='ocrx_word' id='word_1_586' title='bbox 1231 4470 1530 4524; x_wconf 85' lang='lat' dir='ltr'><strong>verterent.</strong></span> <span class='ocrx_word' id='word_1_587' title='bbox 1565 4479 1872 4532; x_wconf 88' lang='lat' dir='ltr'><strong>carnesque</strong></span> 
     </span>
    </p>
   </div>
   <div class='ocr_carea' id='block_1_76' title="bbox 263 4553 1868 4618">
    <p class='ocr_par' dir='ltr' id='par_1_76' title="bbox 263 4553 1868 4618">
     <span class='ocr_line' id='line_1_76' title="bbox 263 4553 1868 4618; baseline -0.007 -1"><span class='ocrx_word' id='word_1_588' title='bbox 263 4564 510 4617; x_wconf 90' lang='lat' dir='ltr'><strong>omnium</strong></span> <span class='ocrx_word' id='word_1_589' title='bbox 567 4559 828 4614; x_wconf 86' lang='lat' dir='ltr'><strong>darentur</strong></span> <span class='ocrx_word' id='word_1_590' title='bbox 877 4553 1187 4611; x_wconf 84' lang='lat' dir='ltr'><strong>volatilibus</strong></span> <span class='ocrx_word' id='word_1_591' title='bbox 1242 4557 1388 4618; x_wconf 78' lang='lat' dir='ltr'><strong>cwli.</strong></span> <span class='ocrx_word' id='word_1_592' title='bbox 1428 4565 1488 4613; x_wconf 90' lang='lat' dir='ltr'><strong>et</strong></span> <span class='ocrx_word' id='word_1_593' title='bbox 1516 4557 1708 4613; x_wconf 83' lang='lat' dir='ltr'><strong>bestiis</strong></span> <span class='ocrx_word' id='word_1_594' title='bbox 1756 4568 1868 4613; x_wconf 83' lang='lat' dir='ltr'><strong>ter.</strong></span> 
     </span>
    </p>
   </div>
   <div class='ocr_carea' id='block_1_77' title="bbox 265 4629 1951 4726">
    <p class='ocr_par' dir='ltr' id='par_1_77' title="bbox 265 4629 1951 4726">
     <span class='ocr_line' id='line_1_77' title="bbox 265 4629 1951 4726; baseline -0.004 -16"><span class='ocrx_word' id='word_1_595' title='bbox 265 4670 376 4710; x_wconf 65' lang='lat' dir='ltr'><strong>rae:</strong></span> <span class='ocrx_word' id='word_1_596' title='bbox 410 4663 472 4709; x_wconf 89' lang='lat' dir='ltr'><strong>ut</strong></span> <span class='ocrx_word' id='word_1_597' title='bbox 499 4655 586 4726; x_wconf 90' lang='lat' dir='ltr'><strong>qui</strong></span> <span class='ocrx_word' id='word_1_598' title='bbox 619 4653 834 4709; x_wconf 82' lang='lat' dir='ltr'><strong>Itomiai</strong></span> <span class='ocrx_word' id='word_1_599' title='bbox 885 4653 1206 4710; x_wconf 87' lang='lat' dir='ltr'><strong>muneribus</strong></span> <span class='ocrx_word' id='word_1_600' title='bbox 1255 4655 1408 4710; x_wconf 91' lang='lat' dir='ltr'><strong>abusi</strong></span> <span class='ocrx_word' id='word_1_601' title='bbox 1438 4651 1653 4707; x_wconf 82' lang='lat' dir='ltr'><strong>fuerant</strong></span> <span class='ocrx_word' id='word_1_602' title='bbox 1686 4653 1736 4706; x_wconf 93' lang='lat' dir='ltr'><strong>in</strong></span> <span class='ocrx_word' id='word_1_603' title='bbox 1765 4629 1951 4706; x_wconf 82' lang='lat' dir='ltr'><strong>itn--&#39;D</strong></span> 
     </span>
    </p>
   </div>
   <div class='ocr_carea' id='block_1_78' title="bbox 265 4745 1872 4820">
    <p class='ocr_par' dir='ltr' id='par_1_78' title="bbox 265 4745 1872 4820">
     <span class='ocr_line' id='line_1_78' title="bbox 265 4745 1872 4820; baseline -0.001 -20"><span class='ocrx_word' id='word_1_604' title='bbox 265 4751 550 4820; x_wconf 87' lang='lat' dir='ltr'><strong>pietatem,</strong></span> <span class='ocrx_word' id='word_1_605' title='bbox 583 4755 641 4802; x_wconf 89' lang='lat' dir='ltr'><strong>et</strong></span> <span class='ocrx_word' id='word_1_606' title='bbox 662 4746 881 4816; x_wconf 86' lang='lat' dir='ltr'><strong>propria</strong></span> <span class='ocrx_word' id='word_1_607' title='bbox 915 4746 1126 4800; x_wconf 81' lang='lat' dir='ltr'><strong>viscera</strong></span> <span class='ocrx_word' id='word_1_608' title='bbox 1149 4747 1311 4802; x_wconf 78' lang='lat' dir='ltr'><strong>idolis</strong></span> <span class='ocrx_word' id='word_1_609' title='bbox 1343 4745 1717 4811; x_wconf 86' lang='lat' dir='ltr'><strong>immolarant,</strong></span> <span class='ocrx_word' id='word_1_610' title='bbox 1742 4759 1872 4800; x_wconf 86' lang='lat' dir='ltr'><strong>ven-</strong></span> 
     </span>
    </p>
   </div>
   <div class='ocr_carea' id='block_1_79' title="bbox 264 4836 1510 4911">
    <p class='ocr_par' dir='ltr' id='par_1_79' title="bbox 264 4836 1510 4911">
     <span class='ocr_line' id='line_1_79' title="bbox 264 4836 1510 4911; baseline -0.003 -15"><span class='ocrx_word' id='word_1_611' title='bbox 264 4851 378 4897; x_wconf 88' lang='lat' dir='ltr'><strong>tres</strong></span> <span class='ocrx_word' id='word_1_612' title='bbox 429 4856 561 4896; x_wconf 82' lang='lat' dir='ltr'><strong>suos</strong></span> <span class='ocrx_word' id='word_1_613' title='bbox 601 4841 849 4911; x_wconf 86' lang='lat' dir='ltr'><strong>sepulcra</strong></span> <span class='ocrx_word' id='word_1_614' title='bbox 898 4836 1141 4894; x_wconf 77' lang='lat' dir='ltr'><strong>facerent</strong></span> <span class='ocrx_word' id='word_1_615' title='bbox 1193 4839 1510 4896; x_wconf 60' lang='lat' dir='ltr'><strong>liberorum.</strong></span> 
     </span>
    </p>
   </div>
   <div class='ocr_carea' id='block_1_80' title="bbox 287 4931 1872 5011">
    <p class='ocr_par' dir='ltr' id='par_1_80' title="bbox 287 4931 1872 5011">
     <span class='ocr_line' id='line_1_80' title="bbox 287 4931 1872 5011; baseline -0.001 -23"><span class='ocrx_word' id='word_1_616' title='bbox 287 4961 303 4971; x_wconf 56' lang='grc' dir='ltr'><strong><em>κ</em></strong></span> <span class='ocrx_word' id='word_1_617' title='bbox 337 4936 359 5011; x_wconf 90' lang='grc'>(</span> <span class='ocrx_word' id='word_1_618' title='bbox 386 4934 541 4992; x_wconf 71' lang='lat' dir='ltr'><strong>Vers.</strong></span> <span class='ocrx_word' id='word_1_619' title='bbox 581 4935 666 4999; x_wconf 80' lang='grc'><strong>10,</strong></span> <span class='ocrx_word' id='word_1_620' title='bbox 705 4933 836 5006; x_wconf 82' lang='lat' dir='ltr'><strong>ll.)</strong></span> <span class='ocrx_word' id='word_1_621' title='bbox 876 4932 945 4988; x_wconf 85' lang='lat' dir='ltr'><strong>Et</strong></span> <span class='ocrx_word' id='word_1_622' title='bbox 975 4943 1204 4988; x_wconf 85' lang='lat' dir='ltr'><strong>conteres</strong></span> <span class='ocrx_word' id='word_1_623' title='bbox 1259 4931 1593 5004; x_wconf 85' lang='lat' dir='ltr'><strong>lagunculam</strong></span> <span class='ocrx_word' id='word_1_624' title='bbox 1618 4932 1672 4986; x_wconf 87' lang='lat' dir='ltr'><strong>in</strong></span> <span class='ocrx_word' id='word_1_625' title='bbox 1704 4931 1872 4986; x_wconf 84' lang='lat' dir='ltr'><strong>oculis</strong></span> 
     </span>
    </p>
   </div>
   <div class='ocr_carea' id='block_1_81' title="bbox 265 5025 1873 5100">
    <p class='ocr_par' dir='ltr' id='par_1_81' title="bbox 265 5025 1873 5100">
     <span class='ocr_line' id='line_1_81' title="bbox 265 5025 1873 5100; baseline -0.004 -14"><span class='ocrx_word' id='word_1_626' title='bbox 265 5031 513 5098; x_wconf 86' lang='lat' dir='ltr'><strong>virorum,</strong></span> <span class='ocrx_word' id='word_1_627' title='bbox 541 5030 630 5100; x_wconf 85' lang='lat' dir='ltr'><strong>qui</strong></span> <span class='ocrx_word' id='word_1_628' title='bbox 655 5030 825 5092; x_wconf 86' lang='lat' dir='ltr'><strong>ibunt,</strong></span> <span class='ocrx_word' id='word_1_629' title='bbox 848 5026 927 5083; x_wconf 82' lang='lat' dir='ltr'><strong>vel</strong></span> <span class='ocrx_word' id='word_1_630' title='bbox 969 5027 1299 5096; x_wconf 87' lang='lat' dir='ltr'><strong>egredientur</strong></span> <span class='ocrx_word' id='word_1_631' title='bbox 1341 5036 1525 5081; x_wconf 86' lang='lat' dir='ltr'><strong>tecum.</strong></span> <span class='ocrx_word' id='word_1_632' title='bbox 1553 5025 1623 5080; x_wconf 87' lang='lat' dir='ltr'><strong>Et</strong></span> <span class='ocrx_word' id='word_1_633' title='bbox 1648 5025 1785 5080; x_wconf 82' lang='lat' dir='ltr'><strong>dices</strong></span> <span class='ocrx_word' id='word_1_634' title='bbox 1803 5026 1873 5080; x_wconf 90' lang='lat' dir='ltr'><strong>ad</strong></span> 
     </span>
    </p>
   </div>
   <div class='ocr_carea' id='block_1_82' title="bbox 267 5120 1871 5182">
    <p class='ocr_par' dir='ltr' id='par_1_82' title="bbox 267 5120 1871 5182">
     <span class='ocr_line' id='line_1_82' title="bbox 267 5120 1871 5182; baseline -0.007 0"><span class='ocrx_word' id='word_1_635' title='bbox 267 5142 354 5182; x_wconf 90' lang='lat' dir='ltr'><strong>eos</strong></span> <span class='ocrx_word' id='word_1_636' title='bbox 405 5142 424 5181; x_wconf 82' lang='lat'><strong>.&#39;</strong></span> <span class='ocrx_word' id='word_1_637' title='bbox 453 5124 578 5180; x_wconf 72' lang='lat' dir='ltr'><strong>lla&#39;c</strong></span> <span class='ocrx_word' id='word_1_638' title='bbox 616 5123 744 5178; x_wconf 87' lang='lat' dir='ltr'><strong>dicit</strong></span> <span class='ocrx_word' id='word_1_639' title='bbox 791 5123 1046 5177; x_wconf 82' lang='lat' dir='ltr'><strong>Dominus</strong></span> <span class='ocrx_word' id='word_1_640' title='bbox 1077 5122 1398 5176; x_wconf 76' lang='lat' dir='ltr'><strong>exercituum</strong></span> <span class='ocrx_word' id='word_1_641' title='bbox 1427 5140 1441 5174; x_wconf 77' lang='grc' dir='ltr'>ε</span> <span class='ocrx_word' id='word_1_642' title='bbox 1482 5120 1574 5176; x_wconf 88' lang='lat' dir='ltr'><strong>Sic</strong></span> <span class='ocrx_word' id='word_1_643' title='bbox 1609 5127 1871 5174; x_wconf 89' lang='lat' dir='ltr'><strong>conteram</strong></span> 
     </span>
    </p>
   </div>
   <div class='ocr_carea' id='block_1_83' title="bbox 270 5214 1875 5292">
    <p class='ocr_par' dir='ltr' id='par_1_83' title="bbox 270 5214 1875 5292">
     <span class='ocr_line' id='line_1_83' title="bbox 270 5214 1875 5292; baseline -0.004 -20"><span class='ocrx_word' id='word_1_644' title='bbox 270 5221 522 5292; x_wconf 83' lang='lat' dir='ltr'><strong>populum</strong></span> <span class='ocrx_word' id='word_1_645' title='bbox 544 5221 722 5282; x_wconf 80' lang='lat' dir='ltr'><strong>istum,</strong></span> <span class='ocrx_word' id='word_1_646' title='bbox 745 5225 793 5273; x_wconf 85' lang='lat' dir='ltr'><strong>et</strong></span> <span class='ocrx_word' id='word_1_647' title='bbox 832 5217 1263 5285; x_wconf 84' lang='lat' dir='ltr'><strong>civitatemltauc,</strong></span> <span class='ocrx_word' id='word_1_648' title='bbox 1300 5216 1434 5269; x_wconf 88' lang='lat' dir='ltr'><strong>sicut</strong></span> <span class='ocrx_word' id='word_1_649' title='bbox 1469 5214 1755 5268; x_wconf 78' lang='lat' dir='ltr'><strong>conteritur</strong></span> <span class='ocrx_word' id='word_1_650' title='bbox 1788 5228 1875 5266; x_wconf 89' lang='lat' dir='ltr'><strong>vas</strong></span> 
     </span>
    </p>
   </div>
   <div class='ocr_carea' id='block_1_84' title="bbox 269 5306 1876 5387">
    <p class='ocr_par' dir='ltr' id='par_1_84' title="bbox 269 5306 1876 5387">
     <span class='ocr_line' id='line_1_84' title="bbox 269 5306 1876 5387; baseline -0.006 -19"><span class='ocrx_word' id='word_1_651' title='bbox 269 5313 442 5387; x_wconf 79' lang='lat' dir='ltr'><strong>ﬁguli,</strong></span> <span class='ocrx_word' id='word_1_652' title='bbox 463 5312 602 5384; x_wconf 88' lang='lat' dir='ltr'><strong>quod</strong></span> <span class='ocrx_word' id='word_1_653' title='bbox 622 5327 724 5366; x_wconf 88' lang='lat' dir='ltr'><strong>non</strong></span> <span class='ocrx_word' id='word_1_654' title='bbox 743 5319 910 5383; x_wconf 81' lang='lat' dir='ltr'><strong>potest</strong></span> <span class='ocrx_word' id='word_1_655' title='bbox 933 5311 1076 5366; x_wconf 84' lang='lat' dir='ltr'><strong>ultra</strong></span> <span class='ocrx_word' id='word_1_656' title='bbox 1097 5308 1405 5364; x_wconf 84' lang='lat' dir='ltr'><strong>instaurari.</strong></span> <span class='ocrx_word' id='word_1_657' title='bbox 1446 5306 1744 5378; x_wconf 88' lang='lat' dir='ltr'><strong>Perspicue</strong></span> <span class='ocrx_word' id='word_1_658' title='bbox 1769 5319 1876 5360; x_wconf 90' lang='lat' dir='ltr'><strong>non</strong></span> 
     </span>
    </p>
   </div>
   <div class='ocr_carea' id='block_1_85' title="bbox 344 5506 1874 5583">
    <p class='ocr_par' dir='ltr' id='par_1_85' title="bbox 344 5506 1874 5583">
     <span class='ocr_line' id='line_1_85' title="bbox 344 5506 1874 5583; baseline -0.007 -11"><span class='ocrx_word' id='word_1_659' title='bbox 344 5530 371 5559; x_wconf 73' lang='grc' dir='ltr'><strong>ιι</strong></span> <span class='ocrx_word' id='word_1_660' title='bbox 413 5517 552 5574; x_wconf 77' lang='lat' dir='ltr'><strong>Vide</strong></span> <span class='ocrx_word' id='word_1_661' title='bbox 607 5517 885 5572; x_wconf 88' lang='lat' dir='ltr'><strong>suoerius.</strong></span> <span class='ocrx_word' id='word_1_662' title='bbox 944 5517 1084 5572; x_wconf 82' lang='lat' dir='ltr'><strong>Infra</strong></span> <span class='ocrx_word' id='word_1_663' title='bbox 1134 5529 1355 5570; x_wconf 87' lang='lat' dir='ltr'><strong>sensum</strong></span> <span class='ocrx_word' id='word_1_664' title='bbox 1415 5506 1874 5583; x_wconf 88' lang='lat' dir='ltr'><strong>interpunctionis</strong></span> 
     </span>
    </p>
   </div>
   <div class='ocr_carea' id='block_1_86' title="bbox 274 5590 1190 5648">
    <p class='ocr_par' dir='ltr' id='par_1_86' title="bbox 274 5590 1190 5648">
     <span class='ocr_line' id='line_1_86' title="bbox 274 5590 1190 5648; baseline -0.007 0"><span class='ocrx_word' id='word_1_665' title='bbox 274 5593 408 5648; x_wconf 78' lang='lat' dir='ltr'><strong>vitio</strong></span> <span class='ocrx_word' id='word_1_666' title='bbox 454 5590 796 5645; x_wconf 84' lang='lat' dir='ltr'><strong>laborantem</strong></span> <span class='ocrx_word' id='word_1_667' title='bbox 830 5590 1190 5644; x_wconf 78' lang='lat' dir='ltr'><strong>re~titttitttus.</strong></span> 
     </span>
    </p>
   </div>
   <div class='ocr_carea' id='block_1_87' title="bbox 341 5653 1875 5733">
    <p class='ocr_par' dir='ltr' id='par_1_87' title="bbox 341 5653 1875 5733">
     <span class='ocr_line' id='line_1_87' title="bbox 341 5653 1875 5733; baseline -0.008 -12"><span class='ocrx_word' id='word_1_668' title='bbox 341 5663 370 5703; x_wconf 70' lang='grc' dir='ltr'><strong>ί)</strong></span> <span class='ocrx_word' id='word_1_669' title='bbox 411 5665 467 5720; x_wconf 84' lang='lat' dir='ltr'><strong>S.</strong></span> <span class='ocrx_word' id='word_1_670' title='bbox 503 5660 779 5718; x_wconf 73' lang='lat' dir='ltr'><strong>Ju~tinttm</strong></span> <span class='ocrx_word' id='word_1_671' title='bbox 821 5661 1114 5733; x_wconf 75' lang='lat' dir='ltr'><strong>M-ll‘lyt‘elll</strong></span> <span class='ocrx_word' id='word_1_672' title='bbox 1174 5656 1389 5728; x_wconf 87' lang='lat' dir='ltr'><strong>proprie</strong></span> <span class='ocrx_word' id='word_1_673' title='bbox 1441 5653 1875 5733; x_wconf 18' lang='lat' dir='ltr'><strong>nola‘ri,_ttttl|tts</strong></span> 
     </span>
    </p>
   </div>
   <div class='ocr_carea' id='block_1_88' title="bbox 269 5725 1875 5802">
    <p class='ocr_par' dir='ltr' id='par_1_88' title="bbox 269 5725 1875 5802">
     <span class='ocr_line' id='line_1_88' title="bbox 269 5725 1875 5802; baseline -0.006 -13"><span class='ocrx_word' id='word_1_674' title='bbox 269 5736 484 5795; x_wconf 83' lang='lat' dir='ltr'><strong>dubito,</strong></span> <span class='ocrx_word' id='word_1_675' title='bbox 507 5733 800 5802; x_wconf 69' lang='lat' dir='ltr'><strong>cnjushzrc</strong></span> <span class='ocrx_word' id='word_1_676' title='bbox 831 5725 1029 5788; x_wconf 74' lang='lat' dir='ltr'><strong>in~edit</strong></span> <span class='ocrx_word' id='word_1_677' title='bbox 1056 5725 1220 5787; x_wconf 83' lang='lat' dir='ltr'><strong>tuenti</strong></span> <span class='ocrx_word' id='word_1_678' title='bbox 1255 5725 1528 5786; x_wconf 67' lang='lat' dir='ltr'><strong>sententia</strong></span> <span class='ocrx_word' id='word_1_679' title='bbox 1566 5729 1617 5783; x_wconf 90' lang='lat' dir='ltr'><strong>in</strong></span> <span class='ocrx_word' id='word_1_680' title='bbox 1647 5725 1875 5794; x_wconf 77' lang='lat' dir='ltr'><strong>Dialngo</strong></span> 
     </span>
    </p>
   </div>
   <div class='ocr_carea' id='block_1_89' title="bbox 271 5803 1876 5876">
    <p class='ocr_par' dir='ltr' id='par_1_89' title="bbox 271 5803 1876 5876">
     <span class='ocr_line' id='line_1_89' title="bbox 271 5803 1876 5876; baseline -0.009 -11"><span class='ocrx_word' id='word_1_681' title='bbox 271 5824 394 5865; x_wconf 82' lang='lat' dir='ltr'><strong>Cllllt</strong></span> <span class='ocrx_word' id='word_1_682' title='bbox 423 5806 744 5876; x_wconf 79' lang='lat' dir='ltr'><strong>Trypltone.</strong></span> <span class='ocrx_word' id='word_1_683' title='bbox 767 5803 878 5860; x_wconf 78' lang='lat' dir='ltr'><strong>Nec.</strong></span> <span class='ocrx_word' id='word_1_684' title='bbox 907 5814 993 5859; x_wconf 86' lang='lat' dir='ltr'><strong>est</strong></span> <span class='ocrx_word' id='word_1_685' title='bbox 1021 5805 1166 5876; x_wconf 80' lang='lat' dir='ltr'><strong>quod</strong></span> <span class='ocrx_word' id='word_1_686' title='bbox 1207 5817 1508 5876; x_wconf 81' lang='lat' dir='ltr'><strong>memorem</strong></span> <span class='ocrx_word' id='word_1_687' title='bbox 1533 5811 1876 5876; x_wconf 53' lang='lat' dir='ltr'><strong>ettgterosucco</strong></span> 
     </span>
    </p>
   </div>
   <div class='ocr_carea' id='block_1_90' title="bbox 271 5869 1876 5941">
    <p class='ocr_par' dir='ltr' id='par_1_90' title="bbox 271 5869 1876 5941">
     <span class='ocr_line' id='line_1_90' title="bbox 271 5869 1876 5941; baseline -0.006 -8"><span class='ocrx_word' id='word_1_688' title='bbox 271 5869 611 5941; x_wconf 72' lang='lat' dir='ltr'><strong>closiasticbs</strong></span> <span class='ocrx_word' id='word_1_689' title='bbox 641 5884 989 5937; x_wconf 65' lang='lat' dir='ltr'><strong>tractatori-3.</strong></span> <span class='ocrx_word' id='word_1_690' title='bbox 1036 5875 1299 5932; x_wconf 67' lang='lat' dir='ltr'><strong>lrenteutn</strong></span> <span class='ocrx_word' id='word_1_691' title='bbox 1334 5874 1426 5929; x_wconf 92' lang='lat' dir='ltr'><strong>lib.</strong></span> <span class='ocrx_word' id='word_1_692' title='bbox 1451 5889 1482 5926; x_wconf 89' lang='lat' dir='ltr'><strong>v</strong></span> <span class='ocrx_word' id='word_1_693' title='bbox 1505 5873 1725 5927; x_wconf 86' lang='lat' dir='ltr'><strong>advers.</strong></span> <span class='ocrx_word' id='word_1_694' title='bbox 1759 5869 1876 5924; x_wconf 74' lang='lat' dir='ltr'><strong>llat-</strong></span> 
     </span>
    </p>
   </div>
   <div class='ocr_carea' id='block_1_91' title="bbox 1964 3335 3560 3416">
    <p class='ocr_par' dir='ltr' id='par_1_91' title="bbox 1964 3335 3560 3416">
     <span class='ocr_line' id='line_1_91' title="bbox 1964 3335 3560 3416; baseline 0.007 -29"><span class='ocrx_word' id='word_1_695' title='bbox 1964 3351 2155 3406; x_wconf 84' lang='lat' dir='ltr'><strong>ponam</strong></span> <span class='ocrx_word' id='word_1_696' title='bbox 2173 3335 2430 3390; x_wconf 85' lang='lat' dir='ltr'><strong>civitatem</strong></span> <span class='ocrx_word' id='word_1_697' title='bbox 2453 3338 2606 3391; x_wconf 87' lang='lat' dir='ltr'><strong>istam</strong></span> <span class='ocrx_word' id='word_1_698' title='bbox 2624 3338 2758 3393; x_wconf 84' lang='lat' dir='ltr'><strong>sicut</strong></span> <span class='ocrx_word' id='word_1_699' title='bbox 2781 3337 3052 3409; x_wconf 74' lang='lat' dir='ltr'><strong>Tltophetlt</strong></span> <span class='ocrx_word' id='word_1_700' title='bbox 3074 3342 3215 3410; x_wconf 88' lang='lat' dir='ltr'><strong>(sive</strong></span> <span class='ocrx_word' id='word_1_701' title='bbox 3239 3358 3290 3398; x_wconf 88' lang='lat' dir='ltr'><strong>ut</strong></span> <span class='ocrx_word' id='word_1_702' title='bbox 3307 3345 3560 3416; x_wconf 85' lang='lat' dir='ltr'><strong>ruinam),</strong></span> 
     </span>
    </p>
   </div>
   <div class='ocr_carea' id='block_1_92' title="bbox 1964 3433 3564 3510">
    <p class='ocr_par' dir='ltr' id='par_1_92' title="bbox 1964 3433 3564 3510">
     <span class='ocr_line' id='line_1_92' title="bbox 1964 3433 3564 3510; baseline 0.004 -24"><span class='ocrx_word' id='word_1_703' title='bbox 1964 3443 2009 3486; x_wconf 86' lang='lat' dir='ltr'><strong>et</strong></span> <span class='ocrx_word' id='word_1_704' title='bbox 2031 3442 2181 3487; x_wconf 88' lang='lat' dir='ltr'><strong>erunt</strong></span> <span class='ocrx_word' id='word_1_705' title='bbox 2201 3433 2383 3488; x_wconf 88' lang='lat' dir='ltr'><strong>domus</strong></span> <span class='ocrx_word' id='word_1_706' title='bbox 2403 3433 2698 3492; x_wconf 77' lang='lat' dir='ltr'><strong>Jerusalem</strong></span> <span class='ocrx_word' id='word_1_707' title='bbox 2728 3445 2775 3490; x_wconf 84' lang='lat' dir='ltr'><strong>et</strong></span> <span class='ocrx_word' id='word_1_708' title='bbox 2804 3438 2988 3492; x_wconf 90' lang='lat' dir='ltr'><strong>domus</strong></span> <span class='ocrx_word' id='word_1_709' title='bbox 3009 3454 3188 3510; x_wconf 72' lang='lat' dir='ltr'><strong>regum</strong></span> <span class='ocrx_word' id='word_1_710' title='bbox 3223 3436 3388 3505; x_wconf 82' lang='lat' dir='ltr'><strong>Juda,</strong></span> <span class='ocrx_word' id='word_1_711' title='bbox 3431 3441 3564 3494; x_wconf 83' lang='lat' dir='ltr'><strong>sicut</strong></span> 
     </span>
    </p>
   </div>
   <div class='ocr_carea' id='block_1_93' title="bbox 1967 3526 3566 3601">
    <p class='ocr_par' dir='ltr' id='par_1_93' title="bbox 1967 3526 3566 3601">
     <span class='ocr_line' id='line_1_93' title="bbox 1967 3526 3566 3601; baseline 0.006 -22"><span class='ocrx_word' id='word_1_712' title='bbox 1967 3527 2109 3581; x_wconf 89' lang='lat' dir='ltr'><strong>locus</strong></span> <span class='ocrx_word' id='word_1_713' title='bbox 2162 3526 2431 3599; x_wconf 81' lang='lat' dir='ltr'><strong>Tltophetlt</strong></span> <span class='ocrx_word' id='word_1_714' title='bbox 2477 3530 2620 3599; x_wconf 70' lang='lat' dir='ltr'><strong>(sive</strong></span> <span class='ocrx_word' id='word_1_715' title='bbox 2664 3529 3065 3601; x_wconf 68' lang='lat' dir='ltr'><strong>ruiua’).0und</strong></span> <span class='ocrx_word' id='word_1_716' title='bbox 3107 3541 3288 3587; x_wconf 89' lang='lat' dir='ltr'><strong>autem</strong></span> <span class='ocrx_word' id='word_1_717' title='bbox 3339 3533 3389 3585; x_wconf 91' lang='lat' dir='ltr'><strong>in</strong></span> <span class='ocrx_word' id='word_1_718' title='bbox 3420 3530 3566 3588; x_wconf 79' lang='lat' dir='ltr'><strong>LXX</strong></span> 
     </span>
    </p>
   </div>
   <div class='ocr_carea' id='block_1_94' title="bbox 1967 3618 3570 3694">
    <p class='ocr_par' dir='ltr' id='par_1_94' title="bbox 1967 3618 3570 3694">
     <span class='ocr_line' id='line_1_94' title="bbox 1967 3618 3570 3694; baseline 0.002 -22"><span class='ocrx_word' id='word_1_719' title='bbox 1967 3619 2204 3672; x_wconf 87' lang='lat' dir='ltr'><strong>insertur</strong></span> <span class='ocrx_word' id='word_1_720' title='bbox 2238 3638 2248 3673; x_wconf 96' lang='lat'>:</span> <span class='ocrx_word' id='word_1_721' title='bbox 2284 3618 2470 3674; x_wconf 79' lang='lat' dir='ltr'><strong>Omnes</strong></span> <span class='ocrx_word' id='word_1_722' title='bbox 2501 3623 2683 3676; x_wconf 85' lang='lat' dir='ltr'><strong>domus</strong></span> <span class='ocrx_word' id='word_1_723' title='bbox 2717 3639 2894 3694; x_wconf 83' lang='lat' dir='ltr'><strong>regum</strong></span> <span class='ocrx_word' id='word_1_724' title='bbox 2915 3621 3082 3684; x_wconf 83' lang='lat' dir='ltr'><strong>Juda,</strong></span> <span class='ocrx_word' id='word_1_725' title='bbox 3105 3623 3238 3677; x_wconf 86' lang='lat' dir='ltr'><strong>sicut</strong></span> <span class='ocrx_word' id='word_1_726' title='bbox 3262 3624 3406 3679; x_wconf 86' lang='lat' dir='ltr'><strong>locus</strong></span> <span class='ocrx_word' id='word_1_727' title='bbox 3433 3621 3570 3678; x_wconf 75' lang='lat' dir='ltr'><strong>Tito-</strong></span> 
     </span>
    </p>
   </div>
   <div class='ocr_carea' id='block_1_95' title="bbox 1969 3711 3351 3785">
    <p class='ocr_par' dir='ltr' id='par_1_95' title="bbox 1969 3711 3351 3785">
     <span class='ocr_line' id='line_1_95' title="bbox 1969 3711 3351 3785; baseline 0.006 -22"><span class='ocrx_word' id='word_1_728' title='bbox 1969 3711 2146 3782; x_wconf 81' lang='lat' dir='ltr'><strong>pltetlt,</strong></span> <span class='ocrx_word' id='word_1_729' title='bbox 2178 3711 2230 3766; x_wconf 89' lang='lat' dir='ltr'><strong>itt</strong></span> <span class='ocrx_word' id='word_1_730' title='bbox 2257 3712 2525 3768; x_wconf 86' lang='lat' dir='ltr'><strong>llebraico</strong></span> <span class='ocrx_word' id='word_1_731' title='bbox 2557 3730 2662 3768; x_wconf 92' lang='lat' dir='ltr'><strong>non</strong></span> <span class='ocrx_word' id='word_1_732' title='bbox 2694 3714 2938 3771; x_wconf 86' lang='lat' dir='ltr'><strong>habetur.</strong></span> <span class='ocrx_word' id='word_1_733' title='bbox 2975 3716 3040 3769; x_wconf 86' lang='lat' dir='ltr'><strong>Et</strong></span> <span class='ocrx_word' id='word_1_734' title='bbox 3061 3715 3308 3785; x_wconf 88' lang='lat' dir='ltr'><strong>sequitur</strong></span> <span class='ocrx_word' id='word_1_735' title='bbox 3336 3734 3351 3770; x_wconf 89' lang='lat'><strong>:</strong></span> 
     </span>
    </p>
   </div>
   <div class='ocr_carea' id='block_1_96' title="bbox 2042 3803 3568 3880">
    <p class='ocr_par' dir='ltr' id='par_1_96' title="bbox 2042 3803 3568 3880">
     <span class='ocr_line' id='line_1_96' title="bbox 2042 3803 3568 3880; baseline 0.005 -22"><span class='ocrx_word' id='word_1_736' title='bbox 2042 3803 2243 3876; x_wconf 81' lang='lat' dir='ltr'><strong>(Vers.</strong></span> <span class='ocrx_word' id='word_1_737' title='bbox 2277 3805 2408 3872; x_wconf 77' lang='grc'><strong>15.)</strong></span> <span class='ocrx_word' id='word_1_738' title='bbox 2447 3804 2745 3861; x_wconf 59' lang='lat' dir='ltr'><strong>Immundas</strong></span> <span class='ocrx_word' id='word_1_739' title='bbox 2785 3824 2960 3861; x_wconf 85' lang='lat' dir='ltr'><strong>omnes</strong></span> <span class='ocrx_word' id='word_1_740' title='bbox 3007 3808 3216 3873; x_wconf 89' lang='lat' dir='ltr'><strong>domus,</strong></span> <span class='ocrx_word' id='word_1_741' title='bbox 3267 3808 3322 3861; x_wconf 89' lang='lat' dir='ltr'><strong>in</strong></span> <span class='ocrx_word' id='word_1_742' title='bbox 3347 3823 3568 3880; x_wconf 79' lang='lat' dir='ltr'><strong>quorum</strong></span> 
     </span>
    </p>
   </div>
   <div class='ocr_carea' id='block_1_97' title="bbox 1969 3896 3570 3968">
    <p class='ocr_par' dir='ltr' id='par_1_97' title="bbox 1969 3896 3570 3968">
     <span class='ocr_line' id='line_1_97' title="bbox 1969 3896 3570 3968; baseline 0.004 -19"><span class='ocrx_word' id='word_1_743' title='bbox 1969 3896 2258 3951; x_wconf 86' lang='lat' dir='ltr'><strong>domatibus</strong></span> <span class='ocrx_word' id='word_1_744' title='bbox 2284 3896 2304 3968; x_wconf 93' lang='lat'><strong>(</strong></span> <span class='ocrx_word' id='word_1_745' title='bbox 2327 3900 2442 3954; x_wconf 68' lang='lat' dir='ltr'><strong>sive</strong></span> <span class='ocrx_word' id='word_1_746' title='bbox 2488 3898 2631 3952; x_wconf 85' lang='lat' dir='ltr'><strong>tectis</strong></span> <span class='ocrx_word' id='word_1_747' title='bbox 2660 3899 2677 3968; x_wconf 93' lang='lat'>)</span> <span class='ocrx_word' id='word_1_748' title='bbox 2707 3899 3134 3966; x_wconf 81' lang='lat' dir='ltr'><strong>sacriﬁcaverunt</strong></span> <span class='ocrx_word' id='word_1_749' title='bbox 3188 3900 3325 3954; x_wconf 82' lang='lat' dir='ltr'><strong>omni</strong></span> <span class='ocrx_word' id='word_1_750' title='bbox 3371 3899 3570 3956; x_wconf 71' lang='lat' dir='ltr'><strong>militia:</strong></span> 
     </span>
    </p>
   </div>
   <div class='ocr_carea' id='block_1_98' title="bbox 1970 3990 3570 4062">
    <p class='ocr_par' dir='ltr' id='par_1_98' title="bbox 1970 3990 3570 4062">
     <span class='ocr_line' id='line_1_98' title="bbox 1970 3990 3570 4062; baseline -0.001 -19"><span class='ocrx_word' id='word_1_751' title='bbox 1970 3991 2104 4054; x_wconf 73' lang='lat' dir='ltr'><strong>caeli,</strong></span> <span class='ocrx_word' id='word_1_752' title='bbox 2137 3999 2185 4044; x_wconf 84' lang='lat' dir='ltr'><strong>et</strong></span> <span class='ocrx_word' id='word_1_753' title='bbox 2209 3991 2491 4046; x_wconf 78' lang='lat' dir='ltr'><strong>libaverant</strong></span> <span class='ocrx_word' id='word_1_754' title='bbox 2534 3990 2781 4045; x_wconf 86' lang='lat' dir='ltr'><strong>libamina</strong></span> <span class='ocrx_word' id='word_1_755' title='bbox 2825 3990 2931 4046; x_wconf 76' lang='lat' dir='ltr'><strong>dtis</strong></span> <span class='ocrx_word' id='word_1_756' title='bbox 2971 3991 3170 4046; x_wconf 86' lang='lat' dir='ltr'><strong>alienis.</strong></span> <span class='ocrx_word' id='word_1_757' title='bbox 3203 3990 3358 4060; x_wconf 74' lang='lat' dir='ltr'><strong>Quod</strong></span> <span class='ocrx_word' id='word_1_758' title='bbox 3406 4005 3570 4062; x_wconf 80' lang='lat' dir='ltr'><strong>supra</strong></span> 
     </span>
    </p>
   </div>
   <div class='ocr_carea' id='block_1_99' title="bbox 1971 4084 3568 4159">
    <p class='ocr_par' dir='ltr' id='par_1_99' title="bbox 1971 4084 3568 4159">
     <span class='ocr_line' id='line_1_99' title="bbox 1971 4084 3568 4159; baseline 0.001 -19"><span class='ocrx_word' id='word_1_759' title='bbox 1971 4084 2204 4140; x_wconf 64' lang='lat' dir='ltr'><strong>duxi-rat.</strong></span> <span class='ocrx_word' id='word_1_760' title='bbox 2234 4084 2353 4140; x_wconf 81' lang='lat' dir='ltr'><strong>Non</strong></span> <span class='ocrx_word' id='word_1_761' title='bbox 2383 4086 2644 4140; x_wconf 87' lang='lat' dir='ltr'><strong>vocabitur</strong></span> <span class='ocrx_word' id='word_1_762' title='bbox 2666 4085 2808 4140; x_wconf 88' lang='lat' dir='ltr'><strong>locus</strong></span> <span class='ocrx_word' id='word_1_763' title='bbox 2827 4087 2922 4140; x_wconf 86' lang='lat' dir='ltr'><strong>iste</strong></span> <span class='ocrx_word' id='word_1_764' title='bbox 2941 4086 3163 4159; x_wconf 85' lang='lat' dir='ltr'><strong>amplius</strong></span> <span class='ocrx_word' id='word_1_765' title='bbox 3194 4085 3488 4158; x_wconf 80' lang='lat' dir='ltr'><strong>&#39;I&#39;Itopltetlt,</strong></span> <span class='ocrx_word' id='word_1_766' title='bbox 3520 4096 3568 4141; x_wconf 76' lang='lat' dir='ltr'><strong>et</strong></span> 
     </span>
    </p>
   </div>
   <div class='ocr_carea' id='block_1_100' title="bbox 1973 4176 3568 4250">
    <p class='ocr_par' dir='ltr' id='par_1_100' title="bbox 1973 4176 3568 4250">
     <span class='ocr_line' id='line_1_100' title="bbox 1973 4176 3568 4250; baseline 0.003 -21"><span class='ocrx_word' id='word_1_767' title='bbox 1973 4177 2122 4231; x_wconf 78' lang='lat' dir='ltr'><strong>vallis</strong></span> <span class='ocrx_word' id='word_1_768' title='bbox 2151 4177 2247 4247; x_wconf 79' lang='lat' dir='ltr'><strong>ﬁlii</strong></span> <span class='ocrx_word' id='word_1_769' title='bbox 2281 4176 2388 4250; x_wconf 79' lang='grc' dir='ltr'><strong>[ΑΙ.</strong></span> <span class='ocrx_word' id='word_1_770' title='bbox 2422 4178 2652 4248; x_wconf 84' lang='lat' dir='ltr'><strong>ﬁliorum</strong></span> <span class='ocrx_word' id='word_1_771' title='bbox 2679 4177 2697 4250; x_wconf 94' lang='lat'>]</span> <span class='ocrx_word' id='word_1_772' title='bbox 2731 4177 2954 4247; x_wconf 83' lang='lat' dir='ltr'><strong>Ennom,</strong></span> <span class='ocrx_word' id='word_1_773' title='bbox 2989 4179 3082 4233; x_wconf 86' lang='lat' dir='ltr'><strong>sed</strong></span> <span class='ocrx_word' id='word_1_774' title='bbox 3103 4180 3251 4234; x_wconf 83' lang='lat' dir='ltr'><strong>vallis</strong></span> <span class='ocrx_word' id='word_1_775' title='bbox 3271 4180 3568 4250; x_wconf 85' lang='lat' dir='ltr'><strong>occisionis,</strong></span> 
     </span>
    </p>
   </div>
   <div class='ocr_carea' id='block_1_101' title="bbox 1976 4277 3573 4353">
    <p class='ocr_par' dir='ltr' id='par_1_101' title="bbox 1976 4277 3573 4353">
     <span class='ocr_line' id='line_1_101' title="bbox 1976 4277 3573 4353; baseline 0.003 -21"><span class='ocrx_word' id='word_1_776' title='bbox 1976 4292 2118 4332; x_wconf 90' lang='lat' dir='ltr'><strong>nunc</strong></span> <span class='ocrx_word' id='word_1_777' title='bbox 2147 4279 2298 4345; x_wconf 81' lang='lat' dir='ltr'><strong>ponit</strong></span> <span class='ocrx_word' id='word_1_778' title='bbox 2329 4277 2692 4345; x_wconf 81' lang='lat' dir='ltr'><strong>manifestius,</strong></span> <span class='ocrx_word' id='word_1_779' title='bbox 2720 4279 2863 4352; x_wconf 86' lang='lat' dir='ltr'><strong>quod</strong></span> <span class='ocrx_word' id='word_1_780' title='bbox 2893 4288 3034 4336; x_wconf 87' lang='lat' dir='ltr'><strong>tanta</strong></span> <span class='ocrx_word' id='word_1_781' title='bbox 3061 4279 3114 4336; x_wconf 91' lang='lat' dir='ltr'><strong>in</strong></span> <span class='ocrx_word' id='word_1_782' title='bbox 3148 4281 3266 4353; x_wconf 79' lang='lat' dir='ltr'><strong>ipso</strong></span> <span class='ocrx_word' id='word_1_783' title='bbox 3291 4280 3573 4337; x_wconf 83' lang='lat' dir='ltr'><strong>locol&#39;utu-</strong></span> 
     </span>
    </p>
   </div>
   <div class='ocr_carea' id='block_1_102' title="bbox 1981 4379 3578 4453">
    <p class='ocr_par' dir='ltr' id='par_1_102' title="bbox 1981 4379 3578 4453">
     <span class='ocr_line' id='line_1_102' title="bbox 1981 4379 3578 4453; baseline 0.003 -18"><span class='ocrx_word' id='word_1_784' title='bbox 1981 4395 2039 4435; x_wconf 92' lang='lat' dir='ltr'><strong>ra</strong></span> <span class='ocrx_word' id='word_1_785' title='bbox 2068 4379 2359 4444; x_wconf 74' lang='lat' dir='ltr'><strong>sitczedes,</strong></span> <span class='ocrx_word' id='word_1_786' title='bbox 2394 4389 2452 4436; x_wconf 92' lang='lat' dir='ltr'><strong>ut</strong></span> <span class='ocrx_word' id='word_1_787' title='bbox 2477 4379 2546 4436; x_wconf 93' lang='lat' dir='ltr'><strong>ibi</strong></span> <span class='ocrx_word' id='word_1_788' title='bbox 2571 4381 2865 4436; x_wconf 83' lang='lat' dir='ltr'><strong>acet-vatim</strong></span> <span class='ocrx_word' id='word_1_789' title='bbox 2918 4382 3148 4453; x_wconf 84' lang='lat' dir='ltr'><strong>populus</strong></span> <span class='ocrx_word' id='word_1_790' title='bbox 3175 4381 3490 4452; x_wconf 85' lang='lat' dir='ltr'><strong>sepeliatur,</strong></span> <span class='ocrx_word' id='word_1_791' title='bbox 3524 4393 3578 4440; x_wconf 81' lang='lat' dir='ltr'><strong>et</strong></span> 
     </span>
    </p>
   </div>
   <div class='ocr_carea' id='block_1_103' title="bbox 1978 4479 3578 4555">
    <p class='ocr_par' dir='ltr' id='par_1_103' title="bbox 1978 4479 3578 4555">
     <span class='ocr_line' id='line_1_103' title="bbox 1978 4479 3578 4555; baseline 0.003 -20"><span class='ocrx_word' id='word_1_792' title='bbox 1978 4481 2130 4536; x_wconf 90' lang='lat' dir='ltr'><strong>lucus</strong></span> <span class='ocrx_word' id='word_1_793' title='bbox 2162 4479 2278 4555; x_wconf 81' lang='lat' dir='ltr'><strong>[AL</strong></span> <span class='ocrx_word' id='word_1_794' title='bbox 2305 4479 2495 4555; x_wconf 89' lang='lat' dir='ltr'><strong>locus]</strong></span> <span class='ocrx_word' id='word_1_795' title='bbox 2516 4480 2788 4552; x_wconf 87' lang='lat' dir='ltr'><strong>quondam</strong></span> <span class='ocrx_word' id='word_1_796' title='bbox 2818 4482 3121 4553; x_wconf 80' lang='lat' dir='ltr'><strong>religionis,</strong></span> <span class='ocrx_word' id='word_1_797' title='bbox 3170 4482 3264 4538; x_wconf 88' lang='lat' dir='ltr'><strong>fiat</strong></span> <span class='ocrx_word' id='word_1_798' title='bbox 3313 4482 3578 4539; x_wconf 83' lang='lat' dir='ltr'><strong>tumultus</strong></span> 
     </span>
    </p>
   </div>
   <div class='ocr_carea' id='block_1_104' title="bbox 1979 4584 3572 4657">
    <p class='ocr_par' dir='ltr' id='par_1_104' title="bbox 1979 4584 3572 4657">
     <span class='ocr_line' id='line_1_104' title="bbox 1979 4584 3572 4657; baseline -0.001 -16"><span class='ocrx_word' id='word_1_799' title='bbox 1979 4596 2342 4642; x_wconf 79' lang='lat' dir='ltr'><strong>mortuorum.</strong></span> <span class='ocrx_word' id='word_1_800' title='bbox 2372 4585 2489 4657; x_wconf 86' lang='lat' dir='ltr'><strong>Ipsa</strong></span> <span class='ocrx_word' id='word_1_801' title='bbox 2513 4601 2730 4656; x_wconf 86' lang='lat' dir='ltr'><strong>quoque</strong></span> <span class='ocrx_word' id='word_1_802' title='bbox 2751 4586 2966 4650; x_wconf 90' lang='lat' dir='ltr'><strong>civitas,</strong></span> <span class='ocrx_word' id='word_1_803' title='bbox 2995 4600 3115 4654; x_wconf 73' lang='lat' dir='ltr'><strong>qua:</strong></span> <span class='ocrx_word' id='word_1_804' title='bbox 3146 4585 3274 4640; x_wconf 88' lang='lat' dir='ltr'><strong>huic</strong></span> <span class='ocrx_word' id='word_1_805' title='bbox 3319 4584 3572 4639; x_wconf 90' lang='lat' dir='ltr'><strong>imminet</strong></span> 
     </span>
    </p>
   </div>
   <div class='ocr_carea' id='block_1_105' title="bbox 1975 4684 3578 4760">
    <p class='ocr_par' dir='ltr' id='par_1_105' title="bbox 1975 4684 3578 4760">
     <span class='ocr_line' id='line_1_105' title="bbox 1975 4684 3578 4760; baseline -0.004 -14"><span class='ocrx_word' id='word_1_806' title='bbox 1975 4691 2120 4754; x_wconf 84' lang='lat' dir='ltr'><strong>loco.</strong></span> <span class='ocrx_word' id='word_1_807' title='bbox 2155 4691 2243 4743; x_wconf 87' lang='lat' dir='ltr'><strong>llat</strong></span> <span class='ocrx_word' id='word_1_808' title='bbox 2267 4687 2694 4758; x_wconf 79' lang='lat' dir='ltr'><strong>sicut&#39;l‘huphet.</strong></span> <span class='ocrx_word' id='word_1_809' title='bbox 2720 4702 2820 4760; x_wconf 74' lang='lat' dir='ltr'><strong>pro</strong></span> <span class='ocrx_word' id='word_1_810' title='bbox 2845 4702 2953 4758; x_wconf 91' lang='lat' dir='ltr'><strong>quo</strong></span> <span class='ocrx_word' id='word_1_811' title='bbox 2974 4684 3117 4741; x_wconf 80' lang='lat' dir='ltr'><strong>LXX</strong></span> <span class='ocrx_word' id='word_1_812' title='bbox 3146 4687 3357 4742; x_wconf 85' lang='lat' dir='ltr'><strong>ruinam</strong></span> <span class='ocrx_word' id='word_1_813' title='bbox 3397 4694 3578 4741; x_wconf 85' lang='lat' dir='ltr'><strong>trans-</strong></span> 
     </span>
    </p>
   </div>
   <div class='ocr_carea' id='block_1_106' title="bbox 1975 4789 3571 4860">
    <p class='ocr_par' dir='ltr' id='par_1_106' title="bbox 1975 4789 3571 4860">
     <span class='ocr_line' id='line_1_106' title="bbox 1975 4789 3571 4860; baseline -0.004 -12"><span class='ocrx_word' id='word_1_814' title='bbox 1975 4792 2233 4848; x_wconf 91' lang='lat' dir='ltr'><strong>tulerunt.</strong></span> <span class='ocrx_word' id='word_1_815' title='bbox 2264 4790 2467 4846; x_wconf 87' lang='lat' dir='ltr'><strong>Domus</strong></span> <span class='ocrx_word' id='word_1_816' title='bbox 2497 4803 2712 4860; x_wconf 89' lang='lat' dir='ltr'><strong>quoque</strong></span> <span class='ocrx_word' id='word_1_817' title='bbox 2737 4789 3039 4844; x_wconf 78' lang='lat' dir='ltr'><strong>Jerusalem</strong></span> <span class='ocrx_word' id='word_1_818' title='bbox 3063 4829 3078 4856; x_wconf 90' lang='lat'><strong>,</strong></span> <span class='ocrx_word' id='word_1_819' title='bbox 3123 4803 3424 4860; x_wconf 76' lang='lat' dir='ltr'><strong>regumque</strong></span> <span class='ocrx_word' id='word_1_820' title='bbox 3476 4803 3571 4858; x_wconf 82' lang='lat' dir='ltr'><strong>pa-</strong></span> 
     </span>
    </p>
   </div>
   <div class='ocr_carea' id='block_1_107' title="bbox 1977 4885 3578 4962">
    <p class='ocr_par' dir='ltr' id='par_1_107' title="bbox 1977 4885 3578 4962">
     <span class='ocr_line' id='line_1_107' title="bbox 1977 4885 3578 4962; baseline -0.003 -13"><span class='ocrx_word' id='word_1_821' title='bbox 1977 4894 2126 4962; x_wconf 89' lang='lat' dir='ltr'><strong>latia,</strong></span> <span class='ocrx_word' id='word_1_822' title='bbox 2159 4891 2216 4948; x_wconf 88' lang='lat' dir='ltr'><strong>in</strong></span> <span class='ocrx_word' id='word_1_823' title='bbox 2247 4892 2433 4948; x_wconf 87' lang='lat' dir='ltr'><strong>rttinas</strong></span> <span class='ocrx_word' id='word_1_824' title='bbox 2453 4889 2664 4946; x_wconf 88' lang='lat' dir='ltr'><strong>similes</strong></span> <span class='ocrx_word' id='word_1_825' title='bbox 2686 4901 3100 4946; x_wconf 89' lang='lat' dir='ltr'><strong>eonvertantttr.</strong></span> <span class='ocrx_word' id='word_1_826' title='bbox 3137 4889 3426 4955; x_wconf 78' lang='lat' dir='ltr'><strong>Causaque</strong></span> <span class='ocrx_word' id='word_1_827' title='bbox 3451 4885 3578 4944; x_wconf 86' lang='lat' dir='ltr'><strong>red-</strong></span> 
     </span>
    </p>
   </div>
   <div class='ocr_carea' id='block_1_108' title="bbox 1977 4991 3583 5065">
    <p class='ocr_par' dir='ltr' id='par_1_108' title="bbox 1977 4991 3583 5065">
     <span class='ocr_line' id='line_1_108' title="bbox 1977 4991 3583 5065; baseline -0.004 -13"><span class='ocrx_word' id='word_1_828' title='bbox 1977 4995 2147 5061; x_wconf 89' lang='lat' dir='ltr'><strong>ditur,</strong></span> <span class='ocrx_word' id='word_1_829' title='bbox 2179 5009 2246 5051; x_wconf 91' lang='lat' dir='ltr'><strong>eo</strong></span> <span class='ocrx_word' id='word_1_830' title='bbox 2278 4992 2420 5065; x_wconf 90' lang='lat' dir='ltr'><strong>qttod</strong></span> <span class='ocrx_word' id='word_1_831' title='bbox 2448 4993 2740 5049; x_wconf 73' lang='lat' dir='ltr'><strong>immundae</strong></span> <span class='ocrx_word' id='word_1_832' title='bbox 2768 4992 2998 5059; x_wconf 89' lang='lat' dir='ltr'><strong>fuerint,</strong></span> <span class='ocrx_word' id='word_1_833' title='bbox 3027 5002 3082 5048; x_wconf 92' lang='lat' dir='ltr'><strong>et</strong></span> <span class='ocrx_word' id='word_1_834' title='bbox 3112 4991 3439 5046; x_wconf 65' lang='lat' dir='ltr'><strong>idololatriae</strong></span> <span class='ocrx_word' id='word_1_835' title='bbox 3462 4992 3583 5062; x_wconf 85' lang='lat' dir='ltr'><strong>pol-</strong></span> 
     </span>
    </p>
   </div>
   <div class='ocr_carea' id='block_1_109' title="bbox 1980 5090 3586 5167">
    <p class='ocr_par' dir='ltr' id='par_1_109' title="bbox 1980 5090 3586 5167">
     <span class='ocr_line' id='line_1_109' title="bbox 1980 5090 3586 5167; baseline -0.004 -13"><span class='ocrx_word' id='word_1_836' title='bbox 1980 5099 2106 5155; x_wconf 76' lang='lat' dir='ltr'><strong>latae</strong></span> <span class='ocrx_word' id='word_1_837' title='bbox 2135 5097 2372 5165; x_wconf 89' lang='lat' dir='ltr'><strong>scelere,</strong></span> <span class='ocrx_word' id='word_1_838' title='bbox 2403 5111 2501 5167; x_wconf 86' lang='lat' dir='ltr'><strong>pro</strong></span> <span class='ocrx_word' id='word_1_839' title='bbox 2531 5109 2598 5151; x_wconf 91' lang='lat' dir='ltr'><strong>eo</strong></span> <span class='ocrx_word' id='word_1_840' title='bbox 2618 5092 2760 5165; x_wconf 91' lang='lat' dir='ltr'><strong>quod</strong></span> <span class='ocrx_word' id='word_1_841' title='bbox 2791 5093 2842 5149; x_wconf 93' lang='lat' dir='ltr'><strong>in</strong></span> <span class='ocrx_word' id='word_1_842' title='bbox 2875 5092 3188 5149; x_wconf 89' lang='lat' dir='ltr'><strong>domatibtts</strong></span> <span class='ocrx_word' id='word_1_843' title='bbox 3215 5101 3270 5148; x_wconf 90' lang='lat' dir='ltr'><strong>et</strong></span> <span class='ocrx_word' id='word_1_844' title='bbox 3301 5090 3456 5145; x_wconf 89' lang='lat' dir='ltr'><strong>tectis</strong></span> <span class='ocrx_word' id='word_1_845' title='bbox 3485 5107 3586 5148; x_wconf 86' lang='lat' dir='ltr'><strong>ea-</strong></span> 
     </span>
    </p>
   </div>
   <div class='ocr_carea' id='block_1_110' title="bbox 1983 5190 3590 5268">
    <p class='ocr_par' dir='ltr' id='par_1_110' title="bbox 1983 5190 3590 5268">
     <span class='ocr_line' id='line_1_110' title="bbox 1983 5190 3590 5268; baseline -0.004 -14"><span class='ocrx_word' id='word_1_846' title='bbox 1983 5214 2126 5268; x_wconf 88' lang='lat' dir='ltr'><strong>rum,</strong></span> <span class='ocrx_word' id='word_1_847' title='bbox 2173 5196 2274 5252; x_wconf 90' lang='lat' dir='ltr'><strong>soli</strong></span> <span class='ocrx_word' id='word_1_848' title='bbox 2321 5203 2378 5252; x_wconf 89' lang='lat' dir='ltr'><strong>et</strong></span> <span class='ocrx_word' id='word_1_849' title='bbox 2414 5197 2556 5250; x_wconf 73' lang='lat' dir='ltr'><strong>lunte</strong></span> <span class='ocrx_word' id='word_1_850' title='bbox 2598 5202 2656 5250; x_wconf 90' lang='lat' dir='ltr'><strong>et</strong></span> <span class='ocrx_word' id='word_1_851' title='bbox 2703 5193 2878 5251; x_wconf 89' lang='lat' dir='ltr'><strong>stellis</strong></span> <span class='ocrx_word' id='word_1_852' title='bbox 2928 5192 3051 5248; x_wconf 70' lang='grc' dir='ltr'><strong>(εωιί</strong></span> <span class='ocrx_word' id='word_1_853' title='bbox 3085 5190 3590 5257; x_wconf 86' lang='lat' dir='ltr'><strong>inunolaverint,et</strong></span> 
     </span>
    </p>
   </div>
   <div class='ocr_carea' id='block_1_111' title="bbox 1989 5291 3583 5363">
    <p class='ocr_par' dir='ltr' id='par_1_111' title="bbox 1989 5291 3583 5363">
     <span class='ocr_line' id='line_1_111' title="bbox 1989 5291 3583 5363; baseline -0.006 -6"><span class='ocrx_word' id='word_1_854' title='bbox 1989 5301 2149 5358; x_wconf 88' lang='lat' dir='ltr'><strong>thura</strong></span> <span class='ocrx_word' id='word_1_855' title='bbox 2185 5296 2554 5362; x_wconf 85' lang='lat' dir='ltr'><strong>incenderint;</strong></span> <span class='ocrx_word' id='word_1_856' title='bbox 2587 5310 2689 5352; x_wconf 88' lang='lat' dir='ltr'><strong>nec</strong></span> <span class='ocrx_word' id='word_1_857' title='bbox 2708 5293 2815 5350; x_wconf 88' lang='lat' dir='ltr'><strong>hoc</strong></span> <span class='ocrx_word' id='word_1_858' title='bbox 2843 5291 3048 5349; x_wconf 89' lang='lat' dir='ltr'><strong>fuerint</strong></span> <span class='ocrx_word' id='word_1_859' title='bbox 3078 5305 3274 5346; x_wconf 88' lang='lat' dir='ltr'><strong>errore</strong></span> <span class='ocrx_word' id='word_1_860' title='bbox 3311 5293 3583 5363; x_wconf 87' lang='lat' dir='ltr'><strong>contenti,</strong></span> 
     </span>
    </p>
   </div>
   <div class='ocr_carea' id='block_1_112' title="bbox 1981 5494 3596 5575">
    <p class='ocr_par' dir='ltr' id='par_1_112' title="bbox 1981 5494 3596 5575">
     <span class='ocr_line' id='line_1_112' title="bbox 1981 5494 3596 5575; baseline -0.006 -14"><span class='ocrx_word' id='word_1_861' title='bbox 1981 5519 2087 5561; x_wconf 85' lang='lat' dir='ltr'><strong>res.</strong></span> <span class='ocrx_word' id='word_1_862' title='bbox 2116 5519 2238 5575; x_wconf 86' lang='lat' dir='ltr'><strong>cap.</strong></span> <span class='ocrx_word' id='word_1_863' title='bbox 2264 5503 2356 5571; x_wconf 76' lang='lat'><strong>32,</strong></span> <span class='ocrx_word' id='word_1_864' title='bbox 2386 5502 2786 5558; x_wconf 79' lang='lat' dir='ltr'><strong>&#39;l‘ortttlliannm</strong></span> <span class='ocrx_word' id='word_1_865' title='bbox 2815 5496 2911 5575; x_wconf 72' lang='lat' dir='ltr'><strong>ljh.</strong></span> <span class='ocrx_word' id='word_1_866' title='bbox 2964 5495 3034 5550; x_wconf 85' lang='lat' dir='ltr'><strong>de</strong></span> <span class='ocrx_word' id='word_1_867' title='bbox 3057 5494 3487 5575; x_wconf 35' lang='lat' dir='ltr'><strong>,‘Spemlldelinm</strong></span> <span class='ocrx_word' id='word_1_868' title='bbox 3539 5509 3596 5558; x_wconf 85' lang='lat' dir='ltr'><strong>et</strong></span> 
     </span>
    </p>
   </div>
   <div class='ocr_carea' id='block_1_113' title="bbox 1980 5567 3590 5642">
    <p class='ocr_par' dir='ltr' id='par_1_113' title="bbox 1980 5567 3590 5642">
     <span class='ocr_line' id='line_1_113' title="bbox 1980 5567 3590 5642; baseline -0.003 -10"><span class='ocrx_word' id='word_1_869' title='bbox 1980 5578 2076 5633; x_wconf 82' lang='lat' dir='ltr'><strong>lilt.</strong></span> <span class='ocrx_word' id='word_1_870' title='bbox 2113 5567 2387 5631; x_wconf 66' lang='lat' dir='ltr'><strong>utcontra</strong></span> <span class='ocrx_word' id='word_1_871' title='bbox 2419 5575 2779 5633; x_wconf 76' lang='lat' dir='ltr'><strong>Marciunem,</strong></span> <span class='ocrx_word' id='word_1_872' title='bbox 2825 5567 3167 5642; x_wconf 87' lang='lat' dir='ltr'><strong>Lactantinm</strong></span> <span class='ocrx_word' id='word_1_873' title='bbox 3199 5570 3296 5624; x_wconf 91' lang='lat' dir='ltr'><strong>lih.</strong></span> <span class='ocrx_word' id='word_1_874' title='bbox 3331 5585 3590 5642; x_wconf 55' lang='lat' dir='ltr'><strong>t&#39;ttfapp.</strong></span> 
     </span>
    </p>
   </div>
   <div class='ocr_carea' id='block_1_114' title="bbox 1979 5639 3592 5714">
    <p class='ocr_par' dir='ltr' id='par_1_114' title="bbox 1979 5639 3592 5714">
     <span class='ocr_line' id='line_1_114' title="bbox 1979 5639 3592 5714; baseline -0.006 -10"><span class='ocrx_word' id='word_1_875' title='bbox 1979 5649 2048 5704; x_wconf 65' lang='lat' dir='ltr'><strong>Si</strong></span> <span class='ocrx_word' id='word_1_876' title='bbox 2074 5658 2132 5704; x_wconf 85' lang='lat' dir='ltr'><strong>et</strong></span> <span class='ocrx_word' id='word_1_877' title='bbox 2158 5648 2248 5713; x_wconf 70' lang='lat'><strong>26,</strong></span> <span class='ocrx_word' id='word_1_878' title='bbox 2276 5659 2440 5714; x_wconf 86' lang='lat' dir='ltr'><strong>atque</strong></span> <span class='ocrx_word' id='word_1_879' title='bbox 2485 5646 2622 5699; x_wconf 77' lang='lat' dir='ltr'><strong>alios</strong></span> <span class='ocrx_word' id='word_1_880' title='bbox 2663 5642 2784 5714; x_wconf 87' lang='lat' dir='ltr'><strong>ejus</strong></span> <span class='ocrx_word' id='word_1_881' title='bbox 2835 5639 3137 5714; x_wconf 62' lang='lat' dir='ltr'><strong>sententia»,</strong></span> <span class='ocrx_word' id='word_1_882' title='bbox 3189 5656 3350 5710; x_wconf 88' lang='lat' dir='ltr'><strong>quam</strong></span> <span class='ocrx_word' id='word_1_883' title='bbox 3397 5639 3592 5704; x_wconf 79' lang='lat' dir='ltr'><strong>Papias</strong></span> 
     </span>
    </p>
   </div>
   <div class='ocr_carea' id='block_1_115' title="bbox 1983 5709 3593 5790">
    <p class='ocr_par' dir='ltr' id='par_1_115' title="bbox 1983 5709 3593 5790">
     <span class='ocr_line' id='line_1_115' title="bbox 1983 5709 3593 5790; baseline -0.004 -15"><span class='ocrx_word' id='word_1_884' title='bbox 1983 5709 2431 5790; x_wconf 75' lang='lat' dir='ltr'><strong>Hierapolitanus</strong></span> <span class='ocrx_word' id='word_1_885' title='bbox 2496 5709 2706 5790; x_wconf 80' lang='lat' dir='ltr'><strong>primus</strong></span> <span class='ocrx_word' id='word_1_886' title='bbox 2768 5711 2994 5790; x_wconf 79' lang='lat' dir='ltr'><strong>invexit.</strong></span> <span class='ocrx_word' id='word_1_887' title='bbox 3032 5709 3286 5790; x_wconf 42' lang='lat' dir='ltr'><strong>.H_iertin.</strong></span> <span class='ocrx_word' id='word_1_888' title='bbox 3328 5727 3593 5790; x_wconf 82' lang='lat' dir='ltr'><strong>pet-quam</strong></span> 
     </span>
    </p>
   </div>
   <div class='ocr_carea' id='block_1_116' title="bbox 1981 5780 3596 5852">
    <p class='ocr_par' dir='ltr' id='par_1_116' title="bbox 1981 5780 3596 5852">
     <span class='ocr_line' id='line_1_116' title="bbox 1981 5780 3596 5852; baseline -0.002 -4"><span class='ocrx_word' id='word_1_889' title='bbox 1981 5780 2227 5848; x_wconf 63' lang='lat' dir='ltr'><strong>modes&#39;te</strong></span> <span class='ocrx_word' id='word_1_890' title='bbox 2257 5791 2328 5846; x_wconf 86' lang='lat' dir='ltr'><strong>ob</strong></span> <span class='ocrx_word' id='word_1_891' title='bbox 2352 5780 2654 5844; x_wconf 63' lang='lat' dir='ltr'><strong>sanctitatis</strong></span> <span class='ocrx_word' id='word_1_892' title='bbox 2684 5783 2962 5852; x_wconf 87' lang='lat' dir='ltr'><strong>meritum,</strong></span> <span class='ocrx_word' id='word_1_893' title='bbox 2995 5780 3065 5838; x_wconf 87' lang='lat' dir='ltr'><strong>ab</strong></span> <span class='ocrx_word' id='word_1_894' title='bbox 3101 5782 3200 5841; x_wconf 86' lang='lat' dir='ltr'><strong>hac</strong></span> <span class='ocrx_word' id='word_1_895' title='bbox 3243 5780 3596 5844; x_wconf 67' lang='lat' dir='ltr'><strong>eorum&#39;doc-</strong></span> 
     </span>
    </p>
   </div>
   <div class='ocr_carea' id='block_1_117' title="bbox 1983 5863 2678 5921">
    <p class='ocr_par' dir='ltr' id='par_1_117' title="bbox 1983 5863 2678 5921">
     <span class='ocr_line' id='line_1_117' title="bbox 1983 5863 2678 5921; baseline -0.017 -1"><span class='ocrx_word' id='word_1_896' title='bbox 1983 5867 2122 5921; x_wconf 89' lang='lat' dir='ltr'><strong>trina</strong></span> <span class='ocrx_word' id='word_1_897' title='bbox 2151 5863 2448 5917; x_wconf 86' lang='lat' dir='ltr'><strong>cavendum</strong></span> <span class='ocrx_word' id='word_1_898' title='bbox 2474 5863 2678 5914; x_wconf 87' lang='lat' dir='ltr'><strong>monet.</strong></span> 
     </span>
    </p>
   </div>
  </div>
