4080 6326
247 288 357 374 sos

756 314 1406 374 COMMENTARIORUM
1449 316 1515 372 IN
1553 289 1902 378 inuenisti
1946 293 2370 382 recensuit
2410 321 2540 376 LIB.
2580 321 2670 377 tv.
2711 321 2866 378 cap.
2909 297 3032 378 XX.

3442 307 3553 383 sco

251 437 408 484 tatem
428 429 642 488 clanit'to
659 429 800 503 (sive
819 434 943 504 quia
957 450 1139 490 amaro
1155 433 1305 492 verba
1327 448 1440 490 meo
1460 431 1853 506 rideboprazra-
1881 447 1932 510 Α
1961 431 2247 500 testiﬁcaris
2291 430 2498 488 Iudicis
2539 449 2649 490 esse
2677 432 2943 492 Christum
2995 431 3177 490 Jesum
3197 429 3335 506 (Act.
3370 433 3555 505 XVIII).

249 523 577 591 rit-ctionem,
601 532 650 580 et
686 526 950 580 miseriam
984 523 1272 597 invocabo).
1307 525 1444 581 Dicit
1493 539 1553 580 se
1578 523 1848 596 Propheta

247 629 282 670 a
305 617 538 672 Domino
565 632 689 674 esse
719 618 1031 688 deceptum,
1065 620 1189 688 quin
1219 618 1272 674 in
1303 617 1574 688 principio
1597 619 1847 674 audiens:

252 707 575 780 Prophetam
596 713 647 765 in
658 714 898 786 gentibus
917 715 1101 770 dedite
1123 714 1330 786 (Supra
1357 729 1397 780 t.
1427 711 1506 783 ὅ).
1529 714 1594 770 Et
1615 715 1844 770 iterum:

251 802 383 859 Ecce
404 805 655 862 constitui
679 816 727 860 te
752 804 908 862 ltodie
927 823 1082 878 super
1112 817 1285 879 gentes
1313 815 1359 862 et
1385 823 1542 878 super
1580 823 1761 878 regna,
1795 815 1849 859 ut

245 899 436 954 evellas
464 911 512 956 et
543 901 799 967 destruas,
827 910 878 957 ct
904 902 1178 974 disperdss
1207 913 1251 958 et
1273 902 1514 974 dissipes,
1548 913 1596 958 et
1625 902 1850 970 wdiﬁccs

246 1000 295 1047 et
324 992 530 1064 plautes
553 989 748 1063 (Ibid.,
775 992 888 1064 10),
913 995 1210 1050 arbitratus
1253 996 1324 1048 sit
1383 995 1517 1050 nihil
1565 1010 1624 1052 se
1657 1003 1847 1050 contra

248 1087 514 1157 populum
537 1087 877 1155 Judteorum,
913 1091 1009 1148 sed
1055 1100 1243 1146 contra
1268 1091 1514 1148 diversas
1535 1091 1587 1146 in
1615 1091 1847 1150 circuitu

247 1180 503 1236 nationes
521 1197 647 1236 esse
674 1182 974 1238 dicturum.
1003 1182 1157 1240 Unde
1193 1195 1247 1238 et
1280 1183 1620 1254 prophetiam
1673 1182 1848 1240 liben-

249 1282 335 1328 ter
363 1275 771 1344 assumpserit;
822 1285 878 1330 et
907 1277 1163 1332 evenisse
1193 1277 1500 1343 contrario,
1534 1285 1591 1331 ut
1617 1275 1849 1346 captivi-

246 1376 414 1424 tatem
445 1367 758 1424 Jerusalem
808 1369 1138 1438 praedicans.
1195 1371 1606 1440 persecutiones
1647 1375 1704 1424 et
1752 1383 1847 1424 an-

245 1464 465 1534 gustias
491 1464 813 1520 sustineret.
843 1463 1114 1534 Quodque
1141 1465 1352 1520 intulit.
1385 1462 1578 1520 Factus
1630 1480 1745 1520 sum
1792 1464 1847 1517 in

245 1555 480 1610 derisum
509 1564 618 1610 tota
640 1556 748 1621 die,
779 1573 958 1612 attines
985 1559 1308 1612 subsannaut
1337 1573 1418 1614 me
1441 1572 1459 1612 .'
1479 1572 1545 1614 ro
1574 1557 1718 1628 quod
1744 1571 1847 1612 tes-

243 1648 443 1720 titnent
469 1649 621 1704 illum
643 1649 903 1705 universa
931 1651 1242 1716 mentitum,
1271 1659 1536 1706 etcuncta
1565 1666 1684 1720 quae
1703 1665 1845 1719 pra:-

243 1713 446 1797 dixerii
471 1755 593 1797 esse
619 1750 872 1805 ventura,
899 1742 1178 1798 mendacia
1209 1713 1429 1798 fuerint.
1481 1743 1546 1798 Et
1573 1713 1842 1813 Dropheta

1958 523 2064 581 Sed
2091 534 2145 580 et
2178 525 2422 595 plerique
2450 525 2742 583 Doctorum
2795 527 2850 581 in
2895 527 3149 583 Ecclesia
3187 541 3359 598 usque
3388 525 3560 580 hodie

1953 618 2156 674 similia
2196 621 2496 686 sustinent,
2547 621 2839 676 audientes
2862 620 3320 690 vituperationem
3351 620 3553 675 multo-

1955 727 2073 768 rutu
2099 721 2554 784 congregatoruni
2587 713 2877 770 adversum
2919 729 2980 770 se
3021 713 3074 768 in
3110 713 3361 776 circuitu,
3397 723 3560 782 atque

1950 804 2244 860 dicentium
2273 822 2286 857 :
2322 803 2725 878 Persequimini,
2752 816 2799 860 et
2827 821 3196 874 persequamur
3225 821 3330 862 eos.

2020 896 2205 966 (Vers.
2236 897 2352 970 ll.)
2380 895 2572 952 Onmes
2600 899 2699 954 uiri
2750 897 2864 971 [ΑΙ.
2893 898 2970 956 Ab
3001 898 3237 957 omnibus
3268 897 3437 969 uiris],
3466 898 3555 970 qui

1946 1000 2097 1048 erant
2149 991 2356 1062 paciﬁci
2401 992 2502 1048 mei
2546 989 2657 1064 [AL
2693 993 2877 1065 mihi],
2926 1002 2976 1046 et
3025 995 3370 1048 custodientes
3413 991 3555 1048 latus

1951 1098 2122 1138 meum
2148 1083 2230 1138 :si
2254 1083 2510 1155 quomodo
2540 1083 2852 1156 dccipiatur,
2900 1092 2946 1138 et
2972 1083 3345 1158 praevaleamus
3369 1077 3572 1139 adverJ

1945 1193 2062 1232 sum
2079 1188 2270 1244 eum,ct
2287 1193 2660 1248 consequamur
2676 1176 2922 1236 ultionem
2939 1177 3362 1250 em;eo.Dominus
3381 1187 3556 1238 autem

1950 1287 2151 1326 mecum
2180 1281 2255 1328 est
2273 1273 2424 1343 quasi
2453 1270 2672 1328 bellator
2689 1271 2859 1346 (ortis.
2913 1272 3046 1330 Cum
3085 1273 3388 1328 adversarii
3439 1289 3560 1327 sur-

1951 1363 2218 1432 rexerint,
2246 1373 2302 1422 et
2324 1365 2486 1422 amici
2507 1365 2784 1435 quondam
2815 1374 2984 1437 atque
3013 1367 3225 1438 paciﬁci
3259 1367 3456 1426 fuerint
3486 1365 3556 1420 ad

1948 1455 2091 1510 bella
2117 1458 2389 1526 COHVBI‘si,
2436 1457 2817 1527 voluerintqne
2859 1457 3019 1514 nobis
3050 1459 3278 1516 insidias
3305 1459 3552 1524 trudere,

1949 1564 2057 1604 non
2103 1564 2436 1620 magnopere
2484 1565 2774 1616 curemus;
2810 1549 2907 1605 sed
2935 1558 3188 1619 aptemus
3237 1551 3339 1605 hoc
3367 1551 3553 1606 dicere

1946 1641 2092 1712 quod
2125 1642 2396 1713 PrOphcta
2429 1643 2671 1714 loquitur
2703 1659 2718 1697 :
2754 1641 3011 1698 Dominus
3049 1652 3225 1698 autem
3257 1660 3450 1697 mecum
3475 1655 3548 1698 est

1944 1738 2092 1807 quasi
2113 1733 2329 1790 bellator
2352 1737 2523 1807 fortis.

244 1835 395 1891 enim
425 1837 609 1890 statim
635 1845 919 1904 potaverat
963 1837 1224 1904 futurum,
1275 1836 1420 1907 quod
1453 1835 1720 1890 Dominus
1741 1835 1842 1890 mi-
1873 1840 1920 1904 Β
2021 1827 2230 1884 Idcirco
2255 1828 2343 1896 qui
2367 1844 2446 1883 me
2471 1838 2872 1899 persequuntur,
2907 1829 3089 1886 cadent
3115 1839 3160 1886 et
3189 1829 3386 1901 inﬁrmi
3409 1843 3565 1886 ertmt

241 1931 516 1996 nubatur,
571 1939 628 1984 et
673 1934 909 2001 populus
961 1933 1269 1988 aestimabat
1309 1945 1650 2002 nequaquam
1703 1931 1844 1986 ultra

242 2035 560 2090 venturum,
587 2023 730 2092 quod
763 2026 946 2080 statim
983 2041 1093 2080 non
1149 2033 1393 2081 venerat.
1442 2027 1618 2093 Atque
1650 2025 1846 2080 vocite-

251 2135 346 2174 ror
369 2117 687 2174 vaSIitatem
743 2119 1096 2191 Babyloniam
1138 2129 1192 2176 et
1237 2118 1577 2190 iniquitatem
1608 2117 1844 2172 hostium

241 2227 340 2282 per
360 2227 524 2281 quant
555 2211 947 2280 opprimendus
967 2212 1041 2268 sit
1071 2211 1302 2282 populus
1335 2226 1510 2266 meus.
1531 2210 1630 2268 Sin
1663 2218 1843 2264 autem

240 2305 530 2374 sequimur
554 2303 910 2373 Septuaginta
942 2305 994 2360 in
1023 2319 1089 2360 eo
1105 2303 1249 2374 quod
1271 2303 1459 2360 dixere
1485 2319 1498 2356 :
1526 2305 1646 2374 quia
1665 2320 1846 2357 amaro

242 2396 393 2450 verba
416 2412 531 2450 meo
571 2394 749 2450 ridebo
774 2396 1274 2466 prceoaricatiouem,
1303 2407 1353 2451 et
1401 2397 1662 2452 miseriam
1699 2397 1848 2450 invo-

243 2491 398 2557 cabo,
433 2493 521 2546 hic
551 2505 748 2546 sensus
771 2501 854 2545 est
886 2509 898 2545 :
925 2489 1055 2550 Scio
1095 2501 1423 2561 praesentem
1445 2492 1726 2546 tristitiam
1758 2490 1844 2548 lu-

243 2595 371 2639 turo
394 2583 602 2655 gaudio
632 2583 1274 2654 coma.ut.audam,juxta
1305 2585 1439 2640 illud
1467 2585 1611 2654 quod
1662 2584 1842 2653 scrip-

244 2688 358 2734 tum
383 2687 470 2734 est
498 2694 512 2732 :
541 2676 685 2732 Beati
700 2679 903 2748 ﬂentes,
931 2678 1178 2748 quoniam
1221 2677 1325 2748 ipsi
1365 2677 1601 2732 ridebunt
1625 2674 1842 2747 (Matth.

243 2788 299 2836 v,
328 2770 412 2845 5);
441 2781 495 2826 ct
518 2771 726 2828 idcirco
775 2770 1080 2838 miseriam,
1131 2780 1185 2827 et
1217 2771 1560 2842 iniquitatem
1593 2769 1848 2824 alniCti-o-

243 2881 486 2938 nemque
513 2867 745 2922 libenter
776 2865 1043 2934 sustineo,
1077 2865 1153 2923 ita
1183 2875 1240 2921 ut
1260 2865 1473 2936 cupiam
1499 2876 1555 2922 et
1591 2866 1844 2924 invocem

242 2975 374 3026 eas;
431 2970 485 3014 et
527 2960 846 3018 brevitatem
891 2960 1144 3031 injuriae,
1203 2959 1486 3016 felicitatis
1540 2960 1849 3016 aeternitate

243 3065 627 3124 compensem.
1463 3073 1466 3078 -

315 3145 506 3216 (Vers.
567 3145 621 3210 9.
655 3146 768 3218 10.)
804 3147 940 3216 Quia
970 3149 1141 3219 [actus
1165 3155 1239 3202 est
1270 3146 1400 3202 milii
1441 3163 1610 3202 sermo
1633 3145 1847 3202 Domini

1949 1922 2090 1992 (sive
2115 1922 2232 1977 ideo
2260 1923 2515 1990 persecuti
2544 1934 2686 1991 sunt,
2711 1934 2762 1980 et
2793 1922 3084 1996 intelligere
3105 1942 3205 1980 non
3232 1924 3557 1997 potuerunt).

1947 2015 2351 2086 Confundantur
2379 2015 2565 2090 [Vulg.
2590 2017 3004 2094 confunderetur)
3050 2020 3390 2087 uehementer,
3437 2024 3561 2090 quia

1948 2126 2051 2168 non
2080 2111 2444 2166 intellexerunt
2467 2111 2805 2184 opprobrium
2838 2109 2981 2182 (sive
3008 2115 3372 2187 ignominiam)
3426 2131 3559 2168 sem-

1948 2205 2229 2274 piternum,
2257 2210 2397 2275 quod
2421 2219 2706 2272 numquam
2753 2203 3037 2262 delebitur.
3082 2207 3225 2273 Quia
3283 2207 3556 2276 persecuti

1947 2305 2102 2364 sunt,
2139 2295 2262 2350 ideo
2295 2295 2676 2365 propheticum
2729 2313 2837 2354 non
2891 2307 3188 2368 potuerunt
3234 2301 3550 2371 intelligere

1949 2403 2295 2455 sermonem,
2326 2402 2375 2444 et
2400 2388 2768 2458 ignorantiam
2794 2390 3047 2446 confusio
3094 2393 3389 2450 vehemens
3422 2409 3557 2450 con-

1948 2493 2137 2542 secuta
2169 2492 2275 2548 est,
2310 2499 2411 2538 nec
2438 2485 2837 2540 intellexerunt
2879 2485 3231 2556 ignominiam
3261 2489 3558 2558 sempiter-

1951 2593 2099 2646 nam,
2129 2580 2684 2650 qumobtinebiteos,
2727 2592 2782 2638 et
2825 2582 2974 2640 nulla
3026 2582 3300 2640 oblivione
3351 2583 3561 2642 delcbi-

1949 2679 2060 2726 tur.
2095 2671 2285 2728 Dicant
2323 2672 2488 2743 igitur
2516 2673 2659 2742 quod
2711 2675 2899 2733 volunt
2944 2674 3042 2730 viri
3075 2675 3347 2747 quondam
3385 2673 3552 2750 981

1950 2763 2187 2834 paciﬁci,
2219 2775 2272 2820 et
2295 2767 2386 2835 qui
2411 2767 2802 2824 custodiebant
2829 2769 2972 2824 latus
3011 2784 3216 2840 meum,
3247 2780 3302 2826 et
3327 2770 3554 2842 decipe-

1948 2873 2007 2912 re
2033 2856 2345 2927 Cupiebant,
2377 2857 2676 2914 dummodo
2714 2859 2923 2932 justum
2955 2862 3128 2916 virum
3161 2871 3330 2936 atque
3353 2864 3552 2919 docto-

1949 2965 2064 3006 rem
2117 2949 2378 3008 Ecclesia:
2431 2963 2553 3020 post
2599 2953 3038 3022 persecutionem
3081 2965 3227 3016 tanta
3271 2956 3536 3026 vindicta,

1947 3052 2208 3112 tantaque
2235 3043 2461 3114 praemis
2485 3056 2915 3116 consequantur.

2020 3141 2046 3209 (
2077 3137 2234 3196 Vcrs.
2265 3136 2394 3207 12.)
2427 3136 2495 3192 Et
2525 3148 2580 3192 tu
2604 3181 2619 3206 ,
2651 3138 2875 3198 Domine
2900 3181 2914 3206 ,
2947 3142 3274 3198 exercituum
3303 3144 3556 3214 probator

242 3240 298 3294 in
327 3240 684 3314 opprobrium,
715 3248 758 3292 ct
793 3241 848 3293 in
871 3240 1096 3294 derisum
1126 3249 1235 3296 tota
1275 3241 1378 3295 die.
1425 3238 1490 3296 Et
1531 3240 1644 3294 dixi
1669 3232 1690 3300 ξ
1721 3239 1842 3296 Non
1873 3237 1914 3297 C
1940 3231 2075 3300 ju‘ll
2103 3232 2247 3301 (Sive
2277 3233 2366 3300 φιὶ
2396 3231 2584 3301 Ρνοῦαδ
2601 3234 2774 3306 ila-'0)
2805 3237 2894 3306 qui
2919 3237 3059 3292 Uides
3084 3253 3230 3292 renes
3257 3248 3304 3291 et
3337 3255 3456 3306 cor,
3483 3242 3556 3293 ri-

243 3331 560 3388 rscordabor
589 3333 700 3402 ejus
736 3331 878 3402 (sive
901 3347 1003 3386 non
1049 3332 1328 3386 nominabo
1365 3329 1698 3402 Dominum),
1751 3349 1844 3386 nec

244 3425 432 3498 loquar
455 3424 594 3478 ultra
627 3425 679 3479 in
723 3425 929 3480 nomine
975 3425 1160 3496 ipsius.
1185 3423 1253 3480 Et
1281 3426 1450 3496 {actus
1473 3435 1548 3482 est
1590 3427 1646 3480 in
1687 3425 1845 3482 corde

243 3519 521 3592 meet/nasi
535 3517 1302 3590 ignisexrestttans,claususque
1325 3521 1381 3574 in
1411 3522 1606 3576 ossibus
1634 3521 1779 3588 meis,
1791 3531 1842 3576 et

245 3614 409 3687 ἀει·ρεί
433 3613 602 3686 980
621 3613 765 3686 (sive
780 3613 1066 3668 dissolutus
1084 3614 1240 3685 sum),
1265 3618 1402 3686 ferre
1427 3633 1527 3670 non
1558 3617 1837 3671 sustinens.

246 3709 436 3764 Audiui
479 3709 612 3764 enim
636 3709 976 3763 contumelias
999 3709 1142 3780 (sive
1169 3711 1616 3782 vituperationem)
1645 3710 1840 3766 multo-

243 3819 381 3870 rum,
413 3811 459 3856 et
482 3812 729 3856 terrorem
747 3803 801 3855 in
825 3802 1042 3856 circuitu
1063 3804 1208 3870 (sive
1233 3813 1666 3876 congregatarum
1686 3805 1838 3860 undi-

241 3893 384 3967 que),
418 3896 821 3968 persequimini,
875 3905 923 3948 et
971 3912 1344 3968 persequamur
1387 3914 1523 3952 eum.
1557 3897 1844 3954 Clamantc

245 4003 332 4043 me
375 3999 538 4058 atque
586 3988 826 4056 dicente,
871 3987 1018 4060 quod
1067 3989 1181 4059 jam
1250 3990 1583 4064 Babylonius
1637 3993 1846 4047 veniret

243 4081 556 4146 exercitus,
609 4093 663 4136 et
717 4081 900 4137 omnia
955 4081 1166 4137 hostilis
1203 4083 1418 4154 gladius
1480 4084 1839 4153 praedaretur,

246 4189 444 4230 versus
473 4181 558 4230 est
591 4174 723 4230 mihi
748 4190 932 4231 sermo
963 4175 1181 4232 Domini
1218 4178 1268 4231 in
1291 4177 1648 4249 opprobrium
1677 4187 1842 4248 atque

243 4265 490 4322 derisum
525 4307 541 4332 ,
598 4266 726 4322 dum
777 4267 1089 4324 tarditatem
1129 4269 1429 4341 prophetia:
1481 4278 1667 4340 putant
1720 4285 1844 4326 esse

243 4358 616 4415 mendacium.
641 4359 1006 4427 Quamobrem
1051 4360 1104 4418 in
1137 4378 1258 4418 mea
1295 4374 1480 4420 mente
1512 4363 1754 4434 decrevi,
1787 4373 1846 4421 ut

245 4453 387 4507 ultra
422 4451 491 4506 ad
525 4454 784 4523 populum
817 4453 909 4509 Dei
940 4454 1121 4511 verbis
1163 4472 1270 4512 non
1309 4457 1585 4528 loquerer,
1619 4471 1720 4512 nec
1745 4471 1844 4513 no-

245 4562 368 4602 men
397 4545 541 4601 illius
573 4547 936 4603 nominarem.
971 4547 1124 4616 Quod
1141 4565 1264 4608 cum
1297 4551 1505 4620 pudore
1521 4559 1839 4624 superatus,

1947 3323 2095 3379 dcam
2121 3342 2298 3397 quteso
2327 3326 2578 3384 ultionem
2614 3339 2758 3388 tuam
2799 3348 2864 3386 ea:
2889 3334 2963 3388 eis
2984 3374 2998 3399 ,
3037 3333 3131 3388 tibi
3156 3336 3293 3389 enim
3334 3335 3556 3392 revelavi

1945 3433 2158 3472 causam
2183 3435 2352 3474 meam
2381 3419 2618 3493 (Luam
2643 3419 2684 3494 ).
2715 3422 2884 3480 Solus
2905 3433 2990 3480 est
3018 3425 3305 3494 Dominus,
3326 3429 3417 3496 qui
3452 3445 3556 3484 uo-

1947 3511 2086 3564 vcrit
2129 3511 2370 3581 probare
2416 3512 2730 3581 justitiam,
2762 3516 3040 3584 quomodo
3089 3519 3243 3576 solus
3293 3527 3381 3576 est
3409 3561 3428 3582 ,
3461 3521 3556 3588 qui

1944 3604 2128 3660 cordis
2149 3606 2363 3660 interna
2394 3606 2723 3676 conSpiciat.
2755 3606 2913 3666 Unde
2940 3618 2994 3663 et
3015 3607 3180 3666 Jesus
3209 3610 3390 3667 sciens
3413 3614 3556 3684 cogi-

1947 3701 2180 3758 tationes
2205 3699 2512 3768 hominum,
2543 3718 2650 3759 non
2684 3720 2756 3760 ex
2799 3705 3072 3775 profectu.
3103 3715 3162 3762 ut
3187 3708 3412 3778 quidam
3449 3725 3554 3780 pu-

1941 3803 2099 3860 tant,
2133 3794 2229 3852 sed
2279 3807 2469 3854 natura
2503 3797 2649 3853 Deus
2677 3807 2784 3856 est.
2814 3799 2944 3856 Tale
2971 3799 3103 3869 quid
3147 3809 3204 3860 et
3235 3802 3293 3856 in
3323 3803 3554 3872 psalmis

1945 3897 2104 3946 sonat
2130 3907 2146 3948 :
2177 3889 2304 3948 Non
2333 3893 2722 3964 justiﬁcabitur
2743 3897 2801 3952 in
2831 3907 3111 3969 conspectu
3157 3907 3248 3958 tuo
3278 3903 3447 3956 omnis
3475 3903 3556 3957 ui-

1939 3999 2061 4039 rens
2092 3982 2267 4056 (Psal.
2295 4000 2464 4053 cun,
2492 3986 2574 4058 2).
2605 3987 2665 4046 Si
2697 3989 2893 4046 vivens
2921 3991 3221 4052 virtutibus
3248 4010 3358 4052 non
3385 3993 3553 4064 iusti-

1947 4075 2200 4131 licabitur
2228 4119 2242 4145 ,
2276 4091 2480 4149 quanto
2517 4082 2690 4152 magis
2733 4083 2828 4152 qui
2867 4098 2970 4154 pro
3017 4088 3262 4158 prconiis
3307 4096 3557 4148 mortals

1945 4167 2076 4222 est?
2106 4167 2354 4242 Cumque
2382 4186 2444 4230 se
2474 4172 2611 4228 sciat
2635 4174 2820 4244 justus
2849 4187 3316 4248 propugnatorem
3349 4179 3556 4238 habere

1951 4263 2144 4329 Deum.
2175 4275 2354 4324 tamen
2379 4266 2730 4336 impatientia
2756 4269 3070 4342 fragilitatis
3098 4271 3381 4344 humanae,
3403 4276 3556 4348 quod

1945 4359 2098 4414 novit
2143 4375 2267 4416 esse
2299 4371 2589 4420 venturum
2615 4361 2766 4434 ,jam
2809 4381 2954 4424 nunc
3008 4366 3198 4426 videre
3247 4367 3553 4430 desiderat.

1944 4451 2045 4508 Cui
2063 4461 2124 4509 et
2150 4455 2414 4512 revelavit
2435 4472 2657 4514 can-sant
2685 4473 2842 4514 suam
2863 4501 2881 4528 ,
2907 4462 3000 4532 qui
3025 4461 3157 4522 dicit
3177 4462 3234 4520 in
3260 4465 3371 4522 alio
3392 4465 3551 4525 loco:

1947 4543 2085 4600 Mitti
2109 4547 2406 4614 uindictam,
2435 4559 2488 4606 ct
2509 4566 2604 4620 ego
2632 4551 3076 4624 retribuam,dics't
3089 4555 3344 4614 Dominus
3369 4559 3553 4631 (Deut.

243 4639 557 4696 verecunde
579 4639 920 4710 quidem,setl
945 4642 1107 4697 stulte
1125 4618 1726 4714 constituissemJt-zctus
1748 4653 1845 4712 est,
1873 4618 1927 4680 Ῑ)
1949 4652 2124 4704 xxstt,
2156 4637 2268 4710 55).
2302 4639 2455 4698 Felix
2470 4653 2660 4699 autem
2681 4647 3048 4713 conscientia,
3073 4649 3233 4719 cujus
3251 4618 3416 4708 causa
3445 4652 3554 4710 Do-

243 4735 445 4806 inquit,
465 4734 524 4790 in
539 4734 698 4789 corde
709 4735 982 4805 meoquasi
997 4735 1131 4808 ignis
1145 4746 1302 4793 emat
1312 4753 1439 4791 uans
1452 4737 1766 4805 claususque
1793 4736 1847 4790 in

243 4828 614 4892 ossibusmeis;
649 4829 763 4883 sive
780 4827 1018 4899 undique
1032 4829 1484 4898 dissolutus-sum,
1517 4832 1589 4886 ita
1618 4840 1678 4888 ut
1700 4829 1846 4888 ferre

244 4941 356 4981 non
373 4938 618 4998 possem.
654 4920 968 4992 Conceptus
1003 4924 1150 4979 enim
1173 4926 1359 4982 animo
1375 4940 1561 4981 sermo
1598 4925 1841 4992 divinus,

243 5015 1239 5090 nectireprolalnsmrdctiupectore.
1270 5017 1425 5076 Umlc
1455 5029 1509 5074 et
1530 5019 1731 5078 Paulus
1766 5019 1844 5072 lo-

244 5111 431 5183 quitur
447 5129 460 5164 :
479 5109 540 5167 Si
567 5109 1008 5184 erangelizarero,
1028 5128 1131 5165 non
1157 5121 1228 5165 est
1243 5111 1371 5166 milii
1379 5113 1554 5186 gloria
1573 5129 1591 5167 :
1615 5113 1814 5170 necessi
1825 5142 1843 5152 -

245 5216 326 5260 tas
356 5208 499 5260 enim
534 5205 660 5260 milii
695 5205 968 5260 ἐπικῇ-ωε.
1013 5203 1101 5258 Va:
1129 5207 1262 5259 enim
1284 5207 1412 5260 milli
1435 5216 1530 5272 est,
1559 5207 1662 5262 nisi
1694 5222 1848 5261 cvan—

243 5301 571 5375 gelizauero;
589 5300 637 5354 si
661 5300 801 5355 enim
829 5297 1001 5354 uolens
1022 5297 1119 5354 hac
1143 5315 1266 5370 ago,
1319 5300 1604 5355 mercedem
1631 5297 1794 5354 habeo
1828 5315 1848 5358 .'

243 5398 291 5452 si
317 5407 494 5450 autent
519 5394 729 5462 inuitus,
763 5395 1080 5465 dispensatio
1122 5394 1252 5450 mihi
1305 5397 1500 5450 credita
1545 5407 1620 5458 cst
1645 5394 1689 5463 (Ι
1720 5394 1840 5450 Cor.

243 5507 322 5554 ts,
353 5489 444 5557 l6,
479 5489 589 5551 t7).
619 5488 686 5544 Et
711 5489 770 5544 in
815 5489 1046 5546 Athenis
1094 5488 1290 5546 videns
1323 5489 1648 5548 idololatria:
1693 5488 1846 5546 dedi-

245 5593 358 5641 tam
389 5583 693 5650 civitatem,
725 5583 1056 5640 incitabatur
1085 5584 1192 5657 [AL
1225 5583 1509 5654 incitatur]
1539 5584 1758 5653 Spiritu,
1792 5593 1849 5639 et

247 5688 357 5734 tota
389 5685 574 5733 tuente
599 5678 840 5734 lervebat
869 5679 1008 5750 (Act.
1027 5679 1188 5752 seu).
1221 5679 1295 5738 Et.
1324 5689 1446 5750 post
1471 5678 1756 5738 modicum
1789 5679 1843 5734 in

244 5774 440 5832 eodem
472 5772 750 5829 volumine
789 5774 1063 5842 legimus:
1091 5774 1223 5832 Cum
1269 5774 1529 5830 uenissent
1569 5782 1750 5829 autem
1779 5773 1844 5832 de

247 5864 564 5924 laudauit:
589 5863 738 5926 Silus
769 5880 812 5924 st
831 5865 1154 5938 Timotheus,
1175 5866 1411 5926 instabat
1431 5867 1582 5926 uerbo
1611 5865 1838 5936 Paulus,

1951 4729 2098 4784 mino
2129 4732 2409 4786 revelatur
2441 4733 2459 4804 (
2489 4732 2655 4789 Hebr.
2694 4751 2754 4802 κ.
2779 4737 2850 4794 50
2889 4735 2941 4809 ),
2975 4737 3194 4798 dicente
3239 4744 3508 4815 Apostolo
3535 4766 3548 4801 :

1952 4820 2118 4876 Omne
2147 4826 2285 4894 quod
2312 4827 2698 4902 manifestatur,
2727 4830 2821 4885 lux
2837 4842 2918 4888 est
2939 4832 3172 4906 (Ephes.
3197 4852 3250 4902 ν,
3285 4836 3400 4909 15).
3617 4835 3624 4840 ’

2021 4915 2204 4990 (Vera.
2233 4917 2345 4991 l5.)
2366 4919 2580 4978 Caritate
2599 4922 2846 4995 Domino,
2864 4926 3076 4988 laudate
3098 4931 3404 4999 Dominum,
3421 4935 3550 5004 quia

1943 5016 2178 5072 liberauit
2198 5019 2424 5073 animum
2451 5024 2692 5093 pauperis
2719 5026 2786 5083 de
2811 5041 2971 5086 manu
2991 5029 3335 5101 pessimorum
3361 5029 3548 5103 (Vulg.

1949 5107 2251 5184 nwlorum].
2271 5111 2371 5180 Qui
2406 5127 2614 5185 pauper
2633 5127 2724 5176 est
2741 5121 2962 5192 spiritu,
2991 5137 3092 5180 nec
3117 5122 3282 5182 habet
3303 5122 3548 5191 divitias,

1945 5219 2068 5274 qua:
2099 5216 2428 5276 receperunt
2455 5209 2508 5264 in
2535 5210 2642 5268 isto
2668 5214 2873 5275 sagulo
2896 5215 3340 5272 consolationem
3365 5233 3546 5286 suasu,

1949 5295 2016 5352 de
2057 5298 2258 5368 quibus
2285 5313 2339 5356 et
2361 5301 2568 5361 Paulus
2607 5306 2894 5378 loquitur;
2931 5309 3154 5364 Tantum
3175 5318 3231 5366 ut
3258 5327 3550 5383 pauperum

1950 5406 2197 5448 memores
2212 5395 2622 5470 essemus(l‘.Cor.
2632 5400 2899 5472 xstt),curl
2917 5400 3082 5458 fuerit
3093 5400 3390 5458 vindictam
3403 5421 3434 5458 a
3451 5404 3554 5462 Do-

1951 5486 2101 5544 mino
2113 5501 2472 5559 consecutus,
2503 5493 2788 5552 Dominum
2809 5495 3068 5552 laudatio
3089 5496 3384 5566 spiritu.et
3405 5500 3551 5556 sede

1950 5595 2112 5635 manu
2145 5584 2508 5652 pessimorum
2541 5598 2758 5641 erutum
2785 5587 3072 5658 gloriatur.
3107 5589 3222 5648 Hoc
3245 5601 3438 5650 autem
3465 5601 3552 5650 ιο*

1949 5681 2062 5729 tum
2087 5675 2176 5744 lit,
2197 5693 2313 5736 non
2349 5688 2542 5736 nostra
2561 5679 2786 5747 merito,
2813 5679 2907 5738 sed
2931 5679 3056 5750 eius
3079 5682 3260 5751 gratio
3285 5682 3378 5752 qui
3405 5700 3546 5754 pau-

1939 5785 2135 5840 perem
2168 5771 2430 5830 liberavit
2451 5812 2468 5840 ,
2495 5787 2603 5834 nec
2637 5772 2808 5832 habet
2839 5774 3065 5838 divitias
3093 5777 3371 5845 superva
3421 5793 3545 5844 00r-

1945 5869 2156 5928 rueutis
2183 5883 2197 5936 ;
2223 5867 2316 5926 sed
2339 5867 2528 5928 humili
2538 5875 2706 5928 lateat
2723 5867 2989 5941 sulpuris
3009 5867 3252 5932 liberati.
