1923 3744
235 178 288 206 80⁸1

846 177 875 206 S.
898 176 1038 206 EUSEBII
1057 176 1249 206 HIERONYMI
1800 182 1838 212 808

269 233 361 270 (Vers.
377 233 409 261 Η
423 232 515 268 seqq.)
526 232 668 261 Maledicta
682 233 748 265 dies.
765 233 792 260 in
807 241 860 269 qua
876 238 953 260 natus
962 242 1033 268 sum,
1048 237 1075 266 Α
1089 234 1199 262 Maesia:
1209 235 1380 268 sacerdotem,
1396 235 1484 264 dicens
1500 243 1509 263 :
1522 235 1656 272 Interroga
1673 245 1714 274 pro
1727 239 1787 268 nobis
1800 241 1839 268 Do-

235 280 290 307 dies
313 280 340 307 in
356 288 407 315 qua
428 280 526 315 peperit
549 288 587 307 me
608 284 689 307 muter
703 288 760 307 utea
775 288 827 306 non
842 280 876 307 sit
892 280 1034 308 benedicta.

235 326 393 355 Maledicms
404 327 441 353 vir
458 326 529 362 (~ive
545 327 622 354 homo
635 327 645 361 )
660 326 704 362 qui
719 327 883 354 annuntiavit
899 327 967 362 putri
980 335 1036 354 mro

233 374 332 406 dicens,
346 379 423 401 natus
438 378 475 401 est
489 374 536 401 tibi
556 373 628 409 ﬁlius
643 373 773 401 masculus
784 395 791 406 ,
805 379 829 401 ct
843 374 918 409 quasi
940 374 1037 409 gaudio

232 421 374 457 ltelificauit
389 430 457 448 eum.
475 421 517 449 Sit
538 421 614 448 homo
629 421 675 449 ille
695 427 723 448 ut
744 427 804 449 sunt
828 422 960 455 ciuitates,
972 429 1036 454 quas

233 468 354 496 subvertit
368 467 506 499 Duninus,
517 472 541 494 et
553 476 604 494 non
615 467 734 503 panituit
746 475 806 494 eum
818 475 826 494 :
838 466 929 494 audiat
939 467 1036 494 clamo-

234 522 286 541 rem
301 522 376 541 mune
389 534 396 545 ,
409 518 433 540 et
447 512 578 540 ululatum
592 514 618 539 in
631 518 744 549 lrmpure
754 513 899 540 meridiano
911 534 918 546 ,
928 514 972 549 qui
984 521 1035 540 non

234 560 365 596 interfecit
379 567 419 586 me
434 568 449 586 a
464 561 551 589 vulva.
567 564 594 586 ut
611 560 684 594 ﬁeret
701 560 765 586 mihi
779 565 861 587 mater
877 568 932 587 mea
947 558 1036 595 sepul-

233 617 317 641 crum,
334 613 358 636 ct
373 607 448 635 uulua
463 608 520 642 ejus
528 613 667 644 conceptus
679 612 801 635 wlernus.
819 607 906 641 Quare
918 606 951 634 dc
961 606 1036 633 vulva

234 663 354 691 egressus
369 663 436 688 sum,
453 660 480 681 ut
493 653 608 681 uiderem
624 653 740 681 laborem
755 660 779 681 et
793 653 920 687 dolorem,
937 657 960 680 et
975 661 1037 680 con-

234 708 398 731 sumerentur
414 703 439 730 in
453 702 604 738 confusione
613 702 669 730 dies
686 702 735 729 mei
747 702 816 735 ?Qui
829 701 1037 736 pulantunimas

234 750 319 778 fuisse
336 751 362 777 in
378 750 551 782 ctelestibus,
566 754 592 776 et
607 749 642 777 de
662 749 768 776 meliori
790 748 816 776 in
833 748 954 784 pejorem
978 754 1034 775 sta-

234 801 290 825 tum
307 796 502 832 principitatas.
520 796 571 824 hoc
589 800 616 823 et
636 795 827 831 [Huiuscemodi
850 800 961 823 utuntur
977 800 1034 823 tes-

234 843 373 876 timoniis,
387 843 459 878 quod
479 843 587 870 srilicet
603 842 701 870 melius
717 841 800 869 fuerit
823 842 849 869 in
865 841 1033 873 caelestibus,

234 896 315 925 quam
337 890 363 916 in
385 888 506 917 terrenis
519 889 696 921 ciunmorari,
714 892 741 916 et
760 895 860 923 corpus
876 887 1035 915 humilitatis

1088 281 1198 312 minum,
1210 282 1271 316 quia
1285 281 1529 310 Nabuchodonosor
1541 291 1587 310 rex
1598 282 1725 319 Babylonis
1738 287 1840 321 praliatur

1087 327 1225 355 adversum
1239 337 1298 358 nos,
1307 329 1329 355 si
1342 329 1410 364 forte
1422 329 1502 364 faciat
1514 328 1640 357 Dominus
1651 330 1764 358 nobiscum
1774 340 1841 360 secun-

1089 374 1153 401 dum
1169 375 1256 402 omnia
1275 376 1406 403 mirabilia
1421 384 1468 403 sua
1479 397 1486 408 ,
1499 381 1524 403 et
1544 375 1646 403 recedat
1663 385 1677 403 a
1695 378 1765 405 nobis.
1776 379 1842 413 supra

1088 420 1208 456 pontifex
1227 421 1342 456 Phasur,
1358 423 1416 450 sive
1433 423 1585 457 Pbascbor,
1602 424 1645 458 qni
1660 425 1777 459 percussit
1786 426 1842 455 lere-

1088 467 1182 500 miam,
1198 472 1305 502 patrem
1324 468 1420 495 habuit
1435 469 1545 496 Emmer
1561 469 1677 505 (Supra.
1693 471 1745 506 xx).
1759 471 1797 499 llic
1808 480 1842 499 au<

1088 518 1142 542 tem
1158 515 1264 543 Pbasur
1280 516 1349 543 lilius
1365 522 1406 544 est
1422 517 1555 545 Melchim.
1573 517 1629 545 lluc
1643 518 1748 552 idcirco,
1762 528 1789 547 ne
1799 521 1843 555 quis

1091 562 1217 590 eumdem
1235 569 1320 598 putet.
1337 563 1418 592 Mittit
1437 569 1526 592 autent
1550 573 1595 593 rex
1616 565 1733 594 Sedecias
1752 568 1778 594 ad
1794 568 1843 595 Pro-

1088 609 1215 644 phetam,
1233 611 1331 638 nolens
1352 611 1396 639 vel
1413 613 1543 648 populum
1560 612 1640 646 scire,
1653 615 1692 641 vel
1711 615 1780 651 983
1792 617 1844 649 prin-

1087 656 1163 690 cipes
1176 677 1182 686 .
1199 662 1228 683 ut
1243 657 1351 684 occulto
1368 666 1417 691 per
1437 658 1542 694 lvgatos
1567 659 1660 686 nuntio
1684 666 1843 696 recognouit,

1087 710 1167 737 quam
1184 703 1314 732 Dominus
1330 713 1414 739 super
1429 706 1523 733 urbem
1538 706 1698 741 Jerusalem,
1712 713 1736 735 et
1747 709 1844 743 pupulum

1087 750 1244 779 Judu-orum
1258 751 1359 780 habent
1373 754 1547 781 sententiam.
1560 753 1688 789 Quodque
1700 755 1770 782 infert
1780 764 1785 783 :
1796 756 1845 789 Quia

1089 798 1334 827 Nabuchodonosor
1343 809 1388 827 rex
1394 799 1536 836 Babylonis
1543 802 1797 837 prwlialuradvcrsum
1804 812 1845 838 nos,

1087 846 1208 872 OSIendit
1226 845 1281 880 jam
1311 847 1426 874 obsessa
1453 847 1608 876 Jerusalem
1621 869 1629 882 ,
1643 857 1657 876 a
1672 849 1788 884 Propheta
1810 851 1847 879 hoc

1086 891 1220 919 sciscitari
1231 892 1387 921 Sedcciam.
1403 894 1434 921 Et
1444 895 1603 929 notandum,
1615 896 1684 930 quod
1694 896 1718 923 in
1726 896 1846 931 Prophelis,

232 943 373 963 assumere
389 943 396 963 :
414 943 483 963 nova
497 935 621 969 qua-dam
634 957 641 968 ,
659 935 744 962 immo
755 934 812 969 jam
827 940 919 962 vetem
945 934 1033 962 Inure-
1050 933 1075 964 B
1089 939 1263 973 maximeque
1279 939 1307 966 in
1331 939 1476 968 Ezechiele
1488 962 1495 973 ,
1513 946 1540 968 et
1562 941 1678 969 Ieremia
1690 962 1697 975 ,
1713 950 1846 976 nequaquam

229 990 292 1011 seos
312 991 368 1010 sum
388 989 552 1017 argumenta
574 987 742 1018 quaerentes.
759 981 814 1009 Nos
831 989 895 1009 vero
912 981 1033 1016 legentes

230 1029 297 1057 illud
321 1029 393 1057 beati
409 1029 461 1057 J-ib
478 1038 485 1056 :
500 1029 583 1065 982
605 1028 748 1056 Maledicta
763 1028 818 1056 dies
839 1029 866 1055 in
886 1037 937 1064 qua
958 1032 1033 1054 natus

232 1084 299 1105 sum.
315 1080 339 1102 et
353 1083 405 1102 nos:
418 1076 465 1102 illa
478 1075 504 1101 in
520 1083 573 1110 qua
585 1074 718 1107 dixerunt,
735 1082 791 1101 cccc
803 1075 934 1101 masculus
950 1073 1031 1108 (Job.

232 1129 271 1156 tu,
285 1121 325 1157 3).
340 1122 389 1149 Et:
400 1121 556 1149 Malcdictus
567 1122 695 1156 homoqui
705 1122 869 1148 annuntiavit
883 1121 951 1155 patri
966 1129 1032 1154 meo,

231 1168 327 1201 dicem,
342 1172 417 1195 natus
430 1174 467 1195 est
476 1168 520 1195 libi
532 1177 606 1203 puer,
618 1168 681 1196 huic
693 1169 851 1196 testimonio
861 1173 1032 1202 coaptatnus,

231 1215 304 1251 quod
318 1215 424 1243 scilicet
437 1215 537 1243 melius
561 1216 598 1243 sit
621 1223 675 1243 non
692 1223 772 1249 esse,
787 1223 869 1250 quam
893 1215 983 1243 vivere
1005 1215 1032 1243 in

230 1262 387 1296 suppliciis,
400 1262 479 1296 juxta
495 1262 562 1290 illud
575 1262 648 1297 quod
665 1263 799 1297 scriptum
814 1267 857 1290 e-t
873 1271 880 1289 :
894 1262 967 1289 Mors
979 1262 1033 1289 viro

231 1309 342 1345 requies,
358 1309 402 1336 cui
417 1309 511 1336 clausit
524 1308 593 1336 Deus
609 1309 676 1336 rium
687 1317 760 1336 suam
772 1310 780 1344 (
790 1308 872 1335 Eccli.
884 1317 950 1341 χχιι,
965 1308 995 1336 Η

231 1355 263 1383 Et
278 1355 377 1383 iterum
395 1363 403 1382 :
420 1355 507 1388 Quare
517 1357 580 1383 data
593 1360 630 1382 est
649 1356 741 1383 misero
754 1355 816 1388 lux,
829 1360 852 1382 et
868 1356 920 1382 vita
935 1355 975 1382 liis
988 1355 1033 1389 qui

230 1402 257 1428 in
268 1401 444 1429 amaritudine
453 1402 547 1428 anima:
559 1407 620 1428 sunt
631 1400 704 1434 (Job.
719 1409 758 1434 Ill,
770 1400 817 1437 ΞΟ)
831 1401 842 1427 ?
856 1401 887 1428 Et
903 1402 929 1428 in
946 1401 1033 1429 EVan-

229 1449 302 1485 gelia
316 1449 480 1484 simpliciter
495 1448 601 1475 dictum
619 1449 735 1483 legimus
750 1456 756 1474 :
774 1447 868 1475 Melius
879 1448 902 1474 ei
912 1448 998 1483 fuerat
1012 1447 1033 1475 si

231 1500 307 1522 natus
318 1504 368 1522 non
382 1495 472 1531 fuisset
488 1494 598 1531 (Matth.
617 1502 690 1527 xxvu,
705 1494 755 1529 2i)
770 1502 842 1522 :non
854 1495 926 1529 quod
940 1494 974 1521 sit
986 1494 1032 1528 qui

230 1546 310 1568 natus
321 1549 374 1568 nun
386 1540 467 1568 fuerit
476 1548 483 1573 ;
492 1541 540 1568 sed
553 1540 626 1576 quod
641 1540 742 1568 melius
756 1540 792 1567 sit
803 1548 857 1567 nun
868 1548 940 1572 esse,
950 1547 1031 1575 quam

232 1587 303 1615 male
318 1595 390 1615 esse.
406 1587 486 1615 Aliud
501 1592 543 1615 est
562 1587 634 1614 enim
649 1588 766 1614 omnino
786 1595 841 1615 non
857 1595 919 1615 esse
933 1608 940 1620 ,
957 1587 1030 1615 aliud

1087 993 1181 1021 regum
1209 991 1236 1014 et
1264 992 1418 1021 temporum
1451 987 1520 1015 ordo
1551 995 1705 1019 servetur:
1731 989 1772 1017 sed
1800 997 1849 1024 prm-

1087 1036 1206 1066 postere,
1216 1033 1372 1068 quodjuxta
1386 1034 1528 1062 historiam
1541 1042 1638 1071 postea
1650 1036 1849 1070 lactuun5it,prius

1088 1079 1185 1106 referri
1199 1088 1206 1107 :
1220 1084 1248 1107 et
1264 1080 1335 1115 quod
1353 1081 1429 1116 prius
1443 1088 1550 1116 gestum
1567 1082 1614 1116 sit,
1631 1087 1730 1118 postea.
1744 1082 1810 1110 Aliud
1821 1087 1851 1109 est

1085 1125 1158 1152 enim
1176 1126 1317 1154 historiam
1329 1149 1336 1161 ,
1353 1128 1426 1155 aliud
1449 1129 1623 1165 prophetiam
1644 1130 1757 1158 scribere
1775 1135 1816 1157 :ut
1831 1130 1850 1156 in

1087 1172 1218 1206 prmsenti
1240 1172 1301 1200 loco
1315 1194 1322 1206 ,
1337 1173 1468 1202 Sedet-ias
1480 1195 1488 1207 ,
1503 1177 1548 1210 qui
1565 1183 1627 1203 cum
1649 1177 1713 1204 urbe
1732 1175 1850 1204 lerusabm

1086 1222 1183 1253 captus
1194 1225 1247 1253 est,
1261 1220 1375 1248 mittens
1388 1221 1517 1249 scribitur
1527 1222 1561 1249 ad
1572 1222 1726 1255 Jeremiam,
1738 1229 1759 1250 ei
1769 1230 1796 1250 eo
1805 1227 1851 1249 Ieiu-

1086 1272 1169 1300 pore,
1185 1274 1240 1300 quo
1254 1266 1434 1295 olnidebatur
1448 1268 1601 1297 Jerusalem
1617 1292 1624 1303 ,
1641 1275 1668 1298 et
1683 1276 1767 1305 postea
1781 1277 1851 1297 narra.

1089 1316 1133 1339 tur
1150 1312 1265 1340 historia
1288 1313 1393 1342 Joacim
1419 1315 1511 1342 lratris
1528 1316 1587 1351 ejus
1598 1339 1605 1350 ,
1623 1317 1668 1353 qui
1683 1323 1742 1345 ante
1754 1324 1805 1344 eum
1817 1324 1851 1343 rex

1086 1358 1134 1386 luit
1147 1369 1153 1386 :
1168 1365 1195 1387 et
1211 1360 1336 1388 Joachin.
1350 1361 1377 1388 id
1391 1368 1444 1395 εει,
1456 1362 1606 1397 Jecboniae,
1622 1364 1667 1400 qui
1678 1363 1852 1392 fuitbliusloa-

1085 1405 1151 1437 cim.
1167 1414 1250 1442 super
1263 1408 1361 1443 quibus
1374 1409 1481 1437 dicetur
1495 1411 1522 1439 in
1539 1412 1728 1445 sequentibus.

1121 1453 1212 1488 (Vers.
1227 1455 1243 1482 5
1256 1462 1333 1490 seqq.
1349 1457 1358 1491 )
1372 1455 1407 1482 Et
1419 1457 1624 1487 dixitleremias
1634 1460 1670 1487 ad
1679 1468 1721 1487 eos
1732 1467 1741 1487 :
1753 1459 1793 1487 Sic
1803 1459 1854 1485 dict-

1085 1500 1118 1526 tis
1134 1500 1251 1529 Sedecia:
1266 1509 1275 1528 :
1297 1502 1359 1530 Illuc
1380 1504 1443 1531 dicit
1458 1503 1590 1533 Dominus
1606 1506 1678 1534 Deus
1690 1506 1788 1534 Israel:
1804 1505 1854 1533 Ecce

1084 1555 1130 1582 ego
1144 1553 1289 1575 convertam
1304 1557 1365 1577 vasa
1379 1551 1440 1578 belli
1455 1551 1464 1587 (
1476 1553 1534 1580 sive
1549 1562 1625 1581 arma
1640 1555 1740 1590 bellica)
1754 1563 1803 1590 qua
1810 1559 1854 1581 sunt

1083 1594 1110 1620 in
1126 1595 1243 1623 manibus
1257 1597 1361 1630 uestris.
1379 1603 1402 1625 et
1413 1599 1505 1635 quibus
1516 1602 1640 1636 pugnotis
1651 1603 1776 1629 adversum
1788 1610 1853 1637 regem

228 1643 289 1663 cum
313 1635 366 1668 sit,
382 1635 486 1670 ub<que
508 1635 562 1662 ulla
585 1634 790 1662 intermissione
805 1635 923 1662 cruciari
939 1656 945 1668 ,
961 1642 1028 1670 quo-
1044 1633 1066 1664 C
1083 1639 1238 1676 Babylonis,
1252 1647 1277 1670 et
1291 1633 1428 1672 Cha/divos
1440 1666 1447 1678 ,
1461 1633 1640 1680 quivob-sident
1665 1657 1707 1676 vos
1726 1650 1750 1675 in
1769 1633 1857 1675 circuitu

231 1681 314 1710 modo
329 1686 445 1709 mortem
469 1681 590 1716 quietam
605 1701 613 1714 ,
626 1681 689 1709 vitae
703 1681 821 1708 miseria-
847 1681 1028 1715 pratl'crimus.

231 1728 309 1757 Unde
332 1733 361 1756 et
392 1729 475 1756 Amos
500 1727 573 1755 dicm
597 1728 716 1762 appellat
743 1727 918 1755 tenebrarum
937 1727 1029 1759 ,diem

229 1774 386 1802 alﬂictiouis
402 1774 507 1810 (Amos,
524 1781 538 1800 v
552 1773 574 1809 ).
593 1774 625 1801 Et
640 1773 726 1801 Jacob
742 1781 775 1800 eo
789 1773 863 1808 quod
880 1773 977 1800 vixerit
1003 1774 1028 1801 in

228 1821 322 1849 labore
335 1826 362 1847 et
377 1820 510 1855 angustia,
524 1820 584 1847 dies
597 1819 658 1847 \itir.
672 1828 728 1847 sua:
743 1828 842 1854 parvos
854 1824 882 1848 et
895 1821 1029 1853 pessimos

228 1872 306 1895 vocat
320 1867 431 1904 (Geues.
450 1875 519 1894 van
532 1866 552 1902 ).
569 1867 601 1895 Et
616 1866 717 1894 Paulus
738 1868 879 1900 aposiolus
893 1867 958 1895 dicit
972 1876 979 1894 :
995 1867 1029 1894 Ut

227 1914 334 1950 eriperet
345 1922 390 1940 non
402 1913 435 1940 de
445 1913 566 1949 pmsenti
579 1911 666 1940 seculo
678 1921 785 1948 nequam
795 1912 896 1948 (Colat.
910 1921 929 1943 1.
942 1913 983 1948 4).
996 1913 1030 1941 Et

229 1961 328 1989 iterum
350 1969 357 1989 :
377 1959 540 1988 Redimcntcs
561 1965 661 1996 tempus
678 1961 799 1995 quoniam
820 1960 873 1988 dies
891 1959 953 1988 ntali
970 1966 1028 1988 sunt

230 2008 340 2044 (Ephes.
358 2016 384 2041 v,
400 2008 456 2043 l6).
473 2008 578 2035 Hebra-i
593 2008 718 2043 quintum
736 2016 859 2036 mensem
881 2016 935 2044 quo
950 2013 1030 2043 capta

228 2055 384 2084 Jerusalem
406 2055 608 2090 Templnmque
629 2055 792 2083 subversum
814 2059 876 2089 est,
895 2055 1028 2083 nalivnati

226 2103 353 2131 Jeremim
364 2107 523 2139 supputant,
533 2102 767 2131 inexuicabilibus
775 2103 938 2139 quibusdam
949 2108 976 2130 ct
988 2103 1030 2130 in-

226 2150 406 2179 credibilibus
420 2150 601 2186 argumentis.
616 2150 693 2185 Quod
707 2151 728 2177 si
744 2151 859 2186 probare
871 2151 1027 2186 potuerint,

232 2196 370 2232 quomodo
388 2196 576 2223 testimonium
590 2195 642 2223 Job
656 2196 832 2231 interpretari
844 2198 968 2230 valeant,
982 2205 1029 2225 ne-

228 2243 296 2272 scio:
306 2243 357 2271 nisi
369 2243 441 2270 forte
449 2247 477 2270 et
488 2242 563 2270 illum
578 2242 651 2270 diem
663 2243 780 2278 quadam
796 2244 1025 2279 pra-ﬁguratimie,

228 2296 256 2320 et
275 2290 406 2318 Vaticinio
431 2290 583 2317 futurorum
605 2289 792 2317 sttbversinnis
814 2291 921 2325 Templi
950 2295 1028 2318 antu-

1082 1695 1215 1715 murorum
1227 1697 1236 1716 :
1250 1694 1274 1716 et
1284 1692 1446 1726 congregnbo
1456 1701 1498 1719 eos
1510 1694 1582 1729 (sive
1600 1694 1643 1731 eo)
1656 1696 1682 1722 in
1698 1696 1775 1722 medio
1788 1694 1857 1721 ciuita-

1082 1733 1114 1759 tis
1129 1734 1219 1768 hujus,
1234 1740 1258 1761 et
1273 1735 1408 1764 debellabo
1420 1746 1464 1765 uas
1478 1739 1504 1765 in
1521 1748 1600 1767 manu
1616 1746 1728 1774 extenta,
1741 1745 1762 1767 et
1776 1739 1858 1767 brachio

1082 1780 1144 1815 forti
1157 1780 1166 1815 (
1179 1781 1237 1809 sive
1252 1783 1353 1810 excalso
1366 1783 1375 1819 )
1387 1789 1410 1810 et
1425 1785 1450 1811 in
1464 1787 1564 1820 furore,
1576 1792 1601 1814 et
1615 1788 1643 1814 in
1655 1788 1857 1824 indignatioue,et

1082 1828 1107 1855 in
1120 1830 1160 1855 ira
1169 1831 1275 1866 grandi.
1289 1830 1322 1858 Et
1335 1833 1480 1867 percutiam
1492 1833 1655 1863 habitatores
1670 1836 1776 1863 civitatis
1785 1835 1859 1869 hujus:

1081 1876 1225 1903 homineset
1239 1877 1357 1912 iumenta
1366 1880 1514 1915 pestilentia
1530 1889 1626 1918 magna
1637 1883 1783 1910 morientur.
1795 1881 1860 1908 hus-

1080 1927 1131 1956 tra,
1151 1923 1252 1958 inquit,
1266 1932 1417 1960 repugnare
1431 1927 1513 1955 vultis
1524 1928 1667 1957 Chaldaeis
1684 1929 1860 1959 obsidentibus,

1080 1975 1188 1997 etnrma
1204 1971 1301 1999 bellica
1317 1974 1487 2008 prazpaialis,
1503 1982 1619 2010 quorum
1636 1976 1663 2003 in
1678 1976 1764 2003 media
1777 1980 1860 2001 Ianlum

1081 2018 1148 2046 urbe
1165 2027 1242 2047 usum
1258 2020 1405 2053 habebitis,
1419 2028 1449 2049 Ill
1463 2024 1560 2050 armati
1577 2031 1643 2051 esse
1659 2022 1862 2051 videamiuiﬁze-

1081 2069 1168 2094 terum
1185 2067 1240 2094 illis
1255 2068 1458 2103 obsidentibus,
1472 2078 1521 2105 ego
1537 2078 1586 2098 vos
1603 2071 1750 2099 debellabo
1761 2071 1784 2097 in
1797 2075 1862 2097 manu

1081 2118 1191 2141 extenta
1220 2119 1247 2141 et
1269 2114 1382 2142 brachio
1401 2116 1466 2143 [οι-ιι
1490 2124 1607 2151 meoque
1639 2118 1734 2145 furore
1760 2121 1785 2144 et
1807 2114 1863 2143 iudiv

1079 2161 1210 2195 gnatione
1224 2165 1374 2196 percutiam
1388 2171 1395 2190 :
1410 2168 1439 2190 ut
1452 2169 1478 2191 et
1495 2171 1542 2192 \os
1558 2168 1587 2192 et
1602 2173 1689 2192 omne
1704 2165 1773 2200 quod
1786 2163 1862 2199 :pirnt.

1080 2204 1152 2234 fame
1173 2213 1200 2234 et
1223 2208 1378 2241 pestilentia
1401 2209 1427 2237 in
1445 2210 1532 2238 media
1554 2211 1623 2239 urbe
1640 2212 1786 2239 moriatur.
1801 2208 1864 2244 Quod

1078 2253 1189 2289 quidem
1208 2258 1237 2281 ct
1260 2255 1360 2283 factum
1382 2255 1508 2291 legimus.
1531 2258 1647 2294 Ab~que
1665 2259 1721 2287 ulla
1737 2257 1805 2287 enim
1825 2264 1863 2283 w-

1080 2308 1157 2333 rona,
1174 2301 1346 2337 strepituque
1362 2304 1550 2339 pugnantium,
1567 2305 1636 2332 urbs
1655 2310 1731 2332 tanta
1743 2304 1865 2331 obsidione

227 2343 314 2367 ment.
338 2337 470 2372 Quodque
494 2337 661 2372 imprecatur
687 2337 891 2366 similitudinem
912 2338 1025 2366 sabvcr—
1040 2329 1063 2360 θ
1078 2352 1156 2382 οθμιη
1172 2329 1503 2384 051,.utq;loslvi:cerenl
1517 2329 1569 2378 ηέη
1588 2351 1740 2384 haberem,
1755 2351 1798 2377 sed
1810 2354 1864 2384 quos

226 2393 317 2414 sarum
332 2384 486 2418 civitatum,
500 2384 535 2412 de
549 2384 667 2412 Sodoma
680 2389 707 2412 et
720 2384 872 2412 GOmorrbu
884 2385 937 2413 dici
953 2385 1025 2414 arbi-

226 2437 295 2464 tror,
311 2437 339 2459 et
353 2439 433 2458 omne
447 2436 553 2464 tempus
566 2430 592 2457 in
610 2431 682 2458 luctu
697 2451 705 2464 ,
719 2435 748 2458 ut.
769 2440 848 2458 manu
862 2432 899 2459 sit
919 2432 1025 2460 clamor

226 2483 254 2507 et
274 2478 397 2506 ululatus
423 2478 551 2505 meridie.
572 2477 650 2512 Quod
672 2482 763 2506 autem
789 2475 870 2506 infert
887 2488 894 2506 :
911 2479 962 2512 Qui
985 2489 1024 2508 me

227 2534 277 2553 non
290 2526 418 2561 interfecit
437 2525 463 2551 in
476 2524 551 2551 vulva
564 2545 572 2558 ,
588 2524 673 2553 Deum
689 2526 839 2560 signiﬁcari
863 2531 970 2561 putant.
989 2527 1023 2555 Ut

225 2576 300 2605 esset,
316 2572 415 2607 inquit,
426 2571 488 2598 milii
503 2575 642 2606 εοηοιιριηι
656 2577 779 2606 teternus,
793 2579 855 2607 quae
867 2573 959 2601 omnia
981 2574 1024 2601 di—

225 2622 324 2646 cuntur
335 2617 522 2653 hyperbolice.
532 2618 652 2653 Denique
661 2619 772 2653 exponit
784 2627 881 2647 causas
889 2627 939 2647 cur
950 2628 1026 2648 inor-

225 2671 280 2694 tem
292 2665 419 2701 prtelcrat
434 2665 508 2699 vitae,
525 2670 553 2693 et
567 2666 681 2693 omnino
697 2675 751 2694 non
767 2674 841 2701 esse,
857 2676 937 2702 quam
953 2669 1024 2696 male

224 2722 305 2747 esse,
321 2714 489 2749 subjungeos
512 2722 519 2740 :
538 2713 626 2746 Quare
639 2714 671 2741 de
684 2715 759 2741 uulua
780 2723 897 2752 egressus
920 2725 978 2743 sum
995 2722 1024 2744 ut

225 2762 336 2790 viderem
351 2760 464 2787 laborem
478 2765 503 2787 et
522 2759 652 2794 dolorem,
665 2765 689 2787 et
702 2768 914 2789 consumerentur
925 2764 950 2790 in
962 2771 1022 2790 con-

224 2808 327 2844 fusione
340 2808 394 2835 dies
409 2807 458 2834 mei
472 2807 485 2834 7

260 2855 339 2890 (Cap.
356 2853 429 2882 XXI.
441 2861 477 2874 —'
492 2854 567 2882 Vers.
588 2855 600 2883 1
615 2854 705 2891 seqq.)
718 2855 828 2883 Verbum
841 2857 909 2892 quod
924 2858 1022 2893 factum

222 2906 262 2931 cst
275 2903 310 2929 ad
323 2901 466 2930 Jercmiam
480 2910 495 2928 a
508 2900 621 2930 Domino
631 2924 640 2936 ,
652 2904 756 2938 quando
770 2905 838 2932 misit
857 2906 891 2932 ad
906 2915 963 2933 eum
977 2914 1022 2934 rea:

222 2949 346 2978 Sedecias
361 2949 465 2977 Phasur
475 2949 560 2984 ﬁlium
573 2949 704 2985 Mclcltiw,
718 2958 743 2979 et
758 2952 922 2987 Sophoniam
935 2955 1020 2989 [ilium

1077 2398 1181 2421 tantum
1196 2400 1326 2429 caperent
1340 2405 1347 2423 :
1364 2396 1496 2429 Meliores,
1508 2398 1557 2430 ait,
1568 2399 1681 2433 fuerunt
1695 2398 1783 2435 gladio
1795 2396 1867 2423 vulne-

1075 2442 1136 2471 rati.
1154 2450 1232 2478 quant
1243 2443 1322 2470 occisi
1335 2444 1414 2479 fame.

1113 2488 1205 2523 (Vcrs.
1220 2489 1261 2519 7.)
1278 2488 1309 2516 Et
1321 2495 1378 2525 post
1392 2490 1464 2525 hlL'C,
1480 2492 1516 2518 ait
1531 2490 1665 2520 Dominus
1683 2500 1693 2520 :
1709 2491 1783 2519 Dabo
1798 2489 1866 2518 Sede‘

1075 2534 1142 2561 ciam
1170 2543 1256 2571 regem
1287 2534 1385 2570 Judw,
1411 2542 1436 2563 et
1464 2546 1552 2565 servos
1585 2540 1670 2575 ejus,
1698 2543 1724 2566 et
1756 2537 1864 2574 populum

1077 2584 1151 2618 ejus,
1166 2588 1190 2609 ct
1209 2583 1253 2618 qui
1273 2583 1391 2611 derelicti
1409 2590 1469 2612 sunt
1494 2586 1521 2612 in
1546 2586 1654 2613 ciuitate
1683 2586 1736 2613 hac
1759 2594 1774 2611 a
1795 2589 1866 2620 peste.

1075 2634 1099 2655 et
1123 2629 1223 2666 gladio,
1244 2636 1267 2656 et
1290 2631 1374 2665 fume,
1398 2632 1426 2658 in
1446 2640 1526 2658 manu
1552 2631 1805 2659 Nabuchodonosor
1836 2635 1868 2654 τε·

1075 2675 1112 2711 gis
1133 2674 1277 2710 Babylonis
1289 2697 1296 2708 ,
1312 2682 1335 2703 et
1353 2677 1381 2704 in
1397 2685 1474 2704 manu
1495 2678 1670 2705 inimicorum
1692 2686 1783 2706 eorum
1795 2698 1802 2709 .
1816 2681 1837 2703 et
1850 2675 1868 2700 in

1075 2729 1154 2748 ntunu
1168 2723 1342 2755 quwrenlium
1357 2723 1471 2750 animum
1487 2731 1595 2751 eorum:
1612 2730 1639 2751 et
1654 2725 1785 2760 percutiet
1799 2729 1836 2748 eos
1848 2720 1868 2745 in

1075 2776 1120 2795 ore
1132 2768 1227 2803 gladii,
1244 2774 1268 2795 et
1281 2777 1331 2796 non
1345 2770 1462 2805 ﬂectetur
1471 2791 1478 2804 ,
1494 2779 1576 2805 neque
1588 2777 1687 2806 parcet
1698 2794 1706 2803 ,
1720 2780 1767 2799 nec
1780 2770 1870 2797 iniure-

1075 2814 1154 2842 bitur.
1172 2815 1228 2843 Hoc
1242 2816 1315 2851 quod
1331 2824 1380 2844 nos
1401 2818 1594 2846 transtulimus
1614 2827 1622 2846 :
1645 2818 1737 2855 984
1751 2817 1784 2845 In
1804 2823 1869 2842 manu

1076 2861 1319 2892 Nabuchodonosor
1331 2865 1401 2901 regis
1415 2864 1572 2901 Babylonis,
1585 2871 1610 2893 et
1626 2867 1656 2894 in
1672 2875 1755 2893 manu
1768 2864 1871 2893 inimico-

1074 2918 1132 2937 rum
1153 2919 1241 2938 eorum
1254 2931 1262 2944 ,
1274 2912 1300 2939 in
1315 2912 1493 2948 Septuaginta
1511 2920 1564 2941 non
1579 2913 1718 2941 habetur.
1735 2914 1768 2940 Et
1788 2918 1833 2946 pro
1844 2914 1871 2936 eo

1073 2957 1145 2993 quod
1161 2966 1210 2986 uos
1226 2958 1344 2987 diximus
1362 2968 1367 2986 :
1386 2959 1446 2987 Non
1462 2959 1596 2994 ﬂectetur,
1617 2968 1707 2996 neque
1721 2964 1822 2997 parcet,
1835 2964 1871 2983 nec
