4080 6326
219 380 324 443 809

719 381 1373 442 COMMENTARIUKUM
1413 385 1480 442 IN
1519 383 1868 442 Jl'llilSMlAM
1913 386 2333 448 l'llOPllETAM
2373 393 2503 449 LIB.
2547 396 2636 452 IV.
2678 396 2834 453 CAP.
2874 397 3017 455 XXI.

3417 402 3524 459 8H)

217 492 560 558 miserebitur,
587 489 950 564 Septuaginta
977 493 1377 549 transtulerunt
1401 510 1415 547 :
1436 492 1558 549 Non
1581 510 1815 568 parcant,
1845 496 1893 555 Α
1924 492 2072 560 dine,
2105 506 2159 552 et
2186 497 2537 557 clementiam
2571 503 2788 559 Domini
2819 519 3213 578 consequatur.
3244 508 3522 583 Judicate,

217 600 306 638 nec
356 585 657 640 miserebor.
693 585 1002 656 Meliusque
1047 596 1132 642 est
1169 588 1321 656 juxta
1361 585 1681 642 llebraicum
1709 629 1724 654 ,
1758 594 1816 641 ut

215 678 460 736 crudelis
487 680 762 735 sententia
795 690 852 736 et
881 680 1228 750 inﬂexibilis,
1263 682 1435 754 magis
1467 683 1613 754 regis
1644 682 1818 756 Baby-

212 773 368 838 lonii,
393 790 556 845 quam
586 774 802 831 Domini
837 790 960 832 esse
983 776 1250 833 videatur.
1280 777 1518 832 Primum
1540 787 1724 834 autem
1747 779 1816 834 de

213 869 470 924 universa
503 869 636 924 urbe
677 872 1063 939 prephetatum
1098 881 1183 927 est
1233 888 1246 926 :
1288 888 1434 927 umtc
1467 861 1685 943 prop'rie
1713 872 1814 928 Se-

214 961 384 1019 decia:
417 961 758 1034 praedicitur.
789 973 846 1020 et
868 966 1072 1037 populo
1096 967 1238 1037 ejus,
1263 967 1352 1038 qui
1385 967 1588 1024 residui
1612 969 1816 1023 fuerint

211 1067 332 1128 post
364 1067 605 1127 pestem,
635 1057 913 1130 gladium,
948 1067 1005 1115 et
1034 1061 1254 1128 famem,
1287 1060 1430 1132 quod
1467 1077 1497 1115 a
1527 1062 1816 1118 Nabucho-

211 1148 452 1205 donosor
486 1166 616 1222 rege
658 1151 965 1224 Babylonio
1005 1155 1304 1226 capiendus
1335 1157 1444 1223 sit,
1479 1156 1819 1214 interﬁcien-

211 1245 422 1316 dusque
450 1261 575 1302 cum
608 1247 802 1302 amicis
826 1248 943 1303 suis
971 1248 1154 1318 gladio
1185 1269 1199 1306 :
1241 1265 1343 1307 nec
1369 1251 1536 1306 ullam
1569 1251 1691 1320 ejus
1717 1252 1819 1307 mi-

209 1339 569 1396 sericordiam
606 1349 812 1408 speret,
844 1340 998 1413 cujus
1047 1342 1228 1399 itedus
1261 1352 1316 1400 et
1355 1343 1815 1400 necessitudinem

209 1432 457 1506 perjuriu
484 1432 749 1490 deseruit.

279 1527 299 1596 (
337 1526 495 1582 Vers.
529 1527 562 1583 8
590 1526 774 1597 seqq.)
811 1526 878 1582 Et
916 1529 985 1582 ad
1021 1531 1274 1599 populant
1297 1535 1434 1586 hunc
1465 1532 1604 1588 dices
1634 1550 1650 1586 :
1687 1532 1818 1588 Ηωσ

209 1617 333 1674 dicit
367 1617 624 1673 Dominus
651 1635 670 1674 :
697 1617 834 1674 Ecce
856 1637 949 1692 ego
974 1622 1040 1675 do
1071 1639 1248 1677 corum
1279 1623 1420 1680 vobis
1445 1625 1580 1679 viam
1609 1626 1746 1690 vita,
1768 1635 1818 1680 et

207 1711 341 1768 viam
370 1713 572 1768 mortis.
609 1712 707 1781 Qui
726 1711 1030 1768 habitaverit
1056 1717 1110 1770 in
1137 1716 1262 1772 urbe
1285 1717 1403 1783 hac,
1433 1719 1684 1774 morietur
1704 1718 1819 1791 gla-

208 1805 316 1873 dio,
353 1809 516 1876 fame,
541 1814 590 1861 et
614 1816 772 1877 peste.
803 1806 906 1873 Qui
929 1817 1100 1862 autem
1127 1825 1362 1883 egressus
1384 1812 1562 1880 fuerit,
1587 1822 1632 1865 et
1653 1821 1822 1865 trans-

1920 589 2123 660 inquit,
2154 609 2304 647 mane
2334 597 2600 668 judicium
2629 640 2644 665 ,
2671 615 2776 653 non
2811 599 2863 654 iu
2915 601 3160 658 tenebris
3192 603 3523 674 iniquitatis,

1916 681 2010 736 sed
2036 683 2086 737 in
2117 684 2236 741 luce
2258 688 2502 755 justitiaa.
2541 690 2607 744 Et
2638 693 2801 746 eruite
2830 695 2879 747 vi
2909 710 3234 768 oppressum,
3267 698 3330 753 de
3361 717 3519 753 manu

1918 775 2329 849 calumniatoris,
2358 791 2410 834 ut
2442 798 2547 836 non
2573 786 2860 855 accipiatis
2891 802 3181 856 personam
3209 791 3262 844 in
3288 791 3523 859 judicio,

1917 868 2016 922 sed
2055 869 2314 926 divitibus
2352 889 2624 944 pauperes
2659 879 3096 948 opprimentibus
3123 923 3138 948 ,
3173 882 3343 953 magis
3375 885 3520 952 apud

1919 976 2016 1015 vos
2030 961 2124 1017 Dei
2146 962 2437 1032 imperium
2451 967 2648 1035 valeat,
2665 985 2826 1040 quam
2852 974 3093 1042 potentia
3109 976 3520 1046 persequentis.

1917 1053 1989 1108 Et
2018 1055 2088 1123 si,
2124 1056 2318 1126 inquit,
2351 1057 2454 1115 hoc
2485 1061 2752 1129 feceritis,
2780 1079 3121 1137 nequaquam
3155 1067 3528 1124 succendetur

1919 1148 1972 1202 in
2008 1149 2163 1206 vobis
2210 1150 2354 1222 ignis
2398 1151 2598 1209 furoris
2646 1157 2750 1210 mei
2778 1197 2792 1221 ,
2823 1173 2924 1214 nec
2951 1159 3193 1216 inveniet
3235 1163 3522 1218 materiam

1916 1257 2078 1312 quam
2127 1255 2436 1300 consumat.
2484 1246 2829 1305 Incredibilis
2863 1251 2916 1305 in
2961 1253 3065 1308 hoc
3097 1253 3217 1310 loco
3263 1254 3361 1310 Dei
3417 1257 3528 1312 cle-

1919 1337 2122 1392 mentia
2153 1338 2562 1396 demonstratur
2583 1385 2597 1409 ,
2630 1343 2776 1398 utde
2805 1344 3003 1414 quibus
3049 1362 3213 1416 supra
3247 1347 3468 1404 dixerat
3499 1367 3512 1402 :

1921 1426 2085 1483 Posui
2127 1431 2264 1484 enim
2296 1433 2480 1504 faciem
2506 1451 2673 1488 meam
2699 1452 2854 1506 super
2882 1437 3141 1491 civitatem
3173 1440 3308 1493 lianc
3337 1441 3388 1493 iu
3413 1459 3524 1494 ma-

1920 1520 2047 1590 lum,
2074 1534 2124 1579 et
2151 1542 2254 1580 non
2276 1528 2328 1580 in
2359 1527 2589 1595 bonum;
2614 1529 2668 1584 in
2694 1547 2850 1584 manu
2878 1532 3014 1603 regis
3048 1531 3326 1604 Babylonis
3355 1536 3530 1588 trade-

1919 1628 2005 1673 tur
2029 1661 2045 1686 ,
2074 1631 2122 1674 et
2156 1631 2337 1676 exuret
2370 1639 2484 1676 eam
2511 1624 2622 1694 igui
2651 1623 2666 1696 [
2698 1624 2782 1680 Αι.
2819 1624 3023 1699 ignis],
3050 1627 3164 1697 jam
3196 1626 3410 1682 Domini
3446 1630 3527 1682 in-

1920 1725 2150 1782 gruente
2195 1717 2494 1788 sententia,
2524 1733 2619 1772 eos
2673 1728 2937 1788 prmocet
2982 1721 3048 1775 ad
3101 1721 3359 1778 salutem.
3406 1721 3527 1777 Non

1921 1805 2067 1875 quod
2093 1806 2312 1876 ignoret
2341 1809 2531 1864 urbem
2553 1808 2859 1866 Jerusalem
2889 1827 3013 1868 esse
3035 1814 3400 1884 capiendam;
3429 1813 3527 1870 sed

210 1899 402 1973 fugerit
431 1898 500 1952 ad
531 1897 808 1954 Cltaldteos
831 1941 846 1966 ,
901 1902 991 1972 qui
1025 1900 1257 1956 obsident
1290 1917 1409 1969 vos,
1442 1904 1601 1971 viret,
1638 1914 1685 1958 et
1716 1904 1813 1957 erit
1844 1889 1894 1950 Β
1919 1899 2064 1968 quod
2112 1899 2346 1956 liberum
2405 1903 2614 1958 homini
2670 1915 2920 1960 servetur
2969 1907 3289 1975 arbitrium,
3313 1915 3373 1963 ut
3415 1924 3527 1965 non

206 1993 255 2048 ei
282 1993 461 2048 anima
483 2010 577 2048 sua
601 1994 751 2066 quasi
777 1995 1022 2067 spoliant.
1059 1995 1221 2051 Posui
1249 1997 1387 2051 enim
1413 1997 1601 2067 faciem
1645 2013 1810 2052 meam

205 2102 360 2157 super
391 2087 648 2142 civitatem
677 2087 813 2142 ltauc
837 2089 891 2143 in
908 2087 1134 2155 malum,
1167 2099 1215 2145 et
1256 2107 1358 2145 non
1392 2091 1446 2145 in
1478 2091 1668 2145 bonum
1688 2131 1701 2155 ,
1736 2091 1812 2144 ait

206 2179 492 2238 Dominus.
519 2181 587 2236 In
619 2199 778 2238 manu
805 2185 941 2256 regis
975 2182 1258 2256 Babylonis
1287 2184 1524 2254 dabitur,
1559 2195 1605 2240 et
1632 2195 1811 2241 exuret

207 2294 319 2334 eam
341 2278 472 2349 igni.
507 2277 606 2334 llis
628 2278 721 2348 qui
749 2294 780 2335 a
809 2294 936 2350 rege
961 2280 1114 2336 missi
1139 2291 1286 2347 sunt,
1314 2288 1371 2335 et
1391 2280 1458 2336 ad
1481 2279 1808 2352 Prophetam

206 2381 473 2429 venerant
499 2370 912 2442 deprecandum
940 2417 953 2439 ,
983 2381 1042 2428 ut
1071 2371 1437 2443 interrogaret
1469 2389 1566 2444 pro
1594 2373 1675 2428 eis
1706 2372 1813 2427 Do-

207 2465 418 2520 tninum
448 2505 464 2532 ,
499 2467 783 2535 superiora
830 2465 1224 2536 responderat,
1257 2473 1313 2522 et
1369 2482 1490 2536 quae
1543 2465 1814 2522 referrent

207 2557 322 2628 regi
353 2555 624 2613 Sedeciaa.
649 2556 806 2612 Nunc
834 2558 1086 2613 hortatur
1104 2568 1164 2614 ut
1187 2557 1562 2629 respondeant
1587 2557 1807 2630 populo,

207 2649 414 2722 datque
444 2650 736 2705 consilium
762 2659 822 2705 ut
849 2651 1217 2722 transfugiant
1241 2650 1308 2705 ad
1337 2649 1650 2715 Chaldaeos,
1683 2665 1816 2704 con-

209 2752 292 2800 tra
311 2743 516 2816 regiam
541 2743 902 2810 voluntatem,
927 2743 1070 2815 quod
1097 2743 1464 2813 periculosum
1490 2742 1658 2798 fuisse
1679 2741 1816 2798 Pro-

209 2835 412 2906 phetze,
447 2834 632 2890 nullus
663 2836 901 2906 ignorat.
932 2833 1090 2892 Unde
1130 2845 1184 2891 et
1212 2846 1447 2891 mortem
1474 2834 1577 2889 sibi
1615 2835 1816 2905 impre-

211 2937 367 2986 catur
397 2941 446 2985 et
479 2929 615 2984 dicit
645 2946 658 2982 :
696 2927 980 2984 Maledicta
1001 2930 1136 2997 dies,
1169 2932 1224 2985 in
1245 2947 1347 3002 qua
1379 2939 1531 2985 natus
1561 2946 1674 2984 sum
1696 2928 1818 3003 (Je-

208 3039 339 3079 rem.
368 3038 462 3087 xx,
488 3022 602 3096 14).
633 3021 721 3089 Et,
761 3023 933 3090 Quare
959 3025 1022 3078 de
1052 3024 1204 3078 vulva
1229 3040 1466 3096 egressus
1498 3040 1634 3090 sum,
1664 3035 1720 3078 ut
1740 3025 1816 3078 vi-

211 3115 384 3172 derem
413 3113 643 3169 laborem
669 3124 716 3169 et
741 3113 976 3171 dolorem
1001 3114 1196 3188 (Ibid.,
1231 3115 1358 3188 18)?
1386 3115 1503 3172 Non
1528 3117 1672 3187 quod
1696 3117 1814 3174 leve

213 3209 304 3278 sit,
339 3208 575 3265 necdum
607 3211 782 3280 captis
813 3209 945 3266 dare
971 3210 1296 3277 consilium,
1319 3225 1379 3267 se
1420 3211 1562 3266 ultro
1602 3210 1816 3268 tradere

1914 1991 2221 2063 ignorantia
2258 1996 2424 2050 futuri
2453 2039 2468 2065 ,
2493 1997 2591 2052 sed
2640 1998 2924 2054 voluntate
2959 2002 3175 2072 propria
3226 2002 3522 2058 videantur

1915 2085 2116 2154 perire.
2147 2088 2436 2154 Quomodo
2459 2099 2515 2144 et
2541 2090 2799 2148 Salvator
2826 2091 3037 2148 sciebat
3066 2091 3392 2164 Apestulum
3431 2114 3526 2153 ne-

1912 2187 2195 2249 gaturum,
2226 2169 2281 2237 et
2313 2197 2374 2236 se
2399 2195 2524 2238 esse
2551 2183 2983 2256 cruciﬁgendum
3020 2187 3262 2258 :quippe
3293 2190 3386 2260 qui
3422 2189 3527 2245 hoc

1913 2269 2197 2343 Apostolis
2223 2289 2371 2348 saepe
2405 2276 2760 2347 praedixerat.
2789 2289 2848 2335 et
2889 2279 3252 2338 nihilominus
3279 2298 3527 2340 commo-

1916 2365 2114 2432 nebat,
2158 2367 2352 2423 volens
2400 2383 2497 2424 eos
2547 2371 2830 2440 corrigere
2877 2372 2945 2427 ad
2994 2375 3412 2444 ptenitentiam;
3461 2388 3524 2431 ut

1914 2457 2178 2529 quidquid
2213 2469 2404 2528 postea
2433 2463 2840 2530 susuuuerunt,
2867 2479 2968 2520 suo
3009 2467 3144 2523 vitio
3184 2468 3266 2523 eis
3308 2469 3525 2525 accide-

1915 2547 2009 2614 rit,
2035 2564 2144 2604 non
2169 2551 2367 2606 duritia
2397 2555 2812 2610 comminantis.

1994 2642 2177 2712 (Vers.
2206 2645 2296 2712 15,
2328 2645 2612 2718 M.)Ecce
2637 2665 2730 2719 ego
2772 2651 2841 2704 ad
2885 2660 2932 2705 te
2969 2651 3329 2708 habitatricem
3378 2655 3530 2710 vallis

1915 2733 2103 2790 solida:
2130 2745 2284 2809 atque
2311 2741 2632 2812 campestris,
2659 2743 2735 2796 ait
2758 2741 3040 2812 Dominus,
3064 2746 3156 2816 qui
3185 2746 3380 2812 dicitis,
3410 2748 3528 2818 quis

1915 2833 2162 2902 percutiet
2188 2831 2329 2903 (sive
2357 2834 2588 2906 terrebit)
2619 2836 2754 2890 nos?
2786 2835 2854 2890 Et
2899 2839 3015 2910 quis
3060 2839 3383 2913 ingredietur
3431 2841 3528 2897 do-

1917 2939 2034 2978 mus
2062 2927 2305 2981 nostras?
2326 2924 2395 2980 Et
2418 2927 2634 2982 visitabo
2655 2945 2812 3000 super
2828 2945 2914 2984 vos
2932 2947 2952 2996 ;
2975 2932 3233 3002 quodque
3251 2932 3522 3004 sequitur,

1906 3021 2067 3092 juxta
2091 3027 2322 3093 fructum
2344 3021 2642 3078 studiorum
2669 3035 2979 3092 vestrorum,
3004 3027 3132 3083 dicit
3165 3027 3442 3096 Dominus,
3469 3029 3520 3084 iu

1918 3111 2061 3168 LXX
2096 3128 2206 3168 non
2254 3114 2509 3171 habetur.
2535 3114 2603 3170 Et
2639 3117 2968 3182 succendam,
3005 3119 3202 3190 inquit,
3248 3122 3418 3193 ignem
3469 3122 3526 3175 iu

1917 3208 2057 3262 saltu
2081 3209 2213 3280 ejus,
2239 3219 2286 3264 et
2311 3211 2578 3266 devorabit
2607 3213 2781 3267 omnia
2811 3214 2862 3267 in
2889 3213 3109 3269 circuitu
3130 3219 3266 3289 ejus.
3299 3216 3408 3272 Pro
3433 3215 3528 3271 ba-

209 3307 533 3376 captivitati,
565 3305 723 3373 quasi
763 3307 808 3361 si
839 3306 1081 3377 passuris
1113 3305 1454 3378 naufragium
1491 3305 1812 3377 imperetur,
1838 3281 1888 3347 ο
1920 3301 2175 3359 bitatrice
2207 3305 2362 3361 vallis
2391 3305 2584 3362 solidae
2605 3317 2772 3378 atque
2788 3281 3524 3382 campestris,Septuaginta

213 3409 268 3456 ut
295 3407 429 3455 ante
452 3398 799 3470 naufragium
828 3409 883 3455 et
912 3399 1232 3470 dissipatam
1287 3415 1510 3467 navem,
1539 3415 1721 3456 remos
1764 3409 1820 3454 et

215 3493 432 3549 tabulas
457 3493 804 3563 corripiant,
829 3502 886 3550 et
924 3511 984 3550 se
1015 3495 1178 3550 undis
1227 3495 1445 3551 tradant
1477 3514 1490 3550 :
1528 3496 1626 3552 sed
1672 3495 1818 3568 quod

213 3588 558 3645 tolerabilius
589 3590 656 3644 sit
679 3599 1009 3662 ,utcumque
1053 3601 1243 3662 captos
1266 3593 1473 3658 vivere,
1499 3607 1662 3663 quam
1705 3593 1817 3662 gla-

215 3680 324 3750 dio,
351 3680 522 3749 fame,
547 3691 602 3737 et
631 3692 788 3753 peste
827 3682 1107 3738 consumi.
1138 3683 1278 3739 Sunt
1307 3685 1400 3756 qui
1446 3685 1591 3740 hunc
1640 3685 1819 3740 locum

213 3776 515 3833 secundum
553 3777 914 3850 tr0pologiam
948 3780 1030 3835 sic
1071 3778 1392 3836 edisseruut
1422 3823 1438 3849 ,
1472 3781 1668 3836 inelius
1700 3797 1823 3838 esse

213 3875 570 3934 saecularibus
597 3889 659 3932 se
686 3875 902 3932 tradere
933 3876 1264 3947 disciplinis,
1288 3887 1343 3933 et
1369 3877 1608 3934 maxime
1643 3877 1823 3948 philo-

215 3970 453 4042 sophiae,
484 3984 650 4040 quam
680 3969 732 4025 in
765 3969 855 4024 illa
889 3985 1213 4041 permanere
1236 3970 1508 4034 Ecclesia,
1539 3971 1593 4025 in
1621 3986 1723 4040 qua
1753 3969 1823 4025 fa-

217 4079 333 4121 mes
359 4064 432 4119 sit
470 4064 745 4119 sermonis
776 4063 900 4130 Dei,
933 4073 990 4118 et
1029 4072 1263 4119 cunctus
1293 4064 1528 4135 populus
1555 4105 1571 4132 ,
1597 4063 1820 4119 haereti-

213 4173 406 4216 corum
425 4157 611 4228 gladio
633 4156 1011 4230 doctrinaeque
1034 4159 1285 4230 penuria,
1309 4168 1366 4216 et
1388 4159 1642 4216 haeretica
1670 4167 1821 4230 peste

214 4252 504 4310 moriatur.

285 4344 477 4416 (Vers.
514 4345 601 4410 Η,
635 4344 754 4416 12.)
779 4341 850 4398 Et
872 4344 1052 4399 domui
1077 4345 1212 4416 regis
1239 4343 1597 4414 Juda,audite
1618 4346 1822 4401 verbum

215 4437 434 4493 Domini
445 4437 632 4492 domus
649 4435 815 4492 David
823 4435 976 4493 .Hazc
986 4435 1111 4491 dicit
1128 4436 1662 4505 Dominus,1udicate
1676 4456 1823 4493 mane

208 4531 497 4604 judicium,
521 4540 568 4584 et
587 4531 750 4584 eruite
769 4546 1074 4602 oppressum
1093 4531 1158 4585 de
1178 4547 1332 4586 manu
1351 4530 1742 4597 calumniantis,
1761 4549 1824 4588 ue

221 4628 355 4700 forte
371 4624 668 4695 egrediatur
684 4624 826 4694 (sive
841 4632 894 4678 ut
909 4640 1012 4678 non
1023 4622 1494 4698 egrediatur)quasi
1509 4625 1642 4699 ignis
1657 4624 1823 4699 985

1922 3396 2340 3465 transtulerunt,
2373 3396 2507 3453 Ecce
2554 3415 2648 3471 ego
2696 3401 2764 3452 ad
2812 3408 2882 3468 te,
2911 3401 2998 3472 qui
3041 3401 3248 3456 habitas
3292 3403 3345 3456 in
3390 3404 3531 3458 valle

1922 3502 2020 3544 son
2051 3491 2189 3561 ('11!)
2239 3494 2536 3564 campestri,
2588 3509 2686 3563 pro
2726 3509 2835 3564 quo
2878 3496 3262 3566 Symmachus,
3297 3507 3520 3568 petram,

1923 3581 2231 3638 Theudotio
2268 3583 2553 3651 obsessam,
2587 3586 2935 3656 interpretati
2972 3596 3130 3654 sunt;
3164 3588 3377 3656 Aquin
3415 3590 3523 3658 pri-

1922 3693 2008 3732 ma
2052 3678 2226 3734 editio
2254 3680 2500 3744 solidam,
2536 3681 2780 3736 secunda
2815 3679 3026 3752 Tyrum.
3075 3682 3180 3738 Sor
3218 3685 3366 3737 enim
3407 3683 3523 3740 sive

1922 3768 2030 3826 Sur
2051 3770 2231 3840 lingua
2253 3771 2664 3844 Hebraza986
2683 3782 2739 3828 et
2762 3772 2980 3846 Tyrum,
3003 3785 3056 3829 et
3079 3773 3300 3840 silicem,
3321 3783 3374 3830 et
3395 3773 3420 3812 ι)
3435 3793 3525 3828 co-

1923 3873 2178 3918 arctatam
2215 3873 2402 3918 sonat.
2455 3863 2726 3932 Loquitur
2759 3874 2939 3921 autem
2978 3872 3172 3921 contra
3211 3865 3520 3922 Jerusnlem

1923 3973 2043 4028 qua:
2092 3957 2379 4014 obsidione
2425 3958 2626 4014 vallata
2682 3968 2797 4027 est,
2829 3960 2953 4015 sive
3001 3959 3058 4014 iu
3109 3959 3521 4017 similitudinem

1925 4047 2074 4123 Tyri,
2105 4050 2261 4122 quasi
2294 4051 2432 4107 mari
2461 4052 2678 4122 grandi,
2706 4051 2780 4107 ita
2813 4051 3120 4124 Babylonio
3143 4055 3389 4109 exercitu
3410 4055 3525 4110 cin-

1925 4145 2091 4215 gitur,
2116 4153 2174 4200 et
2193 4145 2434 4200 evadere
2457 4160 2565 4202 non
2591 4154 2775 4217 putest
2793 4163 2808 4212 ;
2829 4159 2922 4202 aut
2944 4157 3096 4204 certe
3119 4163 3241 4219 quae
3263 4164 3324 4205 se
3347 4149 3523 4204 instar

1928 4244 2096 4307 petrae
2119 4236 2431 4293 durissima:
2458 4239 2938 4311 inexpugnabilem
2965 4249 3117 4310 putat
3142 4249 3308 4312 atque
3331 4242 3526 4297 robus-

1927 4339 2036 4386 tam
2064 4346 2164 4402 pro
2191 4331 2472 4388 soliditate
2521 4349 2802 4388 murorum
2835 4343 2892 4390 et
2922 4335 3322 4406 magnitudine,
3353 4347 3410 4392 et
3440 4336 3527 4391 di-

1926 4425 2001 4480 cit
2035 4442 2049 4480 :
2084 4425 2212 4494 Quis
2241 4436 2428 4482 terrere
2473 4444 2565 4483 nos
2605 4429 2830 4501 poterit?
2850 4441 2897 4484 et
2925 4431 3040 4500 quis
3082 4431 3404 4501 ingredietur
3431 4431 3528 4487 do-

1925 4534 2042 4572 mus
2081 4520 2324 4575 nostras?
2363 4537 2488 4576 cum
2515 4537 2546 4578 e
2575 4523 2857 4579 contrario
2904 4523 3163 4594 loquatur
3196 4524 3379 4580 Deus:
3411 4525 3527 4597 Ego

1927 4607 2145 4664 visitabo
2173 4625 2293 4676 vos;
2328 4626 2508 4668 meum
2549 4612 2787 4669 evadere
2826 4613 3047 4669 oculum
3098 4631 3208 4670 non
3257 4616 3526 4687 poteritis.

224 4686 518 4792 indignatio
531 4686 1178 4784 mea.etsuccendatuvr,et
1197 4686 1379 4773 transit
1393 4720 1481 4788 qui
1497 4686 1820 4790 cuttinguat',
1851 4686 1903 4747 Β
1930 4701 2174 4760 “suam
2201 4713 2388 4762 autem
2418 4722 2514 4762 V03
2551 4708 2605 4762 ίιι
2638 4708 2963 4778 Feruida",
2992 4717 3048 4765 ει
3096 4711 3326 4768 reddam
3372 4713 3532 4768 “bis

221 4822 247 4852 α
267 4823 481 4886 propter
493 4812 746 4866 malitiam
759 4811 1052 4865 studiorum
1071 4812 1538 4880 vestrorum.Quod
1553 4813 1818 4884 sequitur,

221 4906 449 4982 Propter
476 4906 726 4960 malitiam
747 4905 1042 4959 studiorum
1064 4915 1369 4974 vestrorum,
1392 4905 1446 4961 in
1469 4906 1821 4977 Septuaginta

222 5017 333 5058 non
351 5001 607 5056 habetur.
627 4999 766 5066 Quia
784 5012 946 5064 supra
967 4995 1074 5068 [AL
1091 4999 1203 5068 jam
1224 4996 1648 5071 supra]dixerat,
1672 4997 1736 5053 Et
1758 4997 1825 5052 ad

223 5095 483 5167 paputum
502 5090 641 5145 hunc
655 5091 813 5160 dices,
835 5087 884 5142 Η
893 5103 968 5142 wc
986 5088 1110 5142 dicit
1128 5088 1406 5159 Dominus,
1423 5100 1828 5160 consequenter

222 5201 374 5243 nunc
404 5183 592 5246 infert,
617 5193 665 5237 et
688 5182 870 5237 domui
891 5181 1026 5253 regis
1041 5179 1182 5236 Iuda
1205 5198 1224 5238 :
1250 5192 1308 5237 ut
1337 5181 1716 5249 subaudiatur,
1745 5181 1826 5236 di-

225 5295 330 5344 ces,
360 5279 473 5333 Itwc
495 5276 621 5330 dicit
647 5274 903 5330 Dominus
931 5290 952 5332 :
972 5277 1077 5333 ἀπὸ
1107 5283 1272 5333 κοινοῦ
1287 5277 1432 5333 enim
1459 5287 1516 5334 et
1542 5275 1828 5348 superiora

225 5384 282 5431 et
317 5372 578 5428 inferiora
601 5369 905 5442 junguntur
945 5387 962 5436 ;
994 5379 1053 5426 ut
1079 5372 1150 5426 sit
1179 5385 1374 5427 sensus
1411 5387 1425 5425 :
1455 5370 1522 5426 Et
1555 5370 1624 5425 ad
1666 5388 1835 5442 popu-

227 5468 338 5524 lum
376 5466 516 5519 Ituuc
555 5463 725 5530 dices,
759 5461 892 5519 Hac
919 5463 1042 5518 dicit
1082 5462 1363 5519 Dominus.
1394 5463 1623 5536 Proprie
1650 5475 1834 5521 autem

227 5576 418 5618 sermo
449 5557 508 5612 fit
535 5555 602 5610 ad
647 5555 870 5611 donnim
904 5556 1130 5628 regiam,
1167 5557 1240 5613 ob
1266 5555 1424 5627 Cujus
1454 5557 1692 5612 maxime
1721 5557 1839 5612 cul-

229 5667 356 5726 pam
388 5650 584 5708 civitas
607 5647 917 5719 obsidetur,
950 5660 1009 5706 ut
1029 5650 1285 5708 emendet
1304 5665 1550 5708 errorem
1593 5651 1832 5723 ptenitu-

309 5826 334 5853 ει
369 5813 551 5870 Malim
585 5813 653 5869 ad
685 5813 849 5869 tidem
875 5813 1107 5872 Cisterc.
1140 5823 1198 5872 et
1248 5815 1420 5871 Vatic.
1457 5829 1592 5870 mss.
1641 5815 1733 5872 hic
1761 5830 1843 5873 re.

237 5888 394 5945 ticeri
443 5885 638 5950 verba.
672 5894 882 5956 propter
913 5889 1168 5944 malitiam
1205 5887 1501 5943 studiorum
1530 5899 1845 5956 vestrorum,

241 5975 368 6047 qua:
421 5956 508 6014 hic
538 5956 853 6024 abundant,
887 5968 940 6012 et
968 5960 1152 6016 statim
1194 5971 1318 6030 post
1346 5974 1448 6018 suo
1477 5959 1619 6029 loco,
1649 5961 1846 6020 reetis-

534 6053 814 6116 ΡΑτιοι..
863 6053 1090 6118 XXIV.

1925 4794 2164 4851 fructum
2188 4797 2412 4853 malitia:
2444 4808 2665 4855 vestrae.
2690 4800 2756 4855 Et
2777 4815 2882 4872 ego
2898 4804 3228 4859 succendam
3262 4805 3442 4874 ignem
3473 4804 3533 4860 in

1929 4889 2072 4945 saltu
2126 4901 2332 4946 vestro.
2365 4890 2484 4948 Non
2531 4893 2888 4966 Babylonius,
2931 4908 2989 4952 ut
3031 4899 3258 4969 putatis,
3291 4914 3399 4953 non
3435 4912 3533 4953 rex

1929 4980 2310 5039 Chaldaeorum
2334 5000 2349 5051 ;
2380 4985 2475 5041 sed
2499 5001 2620 5040 utea
2649 4987 2767 5044 llaec
2787 4989 2974 5045 omnia
3004 4991 3084 5045 ira
3118 4991 3386 5062 perliciet.
3412 4988 3534 5046 Sal-

1935 5088 2049 5134 tum
2082 5088 2264 5134 autem
2301 5090 2460 5136 vocat
2489 5079 2823 5148 Jerusalem,
2854 5094 2909 5139 et
2932 5099 3150 5140 omnem
3180 5084 3325 5139 circa
3354 5083 3535 5152 regio-

1933 5188 2080 5240 nem,
2115 5187 2238 5244 quaz
2272 5170 2557 5244 frugiferas
2587 5175 2812 5231 arbores
2840 5177 3111 5231 bonorum
3150 5190 3378 5245 operum
3424 5191 3532 5229 non

1935 5267 2121 5333 habet,
2168 5266 2312 5338 quod
2359 5267 2431 5323 sit
2487 5269 2739 5325 incendio
2780 5281 3138 5342 praeparatus.
3193 5267 3538 5339 Pulchreque

1935 5367 2136 5424 vallem
2176 5366 2420 5438 appellat
2447 5377 2834 5439 campestrem,
2865 5367 3010 5438 quod
3039 5365 3226 5438 pervia
3267 5364 3339 5419 sit
3367 5363 3541 5421 hosti-

1938 5461 2042 5518 bus
2076 5481 2088 5517 :
2117 5472 2173 5518 et
2212 5476 2318 5516 non
2349 5463 2936 5540 montem‘excelsum,
2970 5462 3062 5532 qui
3109 5459 3406 5515 difﬁculter
3447 5475 3539 5514 as-

1941 5556 2101 5613 cendi
2156 5565 2355 5626 potest,
2384 5557 2543 5627 juxta
2571 5557 2714 5629 quod
2744 5565 2800 5611 et
2823 5555 2880 5610 in
2929 5555 3064 5610 Isaia
3107 5553 3309 5609 dicitur
3343 5569 3358 5606 :
3397 5552 3544 5609 Visio

1938 5652 2090 5708 vallis
2106 5649 2239 5708 Sion
2261 5648 2397 5724 (Isa.
2421 5667 2552 5718 uti,
2575 5647 2945 5721 l).Quidquid
2963 5649 3032 5705 ad
3059 5647 3283 5704 domum
3313 5647 3546 5718 regiam,

1955 5816 2218 5888 simoque,
2249 5815 2316 5871 ad
2352 5811 2672 5888 Hieronymi
2717 5820 2959 5868 mentem
2991 5826 3156 5870 sensu
3198 5809 3524 5868 exhibentur

2024 5888 2053 5928 ι’
2085 5889 2142 5945 In
2174 5887 2380 5953 Vatic.,
2412 5894 2460 5942 et
2482 5887 2810 5940 cohortatum
2839 5893 3012 5941 sonat.

2925 6054 3001 6116 ‘26
