4080 6326
1056 203 1083 212 ν

532 318 636 377 811

1796 302 1854 361 s.
1899 299 2175 361 susse"
2211 282 2592 358 lllERONYMl

3737 298 3833 356 Sli

534 442 594 493 et
650 431 718 487 ad
768 428 962 488 urbem
1014 423 1360 498 metropolim
1392 420 1775 495 prophetatnr,
1828 419 2213 483 referamusA
2238 418 2523 476 obtineant
2566 417 2821 474 traditam
2859 416 2967 475 sibi
3017 430 3047 470 a
3089 415 3325 474 Domino
3365 414 3717 491 dignitatem.
3745 415 3833 472 Sin

532 522 599 583 ad
646 520 1086 581 ecclesiasticum
1119 518 1400 587 ordinem,
1424 527 1480 572 et
1506 515 1574 575 ad
1619 514 1897 588 principes
1938 513 2137 571 Eccle-

534 621 771 683 siarum,
812 626 909 672 eos
953 610 1237 670 dumtaxat
1283 610 1377 684 qui
1416 624 1479 667 se
1519 604 1792 681 superbia:
1839 617 1895 663 et
1934 604 2140 663 divitiis

534 712 888 783 laseivithue
918 698 1266 764 tradiderint.
1298 700 1414 762 Nec
1440 703 1627 761 statim
1667 702 1794 775 quia
1825 700 2019 757 domus
2050 715 2139 756 re-

532 804 618 878 gia
661 813 767 870 εει,
792 804 861 861 ab
888 800 1116 859 interitu
1154 800 1506 868 liberabitur,
1539 792 1818 871 quomodo
1855 805 1912 853 et
1949 792 2041 868 qui
2070 793 2138 850 de

533 900 707 971 stirpe
733 894 888 955 luere
914 896 1108 965 David,
1136 896 1295 968 pauci
1316 884 1615 952 admodum
1647 900 1776 950 sunt
1798 886 2139 963 inventi,qui

535 994 842 1068 placuerint
866 992 1099 1050 Domino
1124 1003 1183 1049 ut
1201 990 1323 1066 ipse
1346 980 1536 1059 David,
1568 986 1836 1047 Ezechias
1855 996 1912 1045 et
1937 986 2137 1056 Josias,

537 1102 844 1162 magnaque
875 1104 1000 1160 pars
1035 1082 1345 1160 principum
1391 1094 1445 1142 et
1489 1084 1679 1156 stirpis
1710 1084 1874 1157 regite
1921 1083 1974 1138 in
2020 1081 2141 1137 uni-

535 1200 753 1243 versum
782 1185 1044 1256 pepnlum
1075 1182 1212 1239 iram
1239 1181 1460 1237 Domini
1489 1180 1828 1252 provocavit.

612 1278 772 1353 (Cap.
804 1276 978 1337 XXII.
1010 1277 1238 1335 —Vers.
1273 1277 1300 1333 I
1332 1277 1518 1350 seqq.)
1549 1272 1677 1331 Htec
1693 1274 1817 1329 dicit
1838 1271 2088 1328 Dominus
2121 1288 2140 1324 :

534 1375 804 1433 Descende
828 1377 884 1430 in
905 1375 1117 1429 domum
1142 1372 1282 1448 regis
1305 1370 1343 1427 I
1347 1372 1469 1440 uda,
1502 1381 1551 1427 et
1581 1370 1812 1443 loqueris
1837 1368 1910 1424 ibi
1934 1368 2141 1423 verbum

535 1471 652 1536 hoc,
688 1478 735 1524 et
758 1467 921 1536 dices,
954 1465 1099 1522 Audi
1121 1465 1332 1521 verbum
1365 1463 1601 1531 Domini,
1626 1478 1720 1518 rex
1752 1458 1916 1530 Iuda,
1942 1461 2033 1533 qui
2058 1476 2142 1516 se-

533 1565 625 1620 des
644 1580 804 1636 super
828 1559 1019 1618 solium
1049 1559 1241 1627 Dauid,
1258 1568 1315 1615 tu
1336 1568 1383 1613 et
1411 1558 1544 1613 serui
1571 1556 1646 1610 tui
1674 1564 1724 1611 et
1745 1550 1972 1627 populus
1998 1562 2141 1621 tuus,

534 1658 627 1730 qui
652 1654 989 1731 ingredimini
1025 1670 1115 1727 per
1145 1660 1324 1723 portas
1362 1648 1511 1706 istas.
1538 1648 1670 1705 Haec
1698 1648 1822 1702 dicit
1869 1644 2140 1712 Dominus,

2238 522 2422 568 autem
2455 509 2638 569 facere
2667 510 2945 568 noluerint
2967 519 3131 582 atque
3150 507 3611 582 contempserint,
3632 507 3734 578 ipsi
3756 522 3835 565 re-

2241 604 2430 679 digant
2479 604 2775 662 Ecclesiam
2808 602 2908 660 Dei
2952 604 3009 660 in
3051 604 3425 660 solitudinem.
3460 600 3838 673 lngredinntur

2240 709 2422 755 autem
2445 699 2514 757 de
2541 714 2743 772 genere
2776 698 2944 755 David
2980 714 3079 772 per
3109 707 3294 772 portas
3325 697 3667 763 Jerusalem,
3686 705 3740 753 et
3759 711 3837 753 se-

2240 792 2373 850 dent
2420 808 2588 867 super
2636 796 2893 851 thronum
2943 794 3085 865 ejus,
3116 793 3209 865 qui
3255 793 3658 864 interpretatur
3700 791 3840 862 fortis

2241 902 2420 957 manu,
2453 892 2510 942 et
2534 884 2838 942 ascendunt
2866 900 3065 941 currus
3113 893 3171 941 et
3200 899 3398 956 equos,
3421 883 3645 958 quando
3684 883 3842 940 reire-

2243 987 2375 1036 nant
2399 989 2454 1035 et
2492 993 2620 1035 suas
2657 985 2716 1035 et
2746 978 2932 1052 p0puli
2960 977 3430 1052 perturbationes,
3464 988 3517 1034 et
3544 976 3841 1046 composito

2243 1073 2298 1129 in
2330 1070 2570 1130 Ecclesia
2602 1068 2986 1145 ingrediuntur
3017 1072 3212 1144 gradu,
3250 1083 3309 1128 et
3341 1070 3645 1127 multarum
3675 1070 3841 1126 virtu-

2244 1178 2357 1222 tum
2402 1160 2596 1235 choro,
2625 1162 2834 1238 sibique
2862 1182 2927 1222 ex
2958 1167 3105 1222 omni
3137 1179 3291 1238 parte
3316 1164 3757 1221 concinentium.
3782 1166 3845 1223 Et

2244 1266 2305 1315 ut
2334 1254 2440 1315 hoc
2460 1274 2654 1315 verum
2682 1272 2805 1315 esse
2825 1258 3138 1327 credamus,
3156 1258 3306 1331 jurat
3330 1275 3426 1330 per
3448 1276 3534 1327 se,
3549 1260 3678 1331 quia
3697 1259 3851 1331 juxta-

2242 1351 2592 1422 Apostolum,
2628 1351 2893 1422 majorem
2954 1350 3123 1408 alium
3180 1367 3276 1424 per
3302 1367 3468 1424 quem
3498 1351 3694 1425 jurare
3729 1367 3843 1427 pos-

2245 1443 2375 1509 sint,
2410 1458 2517 1499 non
2547 1443 2708 1498 habet
2738 1441 2928 1513 (Hebr.
2958 1442 3061 1515 vr).

2316 1526 2499 1613 (Vers.
2529 1536 2697 1610 6,-8.)
2717 1534 2854 1608 Quia
2879 1536 2993 1595 haec
3023 1537 3149 1594 dicit
3176 1538 3437 1597 Dominus
3460 1556 3622 1613 super
3646 1539 3846 1595 domum

2246 1634 2386 1704 (sive
2430 1633 2501 1688 ad
2540 1630 2772 1705 domum)
2795 1636 2933 1707 regis
2962 1631 3128 1703 Iuda,
3160 1622 3392 1703 Galaad,
3422 1646 3479 1690 tu
3522 1636 3650 1691 mihi
3698 1645 3846 1707 caput

537 1722 589 1805 ἰδ’
589 1722 734 1806 ιιείιρ⁷
744 1750 1012 1825 judicium
1025 1722 1088 1803 vet
1124 1747 1411 1822 justitiam,
1441 1754 1487 1800 et
1522 1743 1737 1799 liberate
1766 1744 1813 1797 vi
1839 1753 2143 1815 oppressum
2176 1815 2220 1825 _
2247 1728 2386 1802 (Slve
2414 1722 2755 1803 primipilari)
2783 1722 2996 1796 Libani,
3025 1728 3070 1782 si
3093 1726 3267 1802 988
3300 1744 3406 1783 non
3447 1746 3674 1800 posuero
3709 1738 3755 1784 te
3795 1729 3844 1784 in

537 1842 603 1897 de
630 1815 787 1899 manu
819 1815 1240 1909 calumniatoris,
1266 1849 1315 1894 et
1354 1838 1610 1893 advenam
1637 1845 1687 1891 et
1714 1832 1978 1909 pupillum
2003 1841 2049 1887 et
2072 1832 2143 1887 vi.
2174 1815 2225 1877 Β
2249 1826 2611 1891 solitudinem,
2639 1825 2790 1881 urbes
2833 1822 3227 1881 inhabitabiles.
3250 1818 3321 1881 Et
3352 1825 3701 1896 sanctiﬁcabo
3740 1824 3843 1901 (Al.

536 1938 696 1993 duam
721 1936 882 1991 nolite
911 1935 1240 2001 contristare,
1273 1948 1435 2004 neque
1465 1929 1779 2004 opprimatis
1800 1929 1978 1998 inique
2006 1924 2146 1997 (sive

532 2030 740 2106 impie),
775 2039 823 2084 et
845 2029 1153 2101 sanguinem
1179 2028 1506 2082 innocentem
1548 2041 1612 2079 ne
1637 2014 1919 2093 eﬁ'undatis
1950 2021 2002 2075 in
2032 2021 2147 2075 loco

537 2128 658 2184 isto.
691 2124 753 2183 Si
792 2127 931 2181 enim
971 2125 1218 2197 facientes
1256 2122 1482 2195 feceritis
1523 2121 1735 2176 verbum
1782 2116 1947 2188 istud,
1976 2118 2148 2191 ingre-

539 2218 750 2274 dientur
776 2234 869 2292 per
914 2227 1095 2291 portas
1125 2216 1310 2270 domus
1349 2215 1508 2289 hujus
1536 2229 1683 2287 reges
1709 2210 1944 2267 sedentes
1973 2208 2038 2264 de
2053 2225 2145 2284 ge-

540 2332 661 2370 nere
691 2308 861 2366 David
887 2327 1040 2384 super
1069 2308 1313 2364 thronum
1358 2312 1492 2382 ejus,
1519 2316 1566 2361 et
1603 2292 1932 2362 ascendentes
1966 2318 2148 2358 currus

539 2419 589 2464 et
621 2423 801 2480 equos,
832 2404 934 2479 ipsi
962 2415 1010 2459 et
1053 2404 1210 2471 servi,
1240 2401 1528 2477 etpOpulus
1554 2417 1752 2456 eorum.
1791 2397 1941 2469 Quod
1973 2400 2018 2453 si
2045 2413 2149 2453 non

534 2501 810 2558 audieritis
832 2498 982 2553 verba
1003 2497 1135 2562 lucc,
1164 2513 1257 2570 per
1286 2496 1645 2568 memetipsum
1656 2493 1863 2568 juravi,
1887 2491 2013 2546 dicit
2040 2490 2149 2545 Do-

538 2596 732 2664 minus,
753 2593 881 2664 quia
902 2593 959 2647 in
980 2591 1318 2647 solitudinem
1341 2591 1439 2646 erit
1465 2589 1650 2645 domus
1676 2586 1806 2643 haec.
1836 2586 1964 2643 Ilmc
1987 2584 2147 2654 visio,

540 2691 710 2748 immo
743 2687 833 2744 hic
863 2702 1052 2743 sermo
1085 2685 1322 2752 Domini,
1348 2683 1438 2739 vel
1465 2695 1591 2740 ante
1619 2678 1677 2738 ﬁt
1714 2682 1782 2738 ad
1814 2680 2146 2752 PrOphetam

541 2796 703 2856 quam
735 2778 999 2851 Sedecias‘
1039 2782 1262 2835 nuntios
1286 2778 1452 2853 $7
1482 2776 1551 2832 ad
1587 2792 1713 2834 eum
1758 2775 2027 2843 mitteret,
2061 2772 2151 2829 vel

541 2889 696 2935 certe
745 2884 1035 2948 postquam
1089 2871 1294 2928 nuntiis
1336 2871 1597 2942 praecepit
1626 2868 1754 2941 quid
1800 2870 1911 2940 regi
1944 2866 2149 2924 referre

543 2969 831 3035 deberent,
866 2965 1186 3039 praecipitur
1233 2960 1508 3024 Ieremize,
1554 2970 1613 3016 ut
1655 2974 1995 3032 nequaquam
2054 2973 2149 3030 per

546 3062 768 3117 nuntios
818 3060 1079 3131 loquatur
1114 3054 1181 3111 ad
1216 3070 1424 3128 regem,
1456 3053 1550 3111 sed
1585 3055 1701 3125 ipse
1726 3054 1886 3109 vadat
1912 3052 1979 3108 ad
2004 3051 2149 3123 pala-

546 3155 702 3222 tium,
736 3164 792 3211 et
818 3153 893 3209 ibi
919 3151 1181 3223 loquatur
1208 3149 1278 3204 ei.
1326 3148 1610 3220 Simulque
1649 3146 2149 3203 animadvertamus

548 3232 788 3303 divinam
816 3243 1172 3317 sapientiam,
1197 3242 1344 3315 quod
1376 3256 1473 3313 per
1495 3241 1716 3296 nuntios
1739 3248 1765 3276 ι
1787 3239 1943 3310 jubet
1974 3238 2150 3294 tristia

549 3337 813 3403 nuntiari,
846 3337 1034 3392 ‘mixtis
1081 3346 1137 3393 et
1170 3334 1471 3405 prOSperis,
1503 3330 1548 3388 si
1584 3348 1747 3405 agere
1782 3331 2017 3387 voluerit
2052 3346 2152 3387 rex

546 3426 1065 3505 pmniteutiamJlic
1091 3442 1223 3484 vero
1244 3428 1370 3501 quia
1399 3426 1502 3498 ipsi
1530 3425 1835 3498 imperatur
1858 3433 1918 3480 ut
1938 3436 2154 3498 pergat,

549 3545 659 3585 non
689 3526 866 3583 tristia
894 3524 1129 3593 nuntiat,
1158 3535 1211 3580 et
1242 3522 1616 3594 captivitatem
1641 3519 1986 3594 jumjamque
2027 3535 2158 3576 ven-

551 3635 764 3691 turam;
798 3622 894 3678 sed
934 3630 1121 3676 monet
1163 3618 1292 3692 quid
1348 3619 1525 3675 facere
1567 3615 1760 3673 debeat
1794 3626 1851 3672 ut
1886 3616 2023 3672 vitet
2052 3615 2157 3670 im-

551 3714 884 3789 pendentem
912 3714 1244 3770 senteutiam
1274 3712 1392 3767 Dei.
1427 3710 1634 3783 Regum
1665 3721 1844 3765 autem
1878 3709 2159 3781 proprium

553 3818 638 3866 est
670 3807 848 3864 facere
866 3806 1134 3878 judicium
1161 3815 1215 3860 et
1235 3800 1606 3876 justitiam,e1
1626 3802 1866 3858 liberare
1898 3802 1967 3858 de
2000 3817 2161 3857 mantt

555 3902 1018 3959 calumniatorum
1064 3899 1115 3953 vi
1147 3912 1468 3970 oppressos,
1501 3892 1558 3951 et
1588 3895 1899 3968 peregrino,
1928 3895 2165 3966 pupillo-

556 4011 686 4069 que,
718 4003 777 4052 et
824 3992 1004 4050 viduae
1032 3991 1149 4067 (qui
1194 3990 1412 4047 facilius
1443 3990 1830 4062 opprimuntur
1866 4005 1897 4044 a
1930 3989 2167 4060 potenti-

556 4086 685 4160 bus)
704 4087 947 4159 praebere
978 4084 1261 4141 auxilium.
1291 4083 1357 4138 Et
1406 4095 1463 4137 ut
1503 4097 1693 4138 curam
1737 4081 1817 4137 eis
1864 4091 2167 4153 przecepto-

561 4198 680 4238 rum
710 4179 810 4236 Dei
851 4179 1114 4249 maiorem
1146 4177 1424 4248 injiceret,
1458 4175 1646 4231 intulit
1678 4194 1691 4232 :
1725 4173 1906 4230 Nolite
1942 4176 2165 4231 contris-

564 4286 699 4342 tare,
736 4283 792 4329 ut
827 4284 938 4328 neu
979 4271 1159 4327 solum
1209 4285 1315 4326 non
1353 4268 1622 4340 eripiatis,
1655 4268 1749 4324 sed
1787 4285 1855 4325 ne
1884 4269 2167 4340 patiamini

2247 1918 2543 1992 aedificabo]
2570 1936 2727 1992 super
2748 1928 2798 1974 te
2825 1919 3216 1990 interﬁcientem
3236 1920 3425 1980 cirum.
3453 1929 3502 1975 et
3532 1936 3683 1975 arma
3705 1920 3847 1993 ejus:

2246 2028 2294 2071 ct
2333 2016 2597 2071 succident
2624 2012 2815 2070 electas
2841 2015 3026 2070 cedros
3047 2022 3185 2082 tuas,
3207 2022 3258 2070 et
3286 2014 3697 2089 prwcipitabunt
3714 2014 3845 2085 (sive

2249 2104 2476 2180 mittent)
2507 2108 2565 2163 in
2592 2108 2783 2179 ignem,
2814 2117 2860 2163 ct
2903 2108 3294 2175 pertransibunt
3328 2115 3512 2181 gentes
3562 2103 3743 2161 multa!
3766 2122 3848 2178 per

2248 2204 2506 2259 civitatem
2549 2199 2718 2269 hanc,
2747 2211 2794 2256 et
2843 2200 2980 2257 dicet
3036 2201 3390 2272 unusquisque
3436 2199 3682 2269 proximo
3721 2215 3847 2253 suo:

2253 2296 2426 2367 Quare
2452 2295 2572 2368 fecit
2600 2292 2860 2350 Dominus
2891 2298 2968 2349 sic
3010 2292 3205 2349 ciuitati
3238 2290 3363 2348 huic
3401 2294 3654 2365 magnae?
3682 2291 3752 2346 Et
3771 2309 3839 2346 re-

2247 2390 2609 2463 spondebunt,
2665 2406 2725 2445 eo
2768 2388 2911 2463 quod
2945 2386 3333 2459 dereliquerunt
3376 2395 3596 2457 pectunt
3645 2382 3846 2438 Domini

2250 2482 2353 2541 Dei
2389 2486 2493 2555 sui,
2515 2494 2562 2540 et
2587 2482 2938 2539 adoraverunt
2962 2480 3082 2537 deos
3113 2482 3330 2545 alienos,
3362 2492 3414 2538 et
3450 2482 3738 2537 servierunt
3758 2480 3845 2535 eis.

2250 2578 2479 2647 Galaad,
2504 2596 2663 2652 quam
2688 2579 2937 2653 possedit
2963 2577 3186 2633 dimidia
3212 2576 3386 2633 tribus
3409 2576 3686 2641 Manasse,
3706 2583 3847 2630 trans

2248 2673 2545 2731 Iordanem
2598 2673 2884 2744 Scriptura
2927 2680 3349 2728 commemorat.
3398 2668 3457 2725 In
3511 2684 3622 2745 quo
3674 2676 3847 2725 monte

2250 2769 2434 2825 Laban
2485 2768 2783 2843 fugientem
2827 2774 3159 2822 consecutus
3210 2773 3297 2821 est
3344 2761 3541 2828 Iacob.
3593 2770 3652 2818 et
3698 2774 3844 2817 mons

2246 2866 2403 2936 justa
2433 2862 2688 2921 Genesim
2722 2877 2924 2917 nomen
2972 2858 3190 2929 accepit
3220 2860 3416 2937 σωρὸς,
3452 2855 3507 2913 id
3543 2864 3651 2923 est,
3681 2866 3845 2909 tumu-

2252 2958 2335 3015 lus
2362 2956 2668 3022 testimonii,
2696 2970 2763 3012 eo
2794 2953 2938 3027 quod
2987 2953 3061 3009 ibi
3088 2951 3259 3009 Iacui)
3298 2950 3607 3022 Labanque
3642 2949 3850 3019 jurut'e—

2252 3052 2391 3119 rint,
2414 3050 2468 3106 in
2493 3064 2750 3106 acervum
2774 3047 3055 3119 lapidibus
3074 3042 3426 3119 congregatis
3446 3041 3659 3121 (Cenes.
3679 3046 3847 3112 xm).

2255 3147 2558 3205 Estautem
2587 3155 2773 3217 caput,
2803 3145 2918 3200 sive
2952 3143 3282 3219 principium
3308 3139 3504 3197 Libani
3535 3138 3737 3193 montis
3757 3152 3851 3192 ex-

2252 3244 2413 3311 cel~i,
2445 3243 2539 3314 qui
2571 3242 2867 3299 universus
2904 3239 3091 3295 ccdris
3118 3238 3365 3293 consitus
3400 3242 3508 3302 est,
3536 3233 3699 3305 juxta
3728 3229 3852 3287 illud

2258 3338 2431 3395 David
2459 3337 2713 3392 canentis
2739 3356 2750 3389 :
2778 3326 2844 3390 Et
2873 3332 3212 3389 commovebit
3259 3329 3521 3389 Dominus
3567 3328 3747 3383 cedros
3774 3324 3853 3379 Li-

2257 3432 2380 3488 bani
2410 3429 2589 3505 (Psal.
2624 3444 2813 3497 xxvut,
2839 3429 2921 3493 ὅ).
2954 3426 3025 3484 Ει
3052 3426 3184 3483 alibi
3220 3443 3233 3481 ε
3269 3423 3397 3479 Vidi
3435 3422 3659 3492 impium
3682 3434 3853 3490 supcr-

2259 3524 2569 3591 exaltatum,
2584 3532 2634 3578 et
2652 3522 2908 3578 eleuatum
2922 3520 3054 3575 sicut
3072 3519 3253 3575 cedros
3275 3514 3465 3571 Libani
3480 3514 3660 3589 (Psal.
3681 3527 3853 3577 nm,

2261 3620 2379 3688 35).
2410 3619 2475 3675 Et
2519 3618 2575 3674 in
2614 3603 2884 3674 Zucharia
2919 3616 3156 3686 legimus
3183 3632 3198 3669 ε
3227 3612 3411 3686 Aperi,
3445 3609 3670 3679 Libane,
3699 3617 3858 3683 portas

2262 3724 2401 3784 tuas,
2426 3724 2473 3768 et
2505 3711 2743 3769 comedat
2770 3712 2905 3789 ignis
2931 3711 3110 3766 cedros
3136 3717 3249 3763 tuas
3264 3706 3453 3780 (Zach.
3490 3721 3569 3773 xi,
3596 3703 3675 3776 1).
3705 3702 3859 3776 Igitur

2270 3807 2531 3880 praisenti
2566 3807 2708 3875 loco,
2744 3805 2872 3877 quia
2909 3804 2975 3859 ad
2998 3803 3225 3859 domum
3255 3802 3465 3873 regiam
3514 3797 3856 3873 loquebatur,

2267 3916 2367 3973 per
2392 3898 2777 3973 metaphoram
2821 3897 3064 3971 Ioquitur
3086 3897 3154 3952 ad
3186 3895 3502 3968 Templum,
3533 3894 3651 3951 sive
3674 3893 3740 3948 ad
3771 3892 3861 3947 do-

2266 4009 2414 4049 mum
2463 3993 2655 4063 stirpis
2701 3989 2863 4058 Iuda,
2887 3989 3033 4062 quod
3080 3991 3203 4059 ipsa
3232 3988 3307 4045 sit
3354 3988 3407 4044 in
3469 3988 3719 4048 excelso.
3750 3986 3862 4041 sive

2266 4083 2412 4160 quod
2441 4084 2511 4141 de
2536 4078 2791 4156 'l‘empIo,
2825 4092 2990 4156 atque
3033 4083 3311 4153 Sacrario,
3343 4082 3593 4139 omnium
3623 4090 3866 4152 peccato-

2269 4196 2388 4236 rum
2423 4176 2664 4235 remedia
2707 4176 3096 4249 poscebantur.
3134 4175 3287 4232 Unde
3325 4186 3381 4231 et
3417 4177 3507 4231 hic
3551 4176 3695 4233 idem
3746 4188 3861 4244 pro-

2272 4274 2438 4346 pheta
2459 4279 2897 4331 commemorat:
2927 4271 3200 4344 Numquid
3229 4272 3405 4330 mina
3433 4289 3541 4329 non
3565 4283 3646 4328 est
3688 4273 3742 4328 in
3768 4269 3863 4327 Ga-

565 4367 783 4439 quidem
816 4380 915 4437 per
950 4374 1189 4419 vestram
1232 4362 1642 4419 conniventiam
1674 4362 1742 4416 ab
1770 4362 1894 4417 aliis
1936 4362 2171 4418 contris-
2274 4366 2417 4437 (uad,
2449 4376 2538 4422 aut
2567 4368 2796 4425 medicus
2824 4383 2927 4422 ηοη
2953 4377 3027 4423 εει
3056 4366 3131 4422 ibi
3150 4369 3175 4421 ε)
3200 4365 3376 4437 Quae
3405 4383 3511 4422 ηοη
3542 4367 3771 4423 ascendit
3790 4382 3869 4420 σε.

566 4459 691 4515 tari.
728 4454 794 4512 Et
833 4456 1139 4528 sanguinem
1178 4456 1497 4509 innocentem
1534 4471 1634 4509 non
1662 4453 1941 4522 rﬂ'undatis
1970 4456 2024 4510 in
2057 4456 2171 4511 loco
2272 4462 2411 4516 ratio
2455 4461 2582 4533 filia:
2615 4461 2796 4532 populi
2824 4462 2925 4516 mei
2960 4460 3165 4535 (Supra
3196 4476 3311 4527 VIII,
3344 4460 3480 4533 21)?
3502 4460 3870 4518 Comminatur

567 4561 686 4608 isto.
715 4548 1028 4606 ﬂotnicidas
1055 4553 1202 4604 enim
1229 4558 1283 4603 et
1310 4547 1609 4619 sacrilegos
1631 4557 1685 4603 et
1717 4549 2041 4604 venenarios
2068 4564 2170 4620 pu-
2199 4599 2253 4660 Β
2278 4550 2444 4625 igitur
2476 4554 2639 4625 regia:
2668 4552 2881 4617 domui,
2913 4562 2967 4611 et
2998 4553 3120 4611 urbi
3164 4553 3499 4625 Jerusalem,
3532 4564 3591 4611 et
3630 4553 3869 4626 Templa,

613 4649 625 4660 .
965 4642 1167 4660 -4“.
1416 4645 1487 4657 .-
1659 4646 1736 4660 .ι
1991 4646 2110 4660 so-
2296 4634 2425 4660 ...ι
2562 4656 2630 4660 ,-
2825 4645 2955 4660 Διν..
3046 4636 3064 4659 ’-
3249 4647 3263 4660 ι
3402 4647 3434 4660 ι.
3572 4649 3584 4660 ι
3744 4650 3837 4660 ..

571 4649 715 4714 nire,
760 4662 869 4702 non
896 4654 983 4702 est
1011 4642 1209 4703 etl‘usio
1237 4645 1541 4718 sanguinis,
1578 4646 1674 4702 sed
1725 4647 1901 4717 legum
1933 4646 2178 4702 ministe-
2205 4634 2252 4660 ν
2282 4634 2425 4718 quod
2477 4656 2637 4702 vocat
2680 4656 2841 4719 caput
2872 4636 3091 4715 Libani,
3120 4647 3263 4720 quod
3318 4647 3682 4719 redigendum
3711 4652 3781 4706 sit
3826 4650 3873 4703 in

571 4742 735 4798 rium.
769 4739 851 4810 Si,
883 4739 1078 4811 inquit,
1112 4739 1230 4795 haec
1259 4736 1525 4807 feceritis,
1570 4756 1601 4794 ο
1641 4756 1799 4815 reges
1834 4738 1996 4810 Iuda,
2031 4749 2180 4796 lene-
2281 4738 2634 4797 solitudinem
2664 4756 2787 4797 cum
2811 4739 3091 4798 universis
3114 4740 3340 4798 urbibus
3367 4741 3525 4797 suis:
3554 4759 3663 4798 non
3696 4752 3873 4814 poten-

572 4838 703 4895 bitis
744 4835 1029 4908 pristinam
1060 4843 1408 4905 potestatem,
1434 4847 1487 4890 et
1518 4851 1643 4893 cum
1670 4835 1969 4892 ambitione
1999 4835 2180 4907 ingre-
2286 4837 2359 4891 tia
2403 4836 2550 4907 regis
2572 4834 2876 4909 Babylonii,
2911 4833 3009 4892 sed
3038 4834 3255 4891 Domini
3284 4834 3560 4905 iussione,
3587 4836 3678 4908 qui
3711 4834 3871 4891 dicit:

574 4931 803 4991 diemini
838 4942 1025 5001 portas
1063 4924 1391 4985 Jerusalem.
1418 4918 1520 4988 'Sin
1554 4941 1738 4987 autem
1784 4930 1961 4986 facere
1993 4929 2181 4984 nolue—
2285 4928 2642 5000 Sanctiﬁcabo
2684 4946 2842 5000 super
2887 4938 2936 4985 te
2986 4930 3399 5000 iulerﬁct'entem.
3424 4927 3665 4988 Sanetus
3704 4937 3874 4985 autem

578 5029 720 5095 ritis,
747 5042 780 5082 ο
811 5024 1008 5082 domus
1040 5024 1210 5095 regia,
1234 5040 1343 5079 non
1371 5033 1476 5078 tam
1513 5024 1725 5081 Domini
1750 5025 1860 5081 erit
1882 5021 2180 5078 crudelita-
2282 5036 2512 5081 vocatur
2553 5022 3086 5090 Nabuchodonosor,
3110 5032 3166 5078 et
3193 5023 3374 5078 utnnis
3406 5024 3532 5095 eius
3581 5021 3875 5088 exercitus,

575 5125 665 5190 tis,
701 5134 862 5190 quam
896 5126 1001 5171 tum
1030 5115 1350 5183 Voluntatis,
1376 5127 1439 5172 ut
1464 5117 1646 5173 omnis
1685 5117 1879 5175 Cll'lltls
1900 5117 2180 5189 redigatur
2287 5119 2413 5193 quia
2439 5115 3102 5189 cxsequitursenteutiam
3134 5115 3257 5172 Dei.
3283 5114 3351 5170 Et
3374 5117 3669 5185 succident,
3693 5113 3879 5187 inquit,

576 5216 631 5270 in
674 5209 1349 5281 solitudinem.Quidquid
1393 5209 1558 5281 regiae
1605 5211 1790 5266 domui
1834 5212 2040 5268 dictum
2073 5221 2179 5279 est,
2288 5210 2473 5265 electas
2516 5209 2700 5265 cedros
2748 5217 3182 5279 tuas:potentes
3227 5223 3497 5281 quosque,
3528 5218 3587 5265 et
3608 5209 3883 5284 principes

578 5305 882 5375 intelligant
910 5303 1174 5372 episrmpi,
1209 5287 1457 5365 sociique
1501 5318 1693 5358 eorum
1738 5305 2071 5377 presbyteri,
2100 5316 2182 5363 at-

579 5410 687 5466 que
727 5392 964 5463 diaconi,
995 5402 1054 5449 et
1090 5390 1271 5449 omnis
1302 5391 1440 5449 ordo
1481 5392 1911 5464 ecclesiaSIicus,
1944 5397 2093 5468 quod
2133 5399 2180 5455 si

582 5474 810 5546 fecerint
838 5507 959 5561 quin
984 5498 1253 5561 pratcepta
1285 5498 1435 5555 sunt,
1453 5497 1510 5544 et
1528 5474 1672 5544 inler
1693 5498 1893 5545 cretera
1916 5492 2185 5550 innocen-

584 5591 689 5635 tem
714 5583 1036 5651 sanguinem
1061 5598 1167 5637 non
1189 5570 1448 5652 fuderint,
1470 5582 1904 5639 scandalizanles
1930 5585 2185 5651 ntininaos

584 5684 857 5743 quosque,
886 5683 943 5729 et
990 5662 1359 5744 percutientes
1404 5675 1770 5733 conscientias
1816 5675 2182 5749 singulorum,

2290 5303 2562 5369 civitatis;
2597 5312 2645 5357 et
2690 5303 2894 5357 mittent
2950 5303 3003 5356 in
3055 5303 3247 5375 ignem,
3276 5311 3336 5358 ut
3377 5303 3563 5359 omnia
3623 5303 3883 5360 devorans

2290 5398 2510 5455 ﬂamma
2540 5405 2844 5453 consumat.
2879 5395 3130 5469 Cumque
3154 5396 3339 5453 deleta
3369 5396 3582 5454 fuerint
3613 5399 3881 5465 universa,

2294 5493 2603 5548 transibunt
2633 5499 2824 5562 gentes
2855 5491 3043 5547 multae
3064 5506 3163 5563 per
3179 5491 3481 5563 civitatem,
3508 5502 3565 5548 et
3585 5491 3883 5563 Templum,

2293 5584 2436 5656 quod
2468 5585 2549 5640 eis
2579 5582 2730 5655 prius
2762 5582 2979 5655 ingredi
3008 5599 3119 5642 non
3149 5585 3385 5652 licebat;
3418 5594 3477 5643 et
3515 5586 3886 5657 unusquisque

2295 5680 2552 5752 loquetur
2582 5678 2831 5751 proximo
2859 5694 2984 5748 suo,
3014 5695 3184 5753 quare
3218 5678 3421 5739 fecerit
3460 5681 3726 5739 Dominus
3766 5679 3889 5736 civi-

668 5858 694 5887 ι
735 5848 967 5908 Cistsre.
995 5853 1334 5923 πουτί-κιο.
1370 5870 1467 5928 psr
1508 5855 1725 5913 mh:
1763 5854 1999 5928 prohibet
2020 5857 2222 5932 tristia,
2249 5868 2361 5918 οη.
