4080 6326
258 298 363 359 815

727 303 1382 369 COMMENTARIORUM
1425 310 1494 370 IN
1530 311 1893 377 JEREMIAM
1928 312 2349 381 PROPHBTAM
2389 322 2522 384 LIB.
2566 323 2658 385 IV.
2702 328 2855 387 CAP.
2895 330 3064 391 XXII.

3443 335 3552 399 814

258 417 353 471 tuti
386 416 608 491 inclytae
636 426 691 479 et
718 436 929 497 magnae
956 431 1064 481 tam
1092 424 1353 492 subitam,
1373 433 1430 482 et
1458 436 1568 483 tam
1594 428 1853 501 grandem
1883 434 1939 495 Λ
1962 448 2065 487 non
2094 434 2215 491 ideo
2238 439 2360 509 quia
2383 441 2622 511 cognovit
2651 446 2771 501 me?
2800 445 2927 503 dicit
2972 447 3254 507 Dominus.
3298 451 3400 509 Tui
3430 471 3551 510 vero

255 510 641 569 eversionem?
670 512 1200 590 Respondebantquc,
1234 518 1431 590 inquit,
1461 521 1557 592 qui
1610 521 1852 579 interro-

252 598 363 674 gati
396 602 621 675 fuerint,
647 616 701 660 et
724 620 999 679 exponent
1018 624 1210 666 causas
1233 613 1542 678 ruinarum,
1567 613 1851 691 dicentes:

251 698 375 767 quia
405 696 791 771 dereliquerunt
841 712 1053 774 pactum
1100 701 1315 760 Domini
1359 702 1457 760 Dei
1504 708 1620 777 sui,
1666 719 1723 766 et
1756 725 1855 782 pro

252 789 365 847 Deo
397 791 539 848 idola
570 796 813 851 venerati
846 806 995 853 sunt.
1026 797 1231 854 Audiat
1262 800 1366 855 hoc
1390 810 1451 857 et
1476 809 1684 859 nostra:
1708 803 1859 861 urbis

254 884 453 942 domus
492 888 669 961 regia,
699 889 941 969 et989
970 892 1246 963 principes
1276 894 1421 967 ejus,
1450 907 1506 955 et
1532 897 1707 967 cedri,
1736 914 1857 968 quae

253 983 473 1039 elevant
503 1000 677 1056 usque
716 986 782 1042 ad
814 988 988 1044 nuth
1018 989 1285 1047 Verticem
1318 1006 1502 1060 suum,
1531 1003 1587 1048 et
1616 1008 1715 1066 per
1759 1009 1856 1050 su-

253 1077 501 1148 perbiam
558 1079 855 1150 loquuntur
888 1098 903 1137 :
935 1084 1052 1149 quis
1107 1101 1211 1140 non
1268 1086 1495 1142 videbit?
1547 1087 1691 1160 quod
1750 1088 1859 1145 cite

253 1170 474 1227 ﬂamma
500 1171 717 1229 Domini
738 1183 1156 1244 consumantur,
1181 1178 1225 1234 si
1251 1180 1530 1237 noluerint
1558 1181 1702 1237 illius
1720 1197 1861 1255 prtu-

253 1264 429 1336 ceptis
457 1267 835 1340 acquiescere.
864 1269 987 1326 Alia
1015 1282 1199 1328 autem
1235 1285 1319 1331 est
1363 1276 1726 1333 sanctiﬁcatio
1748 1275 1859 1351 [AL

254 1360 622 1436 sacriﬁcatio]
668 1362 1033 1422 interfectoris
1061 1408 1076 1433 ,
1128 1379 1185 1424 et
1223 1384 1503 1427 armorum
1550 1373 1670 1444 ejus
1706 1392 1720 1430 :
1753 1374 1861 1430 alia

252 1456 629 1526 sacerdotum,
660 1468 717 1514 et
762 1474 978 1522 eorum,
1010 1463 1099 1533 qui
1146 1465 1463 1523 ministrant
1495 1466 1752 1524 Domino.

324 1547 529 1622 (νει-ε.
574 1549 663 1621 10,
700 1551 825 1623 li.)
866 1551 1052 1609 Nolite
1089 1556 1217 1627 fiere
1257 1567 1540 1625 mortuum,
1578 1576 1739 1629 neque
1782 1562 1865 1617 lu-

253 1644 421 1714 gentis
449 1660 605 1717 super
645 1660 765 1699 eum
789 1661 808 1700 :
840 1644 1075 1722 plangite
1106 1650 1236 1720 ﬂetu
1270 1668 1389 1706 eum
1426 1654 1520 1725 qui
1561 1654 1864 1726 egreditur:

252 1734 375 1807 quia
400 1752 504 1791 non
527 1744 807 1793 revertetur
829 1738 992 1810 ultra,
1017 1757 1111 1796 nec
1135 1742 1328 1799 ridebit
1358 1752 1548 1800 terram
1576 1747 1867 1804 nativitatis

1956 522 2096 579 oculi
2122 536 2172 582 et
2200 545 2289 584 cor
2316 532 2386 587 ad
2410 534 2702 604 avaritiam,
2726 545 2776 593 et
2797 539 2867 592 ad
2887 543 3195 613 sanguinem
3221 534 3550 603 innocentem

1955 620 2303 693 fundendum,
2332 635 2382 681 et
2409 628 2481 681 ad
2510 629 2850 703 calumniam,
2879 644 2928 690 et
2950 636 3020 691 ad
3042 652 3255 697 cursum
3279 640 3405 697 ntali
3437 660 3555 715 ope-

1955 714 2044 768 ris.
2089 713 2235 772 LXX
2264 737 2275 773 :
2305 718 2350 775 Ο
2380 723 2470 783 qui
2499 724 2732 795 aediﬁcas
2769 728 2982 787 domum
3010 743 3154 789 tuom
3185 752 3289 793 non
3318 754 3433 793 cum
3451 713 3549 812 ju-

1956 806 2119 870 stitia.
2148 818 2196 862 et
2223 811 2485 868 clunacula
2513 825 2604 871 tua
2634 834 2740 873 non
2765 821 2819 874 in
2839 821 3073 895 judicio!
3097 824 3254 899 Apud
3285 844 3402 885 eum
3430 806 3556 897 pro-

1957 897 2134 954 ximus
2179 913 2426 973 operatur
2474 908 2660 979 gratis,
2694 919 2743 963 et
2773 911 3059 969 mercedem
3113 897 3159 970 ei
3204 933 3309 973 non
3353 921 3549 979 reddit.

1960 989 2271 1063 ﬁdiﬁcasti
2298 994 2389 1049 tibi
2416 995 2629 1052 domum
2657 1003 2946 1071 parvulam,
2980 1008 3247 1067 clunacula
3268 1012 3555 1082 perﬂatilia

1962 1083 2207 1141 distincta
2226 1086 2488 1160 fenestris,
2513 1100 2559 1145 et
2581 1095 2878 1167 contignata
2903 1099 3077 1170 cedro,
3098 1111 3148 1157 et
3172 1100 3267 1159 lita
3294 1104 3553 1176 sinopide.

1963 1177 2240 1254 Numquid
2287 1185 2545 1255 regnabis,
2588 1188 2712 1260 quia
2754 1198 2809 1243 tu
2850 1195 3121 1251 contendis
3161 1207 3346 1253 contra
3374 1199 3554 1257 Acha:

1964 1281 2160 1340 patrem
2205 1272 2389 1331 tuum?
2436 1294 2538 1332 non
2581 1280 2873 1351 comedent,
2904 1293 2950 1339 et
2995 1302 3104 1342 non
3141 1288 3331 1358 bibent,
3366 1291 3560 1349 Melius

1966 1366 2054 1420 tibi
2083 1379 2191 1423 erat
2213 1367 2333 1445 [AL
2356 1370 2487 1445 erit]
2508 1376 2680 1447 facere
2694 1374 2961 1449 judicium
2982 1390 3029 1434 et
3048 1382 3313 1452 justitiam
3336 1387 3561 1455 bonam;

1964 1475 2071 1514 non
2100 1473 2466 1532 cognoverunt,
2498 1481 2604 1521 non
2623 1467 3000 1541 judicaverunt
3021 1474 3289 1549 judicium
3319 1479 3561 1545 humilis,

1966 1567 2130 1623 neque
2157 1554 2421 1626 judicium
2454 1560 2722 1631 pauperis.
2759 1557 2956 1621 Nonne
2985 1565 3084 1620 Itoc
3120 1576 3195 1621 est
3247 1579 3297 1623 tc
3324 1570 3572 1642 ignorare

1967 1646 2088 1700 me?
2116 1644 2241 1702 dicit
2267 1646 2548 1706 Dominus.
2583 1649 2722 1707 Ecce
2742 1671 2849 1711 non
2868 1667 2987 1713 sunt
3015 1659 3157 1715 oculi
3187 1662 3262 1717 tui
3292 1664 3441 1735 recti,
3476 1682 3571 1720 nec

1966 1753 2056 1792 cor
2077 1746 2221 1795 tuum
2240 1739 2455 1810 bonum,
2479 1745 2570 1798 sed
2591 1745 2661 1800 ad
2680 1748 2956 1805 avaritiam
2982 1760 3144 1824 tuam,
3169 1764 3220 1811 et
3258 1765 3315 1811 ut
3353 1760 3568 1831 sangui-

252 1843 383 1882 sute.
419 1828 559 1896 Quia
582 1827 697 1885 hac
724 1828 854 1886 dicit
881 1830 1147 1890 Dominus
1175 1838 1247 1891 ad
1280 1835 1485 1895 Selium
1506 1839 1676 1909 litium
1697 1838 1862 1901 Iosite

1971 1845 2080 1886 nem
2110 1831 2431 1889 innocentem
2470 1834 2736 1912 e/fundas,
2760 1850 2809 1897 et
2829 1842 2900 1898 ad
2926 1844 3252 1917 iniquitatem
3274 1858 3324 1905 et
3346 1827 3567 1907 homici-

251 1936 425 1993 regem
454 1914 655 1999 [νοις.
691 1923 1046 1999 regis].luda,
1079 1930 1169 1999 qui
1190 1931 1426 2003 regnavit
1454 1949 1550 2004 pro
1580 1931 1736 1990 losia
1763 1953 1861 2008 pa-

253 2024 330 2069 tre
371 2031 489 2081 suo,
536 2016 626 2087 qui
654 2033 889 2089 egressus
920 2031 996 2079 cst
1024 2021 1090 2079 de
1112 2022 1228 2078 loco
1256 2024 1357 2080 isto
1393 2040 1413 2081 :
1445 2043 1549 2082 non
1579 2038 1861 2087 revertetur

255 2109 359 2164 huc
383 2109 648 2185 amplius;
701 2112 793 2167 sed
833 2113 887 2167 in.
932 2114 1069 2183 loco,
1110 2117 1179 2171 ad
1221 2134 1372 2191 quem
1424 2121 1669 2179 transtuli
1720 2140 1859 2193 eum,

254 2202 324 2255 ibi
352 2203 624 2273 morietur,
655 2215 699 2259 et
729 2214 925 2259 terram
948 2207 1104 2263 istaut
1134 2225 1237 2264 non
1268 2209 1462 2266 videbit
1493 2214 1740 2285 amplius.
1767 2214 1862 2272 Jo—

253 2297 363 2353 sias
398 2314 496 2354 rex
520 2298 706 2368 jusms
741 2308 855 2356 tres
885 2300 1028 2359 ﬁlios
1051 2301 1263 2373 habuit,
1289 2303 1553 2377 Joachaz,
1584 2318 1639 2363 et
1665 2308 1859 2376 Jacim,

251 2400 308 2448 et
352 2392 663 2459 Sedecium,
694 2410 924 2466 quorum
973 2396 1211 2469 primum
1260 2413 1360 2454 rex
1391 2397 1613 2473 Egypti
1645 2400 1863 2459 Pharao

254 2484 479 2543 Nccbao
506 2487 787 2558 captivum
834 2488 993 2545 duxit
1042 2489 1098 2547 in
1131 2489 1452 2564 Egyptum,
1496 2493 1684 2565 ibique
1716 2512 1865 2552 tuor-

260 2589 384 2636 tuus
431 2590 538 2649 est,
571 2589 628 2637 et
671 2582 962 2641 constituit
1011 2599 1110 2657 pro
1142 2600 1209 2642 eo
1242 2602 1427 2657 regem
1470 2587 1702 2645 Eliacim
1734 2588 1862 2662 [ΑΙ.

257 2673 546 2746 Joacbim]
576 2674 804 2732 fratrem
834 2677 957 2751 ejus
980 2676 1071 2748 (IV
1096 2676 1233 2752 Reg.
1264 2684 1420 2749 xxiii,
1452 2696 1582 2736 xxiv
1610 2690 1658 2734 et
1699 2681 1865 2753 xxv).

257 2769 378 2836 Quo
420 2776 666 2837 mortuo,
716 2770 967 2843 regnavit
1001 2769 1146 2827 ﬁlius
1177 2771 1298 2842 ejus
1336 2771 1659 2839 Jechonias,
1701 2776 1793 2846 qui
1834 2790 1864 2831 a

257 2861 775 2923 Nabuchodonosor
829 2880 959 2937 rege
1004 2865 1330 2937 Babylonio,
1383 2883 1509 2927 cum
1561 2876 1757 2939 matre,
1811 2879 1865 2928 et

258 2958 607 3030 principibus
632 2958 831 3017 ductus
862 2968 950 3017 est
977 2960 1033 3016 in
1061 2959 1433 3030 captivitatem
1463 2978 1477 3014 :
1507 2976 1606 3031 pro
1636 2977 1747 3032 quo
1772 2976 1868 3033 pa-

260 3061 418 3113 truus
444 3053 569 3124 eius
612 3053 867 3124 regnavit
894 3051 1157 3114 Sedeeias
1181 3053 1298 3124 qui,
1337 3062 1494 3124 capta
1522 3054 1863 3125 Jerusalem,

1966 1922 2136 1990 dium,
2178 1936 2233 1979 ut
2269 1926 2437 1997 facias
2472 1946 2551 1984 ea.
2588 1929 2892 2006 Utramque
2925 1936 3233 1996 editionem
3263 1956 3331 1999 ex
3353 1942 3568 2016 integro

1965 2022 2143 2090 posui,
2170 2030 2231 2083 ut
2258 2033 2315 2079 et
2352 2023 2615 2083 liebraica
2649 2030 2875 2099 veritas,
2906 2043 2961 2087 et
2985 2033 3278 2095 difﬁcultas
3316 2038 3567 2112 Vulgata:

1965 2114 2222 2172 editionis
2247 2117 2460 2175 facilius
2479 2132 2864 2193 cognoscatur.
2889 2126 2989 2185 BSt
3013 2137 3199 2191 autem
3227 2145 3415 2189 sermo
3437 2148 3571 2193 con»

1966 2216 2048 2262 tra
2075 2207 2285 2265 Joaeiin
2330 2208 2500 2269 ﬁlium
2530 2211 2694 2270 Josin:
2724 2217 2870 2287 regis
2917 2218 3099 2290 δαείω,
3149 2221 3219 2279 de
3245 2239 3355 2295 quo
3402 2240 3571 2295 supra

1964 2296 2226 2369 diximus,
2260 2317 2420 2375 quem
2453 2306 2738 2363 constituit
2767 2307 2987 2365 Nechao
3021 2310 3239 2371 Pharao
3274 2329 3371 2371 rex
3400 2313 3572 2388 απυδ

1966 2392 2042 2463 pti
2070 2409 2171 2463 pro
2197 2394 2434 2452 Joachaz
2460 2395 2632 2455 fratre
2669 2414 2791 2469 suo,
2835 2418 2995 2472 quem
3040 2405 3280 2463 vinctum
3311 2410 3476 2467 duxit
3515 2410 3571 2469 in
3620 2452 3629 2462 .

1967 2483 2289 2557 Egyptum.
2320 2487 2580 2563 Legimus
2627 2500 2836 2559 autem,
2882 2504 2939 2551 ut
2982 2504 3092 2550 tam
3141 2495 3352 2570 Regum
3406 2517 3568 2572 quam

1969 2575 2431 2651 Paralipomenon
2454 2590 2640 2643 narrat
2663 2582 2893 2643 historia
2916 2585 3017 2658 (IV
3044 2588 3175 2662 Reg.
3192 2606 3328 2651 χχιιι
3349 2602 3398 2649 et
3418 2609 3569 2665 xxxv,

1966 2666 2015 2724 lI
2044 2668 2226 2726 Paral.
2252 2672 2477 2746 xxxvr),
2510 2675 2764 2735 undecim
2793 2679 2955 2735 annis
2976 2696 3238 2753 regnasse
3265 2685 3321 2743 in
3348 2687 3575 2749 Jerusa-

1969 2761 2076 2820 lem
2114 2765 2325 2823 Joacim
2355 2767 2528 2825 tilium
2557 2769 2747 2839 Josiae,
2784 2780 2842 2831 et
2860 2788 3127 2846 regnasse
3157 2780 3483 2849 crudeliter;
3515 2797 3573 2843 et

1969 2859 2252 2917 exstitisse
2293 2860 2547 2934 impium,
2580 2874 2636 2921 et
2679 2877 2866 2937 postea
2900 2880 3211 2943 mortuum;
3241 2893 3344 2935 nec
3387 2889 3571 2939 tamen

1969 2950 2089 3023 eius
2137 2954 2424 3025 sepultura
2476 2967 2751 3029 narratur,
2805 2962 2945 3019 hanc
2996 2964 3235 3027 habente
3280 2970 3567 3044 Scriptura

1968 3057 2125 3102 sacra
2160 3048 2643 3117 consuetudinum,
2681 3061 2746 3111 ut
2783 3069 2975 3115 omnes
3021 3072 3183 3130 renes
3225 3071 3282 3125 et
3316 3074 3571 3125 mortuos

259 3146 459 3205 ductus
487 3156 575 3207 est
601 3147 658 3205 in
680 3146 1035 3219 Babylonem.
1082 3146 1363 3215 Qum-itur
1399 3148 1608 3220 itaqne,
1640 3149 1769 3220 quis
1795 3150 1867 3211 sit
1914 3221 1941 3224 _
1972 3140 2537 3214 τείααιθῑδευυηθε·
2568 3145 2726 3209 Hunc
2755 3161 2941 3211 amem
2969 3155 3192 3224 Proprie
3212 3171 3405 3217 narrat
3426 3178 3580 3221 mur-

260 3241 363 3299 iste
387 3240 483 3313 qui
508 3239 631 3297 ﬁeri
659 3254 765 3296 non
812 3240 1034 3307 debeat,
1083 3240 1476 3313 ducendosque
1504 3243 1579 3303 sit
1606 3241 1664 3299 in
1695 3243 1869 3313 capti-
1898 3221 1945 3285 C
1977 3242 2127 3295 ιυυηι
2164 3246 2221 3292 ει
2249 3252 2358 3295 ηοη
2390 3239 2689 3311 “limum.
2712 3243 2787 3303 de
2806 3260 2916 3317 quo
2945 3221 3196 3311 dicemus
3218 3251 3273 3309 in
3300 3259 3575 3326 posterio-

260 3333 511 3399 vitatem,
545 3341 607 3389 et
654 3333 795 3391 ultra
836 3348 947 3393 non
1001 3347 1355 3402 reversurus,
1391 3347 1517 3393 cum
1562 3344 1675 3397 tres
1725 3336 1872 3406 capti

261 3428 397 3496 sint,
428 3438 596 3496 atque
640 3425 980 3485 transducti?
1011 3425 1226 3485 Hebraei
1260 3436 1455 3496 putant.
1481 3427 1584 3487 hoc
1615 3428 1872 3489 omnibus

260 3522 583 3585 convenire,
609 3520 662 3576 id
697 3529 807 3587 est,
831 3531 885 3576 et
916 3518 1180 3589 Joacbas,
1208 3519 1594 3591 etJecboniae,
1621 3531 1678 3579 et
1700 3521 1873 3581 Sede-

262 3617 363 3675 cia:
398 3633 415 3672 :
449 3613 832 3686 appellarique
871 3628 1067 3671 omnes
1112 3613 1257 3675 ﬁlios
1294 3613 1461 3673 Josizn
1496 3613 1716 3681 Sellem,
1755 3615 1873 3675 sive

266 3707 473 3765 Selium
490 3690 717 3781 (urbm),
742 3706 891 3778 quod
915 3707 1317 3776 interpretatur
1332 3708 1732 3775 consummatio,
1753 3707 1797 3763 si
1808 3723 1872 3766 re

262 3801 570 3874 completio;
595 3816 663 3856 eo
681 3801 827 3872 quod
858 3815 1091 3870 regnum
1117 3798 1258 3859 Iuda
1284 3801 1339 3856 in
1366 3800 1500 3872 ivSis
1527 3800 1740 3863 libitum
1769 3802 1871 3861 sit.

265 3896 399 3955 Mihi
435 3902 623 3955 autem
650 3896 872 3966 proprie
902 3892 1008 3951 hoc
1032 3893 1139 3952 dici
1170 3892 1390 3951 videtur
1419 3894 1493 3953 de
1517 3894 1774 3964 Sedecia,
1800 3894 1874 3957 de

265 4006 375 4063 quo
397 3998 457 4047 et
487 3989 794 4060 praesentis,
818 3998 875 4043 ct
897 3987 1162 4060 praeteriti
1195 3987 1422 4058 capituli
1446 3987 1737 4060 prophetia
1758 3997 1867 4057 est,

266 4084 322 4141 in
352 4098 465 4155 quo
492 4098 625 4140 vere
670 4096 897 4153 regnum
932 4080 1073 4137 Iuda
1105 4080 1318 4139 ﬁnitum
1364 4090 1475 4151 est,
1522 4082 1627 4139 sub
1667 4097 1779 4151 quo
1816 4089 1874 4141 et

269 4177 403 4233 urbs
426 4186 583 4248 capta
614 4185 701 4233 est
725 4192 738 4228 :
762 4175 1073 4245 ductusque
1101 4176 1153 4229 in
1195 4174 1557 4247 Babylonem,
1610 4175 1682 4231 ibi
1726 4191 1876 4232 mor.

271 4280 399 4329 tuus
419 4270 701 4328 scribitur.
734 4271 839 4326 Iste
864 4277 951 4326 est
969 4268 1199 4338 Selium,
1226 4269 1280 4325 id
1297 4279 1402 4336 est,
1432 4271 1869 4340 consummatio,

269 4360 436 4436 itque
464 4362 784 4434 completis,
811 4362 953 4419 ﬁlius
978 4360 1171 4431 lesizv,
1199 4377 1297 4425 rex
1323 4362 1489 4433 Iuda,
1507 4363 1599 4436 qui
1622 4366 1877 4436 regnavit

273 4478 373 4534 pro
402 4461 555 4521 Josia
582 4471 739 4531 patre
757 4476 880 4521 suo.
910 4461 1207 4521 Jeebonias
1228 4472 1409 4522 autem
1436 4479 1543 4523 non
1573 4464 1675 4523 fuit
1704 4464 1873 4534 ﬁlius,

271 4555 369 4614 sed
401 4570 575 4626 nepos
601 4554 791 4621 Josiae,
825 4555 968 4615 ﬁlius
992 4553 1203 4615 Jeaeim
1226 4574 1241 4613 :
1261 4568 1319 4615 ιιι
1343 4573 1371 4609 a
1392 4557 1675 4629 principio
1702 4556 1876 4617 visies

274 4650 386 4717 nis,
416 4617 639 4721 quando
664 4617 815 4705 misit
831 4646 899 4705 ad
916 4647 1213 4709 Jereiuittm
1246 4664 1343 4708 rex
1369 4617 1637 4709 sedecies
1664 4648 1878 4709 Phasur
1901 4617 1955 4681 Β

276 4738 450 4797 ﬁlium
482 4737 756 4807 Melaniae,
784 4747 840 4799 et
867 4736 1204 4817 Suphouinm
1236 4740 1411 4801 ﬁlium
1437 4741 1662 4803 Nausia
1689 4754 1881 4801 sacer-

276 4839 490 4908 dotem;
523 4850 703 4910 usque
720 4836 793 4895 ad
820 4835 969 4894 istud
996 4837 1323 4906 capitulum,
1356 4840 1545 4895 eruntin
1570 4839 1641 4895 ad
1666 4852 1876 4911 regem

277 4946 337 4995 ct
362 4935 436 4995 de
463 4949 594 5005 rege
621 4932 849 4991 Βωεοὶι
876 4930 991 4989 dici
1019 4932 1391 5005 intelligamus
1419 4933 1637 5008 (Sum
1652 4933 1805 5007 an).

348 5027 549 5102 (Vere.
574 5026 854 5097 lﬂscqq.)
907 5024 995 5082 Vc
1018 5026 1110 5097 qui
1137 5026 1367 5097 aediﬁcat
1394 5027 1613 5084 domum
1643 5044 1793 5083 suam
1823 5031 1881 5084 in

276 5121 560 5198 injustitia,
600 5130 651 5176 et
682 5116 947 5179 clunacula
984 5136 1083 5176 sua
1116 5132 1225 5176 non
1275 5123 1331 5176 in
1360 5121 1594 5195 judicio;
1638 5122 1881 5178 Amicum

277 5235 437 5275 um
457 5216 708 5290 opprimit
738 5214 929 5289 (Vulg.
963 5216 1218 5289 opprimat
1250 5225 1309 5273 et
1338 5214 1553 5290 reddet]
1588 5220 1811 5287 frustra,
1834 5226 1883 5275 st

278 5309 566 5367 mercedem
590 5309 702 5372 eius
725 5324 830 5363 non
854 5308 1027 5363 reddit
1058 5308 1124 5364 ei.
1149 5308 1253 5376 Qui
1277 5308 1428 5374 dicit,
1461 5308 1733 5379 aediﬁcabo
1757 5310 1884 5365 mihi

278 5404 493 5459 domum
535 5399 716 5467 latam,
762 5410 808 5455 ct
840 5398 1107 5458 ccenacula
1155 5400 1412 5470 spatiosa,
1455 5401 1545 5470 qui
1579 5401 1751 5471 aperit
1786 5401 1886 5456 sibi

281 5494 557 5568 fenestras,
601 5502 647 5548 et
685 5492 810 5563 facit
852 5495 1118 5564 laquearia
1160 5494 1395 5564 cedrino,
1436 5495 1707 5569 pingitque
1743 5494 1886 5551 sino-

282 5590 424 5664 pids.
474 5580 750 5659 Nunquid
796 5589 1063 5663 regnabis,
1093 5591 1263 5663 θοθ
1290 5589 1543 5660 quoniam
1587 5592 1793 5660 confers
1839 5597 1891 5649 te

280 5681 477 5738 cedro?
508 5679 671 5735 Pam
691 5686 817 5737 usus
849 5688 1023 5738 nonne
1050 5685 1272 5739 etintedit
1305 5691 1351 5739 et
1383 5683 1533 5749 bibit,
1565 5690 1613 5737 et
1645 5683 1771 5757 fecit
1798 5684 1892 5756 ius

1975 3330 2273 3425 ᾔδηεμι.
2303 3337 2773 3409 consequentibus
2796 3338 2848 3413 ]~.
2885 3341 3099 3415 Plangit
3144 3347 3334 3417 itaque
3379 3366 3577 3425 stupra-

1974 3423 2175 3483 dictum
2199 3441 2407 3500 regem,
2430 3430 2575 3505 quod
2595 3431 2839 3491 conﬁdat
2861 3435 2913 3495 in
2932 3436 3199 3508 iniustitia
3216 3439 3238 3514 [
3251 3442 3338 3499 At.
3360 3423 3467 3503 add
3478 3455 3579 3504 unt

1973 3518 2186 3594 sua]et
2228 3531 2382 3594 putet
2431 3539 2557 3585 esse
2602 3539 2925 3599 perpetuam
2974 3533 3183 3604 regiam
3222 3536 3576 3609 dignitatem,

1975 3613 2248 3687 iaciatque
2283 3617 2389 3672 sibi
2419 3620 2731 3687 caenaculo,
2765 3628 2823 3679 et
2851 3623 3059 3683 amicos
3097 3630 3395 3698 opprimet,
3434 3648 3572 3705 ope—

1974 3704 2333 3779 rantibusque
2375 3723 2481 3767 non
2510 3711 2703 3767 reddat
2732 3714 3041 3773 mercedem
3079 3734 3263 3790 suam;
3302 3732 3360 3781 et
3400 3704 3571 3783 teter-

1974 3812 2100 3857 nam
2123 3799 2307 3869 palatii
2339 3802 2425 3858 sui
2457 3803 2885 3867 adiﬁcationem
2915 3810 3238 3875 arbitretur.
3268 3815 3570 3893 Numquid,

1972 3893 2046 3949 ait
2082 3907 2269 3949 sermo
2305 3895 2551 3965 divinus.
2603 3912 2837 3971 regnare
2876 3906 3085 3972 poteris
3128 3908 3183 3965 in
3218 3922 3571 3985 perpetuum,

1973 3988 2233 4060 quoniam
2259 3992 2513 4053 conlcrre
2540 4000 2595 4049 te
2624 3993 2782 4065 cupis
2815 3996 2988 4055 cedro
3012 4002 3281 4071 excelsae,
3315 4009 3456 4075 patri
3485 4019 3579 4067 tuo

1972 4082 2139 4141 Josiaa
2176 4082 2455 4152 videlicet,
2484 4086 2797 4157 regijssto?
2820 4087 3000 4159 Pater.
3030 4092 3233 4167 inquit,
3266 4108 3386 4156 tuus
3413 4112 3463 4158 et
3481 4120 3573 4158 co.

1974 4178 2381 4248 medit,etbibit,
2408 4191 2463 4241 et
2482 4182 2685 4243 lruitus
2706 4194 2791 4245 est
2810 4187 3013 4256 opibus
3030 4192 3226 4263 regiis,
3255 4211 3356 4253 nec
3384 4206 3572 4259 tamen

1975 4273 2031 4331 in
2057 4287 2129 4331 eo
2152 4273 2383 4335 ofendit
2404 4275 2575 4335 Deum
2606 4279 2751 4349 quod
2783 4279 2980 4339 habuit
3003 4284 3246 4357 divitias,
3295 4294 3392 4349 sed
3416 4295 3471 4351 in
3506 4312 3575 4353 eo

1975 4364 2205 4436 placuit,
2233 4366 2381 4439 quod
2408 4368 2543 4427 fecit
2568 4370 2833 4440 judicium
2870 4384 3038 4448 atque
3066 4379 3365 4450 justitiam.
3400 4388 3468 4445 Et
3493 4391 3577 4447 ld-

1974 4459 2122 4519 cireu
2158 4471 2266 4519 tam
2300 4461 2353 4519 in
2384 4466 2640 4532 prteseuti
2674 4468 2898 4533 seculo.
2928 4486 3093 4542 quan
3127 4475 3183 4531 in
3208 4476 3403 4538 futuro
3431 4482 3577 4543 bene

1978 4552 2028 4611 ei
2059 4553 2181 4621 fuit,
2215 4563 2276 4613 et
2301 4555 2427 4615 erit.
2451 4554 2743 4628 ludicavit,
2771 4561 2970 4633 inquit,
2992 4574 3208 4623 cauam
3241 4577 3492 4646 pauperis
3525 4589 3578 4635 et

1980 4650 2151 4721 egeni.
2197 4659 2255 4709 et
2281 4650 2335 4707 iu
2377 4666 2571 4709 eorum
2611 4653 2959 4727 refrigerium
2984 4674 3122 4730 quos
3146 4660 3309 4740 ωι
3340 4671 3571 4743 audivit,

1982 4751 2041 4799 et
2066 4744 2287 4814 proprie
2314 4744 2369 4799 in
2389 4743 2582 4802 bonum
2600 4763 2775 4805 unus.
2799 4749 2930 4808 Hice
2961 4755 3147 4812 autem
3166 4763 3355 4817 omnia
3376 4774 3584 4823 evenc-

1983 4850 2113 4896 runt
2149 4842 2201 4897 ei
2236 4856 2524 4913 prospera,
2567 4844 2689 4915 quia
2725 4862 2804 4901 me
2836 4853 3094 4922 cognovit,
3134 4854 3262 4911 dicit
3298 4856 3578 4920 Dominus.

1982 4932 2083 4993 Tui
2107 4946 2263 5001 vero,
2285 4949 2319 4989 ο
2346 4933 2577 4999 Joacim.
2604 4938 2749 4995 oculi
2778 4939 3065 5001 declinant
3090 4946 3159 5002 ad
3180 4949 3496 5021 avaritiam,
3522 4965 3580 5011 et

1983 5036 2044 5087 ut
2066 5027 2425 5088 innocentem
2446 5030 2773 5102 sanguinem
2800 5033 3021 5106 fundas,
3049 5038 3119 5095 ad
3138 5041 3500 5116 calumniam,
3525 5056 3583 5104 et

1982 5121 2049 5179 ad
2080 5134 2304 5181 cursum
2355 5121 2487 5181 mli
2526 5125 2739 5196 aperis.
2789 5128 2954 5185 Juxta
3009 5130 3369 5204 Septuaginta
3421 5152 3580 5210 vero,

1982 5228 2150 5286 quem
2172 5224 2393 5272 sensum
2418 5214 2679 5284 habeant,
2698 5216 3009 5292 uuelliq‘ere
3030 5238 3139 5279 non
3160 5238 3414 5295 possum.
3443 5228 3583 5290 Cum

1983 5308 2129 5363 enim
2160 5315 2357 5365 cmtera
2388 5308 2492 5365 sibi
2520 5311 2702 5382 aliqua
2746 5329 2811 5367 ex
2847 5323 3008 5383 parte
3040 5318 3417 5391 consentiant,
3445 5323 3586 5383 illud

1988 5399 2134 5470 quod
2176 5396 2408 5456 inicitur
2435 5420 2446 5456 :
2473 5398 2752 5475 Numquid
2786 5405 3048 5477 regnabis,
3087 5410 3330 5478 quoniam
3359 5422 3413 5470 tu
3460 5434 3591 5475 con-

1991 5495 2161 5551 tendis
2185 5495 2243 5551 in
2270 5484 2447 5552 Avitus
2487 5509 2636 5569 patre
2658 5509 2747 5555 tuo
2765 5501 2791 5555 ?
2830 5516 2928 5575 pro
2957 5517 3066 5573 quo
3100 5503 3154 5561 in
3188 5504 3420 5569 Hebraeo
3446 5519 3589 5574 seri-

1995 5600 2149 5661 ptum
2177 5600 2262 5648 cst
2303 5591 2650 5667 ausum),
2691 5601 2749 5648 et
2788 5592 2877 5648 hic
2908 5601 3094 5651 sermo
3134 5596 3353 5656 cedrum
3379 5600 3593 5677 trgum.

1994 5684 2099 5756 cet,
2142 5686 2496 5742 manifestum
2541 5692 2625 5743 est
2652 5684 2799 5757 quod
2842 5686 3052 5744 nullum
3095 5692 3318 5749 sensum
3366 5688 3589 5763 haheat.

282 5778 481 5835 dicium
510 5787 557 5832 ut
589 5760 844 5841 iustitiam
879 5787 999 5834 tunc
1038 5797 1155 5836 cum
1191 5782 1315 5837 bene
1356 5788 1465 5835 erat
1502 5779 1551 5834 ei
1564 5777 1590 5833 .’
1622 5762 1897 5835 Judicavit
1994 5774 2133 5833 Illud
2164 5780 2385 5851 quoque
2416 5774 2566 5851 quod
2605 5777 2894 5848 sequitur:
2931 5774 3057 5835 Non
3097 5787 3366 5843 comedent
3404 5802 3452 5845 ct
3493 5812 3600 5855 non

283 5888 501 5928 causam
528 5868 798 5943 pauperis,
847 5880 896 5926 et
941 5874 1086 5946 egeni
1112 5873 1166 5928 in
1196 5871 1384 5929 bonum
1409 5887 1561 5927 suum
1590 5884 1607 5925 :
1638 5866 1893 5943 numquid

1998 5871 2477 5940 bibentsetcmteru
2499 5885 2620 5942 qua:
2646 5870 2720 5929 ita
2751 5872 2895 5930 inter
2916 5882 2979 5931 se
3006 5874 3265 5949 dissipata
3282 5892 3415 5940 suus
3440 5895 3604 5960 atque
