  <div class='ocr_page' id='page_1' title='image "/cluster/home/n/w/nwhite01/storage/ocr_20150623/24/hvd.32044015471386/413.png"; bbox 0 0 4080 6326; ppageno 0'>
   <div class='ocr_carea' id='block_1_1' title="bbox 515 313 2109 386">
    <p class='ocr_par' dir='ltr' id='par_1_1' title="bbox 515 313 2107 386">
     <span class='ocr_line' id='line_1_1' title="bbox 515 313 2107 386; baseline -0.005 -2"><span class='ocrx_word' id='word_1_1' title='bbox 515 324 626 386; x_wconf 75' lang='grc'><strong>815</strong></span> <span class='ocrx_word' id='word_1_2' title='bbox 1759 317 1819 376; x_wconf 87' lang='lat' dir='ltr'><strong>S.</strong></span> <span class='ocrx_word' id='word_1_3' title='bbox 1860 313 2107 378; x_wconf 85' lang='lat' dir='ltr'><strong>EUSEBI</strong></span> 
     </span>
    </p>
   </div>
   <div class='ocr_carea' id='block_1_2' title="bbox 2214 313 3812 386">
    <p class='ocr_par' dir='ltr' id='par_1_2' title="bbox 2215 313 3812 380">
     <span class='ocr_line' id='line_1_2' title="bbox 2215 313 3812 380; baseline 0.002 -3"><span class='ocrx_word' id='word_1_4' title='bbox 2215 319 2547 379; x_wconf 77' lang='lat' dir='ltr'><strong>IERONYMI</strong></span> <span class='ocrx_word' id='word_1_5' title='bbox 3376 313 3387 317; x_wconf 52' lang='grc'>⁷</span> <span class='ocrx_word' id='word_1_6' title='bbox 3713 316 3812 380; x_wconf 72' lang='grc'><strong>816</strong></span> 
     </span>
    </p>
   </div>
   <div class='ocr_carea' id='block_1_3' title="bbox 515 431 3814 507">
    <p class='ocr_par' dir='ltr' id='par_1_3' title="bbox 515 431 3814 507">
     <span class='ocr_line' id='line_1_3' title="bbox 515 431 3814 507; baseline -0.002 -11"><span class='ocrx_word' id='word_1_7' title='bbox 515 440 746 496; x_wconf 88' lang='lat' dir='ltr'><strong>confusa</strong></span> <span class='ocrx_word' id='word_1_8' title='bbox 781 483 793 505; x_wconf 91' lang='lat'><strong>,</strong></span> <span class='ocrx_word' id='word_1_9' title='bbox 859 446 918 492; x_wconf 91' lang='lat' dir='ltr'><strong>ut</strong></span> <span class='ocrx_word' id='word_1_10' title='bbox 965 438 1176 507; x_wconf 88' lang='lat' dir='ltr'><strong>absque</strong></span> <span class='ocrx_word' id='word_1_11' title='bbox 1226 435 1460 490; x_wconf 85' lang='lat' dir='ltr'><strong>veritate</strong></span> <span class='ocrx_word' id='word_1_12' title='bbox 1506 431 1794 488; x_wconf 69' lang='lat' dir='ltr'><strong>Hebraicae</strong></span> <span class='ocrx_word' id='word_1_13' title='bbox 1851 431 2113 488; x_wconf 73' lang='lat' dir='ltr'><strong>lectionis</strong></span> <span class='ocrx_word' id='word_1_14' title='bbox 2141 436 2189 496; x_wconf 85' lang='grc' dir='ltr'>Α</span> <span class='ocrx_word' id='word_1_15' title='bbox 2220 445 2311 490; x_wconf 91' lang='lat' dir='ltr'><strong>tua</strong></span> <span class='ocrx_word' id='word_1_16' title='bbox 2332 435 2396 490; x_wconf 89' lang='lat' dir='ltr'><strong>ab</strong></span> <span class='ocrx_word' id='word_1_17' title='bbox 2422 435 2769 491; x_wconf 74' lang='lat' dir='ltr'><strong>adolescentia</strong></span> <span class='ocrx_word' id='word_1_18' title='bbox 2792 443 2880 490; x_wconf 91' lang='lat' dir='ltr'><strong>tua</strong></span> <span class='ocrx_word' id='word_1_19' title='bbox 2909 434 3073 506; x_wconf 88' lang='lat' dir='ltr'><strong>:quia</strong></span> <span class='ocrx_word' id='word_1_20' title='bbox 3095 449 3199 490; x_wconf 88' lang='lat' dir='ltr'><strong>non</strong></span> <span class='ocrx_word' id='word_1_21' title='bbox 3223 433 3419 490; x_wconf 86' lang='lat' dir='ltr'><strong>audisti</strong></span> <span class='ocrx_word' id='word_1_22' title='bbox 3440 449 3613 490; x_wconf 86' lang='lat' dir='ltr'><strong>vocem</strong></span> <span class='ocrx_word' id='word_1_23' title='bbox 3637 449 3814 490; x_wconf 85' lang='lat' dir='ltr'><strong>meant.</strong></span> 
     </span>
    </p>
   </div>
   <div class='ocr_carea' id='block_1_4' title="bbox 518 526 3811 603">
    <p class='ocr_par' dir='ltr' id='par_1_4' title="bbox 518 526 3811 603">
     <span class='ocr_line' id='line_1_4' title="bbox 518 526 3811 603; baseline -0.002 -13"><span class='ocrx_word' id='word_1_24' title='bbox 518 535 728 590; x_wconf 74' lang='lat' dir='ltr'><strong>nullam</strong></span> <span class='ocrx_word' id='word_1_25' title='bbox 785 531 1201 600; x_wconf 78' lang='lat' dir='ltr'><strong>intelligentiam</strong></span> <span class='ocrx_word' id='word_1_26' title='bbox 1259 528 1521 584; x_wconf 88' lang='lat' dir='ltr'><strong>habeant.</strong></span> <span class='ocrx_word' id='word_1_27' title='bbox 1585 526 1886 582; x_wconf 88' lang='lat' dir='ltr'><strong>Possumus</strong></span> <span class='ocrx_word' id='word_1_28' title='bbox 1935 537 2118 583; x_wconf 90' lang='lat' dir='ltr'><strong>autem</strong></span> <span class='ocrx_word' id='word_1_29' title='bbox 2228 527 2416 584; x_wconf 80' lang='lat' dir='ltr'><strong><em>Omnes</em></strong></span> <span class='ocrx_word' id='word_1_30' title='bbox 2446 539 2675 598; x_wconf 76' lang='lat' dir='ltr'><strong>pastores</strong></span> <span class='ocrx_word' id='word_1_31' title='bbox 2705 528 2853 603; x_wconf 84' lang='lat' dir='ltr'><strong><em>(sive</em></strong></span> <span class='ocrx_word' id='word_1_32' title='bbox 2891 527 3195 602; x_wconf 79' lang='lat' dir='ltr'><strong><em>amatores)</em></strong></span> <span class='ocrx_word' id='word_1_33' title='bbox 3239 538 3350 584; x_wconf 90' lang='lat' dir='ltr'><strong>tuos</strong></span> <span class='ocrx_word' id='word_1_34' title='bbox 3389 537 3566 599; x_wconf 86' lang='lat' dir='ltr'><strong>pascet</strong></span> <span class='ocrx_word' id='word_1_35' title='bbox 3590 537 3811 582; x_wconf 87' lang='lat' dir='ltr'><strong>ventus:</strong></span> 
     </span>
    </p>
   </div>
   <div class='ocr_carea' id='block_1_5' title="bbox 519 621 2122 696">
    <p class='ocr_par' dir='ltr' id='par_1_5' title="bbox 519 621 2122 696">
     <span class='ocr_line' id='line_1_5' title="bbox 519 621 2122 696; baseline -0.005 -11"><span class='ocrx_word' id='word_1_36' title='bbox 519 630 667 685; x_wconf 88' lang='lat' dir='ltr'><strong>hunc</strong></span> <span class='ocrx_word' id='word_1_37' title='bbox 706 629 887 684; x_wconf 92' lang='lat' dir='ltr'><strong>locum</strong></span> <span class='ocrx_word' id='word_1_38' title='bbox 909 627 1060 692; x_wconf 81' lang='lat' dir='ltr'><strong>juxta</strong></span> <span class='ocrx_word' id='word_1_39' title='bbox 1093 639 1379 696; x_wconf 81' lang='lat' dir='ltr'><strong>anagogen</strong></span> <span class='ocrx_word' id='word_1_40' title='bbox 1427 633 1618 678; x_wconf 91' lang='lat' dir='ltr'><strong>contra</strong></span> <span class='ocrx_word' id='word_1_41' title='bbox 1650 621 1947 678; x_wconf 66' lang='lat' dir='ltr'><strong>haereticos</strong></span> <span class='ocrx_word' id='word_1_42' title='bbox 1976 622 2122 678; x_wconf 88' lang='lat' dir='ltr'><strong>acci-</strong></span> 
     </span>
    </p>
   </div>
   <div class='ocr_carea' id='block_1_6' title="bbox 519 720 2122 796">
    <p class='ocr_par' dir='ltr' id='par_1_6' title="bbox 519 720 2122 796">
     <span class='ocr_line' id='line_1_6' title="bbox 519 720 2122 796; baseline -0.002 -17"><span class='ocrx_word' id='word_1_43' title='bbox 519 741 674 796; x_wconf 79' lang='lat' dir='ltr'><strong>pere,</strong></span> <span class='ocrx_word' id='word_1_44' title='bbox 719 723 809 792; x_wconf 85' lang='lat' dir='ltr'><strong>qui</strong></span> <span class='ocrx_word' id='word_1_45' title='bbox 849 720 1124 776; x_wconf 79' lang='lat' dir='ltr'><strong>aedificant</strong></span> <span class='ocrx_word' id='word_1_46' title='bbox 1165 720 1270 775; x_wconf 89' lang='lat' dir='ltr'><strong>sibi</strong></span> <span class='ocrx_word' id='word_1_47' title='bbox 1315 720 1541 775; x_wconf 82' lang='lat' dir='ltr'><strong>domum</strong></span> <span class='ocrx_word' id='word_1_48' title='bbox 1581 737 1686 774; x_wconf 91' lang='lat' dir='ltr'><strong>non</strong></span> <span class='ocrx_word' id='word_1_49' title='bbox 1744 735 2022 790; x_wconf 87' lang='lat' dir='ltr'><strong>magnam,</strong></span> <span class='ocrx_word' id='word_1_50' title='bbox 2065 729 2122 775; x_wconf 91' lang='lat' dir='ltr'><strong>et</strong></span> 
     </span>
    </p>
   </div>
   <div class='ocr_carea' id='block_1_7' title="bbox 517 811 2122 889">
    <p class='ocr_par' dir='ltr' id='par_1_7' title="bbox 517 811 2122 889">
     <span class='ocr_line' id='line_1_7' title="bbox 517 811 2122 889; baseline -0.004 -17"><span class='ocrx_word' id='word_1_51' title='bbox 517 817 636 889; x_wconf 83' lang='grc' dir='ltr'><strong>[ΑΙ.</strong></span> <span class='ocrx_word' id='word_1_52' title='bbox 671 813 808 887; x_wconf 75' lang='lat' dir='ltr'><strong>nec]</strong></span> <span class='ocrx_word' id='word_1_53' title='bbox 838 813 1101 870; x_wconf 75' lang='lat' dir='ltr'><strong>Ecclesia:</strong></span> <span class='ocrx_word' id='word_1_54' title='bbox 1127 811 1381 868; x_wconf 86' lang='lat' dir='ltr'><strong>ubertate</strong></span> <span class='ocrx_word' id='word_1_55' title='bbox 1411 813 1762 875; x_wconf 88' lang='lat' dir='ltr'><strong>latissimam,</strong></span> <span class='ocrx_word' id='word_1_56' title='bbox 1793 812 1887 866; x_wconf 86' lang='lat' dir='ltr'><strong>sed</strong></span> <span class='ocrx_word' id='word_1_57' title='bbox 1922 827 2122 882; x_wconf 72' lang='lat' dir='ltr'><strong>parvu-</strong></span> 
     </span>
    </p>
   </div>
   <div class='ocr_carea' id='block_1_8' title="bbox 511 906 2120 977">
    <p class='ocr_par' dir='ltr' id='par_1_8' title="bbox 511 906 2120 977">
     <span class='ocr_line' id='line_1_8' title="bbox 511 906 2120 977; baseline -0.003 -13"><span class='ocrx_word' id='word_1_58' title='bbox 511 909 645 964; x_wconf 88' lang='lat' dir='ltr'><strong>lam.</strong></span> <span class='ocrx_word' id='word_1_59' title='bbox 689 907 988 964; x_wconf 64' lang='lat' dir='ltr'><strong>:Edificant</strong></span> <span class='ocrx_word' id='word_1_60' title='bbox 1015 915 1196 961; x_wconf 89' lang='lat' dir='ltr'><strong>autem</strong></span> <span class='ocrx_word' id='word_1_61' title='bbox 1223 921 1334 962; x_wconf 91' lang='lat' dir='ltr'><strong>non</strong></span> <span class='ocrx_word' id='word_1_62' title='bbox 1367 923 1490 962; x_wconf 92' lang='lat' dir='ltr'><strong>cum</strong></span> <span class='ocrx_word' id='word_1_63' title='bbox 1529 907 1740 977; x_wconf 89' lang='lat' dir='ltr'><strong>justitia</strong></span> <span class='ocrx_word' id='word_1_64' title='bbox 1771 915 1935 977; x_wconf 89' lang='lat' dir='ltr'><strong>atque</strong></span> <span class='ocrx_word' id='word_1_65' title='bbox 1973 906 2120 976; x_wconf 91' lang='lat' dir='ltr'><strong>judi-</strong></span> 
     </span>
    </p>
   </div>
   <div class='ocr_carea' id='block_1_9' title="bbox 511 1001 2118 1072">
    <p class='ocr_par' dir='ltr' id='par_1_9' title="bbox 511 1001 2118 1072">
     <span class='ocr_line' id='line_1_9' title="bbox 511 1001 2118 1072; baseline -0.004 -12"><span class='ocrx_word' id='word_1_66' title='bbox 511 1005 624 1070; x_wconf 90' lang='lat' dir='ltr'><strong>cio,</strong></span> <span class='ocrx_word' id='word_1_67' title='bbox 653 1004 832 1058; x_wconf 90' lang='lat' dir='ltr'><strong>aliena</strong></span> <span class='ocrx_word' id='word_1_68' title='bbox 858 1001 1107 1072; x_wconf 87' lang='lat' dir='ltr'><strong>diripere</strong></span> <span class='ocrx_word' id='word_1_69' title='bbox 1130 1001 1434 1071; x_wconf 85' lang='lat' dir='ltr'><strong>cupientes.</strong></span> <span class='ocrx_word' id='word_1_70' title='bbox 1463 1002 1619 1059; x_wconf 88' lang='lat' dir='ltr'><strong>Unde</strong></span> <span class='ocrx_word' id='word_1_71' title='bbox 1643 1003 1851 1057; x_wconf 86' lang='lat' dir='ltr'><strong>dicitur</strong></span> <span class='ocrx_word' id='word_1_72' title='bbox 1876 1021 1886 1056; x_wconf 92' lang='lat'>:</span> <span class='ocrx_word' id='word_1_73' title='bbox 1915 1001 2118 1072; x_wconf 52' lang='lat' dir='ltr'><strong>{Ediﬁ-</strong></span> 
     </span>
    </p>
   </div>
   <div class='ocr_carea' id='block_1_10' title="bbox 511 1094 2120 1165">
    <p class='ocr_par' dir='ltr' id='par_1_10' title="bbox 511 1094 2120 1165">
     <span class='ocr_line' id='line_1_10' title="bbox 511 1094 2120 1165; baseline -0.001 -14"><span class='ocrx_word' id='word_1_74' title='bbox 511 1097 643 1152; x_wconf 81' lang='lat' dir='ltr'><strong>casti</strong></span> <span class='ocrx_word' id='word_1_75' title='bbox 671 1095 764 1150; x_wconf 87' lang='lat' dir='ltr'><strong>tibi</strong></span> <span class='ocrx_word' id='word_1_76' title='bbox 786 1097 997 1150; x_wconf 88' lang='lat' dir='ltr'><strong>domum</strong></span> <span class='ocrx_word' id='word_1_77' title='bbox 1029 1094 1330 1165; x_wconf 78' lang='lat' dir='ltr'><strong>parvulam,</strong></span> <span class='ocrx_word' id='word_1_78' title='bbox 1367 1095 1635 1150; x_wconf 72' lang='lat' dir='ltr'><strong>caenaculo</strong></span> <span class='ocrx_word' id='word_1_79' title='bbox 1666 1095 1974 1165; x_wconf 83' lang='lat' dir='ltr'><strong>perﬂatilia,</strong></span> <span class='ocrx_word' id='word_1_80' title='bbox 1997 1109 2120 1164; x_wconf 66' lang='lat' dir='ltr'><strong>qua:</strong></span> 
     </span>
    </p>
   </div>
   <div class='ocr_carea' id='block_1_11' title="bbox 509 1188 2121 1256">
    <p class='ocr_par' dir='ltr' id='par_1_11' title="bbox 509 1188 2121 1256">
     <span class='ocr_line' id='line_1_11' title="bbox 509 1188 2121 1256; baseline -0.003 -8"><span class='ocrx_word' id='word_1_81' title='bbox 509 1192 980 1248; x_wconf 82' lang='lat' dir='ltr'><strong>circumferuntur</strong></span> <span class='ocrx_word' id='word_1_82' title='bbox 1022 1189 1173 1244; x_wconf 89' lang='lat' dir='ltr'><strong>omni</strong></span> <span class='ocrx_word' id='word_1_83' title='bbox 1231 1199 1396 1244; x_wconf 85' lang='lat' dir='ltr'><strong>vento</strong></span> <span class='ocrx_word' id='word_1_84' title='bbox 1447 1189 1736 1256; x_wconf 63' lang='lat' dir='ltr'><strong>doctrinas,</strong></span> <span class='ocrx_word' id='word_1_85' title='bbox 1775 1198 1825 1243; x_wconf 91' lang='lat' dir='ltr'><strong>et</strong></span> <span class='ocrx_word' id='word_1_86' title='bbox 1870 1188 2121 1243; x_wconf 87' lang='lat' dir='ltr'><strong>distincta</strong></span> 
     </span>
    </p>
   </div>
   <div class='ocr_carea' id='block_1_12' title="bbox 517 1280 2116 1356">
    <p class='ocr_par' dir='ltr' id='par_1_12' title="bbox 517 1280 2116 1356">
     <span class='ocr_line' id='line_1_12' title="bbox 517 1280 2116 1356; baseline -0.003 -16"><span class='ocrx_word' id='word_1_87' title='bbox 517 1283 760 1356; x_wconf 79' lang='lat' dir='ltr'><strong>fenestris</strong></span> <span class='ocrx_word' id='word_1_88' title='bbox 791 1297 940 1338; x_wconf 89' lang='lat' dir='ltr'><strong>:non</strong></span> <span class='ocrx_word' id='word_1_89' title='bbox 983 1282 1130 1338; x_wconf 91' lang='lat' dir='ltr'><strong>enim</strong></span> <span class='ocrx_word' id='word_1_90' title='bbox 1181 1281 1390 1337; x_wconf 77' lang='lat' dir='ltr'><strong>[tabent</strong></span> <span class='ocrx_word' id='word_1_91' title='bbox 1433 1293 1758 1352; x_wconf 89' lang='lat' dir='ltr'><strong>perpetuum</strong></span> <span class='ocrx_word' id='word_1_92' title='bbox 1802 1280 2116 1350; x_wconf 73' lang='lat' dir='ltr'><strong>mdilicium,</strong></span> 
     </span>
    </p>
   </div>
   <div class='ocr_carea' id='block_1_13' title="bbox 513 1374 2117 1448">
    <p class='ocr_par' dir='ltr' id='par_1_13' title="bbox 513 1374 2117 1448">
     <span class='ocr_line' id='line_1_13' title="bbox 513 1374 2117 1448; baseline -0.002 -16"><span class='ocrx_word' id='word_1_93' title='bbox 513 1392 614 1433; x_wconf 89' lang='lat' dir='ltr'><strong>nec</strong></span> <span class='ocrx_word' id='word_1_94' title='bbox 640 1377 872 1430; x_wconf 85' lang='lat' dir='ltr'><strong>solidam</strong></span> <span class='ocrx_word' id='word_1_95' title='bbox 896 1375 1239 1430; x_wconf 86' lang='lat' dir='ltr'><strong>ﬁrmitatem.</strong></span> <span class='ocrx_word' id='word_1_96' title='bbox 1273 1374 1340 1428; x_wconf 86' lang='lat' dir='ltr'><strong>Et</strong></span> <span class='ocrx_word' id='word_1_97' title='bbox 1363 1375 1688 1448; x_wconf 82' lang='lat' dir='ltr'><strong>contignata,</strong></span> <span class='ocrx_word' id='word_1_98' title='bbox 1710 1374 1914 1444; x_wconf 85' lang='lat' dir='ltr'><strong>inquit,</strong></span> <span class='ocrx_word' id='word_1_99' title='bbox 1939 1374 2117 1428; x_wconf 81' lang='lat' dir='ltr'><strong>cedro.</strong></span> 
     </span>
    </p>
   </div>
   <div class='ocr_carea' id='block_1_14' title="bbox 514 1466 2121 1542">
    <p class='ocr_par' dir='ltr' id='par_1_14' title="bbox 514 1466 2121 1542">
     <span class='ocr_line' id='line_1_14' title="bbox 514 1466 2121 1542; baseline -0.003 -16"><span class='ocrx_word' id='word_1_100' title='bbox 514 1469 790 1526; x_wconf 80' lang='lat' dir='ltr'><strong>Videntur</strong></span> <span class='ocrx_word' id='word_1_101' title='bbox 812 1469 1036 1542; x_wconf 89' lang='lat' dir='ltr'><strong>quidem</strong></span> <span class='ocrx_word' id='word_1_102' title='bbox 1068 1469 1544 1538; x_wconf 83' lang='lat' dir='ltr'><strong>contignationem</strong></span> <span class='ocrx_word' id='word_1_103' title='bbox 1579 1467 1786 1523; x_wconf 88' lang='lat' dir='ltr'><strong>habere</strong></span> <span class='ocrx_word' id='word_1_104' title='bbox 1813 1466 2121 1536; x_wconf 88' lang='lat' dir='ltr'><strong>pulcherri-</strong></span> 
     </span>
    </p>
   </div>
   <div class='ocr_carea' id='block_1_15' title="bbox 506 1562 2121 1630">
    <p class='ocr_par' dir='ltr' id='par_1_15' title="bbox 506 1562 2121 1630">
     <span class='ocr_line' id='line_1_15' title="bbox 506 1562 2121 1630; baseline -0.005 -10"><span class='ocrx_word' id='word_1_105' title='bbox 506 1580 688 1630; x_wconf 89' lang='lat' dir='ltr'><strong>mam;</strong></span> <span class='ocrx_word' id='word_1_106' title='bbox 736 1564 831 1619; x_wconf 86' lang='lat' dir='ltr'><strong>sed</strong></span> <span class='ocrx_word' id='word_1_107' title='bbox 861 1562 927 1618; x_wconf 91' lang='lat' dir='ltr'><strong>ad</strong></span> <span class='ocrx_word' id='word_1_108' title='bbox 971 1562 1199 1627; x_wconf 88' lang='lat' dir='ltr'><strong>imbres,</strong></span> <span class='ocrx_word' id='word_1_109' title='bbox 1227 1572 1282 1616; x_wconf 93' lang='lat' dir='ltr'><strong>et</strong></span> <span class='ocrx_word' id='word_1_110' title='bbox 1323 1562 1763 1630; x_wconf 80' lang='lat' dir='ltr'><strong>persecutiOuum</strong></span> <span class='ocrx_word' id='word_1_111' title='bbox 1817 1569 2121 1628; x_wconf 87' lang='lat' dir='ltr'><strong>tempesta-</strong></span> 
     </span>
    </p>
   </div>
   <div class='ocr_carea' id='block_1_16' title="bbox 511 1651 2110 1726">
    <p class='ocr_par' dir='ltr' id='par_1_16' title="bbox 511 1651 2110 1726">
     <span class='ocr_line' id='line_1_16' title="bbox 511 1651 2110 1726; baseline -0.004 -13"><span class='ocrx_word' id='word_1_112' title='bbox 511 1668 623 1714; x_wconf 90' lang='lat' dir='ltr'><strong>tem</strong></span> <span class='ocrx_word' id='word_1_113' title='bbox 653 1657 764 1713; x_wconf 87' lang='lat' dir='ltr'><strong>cito</strong></span> <span class='ocrx_word' id='word_1_114' title='bbox 793 1663 1121 1726; x_wconf 84' lang='lat' dir='ltr'><strong>putrescunt</strong></span> <span class='ocrx_word' id='word_1_115' title='bbox 1167 1661 1226 1710; x_wconf 90' lang='lat' dir='ltr'><strong>et</strong></span> <span class='ocrx_word' id='word_1_116' title='bbox 1253 1663 1542 1708; x_wconf 90' lang='lat' dir='ltr'><strong>corruunt.</strong></span> <span class='ocrx_word' id='word_1_117' title='bbox 1583 1651 1806 1724; x_wconf 84' lang='lat' dir='ltr'><strong>Litaque</strong></span> <span class='ocrx_word' id='word_1_118' title='bbox 1845 1652 2110 1720; x_wconf 87' lang='lat' dir='ltr'><strong>sinapide.</strong></span> 
     </span>
    </p>
   </div>
   <div class='ocr_carea' id='block_1_17' title="bbox 505 1745 2114 1820">
    <p class='ocr_par' dir='ltr' id='par_1_17' title="bbox 505 1745 2114 1820">
     <span class='ocr_line' id='line_1_17' title="bbox 505 1745 2114 1820; baseline -0.004 -14"><span class='ocrx_word' id='word_1_119' title='bbox 505 1752 574 1807; x_wconf 82' lang='lat' dir='ltr'><strong>Et</strong></span> <span class='ocrx_word' id='word_1_120' title='bbox 617 1751 720 1819; x_wconf 87' lang='lat' dir='ltr'><strong>ipsi</strong></span> <span class='ocrx_word' id='word_1_121' title='bbox 767 1750 985 1820; x_wconf 86' lang='lat' dir='ltr'><strong>quidem</strong></span> <span class='ocrx_word' id='word_1_122' title='bbox 1031 1747 1341 1817; x_wconf 90' lang='lat' dir='ltr'><strong>passionem</strong></span> <span class='ocrx_word' id='word_1_123' title='bbox 1393 1745 1631 1813; x_wconf 84' lang='lat' dir='ltr'><strong>Domini,</strong></span> <span class='ocrx_word' id='word_1_124' title='bbox 1685 1754 1740 1800; x_wconf 91' lang='lat' dir='ltr'><strong>et</strong></span> <span class='ocrx_word' id='word_1_125' title='bbox 1784 1745 2114 1814; x_wconf 88' lang='lat' dir='ltr'><strong>sanguinem</strong></span> 
     </span>
    </p>
   </div>
   <div class='ocr_carea' id='block_1_18' title="bbox 2225 623 3816 696">
    <p class='ocr_par' dir='ltr' id='par_1_18' title="bbox 2225 623 3816 696">
     <span class='ocr_line' id='line_1_18' title="bbox 2225 623 3816 696; baseline -0.001 -18"><span class='ocrx_word' id='word_1_126' title='bbox 2225 633 2271 678; x_wconf 91' lang='lat' dir='ltr'><strong>et</strong></span> <span class='ocrx_word' id='word_1_127' title='bbox 2309 632 2562 678; x_wconf 79' lang='lat' dir='ltr'><strong>amatores</strong></span> <span class='ocrx_word' id='word_1_128' title='bbox 2595 624 2748 696; x_wconf 87' lang='lat' dir='ltr'><strong>(sive</strong></span> <span class='ocrx_word' id='word_1_129' title='bbox 2775 623 2964 693; x_wconf 82' lang='lat' dir='ltr'><strong>amici)</strong></span> <span class='ocrx_word' id='word_1_130' title='bbox 2993 625 3074 679; x_wconf 86' lang='lat' dir='ltr'><strong>tui</strong></span> <span class='ocrx_word' id='word_1_131' title='bbox 3095 625 3148 678; x_wconf 90' lang='lat' dir='ltr'><strong>in</strong></span> <span class='ocrx_word' id='word_1_132' title='bbox 3180 625 3528 696; x_wconf 87' lang='lat' dir='ltr'><strong>captivitatem</strong></span> <span class='ocrx_word' id='word_1_133' title='bbox 3553 624 3720 679; x_wconf 89' lang='lat' dir='ltr'><strong>ibunt.</strong></span> <span class='ocrx_word' id='word_1_134' title='bbox 3752 623 3816 677; x_wconf 90' lang='lat' dir='ltr'><strong>Et</strong></span> 
     </span>
    </p>
   </div>
   <div class='ocr_carea' id='block_1_19' title="bbox 2226 717 3813 786">
    <p class='ocr_par' dir='ltr' id='par_1_19' title="bbox 2226 717 3813 786">
     <span class='ocr_line' id='line_1_19' title="bbox 2226 717 3813 786; baseline 0.003 -16"><span class='ocrx_word' id='word_1_135' title='bbox 2226 725 2346 771; x_wconf 89' lang='lat' dir='ltr'><strong>tunc</strong></span> <span class='ocrx_word' id='word_1_136' title='bbox 2391 719 2746 786; x_wconf 85' lang='lat' dir='ltr'><strong>confunderis,</strong></span> <span class='ocrx_word' id='word_1_137' title='bbox 2787 729 2833 773; x_wconf 88' lang='lat' dir='ltr'><strong>et</strong></span> <span class='ocrx_word' id='word_1_138' title='bbox 2878 717 3151 774; x_wconf 87' lang='lat' dir='ltr'><strong>erubesces</strong></span> <span class='ocrx_word' id='word_1_139' title='bbox 3197 720 3260 773; x_wconf 92' lang='lat' dir='ltr'><strong>ab</strong></span> <span class='ocrx_word' id='word_1_140' title='bbox 3291 719 3432 772; x_wconf 90' lang='lat' dir='ltr'><strong>omni</strong></span> <span class='ocrx_word' id='word_1_141' title='bbox 3470 719 3678 773; x_wconf 84' lang='lat' dir='ltr'><strong>malitia</strong></span> <span class='ocrx_word' id='word_1_142' title='bbox 3709 728 3813 774; x_wconf 84' lang='lat' dir='ltr'><strong>tua.</strong></span> 
     </span>
    </p>
   </div>
   <div class='ocr_carea' id='block_1_20' title="bbox 2229 809 3812 880">
    <p class='ocr_par' dir='ltr' id='par_1_20' title="bbox 2229 809 3812 880">
     <span class='ocr_line' id='line_1_20' title="bbox 2229 809 3812 880; baseline 0.003 -17"><span class='ocrx_word' id='word_1_143' title='bbox 2229 810 2360 874; x_wconf 78' lang='lat' dir='ltr'><strong>Qua:</strong></span> <span class='ocrx_word' id='word_1_144' title='bbox 2386 811 2530 865; x_wconf 81' lang='lat' dir='ltr'><strong><em>sedes</em></strong></span> <span class='ocrx_word' id='word_1_145' title='bbox 2563 812 2615 865; x_wconf 87' lang='lat' dir='ltr'><strong>in</strong></span> <span class='ocrx_word' id='word_1_146' title='bbox 2650 809 2868 873; x_wconf 88' lang='lat' dir='ltr'><strong>Libano,</strong></span> <span class='ocrx_word' id='word_1_147' title='bbox 2900 822 2952 865; x_wconf 90' lang='lat' dir='ltr'><strong>et</strong></span> <span class='ocrx_word' id='word_1_148' title='bbox 2985 811 3229 880; x_wconf 77' lang='lat' dir='ltr'><strong>nidiﬁcas</strong></span> <span class='ocrx_word' id='word_1_149' title='bbox 3256 811 3310 865; x_wconf 90' lang='lat' dir='ltr'><strong>in</strong></span> <span class='ocrx_word' id='word_1_150' title='bbox 3338 812 3534 878; x_wconf 73' lang='lat' dir='ltr'><strong>cedris,</strong></span> <span class='ocrx_word' id='word_1_151' title='bbox 3563 813 3812 878; x_wconf 88' lang='lat' dir='ltr'><strong>quomodo</strong></span> 
     </span>
    </p>
   </div>
   <div class='ocr_carea' id='block_1_21' title="bbox 2227 905 3813 974">
    <p class='ocr_par' dir='ltr' id='par_1_21' title="bbox 2227 905 3813 974">
     <span class='ocr_line' id='line_1_21' title="bbox 2227 905 3813 974; baseline 0.003 -17"><span class='ocrx_word' id='word_1_152' title='bbox 2227 905 2581 973; x_wconf 87' lang='lat' dir='ltr'><strong>congemuisti,</strong></span> <span class='ocrx_word' id='word_1_153' title='bbox 2616 920 2733 958; x_wconf 88' lang='lat' dir='ltr'><strong>cum</strong></span> <span class='ocrx_word' id='word_1_154' title='bbox 2776 905 3031 960; x_wconf 84' lang='lat' dir='ltr'><strong>venissent</strong></span> <span class='ocrx_word' id='word_1_155' title='bbox 3063 905 3154 959; x_wconf 82' lang='lat' dir='ltr'><strong>tibi</strong></span> <span class='ocrx_word' id='word_1_156' title='bbox 3185 905 3390 959; x_wconf 81' lang='lat' dir='ltr'><strong>dolores</strong></span> <span class='ocrx_word' id='word_1_157' title='bbox 3417 905 3572 974; x_wconf 89' lang='lat' dir='ltr'><strong>quasi</strong></span> <span class='ocrx_word' id='word_1_158' title='bbox 3617 905 3813 962; x_wconf 86' lang='lat' dir='ltr'><strong>dolores</strong></span> 
     </span>
    </p>
   </div>
   <div class='ocr_carea' id='block_1_22' title="bbox 2228 997 3811 1070">
    <p class='ocr_par' dir='ltr' id='par_1_22' title="bbox 2228 997 3811 1070">
     <span class='ocr_line' id='line_1_22' title="bbox 2228 997 3811 1070; baseline 0.003 -20"><span class='ocrx_word' id='word_1_159' title='bbox 2228 999 2596 1066; x_wconf 79' lang='lat' dir='ltr'><strong>parturientis?</strong></span> <span class='ocrx_word' id='word_1_160' title='bbox 2625 997 2729 1054; x_wconf 90' lang='lat' dir='ltr'><strong>Per</strong></span> <span class='ocrx_word' id='word_1_161' title='bbox 2761 999 3142 1070; x_wconf 85' lang='lat' dir='ltr'><strong>metaphoram</strong></span> <span class='ocrx_word' id='word_1_162' title='bbox 3175 997 3368 1054; x_wconf 87' lang='lat' dir='ltr'><strong>Libani</strong></span> <span class='ocrx_word' id='word_1_163' title='bbox 3401 1007 3456 1054; x_wconf 89' lang='lat' dir='ltr'><strong>et</strong></span> <span class='ocrx_word' id='word_1_164' title='bbox 3496 997 3696 1066; x_wconf 87' lang='lat' dir='ltr'><strong>Basan,</strong></span> <span class='ocrx_word' id='word_1_165' title='bbox 3728 1015 3811 1054; x_wconf 88' lang='lat' dir='ltr'><strong>re-</strong></span> 
     </span>
    </p>
   </div>
   <div class='ocr_carea' id='block_1_23' title="bbox 2224 1091 3815 1162">
    <p class='ocr_par' dir='ltr' id='par_1_23' title="bbox 2224 1091 3815 1162">
     <span class='ocr_line' id='line_1_23' title="bbox 2224 1091 3815 1162; baseline 0.001 -16"><span class='ocrx_word' id='word_1_166' title='bbox 2224 1091 2449 1162; x_wconf 85' lang='lat' dir='ltr'><strong>gionum</strong></span> <span class='ocrx_word' id='word_1_167' title='bbox 2483 1097 2538 1146; x_wconf 91' lang='lat' dir='ltr'><strong>et</strong></span> <span class='ocrx_word' id='word_1_168' title='bbox 2567 1093 2830 1148; x_wconf 89' lang='lat' dir='ltr'><strong>montium</strong></span> <span class='ocrx_word' id='word_1_169' title='bbox 2879 1103 3033 1148; x_wconf 87' lang='lat' dir='ltr'><strong>trans</strong></span> <span class='ocrx_word' id='word_1_170' title='bbox 3060 1091 3385 1156; x_wconf 87' lang='lat' dir='ltr'><strong>Jordauem,</strong></span> <span class='ocrx_word' id='word_1_171' title='bbox 3423 1091 3491 1146; x_wconf 92' lang='lat' dir='ltr'><strong>ad</strong></span> <span class='ocrx_word' id='word_1_172' title='bbox 3523 1092 3815 1148; x_wconf 73' lang='lat' dir='ltr'><strong>Jerusalem</strong></span> 
     </span>
    </p>
   </div>
   <div class='ocr_carea' id='block_1_24' title="bbox 2225 1185 3809 1258">
    <p class='ocr_par' dir='ltr' id='par_1_24' title="bbox 2225 1185 3809 1258">
     <span class='ocr_line' id='line_1_24' title="bbox 2225 1185 3809 1258; baseline -0.001 -17"><span class='ocrx_word' id='word_1_173' title='bbox 2225 1200 2407 1242; x_wconf 90' lang='lat' dir='ltr'><strong>sermo</strong></span> <span class='ocrx_word' id='word_1_174' title='bbox 2429 1185 2698 1256; x_wconf 84' lang='lat' dir='ltr'><strong>dirigitur,</strong></span> <span class='ocrx_word' id='word_1_175' title='bbox 2724 1186 2866 1257; x_wconf 91' lang='lat' dir='ltr'><strong>quod</strong></span> <span class='ocrx_word' id='word_1_176' title='bbox 2900 1185 3098 1241; x_wconf 87' lang='lat' dir='ltr'><strong>frustra</strong></span> <span class='ocrx_word' id='word_1_177' title='bbox 3131 1186 3184 1241; x_wconf 92' lang='lat' dir='ltr'><strong>in</strong></span> <span class='ocrx_word' id='word_1_178' title='bbox 3214 1185 3452 1258; x_wconf 57' lang='lat' dir='ltr'><strong>[Egypto</strong></span> <span class='ocrx_word' id='word_1_179' title='bbox 3479 1187 3555 1241; x_wconf 91' lang='lat' dir='ltr'><strong>sit</strong></span> <span class='ocrx_word' id='word_1_180' title='bbox 3587 1185 3809 1253; x_wconf 83' lang='lat' dir='ltr'><strong>cnnllsa,</strong></span> 
     </span>
    </p>
   </div>
   <div class='ocr_carea' id='block_1_25' title="bbox 2224 1277 3815 1349">
    <p class='ocr_par' dir='ltr' id='par_1_25' title="bbox 2224 1277 3815 1349">
     <span class='ocr_line' id='line_1_25' title="bbox 2224 1277 3815 1349; baseline 0.001 -17"><span class='ocrx_word' id='word_1_181' title='bbox 2224 1277 2340 1333; x_wconf 89' lang='lat' dir='ltr'><strong>sive</strong></span> <span class='ocrx_word' id='word_1_182' title='bbox 2369 1277 2436 1331; x_wconf 91' lang='lat' dir='ltr'><strong>ad</strong></span> <span class='ocrx_word' id='word_1_183' title='bbox 2461 1280 2635 1348; x_wconf 90' lang='lat' dir='ltr'><strong>ipsum</strong></span> <span class='ocrx_word' id='word_1_184' title='bbox 2665 1277 2898 1344; x_wconf 87' lang='lat' dir='ltr'><strong>Joacim,</strong></span> <span class='ocrx_word' id='word_1_185' title='bbox 2950 1279 3042 1348; x_wconf 91' lang='lat' dir='ltr'><strong>qui</strong></span> <span class='ocrx_word' id='word_1_186' title='bbox 3069 1295 3134 1334; x_wconf 91' lang='lat' dir='ltr'><strong><em>eo</em></strong></span> <span class='ocrx_word' id='word_1_187' title='bbox 3185 1287 3434 1347; x_wconf 88' lang='lat' dir='ltr'><strong>tempore</strong></span> <span class='ocrx_word' id='word_1_188' title='bbox 3465 1278 3728 1349; x_wconf 76' lang='lat' dir='ltr'><strong>regnabat</strong></span> <span class='ocrx_word' id='word_1_189' title='bbox 3768 1279 3815 1334; x_wconf 91' lang='lat' dir='ltr'><strong>in</strong></span> 
     </span>
    </p>
   </div>
   <div class='ocr_carea' id='block_1_26' title="bbox 2223 1369 3809 1442">
    <p class='ocr_par' dir='ltr' id='par_1_26' title="bbox 2223 1369 3809 1442">
     <span class='ocr_line' id='line_1_26' title="bbox 2223 1369 3809 1442; baseline -0.001 -15"><span class='ocrx_word' id='word_1_190' title='bbox 2223 1369 2551 1438; x_wconf 74' lang='lat' dir='ltr'><strong>Jerusnlem,</strong></span> <span class='ocrx_word' id='word_1_191' title='bbox 2594 1370 2744 1426; x_wconf 86' lang='lat' dir='ltr'><strong>etab</strong></span> <span class='ocrx_word' id='word_1_192' title='bbox 2787 1371 3062 1442; x_wconf 64' lang='lat' dir='ltr'><strong>Egyptiis</strong></span> <span class='ocrx_word' id='word_1_193' title='bbox 3110 1387 3204 1428; x_wconf 77' lang='lat' dir='ltr'><strong>rex</strong></span> <span class='ocrx_word' id='word_1_194' title='bbox 3257 1372 3431 1427; x_wconf 81' lang='lat' dir='ltr'><strong>fuerat</strong></span> <span class='ocrx_word' id='word_1_195' title='bbox 3460 1373 3809 1440; x_wconf 90' lang='lat' dir='ltr'><strong>constitutus,</strong></span> 
     </span>
    </p>
   </div>
   <div class='ocr_carea' id='block_1_27' title="bbox 2223 1464 3816 1539">
    <p class='ocr_par' dir='ltr' id='par_1_27' title="bbox 2223 1464 3816 1539">
     <span class='ocr_line' id='line_1_27' title="bbox 2223 1464 3816 1539; baseline 0.004 -21"><span class='ocrx_word' id='word_1_196' title='bbox 2223 1464 2366 1535; x_wconf 89' lang='lat' dir='ltr'><strong>quod</strong></span> <span class='ocrx_word' id='word_1_197' title='bbox 2405 1465 2602 1519; x_wconf 76' lang='lat' dir='ltr'><strong>frustra</strong></span> <span class='ocrx_word' id='word_1_198' title='bbox 2632 1465 3011 1537; x_wconf 67' lang='lat' dir='ltr'><strong>Egyptiorum</strong></span> <span class='ocrx_word' id='word_1_199' title='bbox 3041 1475 3230 1538; x_wconf 90' lang='lat' dir='ltr'><strong>speret</strong></span> <span class='ocrx_word' id='word_1_200' title='bbox 3268 1467 3559 1536; x_wconf 83' lang='lat' dir='ltr'><strong>auxilium,</strong></span> <span class='ocrx_word' id='word_1_201' title='bbox 3595 1479 3653 1525; x_wconf 90' lang='lat' dir='ltr'><strong>et</strong></span> <span class='ocrx_word' id='word_1_202' title='bbox 3680 1471 3816 1539; x_wconf 89' lang='lat' dir='ltr'><strong>quod</strong></span> 
     </span>
    </p>
   </div>
   <div class='ocr_carea' id='block_1_28' title="bbox 2224 1556 3814 1630">
    <p class='ocr_par' dir='ltr' id='par_1_28' title="bbox 2224 1556 3814 1630">
     <span class='ocr_line' id='line_1_28' title="bbox 2224 1556 3814 1630; baseline 0.003 -19"><span class='ocrx_word' id='word_1_203' title='bbox 2224 1556 2324 1627; x_wconf 88' lang='lat' dir='ltr'><strong>ipsi</strong></span> <span class='ocrx_word' id='word_1_204' title='bbox 2355 1573 2570 1627; x_wconf 91' lang='lat' dir='ltr'><strong>quoque</strong></span> <span class='ocrx_word' id='word_1_205' title='bbox 2599 1573 2626 1610; x_wconf 90' lang='lat' dir='ltr'><strong>a</strong></span> <span class='ocrx_word' id='word_1_206' title='bbox 2653 1557 2956 1630; x_wconf 87' lang='lat' dir='ltr'><strong>Babylonio</strong></span> <span class='ocrx_word' id='word_1_207' title='bbox 2986 1575 3110 1629; x_wconf 91' lang='lat' dir='ltr'><strong>rege</strong></span> <span class='ocrx_word' id='word_1_208' title='bbox 3140 1558 3435 1626; x_wconf 80' lang='lat' dir='ltr'><strong>superandi</strong></span> <span class='ocrx_word' id='word_1_209' title='bbox 3469 1561 3604 1626; x_wconf 90' lang='lat' dir='ltr'><strong>sint,</strong></span> <span class='ocrx_word' id='word_1_210' title='bbox 3634 1570 3689 1615; x_wconf 87' lang='lat' dir='ltr'><strong>et</strong></span> <span class='ocrx_word' id='word_1_211' title='bbox 3720 1561 3814 1615; x_wconf 82' lang='lat' dir='ltr'><strong>du-</strong></span> 
     </span>
    </p>
   </div>
   <div class='ocr_carea' id='block_1_29' title="bbox 2223 1647 3816 1723">
    <p class='ocr_par' dir='ltr' id='par_1_29' title="bbox 2223 1647 3816 1723">
     <span class='ocr_line' id='line_1_29' title="bbox 2223 1647 3816 1723; baseline 0.003 -21"><span class='ocrx_word' id='word_1_212' title='bbox 2223 1648 2379 1703; x_wconf 92' lang='lat' dir='ltr'><strong>cendi</strong></span> <span class='ocrx_word' id='word_1_213' title='bbox 2407 1649 2458 1703; x_wconf 93' lang='lat' dir='ltr'><strong>in</strong></span> <span class='ocrx_word' id='word_1_214' title='bbox 2491 1649 2863 1718; x_wconf 81' lang='lat' dir='ltr'><strong>captivitatem</strong></span> <span class='ocrx_word' id='word_1_215' title='bbox 2888 1647 2991 1720; x_wconf 81' lang='lat' dir='ltr'><strong>(IV</strong></span> <span class='ocrx_word' id='word_1_216' title='bbox 3024 1649 3152 1723; x_wconf 81' lang='lat' dir='ltr'><strong>Reg.</strong></span> <span class='ocrx_word' id='word_1_217' title='bbox 3177 1666 3311 1704; x_wconf 70' lang='grc' dir='ltr'>χχιιι</span> <span class='ocrx_word' id='word_1_218' title='bbox 3333 1647 3376 1720; x_wconf 92' lang='grc'><strong>).</strong></span> <span class='ocrx_word' id='word_1_219' title='bbox 3409 1649 3680 1720; x_wconf 89' lang='lat' dir='ltr'><strong>Quodque</strong></span> <span class='ocrx_word' id='word_1_220' title='bbox 3709 1652 3816 1706; x_wconf 89' lang='lat' dir='ltr'><strong>ait:</strong></span> 
     </span>
    </p>
   </div>
   <div class='ocr_carea' id='block_1_30' title="bbox 2223 1741 3814 1813">
    <p class='ocr_par' dir='ltr' id='par_1_30' title="bbox 2223 1741 3814 1813">
     <span class='ocr_line' id='line_1_30' title="bbox 2223 1741 3814 1813; baseline 0.004 -19"><span class='ocrx_word' id='word_1_221' title='bbox 2223 1741 2424 1796; x_wconf 85' lang='lat' dir='ltr'><strong>locutus</strong></span> <span class='ocrx_word' id='word_1_222' title='bbox 2447 1758 2563 1796; x_wconf 88' lang='lat' dir='ltr'><strong>sum</strong></span> <span class='ocrx_word' id='word_1_223' title='bbox 2591 1743 2660 1796; x_wconf 89' lang='lat' dir='ltr'><strong>ad</strong></span> <span class='ocrx_word' id='word_1_224' title='bbox 2683 1752 2754 1806; x_wconf 88' lang='lat' dir='ltr'><strong>te,</strong></span> <span class='ocrx_word' id='word_1_225' title='bbox 2779 1741 2884 1797; x_wconf 87' lang='lat' dir='ltr'><strong>hoc</strong></span> <span class='ocrx_word' id='word_1_226' title='bbox 2917 1752 3024 1807; x_wconf 86' lang='lat' dir='ltr'><strong>est,</strong></span> <span class='ocrx_word' id='word_1_227' title='bbox 3053 1743 3169 1812; x_wconf 80' lang='lat' dir='ltr'><strong>ipse</strong></span> <span class='ocrx_word' id='word_1_228' title='bbox 3197 1743 3339 1798; x_wconf 90' lang='lat' dir='ltr'><strong>Deus</strong></span> <span class='ocrx_word' id='word_1_229' title='bbox 3361 1759 3458 1811; x_wconf 88' lang='lat' dir='ltr'><strong>per</strong></span> <span class='ocrx_word' id='word_1_230' title='bbox 3488 1743 3814 1813; x_wconf 83' lang='lat' dir='ltr'><strong>Prophetas;</strong></span> 
     </span>
    </p>
   </div>
   <div class='ocr_carea' id='block_1_31' title="bbox 507 1833 3818 1912">
    <p class='ocr_par' dir='ltr' id='par_1_31' title="bbox 507 1833 3818 1912">
     <span class='ocr_line' id='line_1_31' title="bbox 507 1833 3818 1912; baseline -0.002 -15"><span class='ocrx_word' id='word_1_231' title='bbox 507 1841 879 1912; x_wconf 89' lang='lat' dir='ltr'><strong>pollicentur;</strong></span> <span class='ocrx_word' id='word_1_232' title='bbox 923 1838 1018 1895; x_wconf 88' lang='lat' dir='ltr'><strong>sed</strong></span> <span class='ocrx_word' id='word_1_233' title='bbox 1062 1840 1115 1894; x_wconf 94' lang='lat' dir='ltr'><strong>in</strong></span> <span class='ocrx_word' id='word_1_234' title='bbox 1157 1845 1483 1908; x_wconf 92' lang='lat' dir='ltr'><strong>perpetuum</strong></span> <span class='ocrx_word' id='word_1_235' title='bbox 1527 1851 1633 1892; x_wconf 93' lang='lat' dir='ltr'><strong>non</strong></span> <span class='ocrx_word' id='word_1_236' title='bbox 1675 1846 1928 1907; x_wconf 89' lang='lat' dir='ltr'><strong>regnant,</strong></span> <span class='ocrx_word' id='word_1_237' title='bbox 1978 1838 2108 1905; x_wconf 87' lang='lat' dir='ltr'><strong>quia</strong></span> <span class='ocrx_word' id='word_1_238' title='bbox 2145 1845 2194 1905; x_wconf 78' lang='grc' dir='ltr'>Β</span> <span class='ocrx_word' id='word_1_239' title='bbox 2221 1835 2360 1897; x_wconf 88' lang='lat' dir='ltr'><strong>sive,</strong></span> <span class='ocrx_word' id='word_1_240' title='bbox 2409 1833 2570 1888; x_wconf 84' lang='lat' dir='ltr'><strong>locuti</strong></span> <span class='ocrx_word' id='word_1_241' title='bbox 2613 1843 2734 1889; x_wconf 89' lang='lat' dir='ltr'><strong>sunt</strong></span> <span class='ocrx_word' id='word_1_242' title='bbox 2781 1835 2850 1888; x_wconf 89' lang='lat' dir='ltr'><strong>ad</strong></span> <span class='ocrx_word' id='word_1_243' title='bbox 2899 1844 2968 1897; x_wconf 89' lang='lat' dir='ltr'><strong>te,</strong></span> <span class='ocrx_word' id='word_1_244' title='bbox 3016 1841 3076 1888; x_wconf 90' lang='lat' dir='ltr'><strong>ut</strong></span> <span class='ocrx_word' id='word_1_245' title='bbox 3118 1833 3500 1900; x_wconf 89' lang='lat' dir='ltr'><strong>subaudiatur,</strong></span> <span class='ocrx_word' id='word_1_246' title='bbox 3536 1835 3818 1904; x_wconf 80' lang='lat' dir='ltr'><strong>Propheta:</strong></span> 
     </span>
    </p>
   </div>
   <div class='ocr_carea' id='block_1_32' title="bbox 505 1927 2113 2000">
    <p class='ocr_par' dir='ltr' id='par_1_32' title="bbox 505 1927 2113 2000">
     <span class='ocr_line' id='line_1_32' title="bbox 505 1927 2113 2000; baseline -0.007 -8"><span class='ocrx_word' id='word_1_247' title='bbox 505 1934 846 1992; x_wconf 86' lang='lat' dir='ltr'><strong>contendunt</strong></span> <span class='ocrx_word' id='word_1_248' title='bbox 863 1942 919 1989; x_wconf 90' lang='lat' dir='ltr'><strong>et</strong></span> <span class='ocrx_word' id='word_1_249' title='bbox 947 1932 1014 1988; x_wconf 88' lang='lat' dir='ltr'><strong>ad</strong></span> <span class='ocrx_word' id='word_1_250' title='bbox 1049 1931 1389 1987; x_wconf 90' lang='lat' dir='ltr'><strong>iracundiam</strong></span> <span class='ocrx_word' id='word_1_251' title='bbox 1421 1939 1718 2000; x_wconf 88' lang='lat' dir='ltr'><strong>provocant</strong></span> <span class='ocrx_word' id='word_1_252' title='bbox 1744 1930 1904 1994; x_wconf 71' lang='lat' dir='ltr'><strong>Aras,</strong></span> <span class='ocrx_word' id='word_1_253' title='bbox 1931 1927 1984 1984; x_wconf 91' lang='lat' dir='ltr'><strong>id</strong></span> <span class='ocrx_word' id='word_1_254' title='bbox 2007 1939 2113 1997; x_wconf 84' lang='lat' dir='ltr'><strong>est,</strong></span> 
     </span>
    </p>
   </div>
   <div class='ocr_carea' id='block_1_33' title="bbox 507 2022 2114 2097">
    <p class='ocr_par' dir='ltr' id='par_1_33' title="bbox 507 2022 2114 2097">
     <span class='ocr_line' id='line_1_33' title="bbox 507 2022 2114 2097; baseline -0.004 -15"><span class='ocrx_word' id='word_1_255' title='bbox 507 2028 723 2084; x_wconf 84' lang='lat' dir='ltr'><strong>cedrum</strong></span> <span class='ocrx_word' id='word_1_256' title='bbox 750 2035 960 2097; x_wconf 87' lang='lat' dir='ltr'><strong>patrem</strong></span> <span class='ocrx_word' id='word_1_257' title='bbox 989 2040 1172 2081; x_wconf 90' lang='lat' dir='ltr'><strong>suum.</strong></span> <span class='ocrx_word' id='word_1_258' title='bbox 1201 2025 1398 2080; x_wconf 86' lang='lat' dir='ltr'><strong>Omnis</strong></span> <span class='ocrx_word' id='word_1_259' title='bbox 1425 2023 1574 2078; x_wconf 90' lang='lat' dir='ltr'><strong>enim</strong></span> <span class='ocrx_word' id='word_1_260' title='bbox 1609 2022 1902 2078; x_wconf 83' lang='lat' dir='ltr'><strong>haereticus</strong></span> <span class='ocrx_word' id='word_1_261' title='bbox 1931 2025 2114 2077; x_wconf 81' lang='lat' dir='ltr'><strong>nasci-</strong></span> 
     </span>
    </p>
   </div>
   <div class='ocr_carea' id='block_1_34' title="bbox 504 2113 2117 2184">
    <p class='ocr_par' dir='ltr' id='par_1_34' title="bbox 504 2113 2117 2184">
     <span class='ocr_line' id='line_1_34' title="bbox 504 2113 2117 2184; baseline -0.003 -10"><span class='ocrx_word' id='word_1_262' title='bbox 504 2129 596 2174; x_wconf 88' lang='lat' dir='ltr'><strong>tur</strong></span> <span class='ocrx_word' id='word_1_263' title='bbox 622 2120 675 2174; x_wconf 91' lang='lat' dir='ltr'><strong>in</strong></span> <span class='ocrx_word' id='word_1_264' title='bbox 709 2118 981 2184; x_wconf 84' lang='lat' dir='ltr'><strong>Ecclesia,</strong></span> <span class='ocrx_word' id='word_1_265' title='bbox 1022 2116 1119 2173; x_wconf 90' lang='lat' dir='ltr'><strong>sed</strong></span> <span class='ocrx_word' id='word_1_266' title='bbox 1160 2115 1228 2171; x_wconf 93' lang='lat' dir='ltr'><strong>de</strong></span> <span class='ocrx_word' id='word_1_267' title='bbox 1261 2115 1505 2170; x_wconf 84' lang='lat' dir='ltr'><strong>Ecclesia</strong></span> <span class='ocrx_word' id='word_1_268' title='bbox 1547 2113 1857 2184; x_wconf 77' lang='lat' dir='ltr'><strong>projicitur,</strong></span> <span class='ocrx_word' id='word_1_269' title='bbox 1901 2125 1952 2168; x_wconf 88' lang='lat' dir='ltr'><strong>et</strong></span> <span class='ocrx_word' id='word_1_270' title='bbox 1984 2129 2117 2169; x_wconf 87' lang='lat' dir='ltr'><strong>con-</strong></span> 
     </span>
    </p>
   </div>
   <div class='ocr_carea' id='block_1_35' title="bbox 505 2204 2110 2279">
    <p class='ocr_par' dir='ltr' id='par_1_35' title="bbox 505 2204 2110 2279">
     <span class='ocr_line' id='line_1_35' title="bbox 505 2204 2110 2279; baseline -0.006 -11"><span class='ocrx_word' id='word_1_271' title='bbox 505 2213 702 2274; x_wconf 88' lang='lat' dir='ltr'><strong>tendit,</strong></span> <span class='ocrx_word' id='word_1_272' title='bbox 734 2219 789 2266; x_wconf 92' lang='lat' dir='ltr'><strong>et</strong></span> <span class='ocrx_word' id='word_1_273' title='bbox 821 2216 1026 2279; x_wconf 82' lang='lat' dir='ltr'><strong>pugnat</strong></span> <span class='ocrx_word' id='word_1_274' title='bbox 1050 2221 1244 2265; x_wconf 88' lang='lat' dir='ltr'><strong>contra</strong></span> <span class='ocrx_word' id='word_1_275' title='bbox 1275 2215 1583 2277; x_wconf 90' lang='lat' dir='ltr'><strong>parentem.</strong></span> <span class='ocrx_word' id='word_1_276' title='bbox 1616 2205 1884 2276; x_wconf 87' lang='lat' dir='ltr'><strong>Quodque</strong></span> <span class='ocrx_word' id='word_1_277' title='bbox 1908 2204 2110 2260; x_wconf 81' lang='lat' dir='ltr'><strong>infert:</strong></span> 
     </span>
    </p>
   </div>
   <div class='ocr_carea' id='block_1_36' title="bbox 507 2297 2115 2368">
    <p class='ocr_par' dir='ltr' id='par_1_36' title="bbox 507 2297 2115 2368">
     <span class='ocr_line' id='line_1_36' title="bbox 507 2297 2115 2368; baseline -0.006 -8"><span class='ocrx_word' id='word_1_278' title='bbox 507 2304 632 2360; x_wconf 83' lang='lat' dir='ltr'><strong>Non</strong></span> <span class='ocrx_word' id='word_1_279' title='bbox 678 2301 945 2358; x_wconf 88' lang='lat' dir='ltr'><strong>comedent</strong></span> <span class='ocrx_word' id='word_1_280' title='bbox 987 2312 1035 2355; x_wconf 90' lang='lat' dir='ltr'><strong>et</strong></span> <span class='ocrx_word' id='word_1_281' title='bbox 1067 2317 1169 2355; x_wconf 90' lang='lat' dir='ltr'><strong>non</strong></span> <span class='ocrx_word' id='word_1_282' title='bbox 1192 2299 1383 2367; x_wconf 87' lang='lat' dir='ltr'><strong>bibent,</strong></span> <span class='ocrx_word' id='word_1_283' title='bbox 1431 2297 1762 2353; x_wconf 88' lang='lat' dir='ltr'><strong>subauditur</strong></span> <span class='ocrx_word' id='word_1_284' title='bbox 1803 2297 2015 2368; x_wconf 82' lang='lat' dir='ltr'><strong>Corpus</strong></span> <span class='ocrx_word' id='word_1_285' title='bbox 2059 2305 2115 2352; x_wconf 90' lang='lat' dir='ltr'><strong>et</strong></span> 
     </span>
    </p>
   </div>
   <div class='ocr_carea' id='block_1_37' title="bbox 501 2389 2115 2469">
    <p class='ocr_par' dir='ltr' id='par_1_37' title="bbox 501 2389 2115 2469">
     <span class='ocr_line' id='line_1_37' title="bbox 501 2389 2115 2469; baseline -0.007 -14"><span class='ocrx_word' id='word_1_286' title='bbox 501 2396 839 2469; x_wconf 78' lang='lat' dir='ltr'><strong>Sanguinem</strong></span> <span class='ocrx_word' id='word_1_287' title='bbox 871 2394 1198 2460; x_wconf 85' lang='lat' dir='ltr'><strong>Salvatoris,</strong></span> <span class='ocrx_word' id='word_1_288' title='bbox 1232 2400 1543 2462; x_wconf 76' lang='lat' dir='ltr'><strong>czeteraqne</strong></span> <span class='ocrx_word' id='word_1_289' title='bbox 1576 2390 1662 2445; x_wconf 89' lang='lat' dir='ltr'><strong>his</strong></span> <span class='ocrx_word' id='word_1_290' title='bbox 1689 2389 1910 2446; x_wconf 88' lang='lat' dir='ltr'><strong>similia.</strong></span> <span class='ocrx_word' id='word_1_291' title='bbox 1949 2390 2115 2444; x_wconf 81' lang='lat' dir='ltr'><strong>Erro-</strong></span> 
     </span>
    </p>
   </div>
   <div class='ocr_carea' id='block_1_38' title="bbox 505 2482 2113 2562">
    <p class='ocr_par' dir='ltr' id='par_1_38' title="bbox 505 2482 2113 2562">
     <span class='ocr_line' id='line_1_38' title="bbox 505 2482 2113 2562; baseline -0.007 -14"><span class='ocrx_word' id='word_1_292' title='bbox 505 2506 737 2562; x_wconf 88' lang='lat' dir='ltr'><strong>remque</strong></span> <span class='ocrx_word' id='word_1_293' title='bbox 758 2504 976 2546; x_wconf 91' lang='lat' dir='ltr'><strong>omnem</strong></span> <span class='ocrx_word' id='word_1_294' title='bbox 1003 2486 1140 2543; x_wconf 88' lang='lat' dir='ltr'><strong>dicit</strong></span> <span class='ocrx_word' id='word_1_295' title='bbox 1163 2484 1292 2542; x_wconf 82' lang='lat' dir='ltr'><strong>inde.</strong></span> <span class='ocrx_word' id='word_1_296' title='bbox 1322 2483 1690 2552; x_wconf 89' lang='lat' dir='ltr'><strong>descendere,</strong></span> <span class='ocrx_word' id='word_1_297' title='bbox 1716 2483 1862 2554; x_wconf 93' lang='lat' dir='ltr'><strong>quod</strong></span> <span class='ocrx_word' id='word_1_298' title='bbox 1894 2482 2113 2555; x_wconf 85' lang='lat' dir='ltr'><strong>ignora-</strong></span> 
     </span>
    </p>
   </div>
   <div class='ocr_carea' id='block_1_39' title="bbox 499 2577 2111 2651">
    <p class='ocr_par' dir='ltr' id='par_1_39' title="bbox 499 2577 2111 2651">
     <span class='ocr_line' id='line_1_39' title="bbox 499 2577 2111 2651; baseline -0.005 -11"><span class='ocrx_word' id='word_1_299' title='bbox 499 2587 685 2642; x_wconf 91' lang='lat' dir='ltr'><strong>verint</strong></span> <span class='ocrx_word' id='word_1_300' title='bbox 733 2585 925 2651; x_wconf 91' lang='lat' dir='ltr'><strong>Deum,</strong></span> <span class='ocrx_word' id='word_1_301' title='bbox 967 2596 1069 2638; x_wconf 91' lang='lat' dir='ltr'><strong>nec</strong></span> <span class='ocrx_word' id='word_1_302' title='bbox 1117 2581 1353 2636; x_wconf 85' lang='lat' dir='ltr'><strong>habeant</strong></span> <span class='ocrx_word' id='word_1_303' title='bbox 1404 2591 1584 2636; x_wconf 91' lang='lat' dir='ltr'><strong>rectos</strong></span> <span class='ocrx_word' id='word_1_304' title='bbox 1624 2578 1843 2644; x_wconf 88' lang='lat' dir='ltr'><strong>oculos;</strong></span> <span class='ocrx_word' id='word_1_305' title='bbox 1888 2577 1983 2634; x_wconf 90' lang='lat' dir='ltr'><strong>sed</strong></span> <span class='ocrx_word' id='word_1_306' title='bbox 2015 2593 2111 2634; x_wconf 89' lang='lat' dir='ltr'><strong>cor</strong></span> 
     </span>
    </p>
   </div>
   <div class='ocr_carea' id='block_1_40' title="bbox 501 2671 2102 2747">
    <p class='ocr_par' dir='ltr' id='par_1_40' title="bbox 501 2671 2102 2747">
     <span class='ocr_line' id='line_1_40' title="bbox 501 2671 2102 2747; baseline -0.006 -13"><span class='ocrx_word' id='word_1_307' title='bbox 501 2692 696 2734; x_wconf 88' lang='lat' dir='ltr'><strong>eorum</strong></span> <span class='ocrx_word' id='word_1_308' title='bbox 727 2690 959 2747; x_wconf 89' lang='lat' dir='ltr'><strong>pronum</strong></span> <span class='ocrx_word' id='word_1_309' title='bbox 991 2676 1064 2730; x_wconf 92' lang='lat' dir='ltr'><strong>sit</strong></span> <span class='ocrx_word' id='word_1_310' title='bbox 1093 2673 1162 2729; x_wconf 91' lang='lat' dir='ltr'><strong>ad</strong></span> <span class='ocrx_word' id='word_1_311' title='bbox 1194 2672 1481 2728; x_wconf 84' lang='lat' dir='ltr'><strong>avaritiam</strong></span> <span class='ocrx_word' id='word_1_312' title='bbox 1505 2681 1565 2727; x_wconf 89' lang='lat' dir='ltr'><strong>ut</strong></span> <span class='ocrx_word' id='word_1_313' title='bbox 1595 2672 1773 2728; x_wconf 86' lang='lat' dir='ltr'><strong>aliena</strong></span> <span class='ocrx_word' id='word_1_314' title='bbox 1815 2671 2102 2741; x_wconf 89' lang='lat' dir='ltr'><strong>diripiant,</strong></span> 
     </span>
    </p>
   </div>
   <div class='ocr_carea' id='block_1_41' title="bbox 504 2762 2106 2838">
    <p class='ocr_par' dir='ltr' id='par_1_41' title="bbox 504 2762 2106 2838">
     <span class='ocr_line' id='line_1_41' title="bbox 504 2762 2106 2838; baseline -0.007 -13"><span class='ocrx_word' id='word_1_315' title='bbox 504 2777 563 2826; x_wconf 89' lang='lat' dir='ltr'><strong>et</strong></span> <span class='ocrx_word' id='word_1_316' title='bbox 605 2767 971 2838; x_wconf 87' lang='lat' dir='ltr'><strong>deceptorum</strong></span> <span class='ocrx_word' id='word_1_317' title='bbox 1021 2765 1344 2836; x_wconf 87' lang='lat' dir='ltr'><strong>sanguinem</strong></span> <span class='ocrx_word' id='word_1_318' title='bbox 1393 2763 1644 2818; x_wconf 91' lang='lat' dir='ltr'><strong>fundant.</strong></span> <span class='ocrx_word' id='word_1_319' title='bbox 1701 2762 1816 2817; x_wconf 86' lang='lat' dir='ltr'><strong>Hoc</strong></span> <span class='ocrx_word' id='word_1_320' title='bbox 1847 2770 1930 2818; x_wconf 90' lang='lat' dir='ltr'><strong>est</strong></span> <span class='ocrx_word' id='word_1_321' title='bbox 1961 2762 2106 2816; x_wconf 87' lang='lat' dir='ltr'><strong>enim</strong></span> 
     </span>
    </p>
   </div>
   <div class='ocr_carea' id='block_1_42' title="bbox 503 2855 2102 2921">
    <p class='ocr_par' dir='ltr' id='par_1_42' title="bbox 503 2855 2102 2921">
     <span class='ocr_line' id='line_1_42' title="bbox 503 2855 2102 2921; baseline -0.006 -3"><span class='ocrx_word' id='word_1_322' title='bbox 503 2863 690 2921; x_wconf 84' lang='lat' dir='ltr'><strong>facere</strong></span> <span class='ocrx_word' id='word_1_323' title='bbox 720 2862 1098 2918; x_wconf 89' lang='lat' dir='ltr'><strong>homicidium.</strong></span> <span class='ocrx_word' id='word_1_324' title='bbox 1126 2859 1376 2915; x_wconf 90' lang='lat' dir='ltr'><strong>Obscura</strong></span> <span class='ocrx_word' id='word_1_325' title='bbox 1407 2858 1572 2913; x_wconf 88' lang='lat' dir='ltr'><strong>latius</strong></span> <span class='ocrx_word' id='word_1_326' title='bbox 1599 2855 1922 2912; x_wconf 89' lang='lat' dir='ltr'><strong>disserenda</strong></span> <span class='ocrx_word' id='word_1_327' title='bbox 1953 2864 2102 2910; x_wconf 92' lang='lat' dir='ltr'><strong>sunt.</strong></span> 
     </span>
    </p>
   </div>
   <div class='ocr_carea' id='block_1_43' title="bbox 578 2949 2108 3033">
    <p class='ocr_par' dir='ltr' id='par_1_43' title="bbox 578 2949 2108 3033">
     <span class='ocr_line' id='line_1_43' title="bbox 578 2949 2108 3033; baseline -0.007 -20"><span class='ocrx_word' id='word_1_328' title='bbox 578 2955 1037 3033; x_wconf 74' lang='lat' dir='ltr'><strong>(Vers.18,i9.)</strong></span> <span class='ocrx_word' id='word_1_329' title='bbox 1081 2953 1369 3026; x_wconf 88' lang='lat' dir='ltr'><strong>Pr0pterea</strong></span> <span class='ocrx_word' id='word_1_330' title='bbox 1415 2952 1526 3007; x_wconf 66' lang='lat' dir='ltr'><strong>haec</strong></span> <span class='ocrx_word' id='word_1_331' title='bbox 1568 2952 1698 3006; x_wconf 85' lang='lat' dir='ltr'><strong>dicit</strong></span> <span class='ocrx_word' id='word_1_332' title='bbox 1743 2949 2000 3005; x_wconf 88' lang='lat' dir='ltr'><strong>Dominus</strong></span> <span class='ocrx_word' id='word_1_333' title='bbox 2038 2949 2108 3003; x_wconf 89' lang='lat' dir='ltr'><strong>ad</strong></span> 
     </span>
    </p>
   </div>
   <div class='ocr_carea' id='block_1_44' title="bbox 504 3043 2101 3122">
    <p class='ocr_par' dir='ltr' id='par_1_44' title="bbox 504 3043 2101 3122">
     <span class='ocr_line' id='line_1_44' title="bbox 504 3043 2101 3122; baseline -0.009 -13"><span class='ocrx_word' id='word_1_334' title='bbox 504 3053 712 3108; x_wconf 78' lang='lat' dir='ltr'><strong>Joacim</strong></span> <span class='ocrx_word' id='word_1_335' title='bbox 741 3051 908 3122; x_wconf 75' lang='lat' dir='ltr'><strong>ﬁlium</strong></span> <span class='ocrx_word' id='word_1_336' title='bbox 928 3048 1094 3104; x_wconf 75' lang='lat' dir='ltr'><strong>Josia:</strong></span> <span class='ocrx_word' id='word_1_337' title='bbox 1128 3063 1299 3121; x_wconf 86' lang='lat' dir='ltr'><strong>regem</strong></span> <span class='ocrx_word' id='word_1_338' title='bbox 1323 3044 1488 3100; x_wconf 83' lang='lat' dir='ltr'><strong>Juda.</strong></span> <span class='ocrx_word' id='word_1_339' title='bbox 1527 3043 1650 3098; x_wconf 87' lang='lat' dir='ltr'><strong>Non</strong></span> <span class='ocrx_word' id='word_1_340' title='bbox 1694 3043 1942 3118; x_wconf 72' lang='lat' dir='ltr'><strong>plangant</strong></span> <span class='ocrx_word' id='word_1_341' title='bbox 1966 3058 2101 3108; x_wconf 89' lang='lat' dir='ltr'><strong>eum,</strong></span> 
     </span>
    </p>
   </div>
   <div class='ocr_carea' id='block_1_45' title="bbox 505 3134 2108 3216">
    <p class='ocr_par' dir='ltr' id='par_1_45' title="bbox 505 3134 2108 3216">
     <span class='ocr_line' id='line_1_45' title="bbox 505 3134 2108 3216; baseline -0.007 -16"><span class='ocrx_word' id='word_1_342' title='bbox 505 3161 582 3200; x_wconf 68' lang='lat' dir='ltr'><strong>va!</strong></span> <span class='ocrx_word' id='word_1_343' title='bbox 628 3147 810 3216; x_wconf 80' lang='lat' dir='ltr'><strong>frater,</strong></span> <span class='ocrx_word' id='word_1_344' title='bbox 849 3152 899 3197; x_wconf 89' lang='lat' dir='ltr'><strong>et</strong></span> <span class='ocrx_word' id='word_1_345' title='bbox 924 3157 998 3197; x_wconf 67' lang='lat' dir='ltr'><strong>va:</strong></span> <span class='ocrx_word' id='word_1_346' title='bbox 1025 3156 1199 3204; x_wconf 89' lang='lat' dir='ltr'><strong>soror,</strong></span> <span class='ocrx_word' id='word_1_347' title='bbox 1231 3156 1334 3194; x_wconf 90' lang='lat' dir='ltr'><strong>non</strong></span> <span class='ocrx_word' id='word_1_348' title='bbox 1375 3138 1754 3210; x_wconf 76' lang='lat' dir='ltr'><strong>concrepabant</strong></span> <span class='ocrx_word' id='word_1_349' title='bbox 1783 3139 1852 3203; x_wconf 89' lang='lat' dir='ltr'><strong>ei,</strong></span> <span class='ocrx_word' id='word_1_350' title='bbox 1900 3152 1976 3190; x_wconf 78' lang='lat' dir='ltr'><strong>vta</strong></span> <span class='ocrx_word' id='word_1_351' title='bbox 1999 3134 2108 3188; x_wconf 89' lang='lat' dir='ltr'><strong>Do-</strong></span> 
     </span>
    </p>
   </div>
   <div class='ocr_carea' id='block_1_46' title="bbox 2220 1928 3818 1995">
    <p class='ocr_par' dir='ltr' id='par_1_46' title="bbox 2220 1928 3818 1995">
     <span class='ocr_line' id='line_1_46' title="bbox 2220 1928 3818 1995; baseline 0.001 -11"><span class='ocrx_word' id='word_1_352' title='bbox 2220 1929 2358 1995; x_wconf 89' lang='lat' dir='ltr'><strong>mei;</strong></span> <span class='ocrx_word' id='word_1_353' title='bbox 2407 1939 2454 1983; x_wconf 89' lang='lat' dir='ltr'><strong>et</strong></span> <span class='ocrx_word' id='word_1_354' title='bbox 2504 1939 2559 1983; x_wconf 91' lang='lat' dir='ltr'><strong>tu</strong></span> <span class='ocrx_word' id='word_1_355' title='bbox 2585 1930 2641 1983; x_wconf 85' lang='lat' dir='ltr'><strong>in</strong></span> <span class='ocrx_word' id='word_1_356' title='bbox 2690 1930 3015 1985; x_wconf 84' lang='lat' dir='ltr'><strong>abundantia</strong></span> <span class='ocrx_word' id='word_1_357' title='bbox 3046 1942 3136 1982; x_wconf 88' lang='lat' dir='ltr'><strong>tua</strong></span> <span class='ocrx_word' id='word_1_358' title='bbox 3185 1928 3390 1994; x_wconf 75' lang='lat' dir='ltr'><strong>dixisti,</strong></span> <span class='ocrx_word' id='word_1_359' title='bbox 3425 1946 3530 1984; x_wconf 90' lang='lat' dir='ltr'><strong>non</strong></span> <span class='ocrx_word' id='word_1_360' title='bbox 3563 1931 3818 1986; x_wconf 86' lang='lat' dir='ltr'><strong>audiam:</strong></span> 
     </span>
    </p>
   </div>
   <div class='ocr_carea' id='block_1_47' title="bbox 2219 2021 3819 2096">
    <p class='ocr_par' dir='ltr' id='par_1_47' title="bbox 2219 2021 3819 2096">
     <span class='ocr_line' id='line_1_47' title="bbox 2219 2021 3819 2096; baseline 0.003 -20"><span class='ocrx_word' id='word_1_361' title='bbox 2219 2022 2398 2093; x_wconf 81' lang='lat' dir='ltr'><strong>arguit</strong></span> <span class='ocrx_word' id='word_1_362' title='bbox 2447 2037 2567 2077; x_wconf 89' lang='lat' dir='ltr'><strong>eam</strong></span> <span class='ocrx_word' id='word_1_363' title='bbox 2599 2021 2890 2092; x_wconf 70' lang='lat' dir='ltr'><strong>superbiae,</strong></span> <span class='ocrx_word' id='word_1_364' title='bbox 2937 2029 2994 2078; x_wconf 87' lang='lat' dir='ltr'><strong>et</strong></span> <span class='ocrx_word' id='word_1_365' title='bbox 3039 2021 3184 2093; x_wconf 90' lang='lat' dir='ltr'><strong>quod</strong></span> <span class='ocrx_word' id='word_1_366' title='bbox 3209 2021 3525 2077; x_wconf 85' lang='lat' dir='ltr'><strong>divitiarum</strong></span> <span class='ocrx_word' id='word_1_367' title='bbox 3561 2023 3819 2096; x_wconf 89' lang='lat' dir='ltr'><strong>magnitu-</strong></span> 
     </span>
    </p>
   </div>
   <div class='ocr_carea' id='block_1_48' title="bbox 2218 2115 3816 2189">
    <p class='ocr_par' dir='ltr' id='par_1_48' title="bbox 2218 2115 3816 2189">
     <span class='ocr_line' id='line_1_48' title="bbox 2218 2115 3816 2189; baseline 0.003 -18"><span class='ocrx_word' id='word_1_368' title='bbox 2218 2115 2345 2171; x_wconf 87' lang='lat' dir='ltr'><strong>dine</strong></span> <span class='ocrx_word' id='word_1_369' title='bbox 2384 2117 2554 2170; x_wconf 89' lang='lat' dir='ltr'><strong>abusa</strong></span> <span class='ocrx_word' id='word_1_370' title='bbox 2583 2117 2655 2170; x_wconf 91' lang='lat' dir='ltr'><strong>sit</strong></span> <span class='ocrx_word' id='word_1_371' title='bbox 2687 2115 2740 2170; x_wconf 92' lang='lat' dir='ltr'><strong>in</strong></span> <span class='ocrx_word' id='word_1_372' title='bbox 2769 2124 3143 2186; x_wconf 90' lang='lat' dir='ltr'><strong>contemptum</strong></span> <span class='ocrx_word' id='word_1_373' title='bbox 3181 2117 3297 2172; x_wconf 90' lang='lat' dir='ltr'><strong>Dei.</strong></span> <span class='ocrx_word' id='word_1_374' title='bbox 3343 2117 3414 2171; x_wconf 90' lang='lat' dir='ltr'><strong>Et</strong></span> <span class='ocrx_word' id='word_1_375' title='bbox 3439 2129 3647 2186; x_wconf 86' lang='lat' dir='ltr'><strong>narrat,</strong></span> <span class='ocrx_word' id='word_1_376' title='bbox 3681 2119 3816 2189; x_wconf 90' lang='lat' dir='ltr'><strong>quod</strong></span> 
     </span>
    </p>
   </div>
   <div class='ocr_carea' id='block_1_49' title="bbox 2217 2208 3819 2280">
    <p class='ocr_par' dir='ltr' id='par_1_49' title="bbox 2217 2208 3819 2280">
     <span class='ocr_line' id='line_1_49' title="bbox 2217 2208 3819 2280; baseline 0.002 -16"><span class='ocrx_word' id='word_1_377' title='bbox 2217 2223 2325 2265; x_wconf 89' lang='lat' dir='ltr'><strong>non</strong></span> <span class='ocrx_word' id='word_1_378' title='bbox 2358 2209 2533 2264; x_wconf 86' lang='lat' dir='ltr'><strong>solum</strong></span> <span class='ocrx_word' id='word_1_379' title='bbox 2565 2208 2670 2264; x_wconf 88' lang='lat' dir='ltr'><strong>hoc</strong></span> <span class='ocrx_word' id='word_1_380' title='bbox 2713 2217 2981 2280; x_wconf 86' lang='lat' dir='ltr'><strong>tempore,</strong></span> <span class='ocrx_word' id='word_1_381' title='bbox 3012 2208 3107 2264; x_wconf 89' lang='lat' dir='ltr'><strong>sed</strong></span> <span class='ocrx_word' id='word_1_382' title='bbox 3144 2208 3212 2265; x_wconf 88' lang='lat' dir='ltr'><strong>ab</strong></span> <span class='ocrx_word' id='word_1_383' title='bbox 3243 2208 3403 2264; x_wconf 91' lang='lat' dir='ltr'><strong>initio</strong></span> <span class='ocrx_word' id='word_1_384' title='bbox 3429 2210 3653 2280; x_wconf 90' lang='lat' dir='ltr'><strong>quando</strong></span> <span class='ocrx_word' id='word_1_385' title='bbox 3693 2212 3819 2267; x_wconf 89' lang='lat' dir='ltr'><strong>edu-</strong></span> 
     </span>
    </p>
   </div>
   <div class='ocr_carea' id='block_1_50' title="bbox 2215 2301 3813 2374">
    <p class='ocr_par' dir='ltr' id='par_1_50' title="bbox 2215 2301 3813 2374">
     <span class='ocr_line' id='line_1_50' title="bbox 2215 2301 3813 2374; baseline 0.002 -16"><span class='ocrx_word' id='word_1_386' title='bbox 2215 2313 2302 2358; x_wconf 88' lang='lat' dir='ltr'><strong>cta</strong></span> <span class='ocrx_word' id='word_1_387' title='bbox 2325 2303 2395 2358; x_wconf 91' lang='lat' dir='ltr'><strong>sit</strong></span> <span class='ocrx_word' id='word_1_388' title='bbox 2415 2303 2484 2358; x_wconf 93' lang='lat' dir='ltr'><strong>de</strong></span> <span class='ocrx_word' id='word_1_389' title='bbox 2511 2301 2771 2374; x_wconf 59' lang='lat' dir='ltr'><strong>IEgypto.</strong></span> <span class='ocrx_word' id='word_1_390' title='bbox 2806 2319 2913 2357; x_wconf 91' lang='lat' dir='ltr'><strong>nou</strong></span> <span class='ocrx_word' id='word_1_391' title='bbox 2947 2301 3186 2358; x_wconf 91' lang='lat' dir='ltr'><strong>audierit</strong></span> <span class='ocrx_word' id='word_1_392' title='bbox 3205 2319 3397 2359; x_wconf 90' lang='lat' dir='ltr'><strong>vocem</strong></span> <span class='ocrx_word' id='word_1_393' title='bbox 3431 2303 3563 2370; x_wconf 86' lang='lat' dir='ltr'><strong>Dei;</strong></span> <span class='ocrx_word' id='word_1_394' title='bbox 3593 2305 3737 2361; x_wconf 87' lang='lat' dir='ltr'><strong>unde</strong></span> <span class='ocrx_word' id='word_1_395' title='bbox 3765 2316 3813 2361; x_wconf 90' lang='lat' dir='ltr'><strong>et</strong></span> 
     </span>
    </p>
   </div>
   <div class='ocr_carea' id='block_1_51' title="bbox 2214 2395 3813 2469">
    <p class='ocr_par' dir='ltr' id='par_1_51' title="bbox 2214 2395 3813 2469">
     <span class='ocr_line' id='line_1_51' title="bbox 2214 2395 3813 2469; baseline 0.001 -18"><span class='ocrx_word' id='word_1_396' title='bbox 2214 2411 2408 2452; x_wconf 91' lang='lat' dir='ltr'><strong>omnes</strong></span> <span class='ocrx_word' id='word_1_397' title='bbox 2449 2406 2696 2466; x_wconf 89' lang='lat' dir='ltr'><strong>pastores</strong></span> <span class='ocrx_word' id='word_1_398' title='bbox 2718 2395 2858 2465; x_wconf 83' lang='lat' dir='ltr'><strong>ejus,</strong></span> <span class='ocrx_word' id='word_1_399' title='bbox 2889 2405 2945 2450; x_wconf 90' lang='lat' dir='ltr'><strong>et</strong></span> <span class='ocrx_word' id='word_1_400' title='bbox 2992 2395 3268 2464; x_wconf 88' lang='lat' dir='ltr'><strong>principes</strong></span> <span class='ocrx_word' id='word_1_401' title='bbox 3297 2396 3405 2453; x_wconf 89' lang='lat' dir='ltr'><strong>huc</strong></span> <span class='ocrx_word' id='word_1_402' title='bbox 3443 2396 3687 2469; x_wconf 88' lang='lat' dir='ltr'><strong>illucque</strong></span> <span class='ocrx_word' id='word_1_403' title='bbox 3735 2399 3813 2452; x_wconf 88' lang='lat' dir='ltr'><strong>di-</strong></span> 
     </span>
    </p>
   </div>
   <div class='ocr_carea' id='block_1_52' title="bbox 2213 2489 3815 2560">
    <p class='ocr_par' dir='ltr' id='par_1_52' title="bbox 2213 2489 3815 2560">
     <span class='ocr_line' id='line_1_52' title="bbox 2213 2489 3815 2560; baseline 0.003 -15"><span class='ocrx_word' id='word_1_404' title='bbox 2213 2490 2388 2560; x_wconf 90' lang='lat' dir='ltr'><strong>spersi</strong></span> <span class='ocrx_word' id='word_1_405' title='bbox 2421 2490 2550 2556; x_wconf 86' lang='lat' dir='ltr'><strong>sint,</strong></span> <span class='ocrx_word' id='word_1_406' title='bbox 2591 2499 2647 2545; x_wconf 87' lang='lat' dir='ltr'><strong>et</strong></span> <span class='ocrx_word' id='word_1_407' title='bbox 2676 2489 2981 2559; x_wconf 84' lang='lat' dir='ltr'><strong>captivitati</strong></span> <span class='ocrx_word' id='word_1_408' title='bbox 3015 2490 3335 2559; x_wconf 68' lang='lat' dir='ltr'><strong>Babylonia:</strong></span> <span class='ocrx_word' id='word_1_409' title='bbox 3374 2492 3523 2547; x_wconf 88' lang='lat' dir='ltr'><strong>colla</strong></span> <span class='ocrx_word' id='word_1_410' title='bbox 3554 2493 3815 2550; x_wconf 84' lang='lat' dir='ltr'><strong>submise-</strong></span> 
     </span>
    </p>
   </div>
   <div class='ocr_carea' id='block_1_53' title="bbox 2213 2581 3816 2652">
    <p class='ocr_par' dir='ltr' id='par_1_53' title="bbox 2213 2581 3816 2652">
     <span class='ocr_line' id='line_1_53' title="bbox 2213 2581 3816 2652; baseline 0.002 -16"><span class='ocrx_word' id='word_1_411' title='bbox 2213 2582 2343 2637; x_wconf 89' lang='lat' dir='ltr'><strong>rint.</strong></span> <span class='ocrx_word' id='word_1_412' title='bbox 2373 2581 2642 2652; x_wconf 86' lang='lat' dir='ltr'><strong>Quodque</strong></span> <span class='ocrx_word' id='word_1_413' title='bbox 2675 2581 2848 2638; x_wconf 80' lang='lat' dir='ltr'><strong>infert</strong></span> <span class='ocrx_word' id='word_1_414' title='bbox 2875 2600 2888 2636; x_wconf 89' lang='lat'><strong>:</strong></span> <span class='ocrx_word' id='word_1_415' title='bbox 2917 2582 3050 2651; x_wconf 65' lang='lat' dir='ltr'><strong>Quae</strong></span> <span class='ocrx_word' id='word_1_416' title='bbox 3078 2582 3224 2638; x_wconf 82' lang='lat' dir='ltr'><strong>sedes</strong></span> <span class='ocrx_word' id='word_1_417' title='bbox 3255 2583 3312 2638; x_wconf 88' lang='lat' dir='ltr'><strong>in</strong></span> <span class='ocrx_word' id='word_1_418' title='bbox 3339 2582 3568 2650; x_wconf 86' lang='lat' dir='ltr'><strong>Libano,</strong></span> <span class='ocrx_word' id='word_1_419' title='bbox 3607 2595 3659 2639; x_wconf 91' lang='lat' dir='ltr'><strong>et</strong></span> <span class='ocrx_word' id='word_1_420' title='bbox 3685 2586 3816 2640; x_wconf 85' lang='lat' dir='ltr'><strong>nidi-</strong></span> 
     </span>
    </p>
   </div>
   <div class='ocr_carea' id='block_1_54' title="bbox 2213 2676 3811 2750">
    <p class='ocr_par' dir='ltr' id='par_1_54' title="bbox 2213 2676 3811 2750">
     <span class='ocr_line' id='line_1_54' title="bbox 2213 2676 3811 2750; baseline 0.004 -19"><span class='ocrx_word' id='word_1_421' title='bbox 2213 2676 2340 2746; x_wconf 82' lang='lat' dir='ltr'><strong>ﬁcas</strong></span> <span class='ocrx_word' id='word_1_422' title='bbox 2361 2677 2413 2730; x_wconf 87' lang='lat' dir='ltr'><strong>in</strong></span> <span class='ocrx_word' id='word_1_423' title='bbox 2435 2677 2623 2744; x_wconf 88' lang='lat' dir='ltr'><strong>cedris,</strong></span> <span class='ocrx_word' id='word_1_424' title='bbox 2650 2679 3020 2748; x_wconf 81' lang='lat' dir='ltr'><strong>arrogantiam</strong></span> <span class='ocrx_word' id='word_1_425' title='bbox 3055 2678 3336 2750; x_wconf 82' lang='lat' dir='ltr'><strong>suggillat,</strong></span> <span class='ocrx_word' id='word_1_426' title='bbox 3354 2685 3476 2750; x_wconf 75' lang='lat' dir='ltr'><strong>qua:</strong></span> <span class='ocrx_word' id='word_1_427' title='bbox 3490 2679 3562 2737; x_wconf 92' lang='lat' dir='ltr'><strong>de</strong></span> <span class='ocrx_word' id='word_1_428' title='bbox 3577 2683 3811 2738; x_wconf 89' lang='lat' dir='ltr'><strong>omnium</strong></span> 
     </span>
    </p>
   </div>
   <div class='ocr_carea' id='block_1_55' title="bbox 2210 2768 3812 2840">
    <p class='ocr_par' dir='ltr' id='par_1_55' title="bbox 2210 2768 3812 2840">
     <span class='ocr_line' id='line_1_55' title="bbox 2210 2768 3812 2840; baseline 0.005 -18"><span class='ocrx_word' id='word_1_429' title='bbox 2210 2782 2395 2822; x_wconf 91' lang='lat' dir='ltr'><strong>rerum</strong></span> <span class='ocrx_word' id='word_1_430' title='bbox 2426 2777 2673 2824; x_wconf 89' lang='lat' dir='ltr'><strong>creverat</strong></span> <span class='ocrx_word' id='word_1_431' title='bbox 2705 2768 3058 2837; x_wconf 88' lang='lat' dir='ltr'><strong>abundantia,</strong></span> <span class='ocrx_word' id='word_1_432' title='bbox 3091 2781 3141 2824; x_wconf 92' lang='lat' dir='ltr'><strong>et</strong></span> <span class='ocrx_word' id='word_1_433' title='bbox 3184 2770 3329 2840; x_wconf 89' lang='lat' dir='ltr'><strong>quod</strong></span> <span class='ocrx_word' id='word_1_434' title='bbox 3359 2770 3540 2828; x_wconf 89' lang='lat' dir='ltr'><strong>instar</strong></span> <span class='ocrx_word' id='word_1_435' title='bbox 3575 2774 3812 2830; x_wconf 78' lang='lat' dir='ltr'><strong>mulieris</strong></span> 
     </span>
    </p>
   </div>
   <div class='ocr_carea' id='block_1_56' title="bbox 2213 2858 3814 2930">
    <p class='ocr_par' dir='ltr' id='par_1_56' title="bbox 2213 2858 3814 2930">
     <span class='ocr_line' id='line_1_56' title="bbox 2213 2858 3814 2930; baseline 0.006 -18"><span class='ocrx_word' id='word_1_436' title='bbox 2213 2875 2514 2929; x_wconf 67' lang='lat' dir='ltr'><strong>puerperae,</strong></span> <span class='ocrx_word' id='word_1_437' title='bbox 2564 2858 2880 2930; x_wconf 89' lang='lat' dir='ltr'><strong>repentinus</strong></span> <span class='ocrx_word' id='word_1_438' title='bbox 2916 2863 2966 2915; x_wconf 91' lang='lat' dir='ltr'><strong>ei</strong></span> <span class='ocrx_word' id='word_1_439' title='bbox 2996 2860 3156 2916; x_wconf 89' lang='lat' dir='ltr'><strong>dolor</strong></span> <span class='ocrx_word' id='word_1_440' title='bbox 3194 2871 3250 2917; x_wconf 92' lang='lat' dir='ltr'><strong>et</strong></span> <span class='ocrx_word' id='word_1_441' title='bbox 3280 2862 3464 2917; x_wconf 89' lang='lat' dir='ltr'><strong>subita</strong></span> <span class='ocrx_word' id='word_1_442' title='bbox 3506 2866 3696 2920; x_wconf 88' lang='lat' dir='ltr'><strong>veniat</strong></span> <span class='ocrx_word' id='word_1_443' title='bbox 3726 2881 3814 2921; x_wconf 84' lang='lat' dir='ltr'><strong>ca-</strong></span> 
     </span>
    </p>
   </div>
   <div class='ocr_carea' id='block_1_57' title="bbox 2213 2951 3814 3021">
    <p class='ocr_par' dir='ltr' id='par_1_57' title="bbox 2213 2951 3814 3021">
     <span class='ocr_line' id='line_1_57' title="bbox 2213 2951 3814 3021; baseline 0.005 -18"><span class='ocrx_word' id='word_1_444' title='bbox 2213 2951 2451 3021; x_wconf 88' lang='lat' dir='ltr'><strong>ptivitas.</strong></span> <span class='ocrx_word' id='word_1_445' title='bbox 2482 2952 2637 3019; x_wconf 88' lang='lat' dir='ltr'><strong>Quod</strong></span> <span class='ocrx_word' id='word_1_446' title='bbox 2670 2961 2850 3007; x_wconf 91' lang='lat' dir='ltr'><strong>autem</strong></span> <span class='ocrx_word' id='word_1_447' title='bbox 2896 2967 2998 3006; x_wconf 89' lang='lat' dir='ltr'><strong>nos</strong></span> <span class='ocrx_word' id='word_1_448' title='bbox 3044 2951 3283 3009; x_wconf 79' lang='lat' dir='ltr'><strong>diximus</strong></span> <span class='ocrx_word' id='word_1_449' title='bbox 3315 2969 3329 3007; x_wconf 89' lang='lat'>:</span> <span class='ocrx_word' id='word_1_450' title='bbox 3359 2953 3533 3009; x_wconf 89' lang='lat' dir='ltr'><strong>clama</strong></span> <span class='ocrx_word' id='word_1_451' title='bbox 3550 2958 3620 3011; x_wconf 89' lang='lat' dir='ltr'><strong>ad</strong></span> <span class='ocrx_word' id='word_1_452' title='bbox 3649 2966 3814 3011; x_wconf 86' lang='lat' dir='ltr'><strong>trans-</strong></span> 
     </span>
    </p>
   </div>
   <div class='ocr_carea' id='block_1_58' title="bbox 2210 3044 3810 3116">
    <p class='ocr_par' dir='ltr' id='par_1_58' title="bbox 2210 3044 3810 3116">
     <span class='ocr_line' id='line_1_58' title="bbox 2210 3044 3810 3116; baseline 0.006 -20"><span class='ocrx_word' id='word_1_453' title='bbox 2210 3055 2410 3105; x_wconf 85' lang='lat' dir='ltr'><strong>euntes,</strong></span> <span class='ocrx_word' id='word_1_454' title='bbox 2438 3044 2602 3115; x_wconf 79' lang='lat'><strong>993</strong></span> <span class='ocrx_word' id='word_1_455' title='bbox 2635 3052 2694 3099; x_wconf 89' lang='lat' dir='ltr'><strong>et</strong></span> <span class='ocrx_word' id='word_1_456' title='bbox 2739 3044 2790 3098; x_wconf 94' lang='lat' dir='ltr'><strong>iu</strong></span> <span class='ocrx_word' id='word_1_457' title='bbox 2823 3045 3094 3100; x_wconf 90' lang='lat' dir='ltr'><strong>llebraico</strong></span> <span class='ocrx_word' id='word_1_458' title='bbox 3123 3045 3390 3116; x_wconf 88' lang='lat' dir='ltr'><strong>scriptum</strong></span> <span class='ocrx_word' id='word_1_459' title='bbox 3420 3057 3510 3104; x_wconf 89' lang='lat' dir='ltr'><strong>est</strong></span> <span class='ocrx_word' id='word_1_460' title='bbox 3544 3065 3810 3106; x_wconf 72' lang='grc' dir='ltr'>ιιεΑιιΑιιιιι</span> 
     </span>
    </p>
   </div>
   <div class='ocr_carea' id='block_1_59' title="bbox 2211 3133 3808 3213">
    <p class='ocr_par' dir='ltr' id='par_1_59' title="bbox 2211 3133 3808 3213">
     <span class='ocr_line' id='line_1_59' title="bbox 2211 3133 3808 3213; baseline 0.01 -31"><span class='ocrx_word' id='word_1_461' title='bbox 2211 3133 2533 3207; x_wconf 67' lang='lat' dir='ltr'><strong>(nt-tam),</strong></span> <span class='ocrx_word' id='word_1_462' title='bbox 2583 3136 2975 3207; x_wconf 85' lang='lat' dir='ltr'><strong>Septuaginta,</strong></span> <span class='ocrx_word' id='word_1_463' title='bbox 3039 3136 3462 3208; x_wconf 88' lang='lat' dir='ltr'><strong>Theodotioque</strong></span> <span class='ocrx_word' id='word_1_464' title='bbox 3510 3153 3808 3213; x_wconf 89' lang='lat' dir='ltr'><strong>verterunt,</strong></span> 
     </span>
    </p>
   </div>
   <div class='ocr_carea' id='block_1_60' title="bbox 505 3229 3809 3309">
    <p class='ocr_par' dir='ltr' id='par_1_60' title="bbox 505 3229 3809 3309">
     <span class='ocr_line' id='line_1_60' title="bbox 505 3229 3809 3309; baseline 0.002 -19"><span class='ocrx_word' id='word_1_465' title='bbox 505 3238 669 3300; x_wconf 89' lang='lat' dir='ltr'><strong>mine,</strong></span> <span class='ocrx_word' id='word_1_466' title='bbox 699 3245 745 3289; x_wconf 90' lang='lat' dir='ltr'><strong>et</strong></span> <span class='ocrx_word' id='word_1_467' title='bbox 773 3249 846 3289; x_wconf 74' lang='lat' dir='ltr'><strong>va:</strong></span> <span class='ocrx_word' id='word_1_468' title='bbox 869 3231 1086 3304; x_wconf 79' lang='lat' dir='ltr'><strong>inclyte.</strong></span> <span class='ocrx_word' id='word_1_469' title='bbox 1117 3231 1399 3300; x_wconf 83' lang='lat' dir='ltr'><strong>Sepultum</strong></span> <span class='ocrx_word' id='word_1_470' title='bbox 1421 3231 1559 3284; x_wconf 83' lang='lat' dir='ltr'><strong>asini</strong></span> <span class='ocrx_word' id='word_1_471' title='bbox 1588 3229 1891 3298; x_wconf 81' lang='lat' dir='ltr'><strong>sepelietur,</strong></span> <span class='ocrx_word' id='word_1_472' title='bbox 1925 3239 2104 3298; x_wconf 90' lang='lat' dir='ltr'><strong>putre-</strong></span> <span class='ocrx_word' id='word_1_473' title='bbox 2135 3238 2182 3302; x_wconf 73' lang='grc' dir='ltr'><strong>ρ</strong></span> <span class='ocrx_word' id='word_1_474' title='bbox 2214 3239 2356 3286; x_wconf 86' lang='lat' dir='ltr'><strong>trans</strong></span> <span class='ocrx_word' id='word_1_475' title='bbox 2407 3248 2550 3286; x_wconf 88' lang='lat' dir='ltr'><strong>mare</strong></span> <span class='ocrx_word' id='word_1_476' title='bbox 2580 3249 2599 3286; x_wconf 88' lang='lat'><em>:</em></span> <span class='ocrx_word' id='word_1_477' title='bbox 2631 3232 2996 3304; x_wconf 80' lang='lat' dir='ltr'><strong>Symmachus</strong></span> <span class='ocrx_word' id='word_1_478' title='bbox 3036 3233 3100 3287; x_wconf 86' lang='lat' dir='ltr'><strong>de</strong></span> <span class='ocrx_word' id='word_1_479' title='bbox 3147 3245 3348 3300; x_wconf 90' lang='lat' dir='ltr'><strong>contra,</strong></span> <span class='ocrx_word' id='word_1_480' title='bbox 3377 3247 3435 3291; x_wconf 91' lang='lat' dir='ltr'><strong>ut</strong></span> <span class='ocrx_word' id='word_1_481' title='bbox 3487 3239 3809 3309; x_wconf 70' lang='lat' dir='ltr'><strong>signiﬁcent,</strong></span> 
     </span>
    </p>
   </div>
   <div class='ocr_carea' id='block_1_61' title="bbox 506 3319 2107 3401">
    <p class='ocr_par' dir='ltr' id='par_1_61' title="bbox 506 3319 2107 3401">
     <span class='ocr_line' id='line_1_61' title="bbox 506 3319 2107 3401; baseline -0.004 -19"><span class='ocrx_word' id='word_1_482' title='bbox 506 3334 676 3401; x_wconf 84' lang='lat' dir='ltr'><strong>factus</strong></span> <span class='ocrx_word' id='word_1_483' title='bbox 705 3336 755 3380; x_wconf 91' lang='lat' dir='ltr'><strong>et</strong></span> <span class='ocrx_word' id='word_1_484' title='bbox 785 3329 1051 3398; x_wconf 88' lang='lat' dir='ltr'><strong>projectus</strong></span> <span class='ocrx_word' id='word_1_485' title='bbox 1074 3333 1223 3378; x_wconf 71' lang='lat' dir='ltr'><strong>extra</strong></span> <span class='ocrx_word' id='word_1_486' title='bbox 1263 3331 1443 3394; x_wconf 92' lang='lat' dir='ltr'><strong>portas</strong></span> <span class='ocrx_word' id='word_1_487' title='bbox 1473 3321 1789 3377; x_wconf 81' lang='lat' dir='ltr'><strong>Jerusalem.</strong></span> <span class='ocrx_word' id='word_1_488' title='bbox 1825 3321 1938 3376; x_wconf 90' lang='lat' dir='ltr'><strong>Hoc</strong></span> <span class='ocrx_word' id='word_1_489' title='bbox 1958 3319 2107 3391; x_wconf 88' lang='lat' dir='ltr'><strong>quod</strong></span> 
     </span>
    </p>
   </div>
   <div class='ocr_carea' id='block_1_62' title="bbox 503 3420 2109 3493">
    <p class='ocr_par' dir='ltr' id='par_1_62' title="bbox 503 3420 2109 3493">
     <span class='ocr_line' id='line_1_62' title="bbox 503 3420 2109 3493; baseline -0.005 -12"><span class='ocrx_word' id='word_1_490' title='bbox 503 3441 609 3481; x_wconf 88' lang='lat' dir='ltr'><strong>nos</strong></span> <span class='ocrx_word' id='word_1_491' title='bbox 637 3424 708 3480; x_wconf 89' lang='lat' dir='ltr'><strong>de</strong></span> <span class='ocrx_word' id='word_1_492' title='bbox 737 3423 1008 3481; x_wconf 79' lang='lat' dir='ltr'><strong>Hebraico</strong></span> <span class='ocrx_word' id='word_1_493' title='bbox 1031 3421 1314 3492; x_wconf 84' lang='lat' dir='ltr'><strong>posuimus</strong></span> <span class='ocrx_word' id='word_1_494' title='bbox 1337 3437 1350 3474; x_wconf 91' lang='lat'><strong>:</strong></span> <span class='ocrx_word' id='word_1_495' title='bbox 1377 3438 1480 3475; x_wconf 88' lang='lat' dir='ltr'><strong>non</strong></span> <span class='ocrx_word' id='word_1_496' title='bbox 1506 3420 1753 3492; x_wconf 85' lang='lat' dir='ltr'><strong>plangeut</strong></span> <span class='ocrx_word' id='word_1_497' title='bbox 1783 3437 1920 3485; x_wconf 89' lang='lat' dir='ltr'><strong>eum,</strong></span> <span class='ocrx_word' id='word_1_498' title='bbox 1943 3420 2109 3493; x_wconf 71' lang='lat'><strong>992</strong></span> 
     </span>
    </p>
   </div>
   <div class='ocr_carea' id='block_1_63' title="bbox 503 3514 2104 3591">
    <p class='ocr_par' dir='ltr' id='par_1_63' title="bbox 503 3514 2104 3591">
     <span class='ocr_line' id='line_1_63' title="bbox 503 3514 2104 3591; baseline -0.005 -16"><span class='ocrx_word' id='word_1_499' title='bbox 503 3537 581 3575; x_wconf 81' lang='lat' dir='ltr'><strong>vw</strong></span> <span class='ocrx_word' id='word_1_500' title='bbox 622 3523 806 3591; x_wconf 78' lang='lat' dir='ltr'><strong>frater,</strong></span> <span class='ocrx_word' id='word_1_501' title='bbox 837 3527 884 3573; x_wconf 87' lang='lat' dir='ltr'><strong>et</strong></span> <span class='ocrx_word' id='word_1_502' title='bbox 915 3533 990 3572; x_wconf 76' lang='grc' dir='ltr'><strong>υω</strong></span> <span class='ocrx_word' id='word_1_503' title='bbox 1015 3532 1188 3584; x_wconf 90' lang='lat' dir='ltr'><strong>soror,</strong></span> <span class='ocrx_word' id='word_1_504' title='bbox 1224 3516 1276 3570; x_wconf 92' lang='lat' dir='ltr'><strong>in</strong></span> <span class='ocrx_word' id='word_1_505' title='bbox 1309 3516 1667 3587; x_wconf 88' lang='lat' dir='ltr'><strong>Septuaginta</strong></span> <span class='ocrx_word' id='word_1_506' title='bbox 1706 3531 1816 3570; x_wconf 93' lang='lat' dir='ltr'><strong>non</strong></span> <span class='ocrx_word' id='word_1_507' title='bbox 1849 3514 2104 3570; x_wconf 88' lang='lat' dir='ltr'><strong>habetur.</strong></span> 
     </span>
    </p>
   </div>
   <div class='ocr_carea' id='block_1_64' title="bbox 501 3610 2108 3686">
    <p class='ocr_par' dir='ltr' id='par_1_64' title="bbox 501 3610 2108 3686">
     <span class='ocr_line' id='line_1_64' title="bbox 501 3610 2108 3686; baseline -0.004 -14"><span class='ocrx_word' id='word_1_508' title='bbox 501 3615 843 3686; x_wconf 88' lang='lat' dir='ltr'><strong>Proprieque</strong></span> <span class='ocrx_word' id='word_1_509' title='bbox 891 3613 1091 3670; x_wconf 89' lang='lat' dir='ltr'><strong>dicitur</strong></span> <span class='ocrx_word' id='word_1_510' title='bbox 1140 3622 1333 3668; x_wconf 89' lang='lat' dir='ltr'><strong>contra</strong></span> <span class='ocrx_word' id='word_1_511' title='bbox 1361 3612 1572 3668; x_wconf 86' lang='lat' dir='ltr'><strong>Joacim</strong></span> <span class='ocrx_word' id='word_1_512' title='bbox 1625 3627 1813 3684; x_wconf 84' lang='lat' dir='ltr'><strong>regem</strong></span> <span class='ocrx_word' id='word_1_513' title='bbox 1853 3610 2015 3677; x_wconf 86' lang='lat' dir='ltr'><strong>Juda,</strong></span> <span class='ocrx_word' id='word_1_514' title='bbox 2052 3620 2108 3667; x_wconf 91' lang='lat' dir='ltr'><strong>et</strong></span> 
     </span>
    </p>
   </div>
   <div class='ocr_carea' id='block_1_65' title="bbox 503 3705 2104 3780">
    <p class='ocr_par' dir='ltr' id='par_1_65' title="bbox 503 3705 2104 3780">
     <span class='ocr_line' id='line_1_65' title="bbox 503 3705 2104 3780; baseline -0.004 -17"><span class='ocrx_word' id='word_1_515' title='bbox 503 3709 752 3780; x_wconf 88' lang='lat' dir='ltr'><strong>aperitur</strong></span> <span class='ocrx_word' id='word_1_516' title='bbox 783 3706 1038 3777; x_wconf 67' lang='lat' dir='ltr'><strong>aenigma,</strong></span> <span class='ocrx_word' id='word_1_517' title='bbox 1090 3705 1238 3776; x_wconf 91' lang='lat' dir='ltr'><strong>quod</strong></span> <span class='ocrx_word' id='word_1_518' title='bbox 1271 3705 1423 3774; x_wconf 88' lang='lat' dir='ltr'><strong>prius</strong></span> <span class='ocrx_word' id='word_1_519' title='bbox 1471 3705 1762 3761; x_wconf 88' lang='lat' dir='ltr'><strong>videbatur</strong></span> <span class='ocrx_word' id='word_1_520' title='bbox 1805 3705 2104 3770; x_wconf 87' lang='lat' dir='ltr'><strong>occultum,</strong></span> 
     </span>
    </p>
   </div>
   <div class='ocr_carea' id='block_1_66' title="bbox 502 3797 2108 3869">
    <p class='ocr_par' dir='ltr' id='par_1_66' title="bbox 502 3797 2108 3869">
     <span class='ocr_line' id='line_1_66' title="bbox 502 3797 2108 3869; baseline -0.003 -13"><span class='ocrx_word' id='word_1_521' title='bbox 502 3812 559 3858; x_wconf 89' lang='lat' dir='ltr'><strong>et</strong></span> <span class='ocrx_word' id='word_1_522' title='bbox 586 3802 734 3857; x_wconf 89' lang='lat' dir='ltr'><strong>inter</strong></span> <span class='ocrx_word' id='word_1_523' title='bbox 773 3811 888 3855; x_wconf 91' lang='lat' dir='ltr'><strong>tres</strong></span> <span class='ocrx_word' id='word_1_524' title='bbox 920 3798 1124 3855; x_wconf 88' lang='lat' dir='ltr'><strong>fratres</strong></span> <span class='ocrx_word' id='word_1_525' title='bbox 1155 3799 1467 3869; x_wconf 85' lang='lat' dir='ltr'><strong>ambiguum</strong></span> <span class='ocrx_word' id='word_1_526' title='bbox 1501 3807 1550 3864; x_wconf 81' lang='grc' dir='ltr'><strong>ει,</strong></span> <span class='ocrx_word' id='word_1_527' title='bbox 1575 3807 1633 3853; x_wconf 82' lang='grc' dir='ltr'><strong>ιιι</strong></span> <span class='ocrx_word' id='word_1_528' title='bbox 1675 3813 1782 3852; x_wconf 89' lang='lat' dir='ltr'><strong>non</strong></span> <span class='ocrx_word' id='word_1_529' title='bbox 1815 3797 1886 3854; x_wconf 90' lang='lat' dir='ltr'><strong>sit</strong></span> <span class='ocrx_word' id='word_1_530' title='bbox 1919 3810 2108 3852; x_wconf 89' lang='lat' dir='ltr'><strong>sermo</strong></span> 
     </span>
    </p>
   </div>
   <div class='ocr_carea' id='block_1_67' title="bbox 503 3887 2111 3960">
    <p class='ocr_par' dir='ltr' id='par_1_67' title="bbox 503 3887 2111 3960">
     <span class='ocr_line' id='line_1_67' title="bbox 503 3887 2111 3960; baseline -0.006 -9"><span class='ocrx_word' id='word_1_531' title='bbox 503 3895 574 3951; x_wconf 92' lang='lat' dir='ltr'><strong>de</strong></span> <span class='ocrx_word' id='word_1_532' title='bbox 594 3892 850 3957; x_wconf 85' lang='lat' dir='ltr'><strong>Joachaz,</strong></span> <span class='ocrx_word' id='word_1_533' title='bbox 900 3905 1075 3960; x_wconf 91' lang='lat' dir='ltr'><strong>neque</strong></span> <span class='ocrx_word' id='word_1_534' title='bbox 1115 3890 1185 3946; x_wconf 89' lang='lat' dir='ltr'><strong>de</strong></span> <span class='ocrx_word' id='word_1_535' title='bbox 1222 3889 1472 3955; x_wconf 89' lang='lat' dir='ltr'><strong>Sedecia,</strong></span> <span class='ocrx_word' id='word_1_536' title='bbox 1509 3889 1604 3946; x_wconf 85' lang='lat' dir='ltr'><strong>sed</strong></span> <span class='ocrx_word' id='word_1_537' title='bbox 1635 3889 1856 3960; x_wconf 88' lang='lat' dir='ltr'><strong>proprie</strong></span> <span class='ocrx_word' id='word_1_538' title='bbox 1886 3891 1955 3944; x_wconf 93' lang='lat' dir='ltr'><strong>de</strong></span> <span class='ocrx_word' id='word_1_539' title='bbox 1983 3887 2111 3944; x_wconf 91' lang='lat' dir='ltr'><strong>Joa-</strong></span> 
     </span>
    </p>
   </div>
   <div class='ocr_carea' id='block_1_68' title="bbox 503 3983 2105 4059">
    <p class='ocr_par' dir='ltr' id='par_1_68' title="bbox 503 3983 2105 4059">
     <span class='ocr_line' id='line_1_68' title="bbox 503 3983 2105 4059; baseline -0.004 -15"><span class='ocrx_word' id='word_1_540' title='bbox 503 3989 637 4049; x_wconf 88' lang='lat' dir='ltr'><strong>cim.</strong></span> <span class='ocrx_word' id='word_1_541' title='bbox 681 4003 844 4059; x_wconf 90' lang='lat' dir='ltr'><strong>quem</strong></span> <span class='ocrx_word' id='word_1_542' title='bbox 877 3987 1224 4043; x_wconf 89' lang='lat' dir='ltr'><strong>interfectum</strong></span> <span class='ocrx_word' id='word_1_543' title='bbox 1257 4003 1289 4041; x_wconf 89' lang='lat' dir='ltr'><strong>a</strong></span> <span class='ocrx_word' id='word_1_544' title='bbox 1318 3985 1645 4042; x_wconf 84' lang='lat' dir='ltr'><strong>latrunculis</strong></span> <span class='ocrx_word' id='word_1_545' title='bbox 1691 3983 2105 4052; x_wconf 77' lang='lat' dir='ltr'><strong>Chalda-orum,</strong></span> 
     </span>
    </p>
   </div>
   <div class='ocr_carea' id='block_1_69' title="bbox 502 4077 2109 4152">
    <p class='ocr_par' dir='ltr' id='par_1_69' title="bbox 502 4077 2109 4152">
     <span class='ocr_line' id='line_1_69' title="bbox 502 4077 2109 4152; baseline -0.003 -15"><span class='ocrx_word' id='word_1_546' title='bbox 502 4082 702 4152; x_wconf 67' lang='lat' dir='ltr'><strong>Syriae,</strong></span> <span class='ocrx_word' id='word_1_547' title='bbox 737 4080 1202 4145; x_wconf 78' lang='lat' dir='ltr'><strong>Ammonitarum,</strong></span> <span class='ocrx_word' id='word_1_548' title='bbox 1233 4088 1288 4134; x_wconf 91' lang='lat' dir='ltr'><strong>et</strong></span> <span class='ocrx_word' id='word_1_549' title='bbox 1314 4080 1700 4145; x_wconf 84' lang='lat' dir='ltr'><strong>Moabitarum,</strong></span> <span class='ocrx_word' id='word_1_550' title='bbox 1730 4077 1957 4133; x_wconf 69' lang='lat' dir='ltr'><strong>Hebraea</strong></span> <span class='ocrx_word' id='word_1_551' title='bbox 1981 4093 2109 4132; x_wconf 88' lang='lat' dir='ltr'><strong>nar-</strong></span> 
     </span>
    </p>
   </div>
   <div class='ocr_carea' id='block_1_70' title="bbox 500 4171 2104 4238">
    <p class='ocr_par' dir='ltr' id='par_1_70' title="bbox 500 4171 2104 4238">
     <span class='ocr_line' id='line_1_70' title="bbox 500 4171 2104 4238; baseline -0.002 -11"><span class='ocrx_word' id='word_1_552' title='bbox 500 4183 592 4227; x_wconf 85' lang='lat' dir='ltr'><strong>rat</strong></span> <span class='ocrx_word' id='word_1_553' title='bbox 618 4173 867 4227; x_wconf 84' lang='lat' dir='ltr'><strong>historia.</strong></span> <span class='ocrx_word' id='word_1_554' title='bbox 895 4171 1050 4228; x_wconf 88' lang='lat' dir='ltr'><strong>Unde</strong></span> <span class='ocrx_word' id='word_1_555' title='bbox 1065 4181 1121 4228; x_wconf 91' lang='lat' dir='ltr'><strong>et</strong></span> <span class='ocrx_word' id='word_1_556' title='bbox 1141 4173 1194 4227; x_wconf 93' lang='lat' dir='ltr'><strong>in</strong></span> <span class='ocrx_word' id='word_1_557' title='bbox 1221 4172 1508 4228; x_wconf 82' lang='lat' dir='ltr'><strong>Malachim</strong></span> <span class='ocrx_word' id='word_1_558' title='bbox 1538 4181 1786 4227; x_wconf 90' lang='lat' dir='ltr'><strong>mortuus</strong></span> <span class='ocrx_word' id='word_1_559' title='bbox 1816 4173 2104 4238; x_wconf 87' lang='lat' dir='ltr'><strong>scribitur,</strong></span> 
     </span>
    </p>
   </div>
   <div class='ocr_carea' id='block_1_71' title="bbox 505 4262 2104 4334">
    <p class='ocr_par' dir='ltr' id='par_1_71' title="bbox 505 4262 2104 4334">
     <span class='ocr_line' id='line_1_71' title="bbox 505 4262 2104 4334; baseline -0.003 -14"><span class='ocrx_word' id='word_1_560' title='bbox 505 4273 562 4320; x_wconf 89' lang='lat' dir='ltr'><strong>et</strong></span> <span class='ocrx_word' id='word_1_561' title='bbox 587 4265 837 4334; x_wconf 77' lang='lat' dir='ltr'><strong>sepultus</strong></span> <span class='ocrx_word' id='word_1_562' title='bbox 860 4272 1070 4318; x_wconf 88' lang='lat' dir='ltr'><strong>tacetur</strong></span> <span class='ocrx_word' id='word_1_563' title='bbox 1092 4269 1112 4333; x_wconf 93' lang='lat'><strong>(</strong></span> <span class='ocrx_word' id='word_1_564' title='bbox 1134 4263 1194 4318; x_wconf 81' lang='lat' dir='ltr'><strong>IV</strong></span> <span class='ocrx_word' id='word_1_565' title='bbox 1229 4264 1360 4334; x_wconf 83' lang='lat' dir='ltr'><strong>Reg.</strong></span> <span class='ocrx_word' id='word_1_566' title='bbox 1392 4263 1584 4334; x_wconf 64' lang='grc' dir='ltr'>χιιι).</span> <span class='ocrx_word' id='word_1_567' title='bbox 1623 4263 1682 4318; x_wconf 88' lang='lat' dir='ltr'><strong>lu</strong></span> <span class='ocrx_word' id='word_1_568' title='bbox 1711 4263 1853 4317; x_wconf 88' lang='lat' dir='ltr'><strong>libro</strong></span> <span class='ocrx_word' id='word_1_569' title='bbox 1883 4262 2104 4318; x_wconf 89' lang='lat' dir='ltr'><strong>Dierum</strong></span> 
     </span>
    </p>
   </div>
   <div class='ocr_carea' id='block_1_72' title="bbox 500 4354 2106 4428">
    <p class='ocr_par' dir='ltr' id='par_1_72' title="bbox 500 4354 2106 4428">
     <span class='ocr_line' id='line_1_72' title="bbox 500 4354 2106 4428; baseline -0.001 -18"><span class='ocrx_word' id='word_1_570' title='bbox 500 4356 758 4425; x_wconf 83' lang='lat' dir='ltr'><strong>legimus,</strong></span> <span class='ocrx_word' id='word_1_571' title='bbox 806 4356 1048 4409; x_wconf 90' lang='lat' dir='ltr'><strong>vinctum</strong></span> <span class='ocrx_word' id='word_1_572' title='bbox 1080 4357 1291 4410; x_wconf 89' lang='lat' dir='ltr'><strong>catenis</strong></span> <span class='ocrx_word' id='word_1_573' title='bbox 1321 4364 1376 4410; x_wconf 92' lang='lat' dir='ltr'><strong>et</strong></span> <span class='ocrx_word' id='word_1_574' title='bbox 1404 4354 1628 4410; x_wconf 91' lang='lat' dir='ltr'><strong>ductum</strong></span> <span class='ocrx_word' id='word_1_575' title='bbox 1661 4357 1718 4409; x_wconf 92' lang='lat' dir='ltr'><strong>in</strong></span> <span class='ocrx_word' id='word_1_576' title='bbox 1771 4355 2106 4428; x_wconf 85' lang='lat' dir='ltr'><strong>Babylonem</strong></span> 
     </span>
    </p>
   </div>
   <div class='ocr_carea' id='block_1_73' title="bbox 505 4446 2108 4521">
    <p class='ocr_par' dir='ltr' id='par_1_73' title="bbox 505 4446 2108 4521">
     <span class='ocr_line' id='line_1_73' title="bbox 505 4446 2108 4521; baseline 0 -18"><span class='ocrx_word' id='word_1_577' title='bbox 505 4447 594 4521; x_wconf 91' lang='lat' dir='ltr'><strong>(ll</strong></span> <span class='ocrx_word' id='word_1_578' title='bbox 616 4446 746 4501; x_wconf 90' lang='lat' dir='ltr'><strong>Par.</strong></span> <span class='ocrx_word' id='word_1_579' title='bbox 772 4448 968 4518; x_wconf 74' lang='lat' dir='ltr'><strong>xxxvi)</strong></span> <span class='ocrx_word' id='word_1_580' title='bbox 994 4465 1007 4501; x_wconf 90' lang='lat'><strong>:</strong></span> <span class='ocrx_word' id='word_1_581' title='bbox 1041 4461 1140 4502; x_wconf 91' lang='lat' dir='ltr'><strong>nec</strong></span> <span class='ocrx_word' id='word_1_582' title='bbox 1167 4449 1305 4501; x_wconf 90' lang='lat' dir='ltr'><strong>ultra</strong></span> <span class='ocrx_word' id='word_1_583' title='bbox 1326 4447 1456 4516; x_wconf 89' lang='lat' dir='ltr'><strong>quid</strong></span> <span class='ocrx_word' id='word_1_584' title='bbox 1490 4447 1732 4502; x_wconf 87' lang='lat' dir='ltr'><strong>refertur</strong></span> <span class='ocrx_word' id='word_1_585' title='bbox 1754 4447 1822 4502; x_wconf 88' lang='lat' dir='ltr'><strong>de</strong></span> <span class='ocrx_word' id='word_1_586' title='bbox 1861 4463 1949 4503; x_wconf 92' lang='lat' dir='ltr'><strong>eo.</strong></span> <span class='ocrx_word' id='word_1_587' title='bbox 1980 4447 2108 4503; x_wconf 89' lang='lat' dir='ltr'><strong>Pul-</strong></span> 
     </span>
    </p>
   </div>
   <div class='ocr_carea' id='block_1_74' title="bbox 505 4539 2108 4613">
    <p class='ocr_par' dir='ltr' id='par_1_74' title="bbox 505 4539 2108 4613">
     <span class='ocr_line' id='line_1_74' title="bbox 505 4539 2108 4613; baseline -0.001 -16"><span class='ocrx_word' id='word_1_588' title='bbox 505 4541 749 4613; x_wconf 89' lang='lat' dir='ltr'><strong>chreque</strong></span> <span class='ocrx_word' id='word_1_589' title='bbox 779 4540 1062 4612; x_wconf 86' lang='lat' dir='ltr'><strong>sepultura</strong></span> <span class='ocrx_word' id='word_1_590' title='bbox 1091 4540 1234 4595; x_wconf 86' lang='lat' dir='ltr'><strong>asini</strong></span> <span class='ocrx_word' id='word_1_591' title='bbox 1263 4539 1397 4595; x_wconf 89' lang='lat' dir='ltr'><strong>dicit</strong></span> <span class='ocrx_word' id='word_1_592' title='bbox 1442 4555 1566 4596; x_wconf 86' lang='lat' dir='ltr'><strong>eum</strong></span> <span class='ocrx_word' id='word_1_593' title='bbox 1610 4541 2015 4610; x_wconf 88' lang='lat' dir='ltr'><strong>sepeliendum,</strong></span> <span class='ocrx_word' id='word_1_594' title='bbox 2047 4548 2108 4596; x_wconf 86' lang='lat' dir='ltr'><strong>ut</strong></span> 
     </span>
    </p>
   </div>
   <div class='ocr_carea' id='block_1_75' title="bbox 2214 3324 3810 3400">
    <p class='ocr_par' dir='ltr' id='par_1_75' title="bbox 2214 3324 3810 3400">
     <span class='ocr_line' id='line_1_75' title="bbox 2214 3324 3810 3400; baseline 0.008 -23"><span class='ocrx_word' id='word_1_595' title='bbox 2214 3324 2358 3394; x_wconf 89' lang='lat' dir='ltr'><strong>quod</strong></span> <span class='ocrx_word' id='word_1_596' title='bbox 2384 3340 2484 3378; x_wconf 81' lang='lat' dir='ltr'><strong>vox</strong></span> <span class='ocrx_word' id='word_1_597' title='bbox 2527 3324 2815 3394; x_wconf 73' lang='lat' dir='ltr'><strong>PrOpltette</strong></span> <span class='ocrx_word' id='word_1_598' title='bbox 2842 3325 2913 3381; x_wconf 93' lang='lat' dir='ltr'><strong>de</strong></span> <span class='ocrx_word' id='word_1_599' title='bbox 2941 3327 3245 3382; x_wconf 78' lang='lat' dir='ltr'><strong>Jerusalem</strong></span> <span class='ocrx_word' id='word_1_600' title='bbox 3279 3343 3452 3400; x_wconf 88' lang='lat' dir='ltr'><strong>usque</strong></span> <span class='ocrx_word' id='word_1_601' title='bbox 3478 3331 3546 3386; x_wconf 88' lang='lat' dir='ltr'><strong>ad</strong></span> <span class='ocrx_word' id='word_1_602' title='bbox 3576 3343 3810 3390; x_wconf 88' lang='lat' dir='ltr'><strong>montem</strong></span> 
     </span>
    </p>
   </div>
   <div class='ocr_carea' id='block_1_76' title="bbox 2215 3415 3375 3497">
    <p class='ocr_par' dir='ltr' id='par_1_76' title="bbox 2215 3415 3375 3497">
     <span class='ocr_line' id='line_1_76' title="bbox 2215 3415 3375 3497; baseline 0.001 -27"><span class='ocrx_word' id='word_1_603' title='bbox 2215 3415 2505 3497; x_wconf 81' lang='lat' dir='ltr'><strong>Libanum,</strong></span> <span class='ocrx_word' id='word_1_604' title='bbox 2539 3427 2593 3472; x_wconf 90' lang='lat' dir='ltr'><strong>et</strong></span> <span class='ocrx_word' id='word_1_605' title='bbox 2621 3417 2796 3472; x_wconf 87' lang='lat' dir='ltr'><strong>Basan</strong></span> <span class='ocrx_word' id='word_1_606' title='bbox 2828 3417 3027 3473; x_wconf 88' lang='lat' dir='ltr'><strong>debeat</strong></span> <span class='ocrx_word' id='word_1_607' title='bbox 3067 3419 3375 3489; x_wconf 82' lang='lat' dir='ltr'><strong>pervenire.</strong></span> 
     </span>
    </p>
   </div>
   <div class='ocr_carea' id='block_1_77' title="bbox 2286 3508 3806 3584">
    <p class='ocr_par' dir='ltr' id='par_1_77' title="bbox 2286 3508 3806 3584">
     <span class='ocr_line' id='line_1_77' title="bbox 2286 3508 3806 3584; baseline 0.006 -21"><span class='ocrx_word' id='word_1_608' title='bbox 2286 3508 2468 3580; x_wconf 85' lang='lat' dir='ltr'><strong>(Vers.</strong></span> <span class='ocrx_word' id='word_1_609' title='bbox 2495 3510 2566 3564; x_wconf 71' lang='lat'><strong>‘24</strong></span> <span class='ocrx_word' id='word_1_610' title='bbox 2594 3509 2774 3582; x_wconf 87' lang='lat' dir='ltr'><strong>seqq.)</strong></span> <span class='ocrx_word' id='word_1_611' title='bbox 2813 3509 2936 3565; x_wconf 83' lang='lat' dir='ltr'><strong>Vivo</strong></span> <span class='ocrx_word' id='word_1_612' title='bbox 2965 3527 3080 3584; x_wconf 86' lang='lat' dir='ltr'><strong>ego,</strong></span> <span class='ocrx_word' id='word_1_613' title='bbox 3110 3511 3237 3567; x_wconf 86' lang='lat' dir='ltr'><strong>dicit</strong></span> <span class='ocrx_word' id='word_1_614' title='bbox 3269 3512 3528 3569; x_wconf 87' lang='lat' dir='ltr'><strong>Dominus</strong></span> <span class='ocrx_word' id='word_1_615' title='bbox 3553 3533 3571 3571; x_wconf 92' lang='lat'><em>:</em></span> <span class='ocrx_word' id='word_1_616' title='bbox 3599 3517 3735 3583; x_wconf 80' lang='lat' dir='ltr'><strong>Quia</strong></span> <span class='ocrx_word' id='word_1_617' title='bbox 3762 3521 3806 3574; x_wconf 85' lang='lat' dir='ltr'><strong>si</strong></span> 
     </span>
    </p>
   </div>
   <div class='ocr_carea' id='block_1_78' title="bbox 2213 3603 3808 3682">
    <p class='ocr_par' dir='ltr' id='par_1_78' title="bbox 2213 3603 3808 3682">
     <span class='ocr_line' id='line_1_78' title="bbox 2213 3603 3808 3682; baseline 0.006 -26"><span class='ocrx_word' id='word_1_618' title='bbox 2213 3606 2370 3675; x_wconf 87' lang='lat' dir='ltr'><strong>fuerit</strong></span> <span class='ocrx_word' id='word_1_619' title='bbox 2397 3603 2425 3643; x_wconf 77' lang='grc' dir='ltr'>ι)</span> <span class='ocrx_word' id='word_1_620' title='bbox 2452 3603 2682 3660; x_wconf 85' lang='lat' dir='ltr'><strong>Cltouias</strong></span> <span class='ocrx_word' id='word_1_621' title='bbox 2712 3604 2856 3676; x_wconf 78' lang='lat' dir='ltr'><strong>ﬁlius</strong></span> <span class='ocrx_word' id='word_1_622' title='bbox 2894 3605 3103 3661; x_wconf 81' lang='lat' dir='ltr'><strong>Joacim</strong></span> <span class='ocrx_word' id='word_1_623' title='bbox 3156 3610 3292 3682; x_wconf 84' lang='lat' dir='ltr'><strong>regis</strong></span> <span class='ocrx_word' id='word_1_624' title='bbox 3321 3607 3470 3663; x_wconf 85' lang='lat' dir='ltr'><strong>Juda</strong></span> <span class='ocrx_word' id='word_1_625' title='bbox 3503 3613 3732 3668; x_wconf 82' lang='lat' dir='ltr'><strong>annulus</strong></span> <span class='ocrx_word' id='word_1_626' title='bbox 3760 3615 3808 3667; x_wconf 86' lang='lat' dir='ltr'><strong>iu</strong></span> 
     </span>
    </p>
   </div>
   <div class='ocr_carea' id='block_1_79' title="bbox 2213 3698 3808 3776">
    <p class='ocr_par' dir='ltr' id='par_1_79' title="bbox 2213 3698 3808 3776">
     <span class='ocr_line' id='line_1_79' title="bbox 2213 3698 3808 3776; baseline 0.006 -25"><span class='ocrx_word' id='word_1_627' title='bbox 2213 3715 2372 3752; x_wconf 87' lang='lat' dir='ltr'><strong>manu</strong></span> <span class='ocrx_word' id='word_1_628' title='bbox 2403 3698 2617 3753; x_wconf 73' lang='lat' dir='ltr'><strong>dextera</strong></span> <span class='ocrx_word' id='word_1_629' title='bbox 2646 3715 2780 3767; x_wconf 88' lang='lat' dir='ltr'><strong>mea,</strong></span> <span class='ocrx_word' id='word_1_630' title='bbox 2830 3701 2950 3754; x_wconf 89' lang='lat' dir='ltr'><strong>inde</strong></span> <span class='ocrx_word' id='word_1_631' title='bbox 2975 3701 3190 3755; x_wconf 83' lang='lat' dir='ltr'><strong>evellam</strong></span> <span class='ocrx_word' id='word_1_632' title='bbox 3231 3718 3370 3770; x_wconf 90' lang='lat' dir='ltr'><strong>eum,</strong></span> <span class='ocrx_word' id='word_1_633' title='bbox 3396 3715 3418 3742; x_wconf 77' lang='grc' dir='ltr'><strong>ο</strong></span> <span class='ocrx_word' id='word_1_634' title='bbox 3471 3705 3612 3776; x_wconf 89' lang='lat' dir='ltr'><strong>(sive</strong></span> <span class='ocrx_word' id='word_1_635' title='bbox 3652 3705 3735 3776; x_wconf 88' lang='lat' dir='ltr'><strong>te)</strong></span> <span class='ocrx_word' id='word_1_636' title='bbox 3765 3717 3808 3760; x_wconf 88' lang='lat' dir='ltr'><strong>et</strong></span> 
     </span>
    </p>
   </div>
   <div class='ocr_carea' id='block_1_80' title="bbox 2213 3791 3810 3864">
    <p class='ocr_par' dir='ltr' id='par_1_80' title="bbox 2213 3791 3810 3864">
     <span class='ocr_line' id='line_1_80' title="bbox 2213 3791 3810 3864; baseline 0.004 -18"><span class='ocrx_word' id='word_1_637' title='bbox 2213 3791 2349 3846; x_wconf 89' lang='lat' dir='ltr'><strong>dabo</strong></span> <span class='ocrx_word' id='word_1_638' title='bbox 2369 3800 2418 3846; x_wconf 92' lang='lat' dir='ltr'><strong>te</strong></span> <span class='ocrx_word' id='word_1_639' title='bbox 2443 3793 2493 3844; x_wconf 85' lang='lat' dir='ltr'><strong>in</strong></span> <span class='ocrx_word' id='word_1_640' title='bbox 2517 3808 2676 3846; x_wconf 92' lang='lat' dir='ltr'><strong>manu</strong></span> <span class='ocrx_word' id='word_1_641' title='bbox 2698 3794 3040 3864; x_wconf 46' lang='lat' dir='ltr'><strong>quaerentium</strong></span> <span class='ocrx_word' id='word_1_642' title='bbox 3059 3795 3291 3848; x_wconf 82' lang='lat' dir='ltr'><strong>animam</strong></span> <span class='ocrx_word' id='word_1_643' title='bbox 3309 3804 3475 3864; x_wconf 88' lang='lat' dir='ltr'><strong>tuam,</strong></span> <span class='ocrx_word' id='word_1_644' title='bbox 3507 3807 3557 3851; x_wconf 86' lang='lat' dir='ltr'><strong>et</strong></span> <span class='ocrx_word' id='word_1_645' title='bbox 3577 3799 3633 3852; x_wconf 89' lang='lat' dir='ltr'><strong>in</strong></span> <span class='ocrx_word' id='word_1_646' title='bbox 3661 3815 3810 3853; x_wconf 88' lang='lat' dir='ltr'><strong>ntauu</strong></span> 
     </span>
    </p>
   </div>
   <div class='ocr_carea' id='block_1_81' title="bbox 2211 3888 3811 3961">
    <p class='ocr_par' dir='ltr' id='par_1_81' title="bbox 2211 3888 3811 3961">
     <span class='ocr_line' id='line_1_81' title="bbox 2211 3888 3811 3961; baseline 0.004 -20"><span class='ocrx_word' id='word_1_647' title='bbox 2211 3903 2431 3958; x_wconf 87' lang='lat' dir='ltr'><strong>quorum</strong></span> <span class='ocrx_word' id='word_1_648' title='bbox 2460 3897 2516 3943; x_wconf 89' lang='lat' dir='ltr'><strong>tu</strong></span> <span class='ocrx_word' id='word_1_649' title='bbox 2535 3888 2788 3958; x_wconf 85' lang='lat' dir='ltr'><strong>formidas</strong></span> <span class='ocrx_word' id='word_1_650' title='bbox 2815 3890 3022 3961; x_wconf 86' lang='lat' dir='ltr'><strong>faciem,</strong></span> <span class='ocrx_word' id='word_1_651' title='bbox 3049 3899 3096 3943; x_wconf 88' lang='lat' dir='ltr'><strong>et</strong></span> <span class='ocrx_word' id='word_1_652' title='bbox 3121 3890 3174 3944; x_wconf 91' lang='lat' dir='ltr'><strong>in</strong></span> <span class='ocrx_word' id='word_1_653' title='bbox 3197 3907 3356 3944; x_wconf 88' lang='lat' dir='ltr'><strong>manu</strong></span> <span class='ocrx_word' id='word_1_654' title='bbox 3385 3889 3811 3948; x_wconf 81' lang='lat' dir='ltr'><strong>Nabuchodono-</strong></span> 
     </span>
    </p>
   </div>
   <div class='ocr_carea' id='block_1_82' title="bbox 2212 3979 3808 4058">
    <p class='ocr_par' dir='ltr' id='par_1_82' title="bbox 2212 3979 3808 4058">
     <span class='ocr_line' id='line_1_82' title="bbox 2212 3979 3808 4058; baseline 0.003 -21"><span class='ocrx_word' id='word_1_655' title='bbox 2212 3997 2300 4037; x_wconf 90' lang='lat' dir='ltr'><strong>sor</strong></span> <span class='ocrx_word' id='word_1_656' title='bbox 2323 3983 2461 4056; x_wconf 86' lang='lat' dir='ltr'><strong>regis</strong></span> <span class='ocrx_word' id='word_1_657' title='bbox 2483 3979 2773 4054; x_wconf 83' lang='lat' dir='ltr'><strong>Babylonis</strong></span> <span class='ocrx_word' id='word_1_658' title='bbox 2807 3981 2978 4055; x_wconf 92' lang='lat' dir='ltr'><strong>(quod</strong></span> <span class='ocrx_word' id='word_1_659' title='bbox 3013 3983 3068 4038; x_wconf 92' lang='lat' dir='ltr'><strong>in</strong></span> <span class='ocrx_word' id='word_1_660' title='bbox 3096 3982 3236 4038; x_wconf 79' lang='lat' dir='ltr'><strong>LXX</strong></span> <span class='ocrx_word' id='word_1_661' title='bbox 3272 4000 3380 4038; x_wconf 91' lang='lat' dir='ltr'><strong>non</strong></span> <span class='ocrx_word' id='word_1_662' title='bbox 3412 3984 3670 4058; x_wconf 81' lang='lat' dir='ltr'><strong>habetur)</strong></span> <span class='ocrx_word' id='word_1_663' title='bbox 3693 3989 3808 4042; x_wconf 88' lang='lat' dir='ltr'><strong>etin</strong></span> 
     </span>
    </p>
   </div>
   <div class='ocr_carea' id='block_1_83' title="bbox 2211 4074 3808 4155">
    <p class='ocr_par' dir='ltr' id='par_1_83' title="bbox 2211 4074 3808 4155">
     <span class='ocr_line' id='line_1_83' title="bbox 2211 4074 3808 4155; baseline 0.003 -23"><span class='ocrx_word' id='word_1_664' title='bbox 2211 4093 2373 4132; x_wconf 88' lang='lat' dir='ltr'><strong>manu</strong></span> <span class='ocrx_word' id='word_1_665' title='bbox 2406 4074 2793 4132; x_wconf 77' lang='lat' dir='ltr'><strong>Chaldtrorum.</strong></span> <span class='ocrx_word' id='word_1_666' title='bbox 2831 4077 2899 4131; x_wconf 82' lang='lat' dir='ltr'><strong>Et</strong></span> <span class='ocrx_word' id='word_1_667' title='bbox 2941 4081 3142 4132; x_wconf 88' lang='lat' dir='ltr'><strong>mittam</strong></span> <span class='ocrx_word' id='word_1_668' title='bbox 3172 4088 3220 4134; x_wconf 87' lang='lat' dir='ltr'><strong>te</strong></span> <span class='ocrx_word' id='word_1_669' title='bbox 3254 4078 3393 4151; x_wconf 88' lang='lat' dir='ltr'><strong>(sive</strong></span> <span class='ocrx_word' id='word_1_670' title='bbox 3438 4082 3714 4155; x_wconf 86' lang='lat' dir='ltr'><strong>projiciam</strong></span> <span class='ocrx_word' id='word_1_671' title='bbox 3741 4082 3808 4154; x_wconf 83' lang='lat' dir='ltr'><strong>te)</strong></span> 
     </span>
    </p>
   </div>
   <div class='ocr_carea' id='block_1_84' title="bbox 2213 4171 3808 4245">
    <p class='ocr_par' dir='ltr' id='par_1_84' title="bbox 2213 4171 3808 4245">
     <span class='ocr_line' id='line_1_84' title="bbox 2213 4171 3808 4245; baseline 0.002 -19"><span class='ocrx_word' id='word_1_672' title='bbox 2213 4181 2259 4226; x_wconf 85' lang='lat' dir='ltr'><strong>et</strong></span> <span class='ocrx_word' id='word_1_673' title='bbox 2281 4181 2497 4226; x_wconf 85' lang='lat' dir='ltr'><strong>matrem</strong></span> <span class='ocrx_word' id='word_1_674' title='bbox 2529 4181 2671 4225; x_wconf 90' lang='lat' dir='ltr'><strong>tuam</strong></span> <span class='ocrx_word' id='word_1_675' title='bbox 2708 4189 2824 4242; x_wconf 78' lang='lat' dir='ltr'><strong>qutv</strong></span> <span class='ocrx_word' id='word_1_676' title='bbox 2863 4173 3039 4245; x_wconf 88' lang='lat' dir='ltr'><strong>genuit</strong></span> <span class='ocrx_word' id='word_1_677' title='bbox 3087 4181 3154 4238; x_wconf 89' lang='lat' dir='ltr'><strong>te,</strong></span> <span class='ocrx_word' id='word_1_678' title='bbox 3186 4171 3239 4225; x_wconf 85' lang='lat' dir='ltr'><strong>iu</strong></span> <span class='ocrx_word' id='word_1_679' title='bbox 3270 4180 3464 4227; x_wconf 87' lang='lat' dir='ltr'><strong>terram</strong></span> <span class='ocrx_word' id='word_1_680' title='bbox 3502 4173 3733 4230; x_wconf 85' lang='lat' dir='ltr'><strong>alienant</strong></span> <span class='ocrx_word' id='word_1_681' title='bbox 3759 4178 3808 4230; x_wconf 90' lang='lat' dir='ltr'><strong>in</strong></span> 
     </span>
    </p>
   </div>
   <div class='ocr_carea' id='block_1_85' title="bbox 2210 4263 3806 4341">
    <p class='ocr_par' dir='ltr' id='par_1_85' title="bbox 2210 4263 3806 4341">
     <span class='ocr_line' id='line_1_85' title="bbox 2210 4263 3806 4341; baseline 0.003 -23"><span class='ocrx_word' id='word_1_682' title='bbox 2210 4281 2312 4335; x_wconf 87' lang='lat' dir='ltr'><strong>qua</strong></span> <span class='ocrx_word' id='word_1_683' title='bbox 2338 4265 2448 4318; x_wconf 86' lang='lat' dir='ltr'><strong>nati</strong></span> <span class='ocrx_word' id='word_1_684' title='bbox 2474 4281 2576 4318; x_wconf 88' lang='lat' dir='ltr'><strong>non</strong></span> <span class='ocrx_word' id='word_1_685' title='bbox 2597 4266 2755 4320; x_wconf 88' lang='lat' dir='ltr'><strong>estis:</strong></span> <span class='ocrx_word' id='word_1_686' title='bbox 2785 4265 2954 4337; x_wconf 88' lang='lat' dir='ltr'><strong>ibique</strong></span> <span class='ocrx_word' id='word_1_687' title='bbox 2981 4264 3289 4319; x_wconf 83' lang='lat' dir='ltr'><strong>moriemini.</strong></span> <span class='ocrx_word' id='word_1_688' title='bbox 3311 4263 3378 4318; x_wconf 84' lang='lat' dir='ltr'><strong>Et</strong></span> <span class='ocrx_word' id='word_1_689' title='bbox 3400 4266 3457 4319; x_wconf 87' lang='lat' dir='ltr'><strong>in</strong></span> <span class='ocrx_word' id='word_1_690' title='bbox 3477 4275 3669 4322; x_wconf 87' lang='lat' dir='ltr'><strong>terram</strong></span> <span class='ocrx_word' id='word_1_691' title='bbox 3701 4267 3806 4341; x_wconf 82' lang='lat' dir='ltr'><strong>[AL</strong></span> 
     </span>
    </p>
   </div>
   <div class='ocr_carea' id='block_1_86' title="bbox 2213 4355 3808 4430">
    <p class='ocr_par' dir='ltr' id='par_1_86' title="bbox 2213 4355 3808 4430">
     <span class='ocr_line' id='line_1_86' title="bbox 2213 4355 3808 4430; baseline 0.001 -20"><span class='ocrx_word' id='word_1_692' title='bbox 2213 4357 2264 4411; x_wconf 88' lang='lat' dir='ltr'><strong>in</strong></span> <span class='ocrx_word' id='word_1_693' title='bbox 2297 4365 2492 4412; x_wconf 87' lang='lat' dir='ltr'><strong>terram</strong></span> <span class='ocrx_word' id='word_1_694' title='bbox 2523 4355 2744 4430; x_wconf 88' lang='lat' dir='ltr'><strong>autem],</strong></span> <span class='ocrx_word' id='word_1_695' title='bbox 2781 4356 2851 4411; x_wconf 84' lang='lat' dir='ltr'><strong>ad</strong></span> <span class='ocrx_word' id='word_1_696' title='bbox 2879 4373 3032 4427; x_wconf 89' lang='lat' dir='ltr'><strong>quam</strong></span> <span class='ocrx_word' id='word_1_697' title='bbox 3061 4357 3164 4428; x_wconf 84' lang='lat' dir='ltr'><strong>ipsi</strong></span> <span class='ocrx_word' id='word_1_698' title='bbox 3199 4359 3370 4412; x_wconf 83' lang='lat' dir='ltr'><strong>levant</strong></span> <span class='ocrx_word' id='word_1_699' title='bbox 3397 4359 3633 4414; x_wconf 86' lang='lat' dir='ltr'><strong>animant</strong></span> <span class='ocrx_word' id='word_1_700' title='bbox 3667 4378 3808 4416; x_wconf 84' lang='lat' dir='ltr'><strong>suam</strong></span> 
     </span>
    </p>
   </div>
   <div class='ocr_carea' id='block_1_87' title="bbox 2212 4449 3808 4522">
    <p class='ocr_par' dir='ltr' id='par_1_87' title="bbox 2212 4449 3808 4522">
     <span class='ocr_line' id='line_1_87' title="bbox 2212 4449 3808 4522; baseline 0.003 -18"><span class='ocrx_word' id='word_1_701' title='bbox 2212 4459 2269 4504; x_wconf 85' lang='lat' dir='ltr'><strong>ut</strong></span> <span class='ocrx_word' id='word_1_702' title='bbox 2298 4458 2645 4521; x_wconf 82' lang='lat' dir='ltr'><strong>revertantur,</strong></span> <span class='ocrx_word' id='word_1_703' title='bbox 2673 4449 2800 4504; x_wconf 88' lang='lat' dir='ltr'><strong>illuc</strong></span> <span class='ocrx_word' id='word_1_704' title='bbox 2843 4467 2947 4504; x_wconf 88' lang='lat' dir='ltr'><strong>non</strong></span> <span class='ocrx_word' id='word_1_705' title='bbox 2973 4459 3312 4505; x_wconf 83' lang='lat' dir='ltr'><strong>revertentur.</strong></span> <span class='ocrx_word' id='word_1_706' title='bbox 3345 4450 3524 4522; x_wconf 88' lang='lat' dir='ltr'><strong>Supra</strong></span> <span class='ocrx_word' id='word_1_707' title='bbox 3566 4452 3808 4521; x_wconf 71' lang='lat' dir='ltr'><strong>dixerat,</strong></span> 
     </span>
    </p>
   </div>
   <div class='ocr_carea' id='block_1_88' title="bbox 2212 4542 3810 4616">
    <p class='ocr_par' dir='ltr' id='par_1_88' title="bbox 2212 4542 3810 4616">
     <span class='ocr_line' id='line_1_88' title="bbox 2212 4542 3810 4616; baseline 0.003 -18"><span class='ocrx_word' id='word_1_708' title='bbox 2212 4544 2391 4598; x_wconf 88' lang='lat' dir='ltr'><strong>domui</strong></span> <span class='ocrx_word' id='word_1_709' title='bbox 2422 4545 2560 4616; x_wconf 85' lang='lat' dir='ltr'><strong>regis</strong></span> <span class='ocrx_word' id='word_1_710' title='bbox 2599 4543 2742 4597; x_wconf 82' lang='lat' dir='ltr'><strong>Juda</strong></span> <span class='ocrx_word' id='word_1_711' title='bbox 2766 4542 2877 4598; x_wconf 67' lang='lat' dir='ltr'><strong>hac</strong></span> <span class='ocrx_word' id='word_1_712' title='bbox 2903 4543 3128 4615; x_wconf 85' lang='lat' dir='ltr'><strong>loqueris</strong></span> <span class='ocrx_word' id='word_1_713' title='bbox 3161 4560 3180 4599; x_wconf 89' lang='lat'><strong><em>:</em></strong></span> <span class='ocrx_word' id='word_1_714' title='bbox 3210 4553 3260 4599; x_wconf 89' lang='lat' dir='ltr'><strong>et</strong></span> <span class='ocrx_word' id='word_1_715' title='bbox 3307 4544 3531 4611; x_wconf 86' lang='lat' dir='ltr'><strong>deinde,</strong></span> <span class='ocrx_word' id='word_1_716' title='bbox 3564 4547 3810 4602; x_wconf 85' lang='lat' dir='ltr'><strong>descende</strong></span> 
     </span>
    </p>
   </div>
   <div class='ocr_carea' id='block_1_89' title="bbox 501 4632 3803 4708">
    <p class='ocr_par' dir='ltr' id='par_1_89' title="bbox 501 4632 3803 4708">
     <span class='ocr_line' id='line_1_89' title="bbox 501 4632 3803 4708; baseline 0 -16"><span class='ocrx_word' id='word_1_717' title='bbox 501 4633 627 4692; x_wconf 81' lang='lat' dir='ltr'><strong>aliis</strong></span> <span class='ocrx_word' id='word_1_718' title='bbox 666 4632 845 4689; x_wconf 85' lang='lat' dir='ltr'><strong>verbis</strong></span> <span class='ocrx_word' id='word_1_719' title='bbox 875 4632 1150 4704; x_wconf 86' lang='lat' dir='ltr'><strong>signiticet</strong></span> <span class='ocrx_word' id='word_1_720' title='bbox 1172 4635 1531 4703; x_wconf 87' lang='lat' dir='ltr'><strong>insepultum,</strong></span> <span class='ocrx_word' id='word_1_721' title='bbox 1567 4633 1669 4690; x_wconf 89' lang='lat' dir='ltr'><strong>hoc</strong></span> <span class='ocrx_word' id='word_1_722' title='bbox 1691 4642 1800 4700; x_wconf 89' lang='lat' dir='ltr'><strong>est,</strong></span> <span class='ocrx_word' id='word_1_723' title='bbox 1829 4649 1858 4688; x_wconf 90' lang='lat' dir='ltr'><strong>a</strong></span> <span class='ocrx_word' id='word_1_724' title='bbox 1883 4634 2097 4700; x_wconf 88' lang='lat' dir='ltr'><strong>bestiis,</strong></span> <span class='ocrx_word' id='word_1_725' title='bbox 2129 4642 2184 4702; x_wconf 86' lang='lat'><strong>1)</strong></span> <span class='ocrx_word' id='word_1_726' title='bbox 2208 4637 2263 4691; x_wconf 88' lang='lat' dir='ltr'><strong>in</strong></span> <span class='ocrx_word' id='word_1_727' title='bbox 2288 4637 2499 4691; x_wconf 88' lang='lat' dir='ltr'><strong>domum</strong></span> <span class='ocrx_word' id='word_1_728' title='bbox 2526 4636 2663 4708; x_wconf 84' lang='lat' dir='ltr'><strong>regis</strong></span> <span class='ocrx_word' id='word_1_729' title='bbox 2691 4634 2838 4690; x_wconf 77' lang='lat' dir='ltr'><strong>Iuda</strong></span> <span class='ocrx_word' id='word_1_730' title='bbox 2859 4652 2878 4691; x_wconf 86' lang='lat'><strong><em>:</em></strong></span> <span class='ocrx_word' id='word_1_731' title='bbox 2903 4635 3101 4691; x_wconf 81' lang='lat' dir='ltr'><strong>iterant</strong></span> <span class='ocrx_word' id='word_1_732' title='bbox 3125 4653 3138 4690; x_wconf 86' lang='lat'><strong>:</strong></span> <span class='ocrx_word' id='word_1_733' title='bbox 3163 4636 3271 4692; x_wconf 66' lang='lat' dir='ltr'><strong>haec</strong></span> <span class='ocrx_word' id='word_1_734' title='bbox 3291 4638 3416 4691; x_wconf 83' lang='lat' dir='ltr'><strong>dicit</strong></span> <span class='ocrx_word' id='word_1_735' title='bbox 3442 4635 3702 4694; x_wconf 86' lang='lat' dir='ltr'><strong>Dominus</strong></span> <span class='ocrx_word' id='word_1_736' title='bbox 3720 4657 3803 4696; x_wconf 88' lang='lat' dir='ltr'><strong>su-</strong></span> 
     </span>
    </p>
   </div>
   <div class='ocr_carea' id='block_1_90' title="bbox 502 4725 2103 4799">
    <p class='ocr_par' dir='ltr' id='par_1_90' title="bbox 502 4725 2103 4799">
     <span class='ocr_line' id='line_1_90' title="bbox 502 4725 2103 4799; baseline -0.003 -14"><span class='ocrx_word' id='word_1_737' title='bbox 502 4729 808 4799; x_wconf 87' lang='lat' dir='ltr'><strong>avibusque</strong></span> <span class='ocrx_word' id='word_1_738' title='bbox 858 4725 1228 4784; x_wconf 88' lang='lat' dir='ltr'><strong>lacerandum.</strong></span> <span class='ocrx_word' id='word_1_739' title='bbox 1280 4726 1410 4784; x_wconf 53' lang='lat' dir='ltr'><strong>Haec</strong></span> <span class='ocrx_word' id='word_1_740' title='bbox 1436 4738 1520 4784; x_wconf 88' lang='lat' dir='ltr'><strong>est</strong></span> <span class='ocrx_word' id='word_1_741' title='bbox 1567 4727 1716 4784; x_wconf 90' lang='lat' dir='ltr'><strong>enim</strong></span> <span class='ocrx_word' id='word_1_742' title='bbox 1744 4727 1883 4782; x_wconf 87' lang='lat' dir='ltr'><strong>asini</strong></span> <span class='ocrx_word' id='word_1_743' title='bbox 1919 4726 2103 4798; x_wconf 75' lang='lat' dir='ltr'><strong>sepul-</strong></span> 
     </span>
    </p>
   </div>
   <div class='ocr_carea' id='block_1_91' title="bbox 506 4831 655 4880">
    <p class='ocr_par' dir='ltr' id='par_1_91' title="bbox 506 4831 655 4880">
     <span class='ocr_line' id='line_1_91' title="bbox 506 4831 655 4880; baseline 0 -2"><span class='ocrx_word' id='word_1_744' title='bbox 506 4831 655 4880; x_wconf 87' lang='lat' dir='ltr'><strong>tura.</strong></span> 
     </span>
    </p>
   </div>
   <div class='ocr_carea' id='block_1_92' title="bbox 580 4917 2106 4990">
    <p class='ocr_par' dir='ltr' id='par_1_92' title="bbox 580 4917 2106 4990">
     <span class='ocr_line' id='line_1_92' title="bbox 580 4917 2106 4990; baseline 0 -16"><span class='ocrx_word' id='word_1_745' title='bbox 580 4918 772 4989; x_wconf 74' lang='lat' dir='ltr'><strong>(Vers.</strong></span> <span class='ocrx_word' id='word_1_746' title='bbox 802 4918 876 4974; x_wconf 63' lang='grc' dir='ltr'><strong>(ιο</strong></span> <span class='ocrx_word' id='word_1_747' title='bbox 898 4917 1095 4990; x_wconf 89' lang='lat' dir='ltr'><strong>seqq.)</strong></span> <span class='ocrx_word' id='word_1_748' title='bbox 1132 4919 1367 4974; x_wconf 82' lang='lat' dir='ltr'><strong>Ascende</strong></span> <span class='ocrx_word' id='word_1_749' title='bbox 1405 4919 1686 4988; x_wconf 87' lang='lat' dir='ltr'><strong>Libanum,</strong></span> <span class='ocrx_word' id='word_1_750' title='bbox 1735 4931 1782 4976; x_wconf 89' lang='lat' dir='ltr'><strong>et</strong></span> <span class='ocrx_word' id='word_1_751' title='bbox 1834 4921 2026 4988; x_wconf 88' lang='lat' dir='ltr'><strong>clama,</strong></span> <span class='ocrx_word' id='word_1_752' title='bbox 2060 4929 2106 4975; x_wconf 91' lang='lat' dir='ltr'><strong>et</strong></span> 
     </span>
    </p>
   </div>
   <div class='ocr_carea' id='block_1_93' title="bbox 495 5010 2108 5085">
    <p class='ocr_par' dir='ltr' id='par_1_93' title="bbox 495 5010 2108 5085">
     <span class='ocr_line' id='line_1_93' title="bbox 495 5010 2108 5085; baseline 0.003 -19"><span class='ocrx_word' id='word_1_753' title='bbox 495 5014 558 5067; x_wconf 75' lang='lat' dir='ltr'><strong>in</strong></span> <span class='ocrx_word' id='word_1_754' title='bbox 584 5010 758 5067; x_wconf 85' lang='lat' dir='ltr'><strong>Busan</strong></span> <span class='ocrx_word' id='word_1_755' title='bbox 782 5013 850 5066; x_wconf 91' lang='lat' dir='ltr'><strong>da</strong></span> <span class='ocrx_word' id='word_1_756' title='bbox 871 5027 1044 5065; x_wconf 80' lang='lat' dir='ltr'><strong>vocem</strong></span> <span class='ocrx_word' id='word_1_757' title='bbox 1064 5020 1226 5070; x_wconf 86' lang='lat' dir='ltr'><strong>tuam.</strong></span> <span class='ocrx_word' id='word_1_758' title='bbox 1255 5021 1302 5066; x_wconf 89' lang='lat' dir='ltr'><strong>et</strong></span> <span class='ocrx_word' id='word_1_759' title='bbox 1330 5013 1499 5068; x_wconf 89' lang='lat' dir='ltr'><strong>clama</strong></span> <span class='ocrx_word' id='word_1_760' title='bbox 1520 5014 1589 5068; x_wconf 90' lang='lat' dir='ltr'><strong>ad</strong></span> <span class='ocrx_word' id='word_1_761' title='bbox 1613 5023 1961 5081; x_wconf 85' lang='lat' dir='ltr'><strong>transeuntes,</strong></span> <span class='ocrx_word' id='word_1_762' title='bbox 1982 5017 2108 5085; x_wconf 83' lang='lat' dir='ltr'><strong>quia</strong></span> 
     </span>
    </p>
   </div>
   <div class='ocr_carea' id='block_1_94' title="bbox 499 5105 2106 5163">
    <p class='ocr_par' dir='ltr' id='par_1_94' title="bbox 499 5105 2106 5163">
     <span class='ocr_line' id='line_1_94' title="bbox 499 5105 2106 5163; baseline 0.002 -4"><span class='ocrx_word' id='word_1_763' title='bbox 499 5105 711 5160; x_wconf 86' lang='lat' dir='ltr'><strong>contriti</strong></span> <span class='ocrx_word' id='word_1_764' title='bbox 740 5113 861 5159; x_wconf 88' lang='lat' dir='ltr'><strong>sunt</strong></span> <span class='ocrx_word' id='word_1_765' title='bbox 892 5120 1068 5158; x_wconf 87' lang='lat' dir='ltr'><strong>ontnes</strong></span> <span class='ocrx_word' id='word_1_766' title='bbox 1098 5115 1356 5159; x_wconf 87' lang='lat' dir='ltr'><strong>amatores</strong></span> <span class='ocrx_word' id='word_1_767' title='bbox 1395 5107 1495 5160; x_wconf 88' lang='lat' dir='ltr'><strong>tui.</strong></span> <span class='ocrx_word' id='word_1_768' title='bbox 1530 5105 1764 5162; x_wconf 84' lang='lat' dir='ltr'><strong>Locutus</strong></span> <span class='ocrx_word' id='word_1_769' title='bbox 1794 5125 1912 5162; x_wconf 87' lang='lat' dir='ltr'><strong>sum</strong></span> <span class='ocrx_word' id='word_1_770' title='bbox 1951 5109 2021 5163; x_wconf 91' lang='lat' dir='ltr'><strong>ad</strong></span> <span class='ocrx_word' id='word_1_771' title='bbox 2057 5119 2106 5163; x_wconf 89' lang='lat' dir='ltr'><strong>te</strong></span> 
     </span>
    </p>
   </div>
   <div class='ocr_carea' id='block_1_95' title="bbox 495 5197 2103 5266">
    <p class='ocr_par' dir='ltr' id='par_1_95' title="bbox 495 5197 2103 5266">
     <span class='ocr_line' id='line_1_95' title="bbox 495 5197 2103 5266; baseline 0.003 -14"><span class='ocrx_word' id='word_1_772' title='bbox 495 5201 554 5253; x_wconf 83' lang='lat' dir='ltr'><strong>in</strong></span> <span class='ocrx_word' id='word_1_773' title='bbox 583 5197 904 5255; x_wconf 84' lang='lat' dir='ltr'><strong>abundantia</strong></span> <span class='ocrx_word' id='word_1_774' title='bbox 932 5207 1044 5266; x_wconf 89' lang='lat' dir='ltr'><strong>tua,</strong></span> <span class='ocrx_word' id='word_1_775' title='bbox 1097 5197 1281 5253; x_wconf 68' lang='lat' dir='ltr'><strong>dixisti</strong></span> <span class='ocrx_word' id='word_1_776' title='bbox 1301 5213 1320 5252; x_wconf 89' lang='lat'><strong><em>:</em></strong></span> <span class='ocrx_word' id='word_1_777' title='bbox 1340 5214 1444 5254; x_wconf 87' lang='lat' dir='ltr'><strong>non</strong></span> <span class='ocrx_word' id='word_1_778' title='bbox 1473 5200 1709 5253; x_wconf 87' lang='lat' dir='ltr'><strong>audiant.</strong></span> <span class='ocrx_word' id='word_1_779' title='bbox 1759 5199 1888 5255; x_wconf 77' lang='lat' dir='ltr'><strong>Iltec</strong></span> <span class='ocrx_word' id='word_1_780' title='bbox 1918 5211 1992 5257; x_wconf 89' lang='lat' dir='ltr'><strong>est</strong></span> <span class='ocrx_word' id='word_1_781' title='bbox 2021 5204 2103 5257; x_wconf 79' lang='lat' dir='ltr'><strong>via</strong></span> 
     </span>
    </p>
   </div>
   <div class='ocr_carea' id='block_1_96' title="bbox 575 5357 2086 5432">
    <p class='ocr_par' dir='ltr' id='par_1_96' title="bbox 575 5357 2086 5432">
     <span class='ocr_line' id='line_1_96' title="bbox 575 5357 2086 5432; baseline 0.004 -21"><span class='ocrx_word' id='word_1_782' title='bbox 575 5367 601 5394; x_wconf 75' lang='grc' dir='ltr'><strong>ι</strong></span> <span class='ocrx_word' id='word_1_783' title='bbox 643 5358 963 5412; x_wconf 74' lang='lat' dir='ltr'><strong>Amavimus</strong></span> <span class='ocrx_word' id='word_1_784' title='bbox 1004 5357 1145 5432; x_wconf 88' lang='lat' dir='ltr'><strong>_hinc</strong></span> <span class='ocrx_word' id='word_1_785' title='bbox 1181 5357 1404 5412; x_wconf 85' lang='lat' dir='ltr'><strong>verbum</strong></span> <span class='ocrx_word' id='word_1_786' title='bbox 1451 5357 1692 5432; x_wconf 70' lang='lat' dir='ltr'><strong>solvitur.</strong></span> <span class='ocrx_word' id='word_1_787' title='bbox 1720 5361 1866 5430; x_wconf 90' lang='lat' dir='ltr'><strong>quod</strong></span> <span class='ocrx_word' id='word_1_788' title='bbox 1895 5378 2086 5432; x_wconf 86' lang='lat' dir='ltr'><strong>super-</strong></span> 
     </span>
    </p>
   </div>
   <div class='ocr_carea' id='block_1_97' title="bbox 498 5427 1882 5502">
    <p class='ocr_par' dir='ltr' id='par_1_97' title="bbox 498 5427 1882 5502">
     <span class='ocr_line' id='line_1_97' title="bbox 498 5427 1882 5502; baseline 0.003 -19"><span class='ocrx_word' id='word_1_789' title='bbox 498 5427 668 5502; x_wconf 79' lang='lat' dir='ltr'><strong>ﬂuum</strong></span> <span class='ocrx_word' id='word_1_790' title='bbox 700 5437 838 5502; x_wconf 74' lang='lat' dir='ltr'><strong>erat,</strong></span> <span class='ocrx_word' id='word_1_791' title='bbox 869 5443 970 5484; x_wconf 90' lang='lat' dir='ltr'><strong>nec</strong></span> <span class='ocrx_word' id='word_1_792' title='bbox 1002 5430 1170 5502; x_wconf 61' lang='lat' dir='ltr'><strong>Vatic.</strong></span> <span class='ocrx_word' id='word_1_793' title='bbox 1202 5445 1304 5502; x_wconf 81' lang='lat' dir='ltr'><strong>ms.</strong></span> <span class='ocrx_word' id='word_1_794' title='bbox 1333 5439 1425 5482; x_wconf 90' lang='lat' dir='ltr'><strong>aut</strong></span> <span class='ocrx_word' id='word_1_795' title='bbox 1456 5427 1713 5502; x_wconf 63' lang='lat' dir='ltr'><strong>Rabanus</strong></span> <span class='ocrx_word' id='word_1_796' title='bbox 1737 5427 1882 5502; x_wconf 83' lang='lat' dir='ltr'><strong>legit.</strong></span> 
     </span>
    </p>
   </div>
   <div class='ocr_carea' id='block_1_98' title="bbox 571 5499 2096 5573">
    <p class='ocr_par' dir='ltr' id='par_1_98' title="bbox 571 5499 2096 5573">
     <span class='ocr_line' id='line_1_98' title="bbox 571 5499 2096 5573; baseline 0.004 -21"><span class='ocrx_word' id='word_1_797' title='bbox 571 5499 600 5537; x_wconf 73' lang='grc' dir='ltr'>ι)</span> <span class='ocrx_word' id='word_1_798' title='bbox 626 5500 678 5552; x_wconf 87' lang='grc' dir='ltr'>Ιιι</span> <span class='ocrx_word' id='word_1_799' title='bbox 706 5500 920 5573; x_wconf 72' lang='lat' dir='ltr'><strong>duobus</strong></span> <span class='ocrx_word' id='word_1_800' title='bbox 949 5499 1379 5555; x_wconf 81' lang='lat' dir='ltr'><strong>tttss.Jechonias</strong></span> <span class='ocrx_word' id='word_1_801' title='bbox 1400 5500 1679 5573; x_wconf 42' lang='lat' dir='ltr'><strong>scribitur:</strong></span> <span class='ocrx_word' id='word_1_802' title='bbox 1706 5499 1849 5570; x_wconf 82' lang='lat' dir='ltr'><strong>quod</strong></span> <span class='ocrx_word' id='word_1_803' title='bbox 1873 5514 1932 5559; x_wconf 89' lang='lat' dir='ltr'><strong>et</strong></span> <span class='ocrx_word' id='word_1_804' title='bbox 1955 5519 2096 5573; x_wconf 78' lang='lat' dir='ltr'><strong>prte-</strong></span> 
     </span>
    </p>
   </div>
   <div class='ocr_carea' id='block_1_99' title="bbox 493 5567 2096 5644">
    <p class='ocr_par' dir='ltr' id='par_1_99' title="bbox 493 5567 2096 5644">
     <span class='ocr_line' id='line_1_99' title="bbox 493 5567 2096 5644; baseline 0.004 -20"><span class='ocrx_word' id='word_1_805' title='bbox 493 5567 684 5626; x_wconf 78' lang='lat' dir='ltr'><strong>ferunt</strong></span> <span class='ocrx_word' id='word_1_806' title='bbox 709 5570 893 5644; x_wconf 73' lang='lat' dir='ltr'><strong>thtmi</strong></span> <span class='ocrx_word' id='word_1_807' title='bbox 921 5573 1193 5644; x_wconf 80' lang='lat' dir='ltr'><strong>plerique</strong></span> <span class='ocrx_word' id='word_1_808' title='bbox 1216 5573 1363 5627; x_wconf 82' lang='lat' dir='ltr'><strong>libri.</strong></span> <span class='ocrx_word' id='word_1_809' title='bbox 1395 5571 1609 5644; x_wconf 69' lang='lat' dir='ltr'><strong>Verum</strong></span> <span class='ocrx_word' id='word_1_810' title='bbox 1633 5567 1859 5628; x_wconf 81' lang='lat' dir='ltr'><strong>Citonias</strong></span> <span class='ocrx_word' id='word_1_811' title='bbox 1893 5567 1980 5630; x_wconf 82' lang='lat' dir='ltr'><strong>hic</strong></span> <span class='ocrx_word' id='word_1_812' title='bbox 2018 5575 2096 5630; x_wconf 89' lang='lat' dir='ltr'><strong>le-</strong></span> 
     </span>
    </p>
   </div>
   <div class='ocr_carea' id='block_1_100' title="bbox 495 5643 2094 5714">
    <p class='ocr_par' dir='ltr' id='par_1_100' title="bbox 495 5643 2094 5714">
     <span class='ocr_line' id='line_1_100' title="bbox 495 5643 2094 5714; baseline 0.004 -19"><span class='ocrx_word' id='word_1_813' title='bbox 495 5647 736 5714; x_wconf 73' lang='lat' dir='ltr'><strong>gendum</strong></span> <span class='ocrx_word' id='word_1_814' title='bbox 771 5643 887 5714; x_wconf 86' lang='lat' dir='ltr'><strong>ipse</strong></span> <span class='ocrx_word' id='word_1_815' title='bbox 927 5643 1345 5710; x_wconf 64' lang='lat' dir='ltr'><strong>pattltrinferitts</strong></span> <span class='ocrx_word' id='word_1_816' title='bbox 1384 5644 1542 5714; x_wconf 85' lang='lat' dir='ltr'><strong>jubet</strong></span> <span class='ocrx_word' id='word_1_817' title='bbox 1572 5643 1964 5714; x_wconf 83' lang='lat' dir='ltr'><strong>Hieronymus,</strong></span> <span class='ocrx_word' id='word_1_818' title='bbox 2005 5645 2094 5701; x_wconf 83' lang='lat' dir='ltr'><strong>Je-</strong></span> 
     </span>
    </p>
   </div>
   <div class='ocr_carea' id='block_1_101' title="bbox 501 5712 2093 5788">
    <p class='ocr_par' dir='ltr' id='par_1_101' title="bbox 501 5712 2093 5788">
     <span class='ocr_line' id='line_1_101' title="bbox 501 5712 2093 5788; baseline 0.007 -26"><span class='ocrx_word' id='word_1_819' title='bbox 501 5712 734 5788; x_wconf 68' lang='lat' dir='ltr'><strong>c/touias,</strong></span> <span class='ocrx_word' id='word_1_820' title='bbox 773 5712 969 5788; x_wconf 78' lang='lat' dir='ltr'><strong>inquit,</strong></span> <span class='ocrx_word' id='word_1_821' title='bbox 993 5715 1363 5788; x_wconf 82' lang='lat' dir='ltr'><strong>interpretatur</strong></span> <span class='ocrx_word' id='word_1_822' title='bbox 1387 5712 1608 5788; x_wconf 80' lang='lat' dir='ltr'><strong>Domini</strong></span> <span class='ocrx_word' id='word_1_823' title='bbox 1630 5712 1964 5788; x_wconf 62' lang='lat' dir='ltr'><strong>praeparatio.</strong></span> <span class='ocrx_word' id='word_1_824' title='bbox 1995 5716 2093 5773; x_wconf 85' lang='lat' dir='ltr'><strong>Cui</strong></span> 
     </span>
    </p>
   </div>
   <div class='ocr_carea' id='block_1_102' title="bbox 493 5783 2090 5856">
    <p class='ocr_par' dir='ltr' id='par_1_102' title="bbox 493 5783 2090 5856">
     <span class='ocr_line' id='line_1_102' title="bbox 493 5783 2090 5856; baseline 0.005 -20"><span class='ocrx_word' id='word_1_825' title='bbox 493 5783 551 5837; x_wconf 85' lang='lat' dir='ltr'><strong>in</strong></span> <span class='ocrx_word' id='word_1_826' title='bbox 582 5787 820 5849; x_wconf 75' lang='lat' dir='ltr'><strong>prtesenti</strong></span> <span class='ocrx_word' id='word_1_827' title='bbox 841 5783 958 5856; x_wconf 87' lang='lat' dir='ltr'><strong>loco</strong></span> <span class='ocrx_word' id='word_1_828' title='bbox 983 5783 1152 5856; x_wconf 77' lang='lat' dir='ltr'><strong>prima</strong></span> <span class='ocrx_word' id='word_1_829' title='bbox 1177 5786 1400 5856; x_wconf 81' lang='lat' dir='ltr'><strong>syllaba,</strong></span> <span class='ocrx_word' id='word_1_830' title='bbox 1437 5786 1494 5842; x_wconf 90' lang='lat' dir='ltr'><strong>id</strong></span> <span class='ocrx_word' id='word_1_831' title='bbox 1523 5783 1865 5852; x_wconf 52' lang='lat' dir='ltr'><strong>est,&#39;Domini</strong></span> <span class='ocrx_word' id='word_1_832' title='bbox 1905 5805 2090 5845; x_wconf 87' lang='lat' dir='ltr'><strong>nomen</strong></span> 
     </span>
    </p>
   </div>
   <div class='ocr_carea' id='block_1_103' title="bbox 493 5855 2094 5929">
    <p class='ocr_par' dir='ltr' id='par_1_103' title="bbox 493 5855 2094 5929">
     <span class='ocr_line' id='line_1_103' title="bbox 493 5855 2094 5929; baseline 0.006 -23"><span class='ocrx_word' id='word_1_833' title='bbox 493 5856 747 5927; x_wconf 71' lang='lat' dir='ltr'><strong>aufertur,</strong></span> <span class='ocrx_word' id='word_1_834' title='bbox 783 5867 828 5909; x_wconf 86' lang='lat' dir='ltr'><strong>et</strong></span> <span class='ocrx_word' id='word_1_835' title='bbox 858 5855 1050 5908; x_wconf 86' lang='lat' dir='ltr'><strong>dicitur</strong></span> <span class='ocrx_word' id='word_1_836' title='bbox 1081 5855 1327 5926; x_wconf 82' lang='lat' dir='ltr'><strong>Chonias,</strong></span> <span class='ocrx_word' id='word_1_837' title='bbox 1353 5855 1406 5914; x_wconf 91' lang='lat' dir='ltr'><strong>ut</strong></span> <span class='ocrx_word' id='word_1_838' title='bbox 1431 5858 1778 5914; x_wconf 84' lang='lat' dir='ltr'><strong>subaudiatur</strong></span> <span class='ocrx_word' id='word_1_839' title='bbox 1811 5861 2094 5929; x_wconf 84' lang='lat' dir='ltr'><strong>perditioni</strong></span> 
     </span>
    </p>
   </div>
   <div class='ocr_carea' id='block_1_104' title="bbox 2209 4727 3809 4804">
    <p class='ocr_par' dir='ltr' id='par_1_104' title="bbox 2209 4727 3809 4804">
     <span class='ocr_line' id='line_1_104' title="bbox 2209 4727 3809 4804; baseline 0.003 -21"><span class='ocrx_word' id='word_1_840' title='bbox 2209 4745 2300 4801; x_wconf 90' lang='lat' dir='ltr'><strong>per</strong></span> <span class='ocrx_word' id='word_1_841' title='bbox 2330 4729 2541 4784; x_wconf 88' lang='lat' dir='ltr'><strong>domum</strong></span> <span class='ocrx_word' id='word_1_842' title='bbox 2571 4730 2708 4800; x_wconf 83' lang='lat' dir='ltr'><strong>regis</strong></span> <span class='ocrx_word' id='word_1_843' title='bbox 2737 4727 2904 4796; x_wconf 71' lang='lat' dir='ltr'><strong>Iuda,</strong></span> <span class='ocrx_word' id='word_1_844' title='bbox 2937 4737 2994 4784; x_wconf 82' lang='lat' dir='ltr'><strong>et</strong></span> <span class='ocrx_word' id='word_1_845' title='bbox 3025 4739 3359 4802; x_wconf 64' lang='lat' dir='ltr'><strong>praepostero</strong></span> <span class='ocrx_word' id='word_1_846' title='bbox 3389 4730 3588 4788; x_wconf 85' lang='lat' dir='ltr'><strong>ordine</strong></span> <span class='ocrx_word' id='word_1_847' title='bbox 3608 4773 3624 4802; x_wconf 89' lang='lat'><strong>,</strong></span> <span class='ocrx_word' id='word_1_848' title='bbox 3660 4743 3809 4804; x_wconf 82' lang='lat' dir='ltr'><strong>post-</strong></span> 
     </span>
    </p>
   </div>
   <div class='ocr_carea' id='block_1_105' title="bbox 2203 4821 3805 4898">
    <p class='ocr_par' dir='ltr' id='par_1_105' title="bbox 2203 4821 3805 4898">
     <span class='ocr_line' id='line_1_105' title="bbox 2203 4821 3805 4898; baseline 0.002 -21"><span class='ocrx_word' id='word_1_849' title='bbox 2203 4838 2366 4896; x_wconf 87' lang='lat' dir='ltr'><strong>quam</strong></span> <span class='ocrx_word' id='word_1_850' title='bbox 2398 4823 2613 4878; x_wconf 90' lang='lat' dir='ltr'><strong>locutus</strong></span> <span class='ocrx_word' id='word_1_851' title='bbox 2658 4832 2742 4879; x_wconf 90' lang='lat' dir='ltr'><strong>est</strong></span> <span class='ocrx_word' id='word_1_852' title='bbox 2791 4822 2860 4878; x_wconf 90' lang='lat' dir='ltr'><strong>de</strong></span> <span class='ocrx_word' id='word_1_853' title='bbox 2911 4821 3137 4878; x_wconf 89' lang='lat' dir='ltr'><strong>Sedecia</strong></span> <span class='ocrx_word' id='word_1_854' title='bbox 3162 4864 3176 4886; x_wconf 90' lang='lat'><strong>,</strong></span> <span class='ocrx_word' id='word_1_855' title='bbox 3227 4822 3321 4894; x_wconf 90' lang='lat' dir='ltr'><strong>qui</strong></span> <span class='ocrx_word' id='word_1_856' title='bbox 3357 4823 3588 4880; x_wconf 89' lang='lat' dir='ltr'><strong>ultimus</strong></span> <span class='ocrx_word' id='word_1_857' title='bbox 3621 4841 3805 4898; x_wconf 89' lang='lat' dir='ltr'><strong>regum</strong></span> 
     </span>
    </p>
   </div>
   <div class='ocr_carea' id='block_1_106' title="bbox 2207 4915 3802 4990">
    <p class='ocr_par' dir='ltr' id='par_1_106' title="bbox 2207 4915 3802 4990">
     <span class='ocr_line' id='line_1_106' title="bbox 2207 4915 3802 4990; baseline 0.004 -20"><span class='ocrx_word' id='word_1_858' title='bbox 2207 4916 2310 4972; x_wconf 85' lang='lat' dir='ltr'><strong>fuit</strong></span> <span class='ocrx_word' id='word_1_859' title='bbox 2338 4916 2390 4971; x_wconf 91' lang='lat' dir='ltr'><strong>in</strong></span> <span class='ocrx_word' id='word_1_860' title='bbox 2411 4915 2742 4985; x_wconf 82' lang='lat' dir='ltr'><strong>Jerusalem,</strong></span> <span class='ocrx_word' id='word_1_861' title='bbox 2763 4915 3054 4973; x_wconf 85' lang='lat' dir='ltr'><strong>revertitur</strong></span> <span class='ocrx_word' id='word_1_862' title='bbox 3071 4916 3136 4972; x_wconf 88' lang='lat' dir='ltr'><strong>ad</strong></span> <span class='ocrx_word' id='word_1_863' title='bbox 3165 4916 3375 4972; x_wconf 91' lang='lat' dir='ltr'><strong>Joacim</strong></span> <span class='ocrx_word' id='word_1_864' title='bbox 3406 4919 3638 4976; x_wconf 85' lang='lat' dir='ltr'><strong>fratrem</strong></span> <span class='ocrx_word' id='word_1_865' title='bbox 3667 4921 3802 4990; x_wconf 85' lang='lat' dir='ltr'><strong>ejus,</strong></span> 
     </span>
    </p>
   </div>
   <div class='ocr_carea' id='block_1_107' title="bbox 2208 5009 3804 5084">
    <p class='ocr_par' dir='ltr' id='par_1_107' title="bbox 2208 5009 3804 5084">
     <span class='ocr_line' id='line_1_107' title="bbox 2208 5009 3804 5084; baseline 0.002 -19"><span class='ocrx_word' id='word_1_866' title='bbox 2208 5012 2296 5084; x_wconf 90' lang='lat' dir='ltr'><strong>qui</strong></span> <span class='ocrx_word' id='word_1_867' title='bbox 2329 5021 2454 5066; x_wconf 90' lang='lat' dir='ltr'><strong>ante</strong></span> <span class='ocrx_word' id='word_1_868' title='bbox 2481 5026 2606 5067; x_wconf 93' lang='lat' dir='ltr'><strong>cum</strong></span> <span class='ocrx_word' id='word_1_869' title='bbox 2639 5011 2908 5080; x_wconf 86' lang='lat' dir='ltr'><strong>regnavit.</strong></span> <span class='ocrx_word' id='word_1_870' title='bbox 2941 5009 3061 5078; x_wconf 89' lang='lat' dir='ltr'><strong>Qua</strong></span> <span class='ocrx_word' id='word_1_871' title='bbox 3088 5009 3474 5068; x_wconf 88' lang='lat' dir='ltr'><strong>vaticinatione</strong></span> <span class='ocrx_word' id='word_1_872' title='bbox 3512 5014 3804 5083; x_wconf 85' lang='lat' dir='ltr'><strong>completa,</strong></span> 
     </span>
    </p>
   </div>
   <div class='ocr_carea' id='block_1_108' title="bbox 2208 5104 3807 5176">
    <p class='ocr_par' dir='ltr' id='par_1_108' title="bbox 2208 5104 3807 5176">
     <span class='ocr_line' id='line_1_108' title="bbox 2208 5104 3807 5176; baseline 0.001 -14"><span class='ocrx_word' id='word_1_873' title='bbox 2208 5121 2351 5162; x_wconf 85' lang='lat' dir='ltr'><strong>nunc</strong></span> <span class='ocrx_word' id='word_1_874' title='bbox 2382 5105 2624 5176; x_wconf 88' lang='lat' dir='ltr'><strong>loquitur</strong></span> <span class='ocrx_word' id='word_1_875' title='bbox 2648 5107 2715 5161; x_wconf 90' lang='lat' dir='ltr'><strong>ad</strong></span> <span class='ocrx_word' id='word_1_876' title='bbox 2749 5107 2918 5160; x_wconf 83' lang='lat' dir='ltr'><strong>filium</strong></span> <span class='ocrx_word' id='word_1_877' title='bbox 2951 5104 3183 5172; x_wconf 88' lang='lat' dir='ltr'><strong>Joacim,</strong></span> <span class='ocrx_word' id='word_1_878' title='bbox 3219 5115 3476 5175; x_wconf 90' lang='lat' dir='ltr'><strong>nepotem</strong></span> <span class='ocrx_word' id='word_1_879' title='bbox 3509 5106 3700 5174; x_wconf 70' lang='lat' dir='ltr'><strong>Josite,</strong></span> <span class='ocrx_word' id='word_1_880' title='bbox 3725 5123 3807 5163; x_wconf 89' lang='lat' dir='ltr'><strong>re-</strong></span> 
     </span>
    </p>
   </div>
   <div class='ocr_carea' id='block_1_109' title="bbox 2208 5197 3811 5271">
    <p class='ocr_par' dir='ltr' id='par_1_109' title="bbox 2208 5197 3811 5271">
     <span class='ocr_line' id='line_1_109' title="bbox 2208 5197 3811 5271; baseline -0.001 -15"><span class='ocrx_word' id='word_1_881' title='bbox 2208 5215 2330 5271; x_wconf 84' lang='lat' dir='ltr'><strong>gem</strong></span> <span class='ocrx_word' id='word_1_882' title='bbox 2363 5197 2673 5256; x_wconf 85' lang='lat' dir='ltr'><strong>Jerusalem</strong></span> <span class='ocrx_word' id='word_1_883' title='bbox 2704 5198 3052 5267; x_wconf 88' lang='lat' dir='ltr'><strong>Jecboniam,</strong></span> <span class='ocrx_word' id='word_1_884' title='bbox 3100 5197 3191 5270; x_wconf 90' lang='lat' dir='ltr'><strong>qui</strong></span> <span class='ocrx_word' id='word_1_885' title='bbox 3221 5209 3276 5255; x_wconf 88' lang='lat' dir='ltr'><strong>et</strong></span> <span class='ocrx_word' id='word_1_886' title='bbox 3317 5198 3426 5256; x_wconf 89' lang='lat' dir='ltr'><strong>alio</strong></span> <span class='ocrx_word' id='word_1_887' title='bbox 3455 5199 3682 5258; x_wconf 87' lang='lat' dir='ltr'><strong>nomine</strong></span> <span class='ocrx_word' id='word_1_888' title='bbox 3717 5215 3811 5271; x_wconf 86' lang='lat' dir='ltr'><strong>ap-</strong></span> 
     </span>
    </p>
   </div>
   <div class='ocr_carea' id='block_1_110' title="bbox 2197 5360 2887 5432">
    <p class='ocr_par' dir='ltr' id='par_1_110' title="bbox 2197 5360 2887 5432">
     <span class='ocr_line' id='line_1_110' title="bbox 2197 5360 2887 5432; baseline 0 -18"><span class='ocrx_word' id='word_1_889' title='bbox 2197 5371 2242 5414; x_wconf 89' lang='lat' dir='ltr'><strong>et</strong></span> <span class='ocrx_word' id='word_1_890' title='bbox 2268 5360 2504 5414; x_wconf 76' lang='lat' dir='ltr'><strong>iuteritui</strong></span> <span class='ocrx_word' id='word_1_891' title='bbox 2537 5370 2887 5432; x_wconf 79' lang='lat' dir='ltr'><strong>praeparatus.</strong></span> 
     </span>
    </p>
   </div>
   <div class='ocr_carea' id='block_1_111' title="bbox 2281 5429 3804 5503">
    <p class='ocr_par' dir='ltr' id='par_1_111' title="bbox 2281 5429 3804 5503">
     <span class='ocr_line' id='line_1_111' title="bbox 2281 5429 3804 5503; baseline 0.003 -18"><span class='ocrx_word' id='word_1_892' title='bbox 2281 5443 2304 5470; x_wconf 74' lang='grc' dir='ltr'>ο</span> <span class='ocrx_word' id='word_1_893' title='bbox 2347 5434 2517 5486; x_wconf 86' lang='lat' dir='ltr'><strong>Antea</strong></span> <span class='ocrx_word' id='word_1_894' title='bbox 2551 5429 2666 5487; x_wconf 75' lang='lat' dir='ltr'><strong>erat</strong></span> <span class='ocrx_word' id='word_1_895' title='bbox 2699 5433 2849 5499; x_wconf 84' lang='lat' dir='ltr'><strong>gravi</strong></span> <span class='ocrx_word' id='word_1_896' title='bbox 2881 5429 3080 5486; x_wconf 87' lang='lat' dir='ltr'><strong>mentio</strong></span> <span class='ocrx_word' id='word_1_897' title='bbox 3105 5432 3216 5487; x_wconf 81' lang='lat' dir='ltr'><strong>sine</strong></span> <span class='ocrx_word' id='word_1_898' title='bbox 3245 5441 3315 5493; x_wconf 87' lang='lat' dir='ltr'><strong>te.</strong></span> <span class='ocrx_word' id='word_1_899' title='bbox 3339 5433 3484 5503; x_wconf 89' lang='lat' dir='ltr'><strong>quod</strong></span> <span class='ocrx_word' id='word_1_900' title='bbox 3516 5443 3571 5489; x_wconf 90' lang='lat' dir='ltr'><strong>et</strong></span> <span class='ocrx_word' id='word_1_901' title='bbox 3619 5433 3804 5490; x_wconf 87' lang='lat' dir='ltr'><strong>Italico</strong></span> 
     </span>
    </p>
   </div>
   <div class='ocr_carea' id='block_1_112' title="bbox 2203 5501 3810 5577">
    <p class='ocr_par' dir='ltr' id='par_1_112' title="bbox 2203 5501 3810 5577">
     <span class='ocr_line' id='line_1_112' title="bbox 2203 5501 3810 5577; baseline 0.001 -19"><span class='ocrx_word' id='word_1_902' title='bbox 2203 5501 2526 5577; x_wconf 66' lang='lat' dir='ltr'><strong>charactere</strong></span> <span class='ocrx_word' id='word_1_903' title='bbox 2566 5503 3008 5562; x_wconf 53' lang='lat' dir='ltr'><strong>describebatur.</strong></span> <span class='ocrx_word' id='word_1_904' title='bbox 3069 5519 3138 5558; x_wconf 91' lang='lat' dir='ltr'><strong>ne</strong></span> <span class='ocrx_word' id='word_1_905' title='bbox 3181 5501 3398 5574; x_wconf 84' lang='lat' dir='ltr'><strong>putares</strong></span> <span class='ocrx_word' id='word_1_906' title='bbox 3447 5508 3810 5577; x_wconf 73' lang='lat' dir='ltr'><strong>typographu-</strong></span> 
     </span>
    </p>
   </div>
   <div class='ocr_carea' id='block_1_113' title="bbox 2202 5574 3803 5645">
    <p class='ocr_par' dir='ltr' id='par_1_113' title="bbox 2202 5574 3803 5645">
     <span class='ocr_line' id='line_1_113' title="bbox 2202 5574 3803 5645; baseline 0.004 -17"><span class='ocrx_word' id='word_1_907' title='bbox 2202 5591 2322 5630; x_wconf 91' lang='lat' dir='ltr'><strong>rum</strong></span> <span class='ocrx_word' id='word_1_908' title='bbox 2357 5574 2525 5628; x_wconf 81' lang='lat' dir='ltr'><strong>luisse</strong></span> <span class='ocrx_word' id='word_1_909' title='bbox 2555 5590 2821 5639; x_wconf 87' lang='lat' dir='ltr'><strong>errorem,</strong></span> <span class='ocrx_word' id='word_1_910' title='bbox 2856 5577 2968 5631; x_wconf 88' lang='lat' dir='ltr'><strong>sine</strong></span> <span class='ocrx_word' id='word_1_911' title='bbox 3012 5577 3334 5642; x_wconf 87' lang='lat' dir='ltr'><strong>ponentium</strong></span> <span class='ocrx_word' id='word_1_912' title='bbox 3385 5574 3484 5645; x_wconf 83' lang='lat' dir='ltr'><strong>pro</strong></span> <span class='ocrx_word' id='word_1_913' title='bbox 3512 5574 3652 5633; x_wconf 65' lang='lat' dir='ltr'><strong>sive.</strong></span> <span class='ocrx_word' id='word_1_914' title='bbox 3686 5574 3803 5635; x_wconf 85' lang='lat' dir='ltr'><strong>Jam</strong></span> 
     </span>
    </p>
   </div>
   <div class='ocr_carea' id='block_1_114' title="bbox 2201 5646 3804 5720">
    <p class='ocr_par' dir='ltr' id='par_1_114' title="bbox 2201 5646 3804 5720">
     <span class='ocr_line' id='line_1_114' title="bbox 2201 5646 3804 5720; baseline 0.003 -19"><span class='ocrx_word' id='word_1_915' title='bbox 2201 5646 2374 5720; x_wconf 83' lang='lat' dir='ltr'><strong>liquet</strong></span> <span class='ocrx_word' id='word_1_916' title='bbox 2424 5646 2656 5720; x_wconf 73' lang='lat' dir='ltr'><strong>illud_t_l_e</strong></span> <span class='ocrx_word' id='word_1_917' title='bbox 2707 5663 2860 5702; x_wconf 91' lang='lat' dir='ltr'><strong>more</strong></span> <span class='ocrx_word' id='word_1_918' title='bbox 2899 5653 3142 5720; x_wconf 89' lang='lat' dir='ltr'><strong>notatum</strong></span> <span class='ocrx_word' id='word_1_919' title='bbox 3185 5647 3552 5720; x_wconf 83' lang='lat' dir='ltr'><strong>Hieronymo,</strong></span> <span class='ocrx_word' id='word_1_920' title='bbox 3607 5653 3660 5706; x_wconf 91' lang='lat' dir='ltr'><strong>in</strong></span> <span class='ocrx_word' id='word_1_921' title='bbox 3694 5666 3804 5718; x_wconf 89' lang='lat' dir='ltr'><strong>quo</strong></span> 
     </span>
    </p>
   </div>
   <div class='ocr_carea' id='block_1_115' title="bbox 2198 5717 3804 5794">
    <p class='ocr_par' dir='ltr' id='par_1_115' title="bbox 2198 5717 3804 5794">
     <span class='ocr_line' id='line_1_115' title="bbox 2198 5717 3804 5794; baseline 0.005 -23"><span class='ocrx_word' id='word_1_922' title='bbox 2198 5717 2468 5772; x_wconf 86' lang='lat' dir='ltr'><strong>abluduut</strong></span> <span class='ocrx_word' id='word_1_923' title='bbox 2494 5717 2638 5774; x_wconf 77' lang='lat' dir='ltr'><strong>LXX</strong></span> <span class='ocrx_word' id='word_1_924' title='bbox 2663 5720 2756 5790; x_wconf 89' lang='lat' dir='ltr'><strong>qui</strong></span> <span class='ocrx_word' id='word_1_925' title='bbox 2788 5721 2872 5787; x_wconf 76' lang='lat' dir='ltr'><strong>ai,</strong></span> <span class='ocrx_word' id='word_1_926' title='bbox 2903 5719 3022 5775; x_wconf 89' lang='lat' dir='ltr'><strong>sive</strong></span> <span class='ocrx_word' id='word_1_927' title='bbox 3050 5728 3098 5774; x_wconf 91' lang='lat' dir='ltr'><strong>te</strong></span> <span class='ocrx_word' id='word_1_928' title='bbox 3141 5734 3238 5790; x_wconf 93' lang='lat' dir='ltr'><strong>pro</strong></span> <span class='ocrx_word' id='word_1_929' title='bbox 3284 5717 3406 5774; x_wconf 81' lang='lat' dir='ltr'><strong>eum</strong></span> <span class='ocrx_word' id='word_1_930' title='bbox 3434 5717 3804 5794; x_wconf 85' lang='lat' dir='ltr'><strong>interpretan-</strong></span> 
     </span>
    </p>
   </div>
   <div class='ocr_carea' id='block_1_116' title="bbox 2200 5797 2310 5848">
    <p class='ocr_par' dir='ltr' id='par_1_116' title="bbox 2200 5797 2310 5848">
     <span class='ocr_line' id='line_1_116' title="bbox 2200 5797 2310 5848; baseline -0.045 0"><span class='ocrx_word' id='word_1_931' title='bbox 2200 5797 2310 5848; x_wconf 80' lang='lat' dir='ltr'><strong>tur.</strong></span> 
     </span>
    </p>
   </div>
  </div>
