4080 6326
277 360 379 416 817

765 357 1414 416 COMMENTARIORUM
1454 356 1522 414 IN
1560 355 1910 414 JEREMIAM
1949 357 2374 417 PROPHETAM
2417 360 2550 416 LIB.
2593 360 2683 416 IV.
2724 360 2880 416 CAP.
2922 358 3090 418 XXII.

3468 355 3578 414 818

276 475 507 546 pellatur
535 472 786 540 Joachin,
812 474 902 544 qui
933 483 1125 543 captus
1146 489 1176 528 a
1211 471 1715 528 Nabuchodonosor
1740 485 1863 526 eum
1891 470 1942 530 Α
1969 480 2094 524 runt
2112 474 2138 527 ΣΡ
2169 471 2276 527 Pro
2302 487 2369 529 eo
2397 473 2543 544 quod
2575 488 2676 529 nos
2701 472 2961 538 diximus,
2996 471 3270 542 Numquid
3293 487 3380 526 vos
3409 467 3570 539 fictile

275 580 446 626 matre
475 584 598 634 sua,
631 567 968 639 principibus
998 578 1056 624 et
1103 566 1436 633 artificibus,
1469 576 1526 622 et
1556 566 1742 621 multis
1775 580 1870 621 ηο-

271 664 500 730 bilibus,
529 664 725 719 ductus
775 671 860 718 est
904 665 954 718 in
998 661 1333 730 Clialdaram,
1369 662 1554 734 ibique
1595 673 1864 718 mortuus.

273 758 386 814 Hoc
407 759 572 825 igitur
602 757 826 824 dicitur,
855 758 902 812 si
931 757 1211 827 quomodo
1241 757 1479 810 annulus
1509 773 1614 813 non
1662 755 1870 812 recedit

269 851 335 907 de
359 867 524 906 manu
557 851 850 921 portantis,
885 862 938 906 et
971 852 1038 906 de
1070 851 1244 922 digito
1269 850 1567 907 difﬁculter
1593 852 1865 907 elabitur:

267 945 344 999 sic
366 945 438 1000 sit
467 945 520 1000 in
555 961 720 1001 manu
746 960 865 1000 mea
887 943 1216 1010 Jechonias;
1250 953 1425 1001 tamen
1451 945 1686 1001 evellam
1719 961 1866 1009 eum,

267 1046 323 1093 et
351 1037 561 1094 tradam
589 1038 706 1108 regi
741 1038 1065 1109 Babylonio,
1096 1037 1284 1107 ibique
1315 1053 1435 1093 cum
1471 1048 1640 1094 matre
1672 1045 1728 1093 et
1753 1054 1868 1092 om-

269 1129 430 1186 nibus
459 1132 624 1185 sociis
651 1133 768 1186 suis
800 1129 1090 1196 morietur,
1121 1140 1174 1185 et
1199 1131 1339 1186 ultra
1370 1140 1573 1186 terram
1597 1131 1861 1198 Judaeum,

267 1237 432 1292 quam
463 1223 760 1288 desiderat,
814 1238 920 1278 non
957 1222 1179 1278 videbit.
1211 1222 1539 1279 Miserabilis
1565 1225 1866 1292 Grunnius,

265 1315 354 1382 qui
388 1314 454 1368 ad
484 1314 902 1370 ealumniandos
925 1325 1146 1370 sanctos
1175 1316 1325 1371 viros
1356 1317 1576 1384 aperuit
1599 1330 1662 1372 os
1685 1332 1864 1382 suum,

261 1405 614 1477 linguamque
655 1422 808 1461 suam
838 1405 1025 1461 docuit
1056 1405 1439 1472 mendacium,
1469 1407 1619 1462 Sexti
1662 1407 1866 1479 Pytha—

263 1498 438 1570 gorei,
472 1497 710 1552 hominis
739 1497 1122 1568 gentilissimi,
1159 1513 1324 1552 unum
1361 1497 1560 1554 librum
1595 1499 1866 1569 interpre-

268 1598 411 1644 tatus
442 1589 604 1644 estin
633 1588 924 1654 Latinum;
969 1587 1267 1658 divisitque
1309 1604 1436 1645 eum
1487 1590 1537 1644 in
1577 1589 1685 1644 duo
1712 1591 1866 1645 voln-

261 1681 430 1746 mina,
463 1690 520 1736 et
560 1680 663 1735 sub
696 1681 916 1736 nomine
945 1687 972 1716 α
1003 1681 1175 1736 sancti
1210 1681 1469 1752 Martyris
1498 1679 1678 1753 Xysti,
1713 1682 1863 1737 urbis

259 1773 523 1830 Romana:
549 1776 816 1845 episcopi,
845 1789 1009 1830 ausus
1038 1785 1122 1830 est
1147 1778 1311 1830 edere
1335 1791 1349 1828 :
1375 1775 1430 1830 in
1473 1777 1670 1844 quibus
1716 1777 1861 1830 nulla

257 1864 481 1932 Christi,
515 1866 660 1920 nulla
692 1866 930 1936 Spiritus
953 1865 1149 1932 sancti,
1177 1867 1328 1921 nulla
1364 1866 1458 1922 Dei
1491 1865 1690 1934 Patris,
1717 1869 1861 1922 nulla
1897 1861 1940 1920 Β

259 1959 721 2027 Patriarebarum,
749 1959 1169 2029 Prophetarum,
1201 1970 1255 2016 et
1277 1959 1667 2029 Apostolorum
1697 1959 1865 2033 99A,

260 2053 317 2106 lit
347 2053 576 2120 mentio,
607 2061 660 2108 et
691 2054 836 2108 hunc
863 2053 1065 2109 librum
1089 2053 1252 2108 solita
1286 2055 1595 2109 temeritate
1624 2062 1682 2108 et
1721 2057 1862 2108 insa-

258 2144 368 2211 nia,
397 2143 666 2198 Annutum
697 2144 1020 2212 nominavit,
1049 2145 1141 2214 qui
1177 2160 1276 2215 per
1315 2145 1516 2200 multas
1553 2145 1862 2216 provincias

258 2235 458 2307 legitur
483 2278 499 2300 ,
539 2246 590 2292 et
629 2238 862 2293 maxime
902 2238 971 2293 ab
1011 2236 1096 2292 bis
1126 2237 1216 2308 qui
1251 2239 1533 2305 ἀπάθειαν,
1568 2248 1624 2293 et
1653 2239 1862 2308 impec-

257 2332 496 2383 cantiam
531 2328 853 2398 prmdicant.
880 2329 1168 2398 Quomodo
1191 2330 1356 2401 igitur
1380 2331 1645 2386 Dominus
1665 2330 1863 2387 Jecho-

259 2425 403 2477 niam
434 2424 609 2478 instar
630 2425 819 2479 annuli
848 2424 915 2479 de
942 2441 1105 2480 manu
1138 2439 1234 2479 sna
1268 2435 1322 2480 et
1349 2425 1520 2496 digito
1551 2441 1610 2481 se
1643 2426 1860 2497 projec-

261 2528 442 2572 turutn
472 2517 879 2574 comminatur:
929 2520 998 2573 ita
1032 2519 1295 2574 lectorem
1328 2520 1583 2589 obsecro,
1617 2531 1672 2574 nt
1712 2519 1864 2576 nefa-

260 2609 398 2664 rium
426 2609 627 2666 librum
651 2610 899 2680 abjiciat;
935 2611 1214 2682 legatque,
1247 2613 1291 2666 si
1322 2613 1578 2679 voluerit,
1613 2623 1672 2668 ut
1697 2623 1866 2669 etate-

263 2720 352 2760 ros
397 2703 852 2772 philosoitliornm
888 2705 1090 2771 libros,
1134 2723 1242 2760 non
1278 2715 1337 2760 ut
1384 2707 1639 2761 volumen
1685 2707 1865 2763 eccle-

263 2795 562 2850 siasticum.
599 2796 764 2851 Soleo
809 2797 864 2850 in
917 2798 1328 2854 commentariis
1375 2810 1429 2854 et
1468 2799 1864 2869 explanationi-

264 2886 383 2956 bus,
417 2904 645 2959 quorum
677 2905 794 2947 mos
822 2899 907 2946 est
926 2890 1173 2946 diversas
1201 2893 1506 2946 sententias
1540 2906 1753 2961 ponere
1782 2894 1867 2948 in-

265 2991 589 3053 terpretum,
631 2982 1008 3055 hujuscemodi
1063 2985 1297 3040 miscere
1340 3000 1656 3041 sermonem
1693 3003 1706 3038 :
1740 2986 1862 3056 qui-

263 3075 387 3131 dam
435 3076 539 3132 hoc
588 3076 804 3144 dicunt,
845 3077 936 3132 alii
990 3077 1094 3133 hoc
1142 3088 1459 3144 autumant,
1506 3080 1754 3134 nonnulli
1785 3081 1865 3134 sic

266 3172 527 3227 sentiunt.
555 3172 710 3240 Quod
744 3181 799 3228 et
828 3173 945 3244 ipse
973 3173 1302 3229 miserabilis
1331 3173 1632 3242 Grunnius,
1662 3182 1719 3230 et
1743 3187 1867 3246 post

267 3266 469 3320 multos
496 3279 672 3320 annos
698 3263 728 3303 ι)
755 3265 1008 3334 disripuli
1050 3265 1345 3331 Joviniani,
1379 3278 1434 3320 et
1477 3266 1622 3320 illius
1658 3266 1859 3322 calum-
1889 3250 1936 3315 Ο

270 3356 400 3412 niati
445 3365 573 3411 sunt
601 3367 656 3412 et
681 3356 1086 3413 calumniantur
1115 3374 1223 3425 me,
1263 3359 1363 3414 sub
1407 3357 1601 3414 alienis
1631 3359 1866 3415 nomini-

270 3448 370 3502 bus
399 3449 652 3519 proprias
677 3452 974 3505 sententias
1005 3465 1234 3522 ponere,
1263 3451 1406 3521 quod
1439 3467 1542 3523 ego
1572 3467 1733 3508 causa
1770 3454 1864 3510 be-

268 3540 598 3595 nevolentia:
629 3539 792 3606 facio,
837 3557 906 3596 ne
935 3541 1176 3613 aliquem
1217 3552 1371 3598 certo
1410 3547 1633 3601 nomine
1681 3546 1867 3602 videar

271 3633 534 3688 lacerare.
579 3633 715 3703 Quia
766 3635 932 3705 igitur
984 3635 1292 3707 benignitas
1341 3652 1497 3692 versa
1541 3646 1624 3692 est
1680 3639 1733 3694 in
1778 3655 1870 3695 ea-

270 3726 554 3791 lumniam,
591 3742 736 3781 nunc
761 3727 886 3783 dico
909 3736 965 3782 et
994 3728 1071 3784 illi
1095 3731 1185 3800 qui
1211 3739 1459 3785 mortuus
1489 3740 1590 3796 est,
1621 3740 1676 3786 et
1708 3743 1729 3769 ο
1778 3733 1866 3788 isti

271 3820 360 3890 qui
388 3819 542 3885 vivit,
571 3828 627 3875 et
659 3819 912 3876 hieresim
948 3821 1091 3875 illius
1123 3821 1436 3877 instaurare
1466 3833 1718 3890 Conatur,
1750 3840 1866 3880 ma-

272 3915 500 3985 gistrum
545 3929 737 3970 eorum
790 3914 1080 3986 Origenem
1133 3917 1276 3971 hunc
1317 3917 1496 3971 locum
1547 3917 1755 3974 referre
1802 3917 1868 3975 ad

272 4007 590 4074 Christum,
622 4008 769 4078 quod
798 4007 866 4064 de
913 4025 1072 4064 manu
1122 4009 1214 4063 Dei
1265 4008 1439 4064 Patris
1483 4009 1654 4065 instar
1685 4011 1870 4066 annuli

273 4104 498 4155 avulsus
529 4101 620 4165 sit,
652 4111 704 4155 et
729 4102 930 4156 miSsus
959 4102 1010 4156 in
1046 4110 1244 4156 terram
1281 4103 1638 4172 captivitatis,
1671 4105 1723 4158 in
1756 4105 1876 4159 va!-

276 4191 381 4248 lcm
416 4194 803 4262 lacrymaruin,
830 4195 1090 4264 crucique
1121 4195 1376 4260 traditus,
1401 4205 1629 4250 matrem
1652 4213 1872 4268 quoque

274 4287 415 4354 ejus,
455 4285 596 4339 haud
637 4285 858 4340 dubium
889 4287 1018 4356 quin
1049 4287 1415 4358 Synagogam,
1459 4301 1674 4358 captam
1705 4297 1870 4358 atque

279 4380 613 4448 proiectam;
656 4388 712 4434 et
752 4396 857 4435 non
891 4381 1230 4451 pertimescit
1273 4381 1370 4435 ista
1407 4397 1868 4451 commemorans,

278 4470 382 4525 hoc
409 4472 552 4540 quod
579 4474 826 4543 si-qnitnr
857 4491 868 4526 :
897 4471 1081 4541 Terra,
1117 4485 1272 4539 terra,
1304 4484 1469 4540 terra,
1511 4475 1638 4529 audi
1671 4478 1876 4531 verbum

277 4563 514 4618 Domini.
551 4563 676 4618 "(ac
697 4567 821 4620 dicit
850 4565 1147 4622 Dominus:
1177 4567 1359 4623 Scribe
1373 4573 1539 4623 rirum
1567 4573 1723 4625 istum
1745 4571 1874 4626 abo-

1970 573 2125 637 atque
2151 568 2462 633 contritum,
2499 567 2856 640 Symmachus
2908 566 3183 623 transtulit
3229 586 3242 622 :
3289 562 3564 636 Numquid

1974 671 2370 733 purgamentum
2394 706 2407 728 ,
2441 664 2556 720 sive
2584 665 2878 736 quisquilia:
2927 665 3053 718 vites
3096 672 3247 734 atque
3286 661 3572 736 projectie.’

1972 754 2078 810 Pro
2105 771 2212 822 quo
2246 756 2297 809 in
2322 756 2676 828 Septuaginta
2711 758 2842 812 nihil
2873 758 3132 822 habetur.
3178 757 3272 814 sed
3316 761 3420 811 hoc
3451 765 3573 810 tan-

1975 855 2084 901 titm
2127 849 2467 919 interpretati
2507 860 2633 904 sunt
2676 867 2689 903 :
2733 848 3092 904 Inhonoratus
3138 857 3212 904 est
3255 845 3567 912 lechonias,

1971 943 2119 1008 quasi
2145 957 2230 996 vas
2261 942 2313 994 in
2341 959 2441 1010 quo
2472 941 2619 996 nulla
2647 953 2722 998 est
2751 943 2971 998 utilitas.
2999 942 3204 998 Etcum
3237 941 3340 996 hoc
3376 941 3445 995 de
3475 938 3569 995 Je-

1971 1033 2168 1089 chonia
2194 1032 2357 1106 995
2387 1032 2587 1088 dicitur
2613 1032 2721 1107 [Αι.
2755 1033 2990 1105 dicatur]
3011 1034 3122 1088 lilio
3138 1033 3374 1101 Joaeim,
3400 1030 3570 1086 audet

1970 1125 2237 1196 quispiam
2269 1125 2336 1179 ad
2391 1135 2576 1196 typum
2609 1124 2815 1180 referre
2855 1125 3092 1191 Christi;
3125 1135 3179 1181 et
3211 1139 3280 1180 ex
3319 1137 3385 1179 eo
3415 1121 3566 1194 quod

1971 1219 2268 1289 Apostolus
2284 1220 2430 1273 dicat
2453 1218 2742 1273 Dominum
2765 1217 3100 1274 Salvatorem
3130 1219 3422 1287 imaginem
3445 1231 3574 1272 esse

1974 1312 2067 1367 Dei
2099 1312 2390 1367 invisibilis
2422 1309 2645 1378 (Coloss.
2665 1307 2727 1380 ι),
2755 1311 3174 1380 primogenitum
3205 1308 3387 1365 omnis
3409 1322 3566 1363 crea-

1972 1417 2126 1476 turre,
2162 1407 2213 1462 id
2254 1414 2358 1471 est,
2393 1406 2748 1476 sapientiam,
2781 1404 3054 1469 Verbum,
3090 1403 3376 1458 veritatem
3405 1410 3570 1472 atque

1971 1502 2134 1556 vitam
2161 1501 2522 1570 etjustitiam,
2557 1515 2680 1555 eum
2714 1499 2981 1570 appellari
3007 1497 3292 1562 annulum,
3317 1495 3409 1566 qui
3441 1510 3568 1566 pro-

1965 1593 2186 1663 jieiatur
2216 1591 2300 1648 v'el
2335 1593 2602 1647 avellatur
2633 1591 2703 1648 de
2729 1607 2890 1646 manu
2925 1589 3160 1658 Domini,
3196 1595 3252 1643 et
3297 1588 3412 1658 regi
3456 1597 3568 1641 tra-

1968 1686 2126 1742 datur
2154 1685 2676 1741 Nabuchodonosor.
2727 1684 2927 1757 Abjecti
2961 1691 3102 1750 sunt,
3135 1681 3333 1750 inquit,
3385 1680 3494 1752 ipse
3518 1688 3566 1733 et

1967 1799 2136 1836 semen
2169 1784 2312 1850 ejus,
2345 1793 2395 1835 et
2424 1780 2642 1850 projecti
2684 1779 2736 1832 in
2783 1789 2974 1832 terram
3017 1792 3174 1848 qnam
3210 1772 3522 1846 ignorabant
3551 1788 3571 1827 :

1969 1875 2114 1945 quod
2145 1873 2213 1929 de
2253 1872 2515 1929 Jechonia
2564 1872 2763 1927 factum
2808 1884 2969 1926 nemo
3016 1869 3250 1925 dubitat.
3291 1864 3575 1921 Jechonias

1968 1968 2362 2037 interpretatur
2414 1966 2621 2020 Domini
2657 1964 3008 2036 praeparatio,
3061 1962 3148 2017 cui
3197 1962 3252 2016 in
3312 1962 3573 2032 praesenti

1968 2063 2090 2116 loco
2123 2061 2296 2132 prima
2325 2060 2556 2132 syllaba,
2591 2059 2643 2114 id
2675 2068 2780 2126 est,
2811 2057 3024 2112 Domini
3064 2069 3268 2112 nomen
3296 2056 3568 2120 aufertur,

1967 2163 2022 2211 et
2041 2155 2240 2210 dicitur
2268 2154 2519 2219 Clionias,
2545 2162 2602 2209 ut
2629 2152 3008 2218 subaudiatur,
3039 2149 3335 2222 perditioni
3355 2159 3411 2206 et
3433 2151 3572 2205 inte—

1968 2249 2093 2304 ritui
2121 2260 2486 2319 praeparatus.

2040 2342 2225 2415 (Vers.
2258 2341 2352 2408 ‘29,
2383 2339 2700 2410 50.)Terra,
2733 2349 2894 2405 terra,
2930 2349 3091 2404 terra,
3123 2337 3250 2392 audi
3272 2350 3564 2390 sermonem

1969 2433 2208 2490 Domini.
2237 2433 2366 2488 ch
2397 2434 2522 2487 dicit
2547 2431 2798 2486 Dominus
2822 2448 2840 2486 :
2873 2429 3055 2485 Scribe
3080 2430 3250 2483 uirum
3279 2427 3437 2481 istum
3465 2434 3569 2482 ste-

1968 2529 2136 2592 rilem,
2166 2527 2332 2579 virum
2349 2526 2438 2596 qui
2455 2527 2509 2579 in
2529 2525 2710 2580 diebus
2735 2525 2844 2578 suis
2879 2540 2980 2577 non
3012 2521 3419 2594 prosperabitur.
3450 2518 3566 2574 Nec

1969 2621 2104 2676 enim
2129 2620 2223 2673 erit
2250 2619 2312 2672 de
2354 2618 2547 2672 semine
2576 2619 2685 2688 ejus
2718 2617 2796 2670 vir
2845 2617 2934 2688 qui
2980 2617 3155 2671 sedeat
3194 2631 3351 2686 super
3377 2613 3566 2668 solium

1968 2711 2142 2766 David
2159 2718 2206 2764 et
2223 2718 2525 2782 potestatem
2547 2708 2734 2762 habeat
2763 2707 2903 2761 ultra
2925 2707 2978 2760 in
3011 2705 3044 2760 ,Ι
3052 2705 3156 2760 uda
3196 2703 3306 2776 [ΑΙ.
3332 2701 3572 2776 Iudaea].

1969 2803 2025 2858 Si
2049 2802 2272 2856 voluero
2302 2817 2398 2871 per
2425 2801 2537 2856 loca
2566 2811 2756 2854 notare
2785 2797 3020 2869 singula,
3051 2804 3252 2868 quanta
3297 2792 3444 2850 LXX
3483 2793 3573 2849 vel

1969 2894 2424 2966 prietermiserint
2446 2893 2531 2948 vel
2563 2891 2912 2958 mutaverint,
2947 2891 3168 2960 longum
3199 2887 3313 2954 (iet,
3342 2903 3576 2959 praeser-

1971 2991 2066 3043 tim
2097 3004 2220 3042 cum
2272 2987 2442 3056 possit
2473 2985 2708 3056 diligens
2741 2985 2913 3040 lector
2941 3000 3008 3040 ex
3055 2995 3284 3053 utraque
3331 2980 3576 3037 editione

1971 3083 2344 3149 considerare,
2393 3080 2522 3152 quid
2573 3088 2870 3148 mutatum,
2923 3078 3053 3148 quid
3109 3074 3571 3150 additnm,_quid

1970 3176 2307 3230 subtractum
2339 3173 2432 3228 sit.
2465 3172 2572 3228 Pro
2615 3173 2790 3228 sterili
2829 3171 2880 3226 in
2917 3170 3148 3226 Hebrzeo
3187 3169 3450 3238 scriptum
3490 3178 3578 3223 est

1969 3283 2115 3324 ABIRI
2145 3265 2376 3340 (νην-ιτ),
2392 3265 2535 3336 quod
2559 3264 2770 3336 Aquila:
2799 3265 2976 3335 prima
2998 3263 3190 3329 editio,
3214 3263 3574 3317 sterilem:se-

1971 3359 2170 3425 eunda,
2221 3361 2526 3425 ἀναύξητον,
2560 3357 2612 3413 id
2661 3367 2766 3422 est,
2805 3374 2909 3411 non
2943 3365 3254 3412 crescentem
3284 3355 3575 3428 :Symma-

1973 3455 2132 3522 chus,
2167 3470 2382 3508 vacuum
2409 3471 2426 3508 :
2451 3453 2810 3524 Septuaginta
2851 3461 2907 3506 et
2937 3449 3270 3516 Theodotio,
3302 3448 3575 3503 abomina-

1973 3549 2146 3615 bilem,
2203 3554 2258 3602 et
2311 3547 2609 3600 abdicatum
2671 3544 3014 3613 interpretati
3079 3551 3225 3598 sunt.
3280 3541 3349 3596 Et.
3401 3541 3578 3596 oritur

1974 3641 2225 3712 qiimstio,
2257 3639 2535 3710 quomodo
2569 3649 2715 3692 stare
2747 3636 2922 3708 possit
2960 3634 3267 3706 preplietia,
3299 3633 3368 3688 de
3400 3633 3575 3703 stirpe

1975 3734 2096 3805 ejus
2121 3733 2326 3787 nullum
2355 3746 2478 3786 esse
2507 3739 2853 3801 generatum,
2885 3727 2974 3798 qui
3005 3726 3210 3783 sederit
3239 3740 3404 3796 super
3423 3724 3574 3780 thro-

1973 3841 2106 3882 num
2134 3825 2324 3887 David,
2359 3839 2458 3879 nec
2501 3823 2751 3892 princeps
2794 3822 2956 3876 fuerit
3000 3821 3142 3875 ultra
3181 3817 3419 3883 iniuda,
3451 3833 3576 3873 cum

1977 3920 2244 3976 Dominus
2271 3926 2432 3986 atque
2461 3915 2720 3972 Salvator
2750 3913 2819 3969 de
2845 3913 3007 3982 hujus
3034 3919 3198 3967 natus
3229 3913 3302 3965 sit
3333 3909 3576 3977 semine;

1977 4030 2144 4083 super
2169 4011 2325 4082 cujus
2354 4022 2476 4065 ortu
2516 4010 2756 4080 loquitur
2782 4006 3002 4064 Gabriel
3034 4007 3100 4062 ad
3139 4007 3364 4061 Mariam
3398 4022 3411 4060 :
3443 4004 3579 4060 Ecce

1977 4107 2234 4179 concipies
2262 4105 2315 4158 in
2361 4111 2507 4158 utero
2538 4113 2584 4156 et
2615 4102 2782 4172 paries
2810 4101 3008 4170 ﬁlium,
3059 4109 3108 4154 et
3138 4097 3342 4153 vocabis
3392 4113 3578 4152 nomen

1976 4205 2089 4275 ejus
2119 4197 2318 4253 Iesum.
2353 4195 2475 4270 Ipse
2504 4196 2599 4250 erit
2630 4211 2873 4268 magnus,
2901 4201 2946 4246 et
2987 4189 3164 4245 Filius
3193 4189 3450 4244 Altissimi
3493 4205 3580 4244 vo-

1979 4292 2200 4346 cabitur.
2226 4286 2292 4342 Et
2317 4289 2458 4342 dabit
2490 4289 2533 4340 ei
2566 4285 2821 4340 Dominus
2843 4282 2984 4337 Deus
3008 4282 3182 4336 sedem
3216 4281 3383 4336 David
3415 4281 3583 4352 patris

1982 4385 2089 4450 sui,
2113 4393 2160 4436 et
2206 4381 2434 4452 regnabit
2465 4395 2617 4452 super
2657 4378 2871 4432 domum
2902 4375 3066 4430 Jacob
3108 4375 3162 4429 in
3203 4383 3486 4438 internum,
3533 4382 3584 4427 et

1981 4479 2127 4550 regni
2155 4479 2267 4549 ejus
2294 4492 2396 4529 non
2440 4471 2537 4528 erit
2586 4473 2707 4543 ﬁnis
2753 4470 2909 4542 (Luc.
2941 4486 2993 4534 ι,
3026 4469 3240 4536 51-55).
3285 4468 3586 4524 Possumus

1983 4587 2114 4642 ergo
2144 4571 2248 4625 hoc
2270 4569 2476 4636 dicere,
2509 4566 2764 4639 quoniam
2786 4563 2920 4619 illud
2940 4565 3081 4633 quod
3105 4563 3259 4619 deest
3277 4562 3386 4636 [ΑΙ.
3413 4560 3582 4634 esset]

280 4658 554 4721 minatum,
589 4658 706 4712 sive
739 4661 980 4723 sterilem,
1004 4669 1060 4715 et
1090 4661 1320 4730 reliqua,
1343 4662 1651 4734 intelligere
1672 4664 1740 4718 de
1762 4665 1871 4719 Do-
1903 4645 1957 4704 Ῑ)
1985 4667 2038 4721 in
2071 4663 2236 4731 LXX,
2268 4662 2558 4726 videlicet,
2589 4662 2641 4714 in
2671 4659 2848 4712 diebus
2879 4661 2991 4731 ejus
3022 4674 3128 4712 non
3168 4657 3586 4730 prosperabitur,

279 4751 430 4804 mino
454 4749 777 4818 majestatis.
811 4749 1012 4806 Scribit
1033 4762 1212 4807 autem
1240 4752 1364 4818 hoc,
1390 4769 1457 4808 ne
1481 4754 1730 4826 discipuli
1754 4757 1874 4828 ejus

281 4857 482 4913 negare
511 4842 768 4908 audeant,
801 4844 852 4897 in
879 4845 1070 4913 quinto
1092 4845 1429 4901 Stromatum
1461 4847 1621 4904 libro.

354 4935 556 5006 (Vcrs.
587 4935 716 5005 9.8.)
759 4934 1028 5000 Numquid
1069 4953 1155 4990 ras
1197 4938 1378 5006 ﬁctile,
1416 4949 1572 5010 atque
1595 4943 1879 4997 contritum

219 5093 224 5096 _
285 5034 358 5085 rir
387 5039 482 5084 iste
502 5027 727 5084 Chonias
760 5029 873 5101 [AL
904 5026 1247 5103 Jechonias]?
1283 5031 1551 5106 Numquid
1576 5052 1662 5088 vas
1691 5037 1880 5106 absque

285 5124 428 5177 omni
457 5125 715 5196 voluptate
737 5124 874 5197 (sive
895 5123 1181 5194 utilitate)?
1208 5124 1384 5192 Quare
1411 5128 1601 5200 objecti
1623 5143 1744 5186 sunt
1771 5134 1882 5206 ipse

287 5230 332 5273 et
363 5233 536 5273 semen
566 5222 708 5290 ejus,
751 5228 795 5272 et
841 5218 1058 5290 projecti
1105 5218 1158 5271 in
1189 5226 1379 5272 terram
1407 5237 1560 5290 quam
1606 5223 1880 5296 ignorare-

365 5397 391 5424 ιι
431 5383 737 5453 Scripserat
777 5396 906 5436 vero
954 5381 1005 5435 in
1057 5377 1387 5436 Praelatione
1422 5381 1488 5435 ad
1520 5395 1646 5437 eum
1676 5384 1880 5440 librum

292 5459 548 5520 Ruﬁnus,
593 5453 744 5524 quasi
776 5468 841 5508 ex
860 5453 1107 5524 aliorum
1136 5455 1434 5513 sententia.
1462 5453 1672 5508 Sixtum
1692 5454 1747 5509 in
1774 5455 1881 5510 La-

294 5533 464 5585 tinum
493 5522 641 5591 verti,
668 5541 816 5594 quem
846 5522 1051 5580 Sixtum
1068 5540 1234 5595 ipsum
1257 5540 1363 5579 esse
1387 5525 1621 5591 tradunt,
1636 5527 1726 5593 qui
1743 5527 1885 5593 apud

294 5619 384 5657 ros
413 5599 548 5652 idem
578 5599 631 5650 in
658 5597 781 5650 urbe
820 5595 1058 5651 Romana
1096 5603 1278 5650 oixtus
1305 5607 1536 5667 uocatur,
1577 5599 1803 5667 episcopi
1840 5609 1886 5654 et

297 5673 550 5743 Martyris
581 5669 750 5743 gloria
775 5669 1068 5743 decoratus.
1097 5667 1162 5743 Et
1195 5667 1255 5723 S.
1289 5666 1624 5743 Augustinus
1654 5666 1884 5725 adducta

296 5761 363 5800 ex
393 5738 462 5798 e6
485 5738 626 5796 libro
645 5757 674 5792 a
697 5738 998 5807 Pelagianis
1029 5740 1335 5794 testimonia
1363 5740 1418 5794 in
1447 5739 1647 5794 bonam
1675 5751 1885 5810 partem

297 5813 649 5882 interpretari
666 5821 896 5882 conatus
917 5818 1023 5877 est,
1042 5812 1296 5882 quamdiu
1327 5810 1467 5882 Sisti
1495 5810 1746 5882 Martyris
1767 5827 1891 5869 esse

298 5879 557 5944 credidit,
589 5880 729 5952 quod
765 5889 948 5950 postea
977 5879 1313 5938 retractavit,
1349 5879 1484 5937 Vide
1516 5879 1689 5954 Epist.
1717 5884 1768 5936 ln
1797 5900 1887 5937 nm

1987 4763 2102 4814 sive
2145 4776 2248 4812 non
2295 4763 2502 4820 crescet,
2539 4751 2916 4823 ignorantibus
2964 4751 3154 4806 fecerit
3199 4752 3581 4820 qumstionem.

1990 4848 2343 4923 Septuaginta
2373 4849 2518 4902 enim
2544 4843 2944 4898 transtulerunt
2976 4858 2990 4896 :
3025 4840 3208 4898 Scribe
3234 4843 3404 4895 uirum
3427 4842 3589 4895 istum

1988 4945 2283 4999 abdicatum
2306 4939 2566 4992 hominem
2606 4935 2714 5007 [AL
2748 4931 3039 5004 hominum]
3083 4951 3098 4988 :
3129 4933 3252 5004 quia
3273 4947 3376 4984 non
3398 4938 3592 4984 crescet

1992 5039 2057 5092 de.
2078 5037 2273 5091 semine
2322 5036 2435 5106 ejus
2469 5033 2546 5084 vir
2596 5029 2682 5099 qui
2712 5029 2886 5082 sedeat
2917 5042 3073 5096 super
3111 5028 3352 5078 thronum
3395 5020 3589 5090 Dauid,

1992 5130 2230 5204 princeps
2261 5124 2401 5179 ultra
2437 5124 2492 5176 in
2532 5121 2700 5190 Juda,
2733 5119 2877 5191 quod
2918 5120 2970 5173 in
3013 5116 3288 5172 llebraico
3332 5112 3417 5168 bis
3449 5113 3598 5184 posi-

1994 5238 2110 5281 tum
2140 5230 2265 5286 est;
2297 5217 2440 5290 quod
2475 5224 2734 5287 putantes
2764 5214 2858 5284 qni
2889 5211 2958 5265 ab
3007 5207 3167 5264 initio
3212 5205 3598 5277 scripserunt,

1986 5395 2100 5440 stra
2152 5379 2476 5437 recensione
2522 5377 2648 5445 155,
2683 5375 2750 5430 ad
2780 5371 3218 5440 Ctesiphontem,
3252 5381 3406 5422 num.
3439 5366 3494 5435 ὅ,
3534 5375 3592 5424 et

1987 5454 2582 5527 quaeannotamns.
2754 5516 2794 5527 ﬁ
2838 5514 2852 5527 1
3085 5526 3090 5527 ν
3152 5519 3194 5527 μ
3453 5511 3490 5527 υ
3553 5512 3567 5524 .

2062 5525 2089 5566 b
2131 5525 2222 5581 Sic
2269 5523 2476 5578 habent
2506 5533 2637 5576 mss.
2675 5527 2732 5573 et
2754 5514 3010 5571 Rabanus
3035 5529 3050 5566 :
3076 5519 3236 5567 antea
3273 5519 3396 5566 erat
3435 5511 3598 5565 disci-

1990 5597 2288 5724 pulcuslllum
2331 5666 2421 5736 qui
2472 5657 2857 5736 mortuususi‘t,
2890 5655 3146 5736 Ruﬁnum
3192 5651 3401 5736 debere
3433 5653 3601 5736 intel-

1996 5741 2114 5812 ligi,
2134 5723 2237 5810 iqni
2259 5723 2373 5808 jam
2396 5735 2465 5788 ab
2489 5728 3148 5812 aiino_:ii_0.decesserat,
3187 5723 3320 5812 nihil
3351 5735 3447 5812 est
3491 5725 3597 5812 du:-

2000 5796 2189 5876 bi’uin';
2221 5796 2345 5866 eum
2377 5803 2647 5876 vero,‘qni
2683 5799 2848 5876 vivit,
2870 5815 2978 5854 non
3011 5796 3307 5876 Attianum,
3349 5808 3408 5864 ut
3443 5804 3595 5869 putat

2003 5865 2371 5942 Dardanians,
2403 5875 2496 5933 sed
2516 5865 2804 5940 Pelagium
2836 5871 3011 5941 ipsum
3039 5865 3147 5923 dici
3176 5871 3416 5924 autumo.
