4080 6326
292 310 390 369 891
763 310 1417 374 COMMENTARIORUM
1455 314 1525 373 IN
1561 314 1911 375 JEREMIAM
1949 317 2375 378 PROPHETAM
2414 320 2547 379 LIB.
2591 321 2685 379 IV.
2725 321 2882 381 CAP.
2923 320 3121 381 XXIII.
3488 322 3594 381 ἱείὶὲ

290 427 462 482 eduxit
486 426 628 499 ﬁlios
652 425 822 483 Israel
844 427 910 482 de
926 438 1065 484 terra
1086 429 1336 503 gypti;
1358 431 1449 497 sed
1468 430 1586 486 vivit
1611 428 1886 499 Dominus,
1919 428 1969 493 Α
1997 447 2057 487 se
2077 431 2399 505 diceremon
2433 433 2502 492 de
2530 435 2749 507 seipsis,
2776 446 2925 492 certe
2951 438 3162 494 nullum
3193 449 3326 521 puto
3354 439 3598 495 sanctio-

287 521 375 593 qui
400 521 579 575 eduxit
610 530 660 575 et
699 520 922 576 adduxit
959 538 1134 578 semen
1184 522 1369 578 domus
1400 521 1572 578 Israel
1620 525 1682 577 de
1743 533 1883 577 terra

286 611 585 686 Aquilonis,
618 613 751 669 etde
787 615 981 670 cunctis
1007 616 1178 680 terris,
1228 616 1298 671 ad
1341 633 1472 688 quas
1508 620 1758 689 ejeceram
1797 632 1884 679 eos

288 705 436 772 illuc,
469 712 516 759 et
541 702 919 761 habitabantin
951 716 1087 761 terra
1116 724 1233 762 sua.
1254 707 1366 764 lloc
1395 723 1558 763 omne
1585 708 1883 780 capitulum

283 798 339 854 in
356 796 718 870 Septuaginta
745 816 853 857 non
908 796 1162 856 habetur.
1216 797 1386 872 Cujus
1422 800 1507 859 hic
1532 817 1728 857 sensus
1753 810 1840 858 est
1866 843 1882 868 ,

281 891 427 965 quod
445 907 792 964 nequaquam
832 908 929 963 per
958 892 1182 966 Moysen
1208 893 1445 966 populus
1485 894 1583 951 Dei
1629 894 1699 953 de
1719 892 1887 975 Egy-

284 995 374 1056 plo
403 983 698 1052 liberetur,
723 984 819 1041 sed
847 999 944 1056 per
965 984 1150 1042 Jesum
1169 982 1452 1042 Christum
1480 987 1547 1043 de
1568 988 1718 1045 omni
1750 988 1882 1046 orbe

283 1087 579 1147 terrarum,
616 1078 667 1133 in
694 1092 857 1151 quem
888 1079 1171 1151 dispersus
1196 1078 1394 1137 fuerat.
1422 1078 1580 1150 Quod
1621 1098 1687 1138 ex
1729 1092 1881 1153 parte

280 1180 337 1227 et
365 1188 510 1227 nunc
547 1172 857 1243 completur
879 1173 931 1227 in
956 1173 1184 1243 mundo,
1234 1182 1292 1231 et
1319 1190 1386 1231 ex
1421 1184 1536 1239 toto
1574 1176 1878 1249 complebi-

281 1273 389 1331 tur,
424 1264 645 1336 quando
675 1260 743 1322 de
768 1264 993 1322 Oriente
1044 1276 1100 1322 et
1131 1266 1456 1334 Occidente,
1490 1269 1880 1341 Septentrione

278 1369 332 1416 et
345 1358 571 1415 Meridie
584 1361 803 1416 venient
818 1368 872 1415 et
888 1359 1234 1418 discumbent
1248 1377 1370 1418 cum
1386 1363 1687 1432 Abraham,
1707 1363 1877 1431 Isaac,

276 1464 329 1510 et
360 1452 528 1510 Jacob
577 1451 795 1529 (Matth.
851 1454 994 1528 vut).
1040 1454 1110 1512 Ut
1157 1465 1441 1535 postquam
1488 1438 1880 1514 subintraverit

278 1546 562 1619 plenitudo
600 1547 884 1619 gentium,
931 1555 1060 1603 tunc
1111 1548 1291 1605 omnis
1349 1547 1515 1606 Israel
1570 1548 1754 1605 salvus
1781 1550 1880 1606 tiat

309 1641 457 1697 Rom.
481 1641 582 1697 ιι).

309 1641 457 1697 Rom.
481 1658 535 1697 XI
568 1682 582 1697 .

280 1642 300 1715 (
343 1738 427 1791 Ad
454 1640 751 1811 Priphetas
784 1737 925 1809 (sive
963 1737 1016 1793 in
1047 1735 1361 1812 Prophetis,
1403 1736 1488 1795 vel
1526 1747 1706 1799 contra
1742 1736 1877 1793 Pro-

1987 543 2102 585 rem
2122 541 2247 584 esse
2286 526 2548 597 Jeremia,
2574 532 2663 602 qui
2683 531 2857 602 virgo,
2875 532 3167 602 Propheta,
3186 533 3590 589 sanetiilcatus-

1985 637 2093 693 que
2116 622 2168 677 in
2190 629 2373 705 utero,
2386 621 2507 695 ipso
2522 624 2743 681 nomine
2760 626 3069 697 prmﬁgurat
3095 626 3382 682 Dominum
3397 624 3592 682 Salva~

1987 725 2183 771 torem.
2203 714 2469 774 leremias
2482 718 2627 772 enim
2654 719 3072 789 interpretatur,
3095 716 3309 775 Domini
3329 718 3585 775 excelsus.

2058 811 2242 885 (Vers.
2275 808 2392 882 10.)
2443 810 2577 879 Quia
2606 810 2856 869 adulteris
2894 811 3005 888 [ΑΙ.
3035 814 3336 888 adulteriis]
3387 814 3587 884 repleta

1985 912 2061 960 est
2080 914 2242 975 terra,
2270 903 2393 974 quia
2435 918 2469 956 α
2511 904 2643 975 facie
2687 906 3064 961 maledictionis
3105 904 3247 979 (sive
3274 903 3584 977 iuramenti)

1984 997 2117 1053 luxit
2140 1005 2300 1065 terra,
2325 999 2556 1071 arefacta
2579 1007 2698 1051 sunt
2722 1013 2845 1053 arva
2867 995 3009 1072 (sive
3029 998 3250 1073 pascua)
3297 998 3512 1065 deserti,
3538 1007 3588 1052 et

1984 1094 2151 1164 factus
2174 1099 2249 1146 est
2277 1107 2459 1149 cursus
2482 1105 2660 1145 eorum
2681 1092 2869 1157 malus,
2893 1101 2939 1146 et
2961 1090 3215 1163 fortitudo
3237 1106 3415 1147 eorum
3434 1090 3590 1145 dissi-

1982 1184 2141 1239 milis.
2172 1184 2286 1240 lloc
2320 1182 2465 1257 quod
2499 1197 2598 1237 nos
2641 1180 2710 1245 de
2746 1182 3018 1240 llebraico
3070 1184 3358 1259 posuimus
3390 1199 3404 1238 :
3457 1183 3586 1256 quia

1982 1278 2231 1334 adulteris
2252 1278 2447 1353 repleta
2466 1287 2540 1333 est
2561 1277 2781 1344 terra,in
2799 1276 3159 1351 Septuaginta
3184 1292 3296 1334 non
3326 1275 3581 1341 habetur,

1982 1370 2072 1444 qui
2092 1371 2457 1443 juramentum
2477 1370 2691 1438 dixere,
2720 1384 2820 1439 pro
2857 1368 3244 1426 maledictione.
3273 1368 3585 1438 Redditque

1980 1479 2197 1531 causas,
2223 1462 2368 1535 quod
2401 1472 2628 1535 propter
2655 1461 2922 1518 adulteria
2952 1503 2967 1529 ,
3018 1470 3074 1518 et
3114 1460 3435 1527 maledicta,
3469 1460 3588 1516 sive

1977 1555 2314 1627 superﬂuum
2337 1554 2736 1625 juramentum,
2753 1553 2923 1609 immo
2954 1550 3218 1624 perjuria,
3236 1550 3455 1623 frugum
3469 1561 3553 1607 ste
3570 1580 3582 1591 ο

1977 1648 2157 1704 rilitas
2185 1656 2484 1704 consecuta
2512 1646 2603 1703 sit.
2620 1644 2896 1719 Quidquid
2938 1645 3009 1700 de
3034 1654 3181 1700 terra
3212 1643 3400 1701 Iudaea
3421 1643 3578 1714 juxta

1977 1742 2213 1799 litteram
2246 1742 2529 1814 intelligis,
2562 1741 2708 1798 rel'er
2745 1742 2812 1796 ad
2840 1738 3327 1812 congregationem
3358 1738 3587 1796 creden-

272 1829 502 1902 phetas).
534 1831 636 1888 Hie
673 1831 889 1899 titulus,
918 1842 973 1886 nt
996 1846 1161 1903 supra
1203 1832 1469 1901 diximus,
1525 1831 1578 1887 in
1622 1831 1870 1889 editione
1900 1830 1949 1892 Β
1976 1834 2139 1913 tium,
2167 1834 2421 1909 quoniam
2453 1845 2680 1909 propter
2711 1834 3003 1901 adulteria,
3038 1843 3095 1890 et
3121 1831 3431 1902 mendacia,
3463 1833 3585 1889 sive

274 1922 676 1999 Septuaginta,
722 1922 849 1980 linis
894 1924 1188 1983 anterioris
1221 1925 1442 1997 capituli
1492 1927 1706 2001 positus
1748 1938 1869 1995 est,

272 2017 361 2073 ubi
391 2019 656 2089 scriptum
687 2017 920 2093 legimus
953 2036 967 2073 :
1011 2017 1174 2073 ethoc
1199 2031 1273 2073 est
1298 2035 1506 2085 nomen,
1539 2034 1641 2089 quo
1674 2018 1863 2091 appel-

284 2109 411 2166 labit
437 2128 554 2171 eum
578 2110 834 2168 Dominus
862 2110 1106 2181 Josedec,
1133 2110 1668 2184 inPropItetis.Quod
1701 2111 1871 2183 pleri-

276 2220 382 2273 que
418 2205 744 2279 ignorantes
776 2246 793 2275 ,
849 2203 997 2263 varia
1049 2202 1450 2275 explanationis
1506 2203 1869 2261 deliramenta

272 2297 619 2373 contingunt.
651 2297 931 2369 Multoque
980 2298 1177 2353 melius
1212 2296 1397 2352 fuerat
1425 2296 1755 2367 simpliciter
1788 2297 1875 2351 in-

272 2388 487 2445 scitiam
514 2388 793 2458 conﬁteri,
818 2404 980 2469 quam
1010 2388 1301 2461 imperitia:
1329 2406 1440 2443 sum
1460 2386 1600 2445 alios
1626 2387 1871 2445 harredes

272 2483 476 2541 facere.
516 2484 819 2541 Estantem
855 2501 1038 2541 sermo
1065 2496 1255 2541 contra
1309 2482 1640 2557 Prophetas,
1702 2485 1869 2540 immo

272 2581 781 2657 pseudopmplietas
802 2582 1103 2641 Jerusalem
1145 2593 1201 2637 et
1229 2578 1521 2643 samaria‘,
1553 2594 1691 2659 quos
1719 2595 1869 2635 nunc

270 2676 557 2732 communi
604 2687 657 2732 et
682 2676 900 2749 vulgato
938 2675 1157 2730 nomine
1214 2666 1521 2747 Prophetas
1578 2682 1772 2736 vocat,
1800 2672 1869 2730 de

274 2769 477 2840 quibus
506 2768 786 2841 Scriptum
817 2778 898 2825 est
930 2770 984 2823 in
1010 2765 1478 2839 consequentibus
1515 2782 1529 2819 :
1562 2763 1630 2820 Et
1657 2766 1709 2819 in
1733 2763 1868 2820 Pro-

271 2859 437 2929 phetis
459 2859 719 2918 Samaria:
738 2860 1181 2933 ridiiniquitatem
1196 2876 1215 2924 ;
1229 2860 1551 2930 statimque:
1574 2857 1637 2913 Et
1663 2858 1717 2912 in
1734 2856 1871 2917 Pro-

269 2952 438 3024 phetis
469 2952 760 3008 Jerusalem
782 2952 887 3009 ridi
910 2952 1200 3009 horribilia.
1226 2950 1461 3020 Quando
1494 2961 1678 3009 autent
1712 2952 1870 3027 ponit

267 3048 743 3121 conjunctionem,
780 3059 860 3113 et,
894 3047 1136 3109 ostendit
1164 3048 1453 3118 superiora
1485 3047 1553 3102 de
1578 3046 1867 3123 Prophetis

266 3141 413 3195 dicta
448 3140 690 3209 Domini,
716 3141 890 3215 quiet
926 3141 1028 3211 ipsi
1056 3138 1669 3223 pseudoprOpbetarum
1710 3140 1869 3195 simi-

266 3234 348 3290 les
369 3234 725 3291 exstiterunt.

337 3330 522 3405 (Vers.
555 3330 638 3400 9.)
672 3329 962 3386 Contritum
993 3341 1066 3384 est
1111 3347 1200 3385 cor
1231 3347 1401 3386 meum
1454 3331 1509 3398 in
1546 3331 1714 3386 medio
1763 3331 1864 3385 mei

264 3425 407 3497 (sive
425 3427 480 3481 in
512 3424 1223 3498 me),contremucrunt(sive
1246 3423 1659 3499 commotasunt)
1690 3426 1863 3483 omnia

265 3537 381 3575 ossa
411 3537 523 3575 mea
548 3561 565 3586 ,
597 3522 766 3594 [actus
794 3536 907 3575 sum
934 3520 1085 3593 quisi
1122 3520 1200 3574 vir
1234 3518 1401 3575 ebrius
1444 3528 1489 3574 et
1517 3520 1668 3588 quasi
1711 3519 1863 3574 homo

266 3610 509 3673 madidus
539 3610 684 3697 (sive
710 3612 915 3687 999"
937 3611 1236 3685 separatus)
1266 3613 1383 3668 vino
1411 3630 1442 3666 a
1464 3612 1603 3684 facie
1627 3611 1861 3681 Domini,

264 3714 311 3760 et
340 3722 372 3758 a
404 3704 539 3778 facie
575 3702 838 3759 verborum
865 3704 1181 3759 Sanctorum
1202 3706 1314 3781 ejus
1339 3705 1479 3778 (sive
1501 3713 1546 3758 et
1565 3705 1701 3778 [acie
1714 3706 1866 3759 deco-

264 3797 336 3852 ris
353 3798 536 3870 gloria:
564 3792 724 3872 ejus).
749 3794 1112 3855 Considerate
1137 3797 1284 3852 vultu
1315 3798 1716 3859 omnipotentis
1738 3795 1858 3865 Dei,

268 3892 369 3947 hoc
391 3898 502 3967 est,
532 3889 736 3956 Patris,
759 3896 813 3945 et
834 3888 1188 3944 considerato
1210 3888 1358 3943 vultu
1395 3884 1539 3955 Filii,
1588 3887 1681 3967 qui
1710 3888 1863 3961 juxta

265 3982 591 4057 Apostolum
622 3982 884 4053 splendor
908 3981 1059 4036 illius
1096 3981 1291 4057 glorize
1317 3980 1650 4055 appellatur,
1670 3990 1727 4037 et
1747 3981 1863 4037 for-

266 4056 707 4134 malsubstantite
738 4075 836 4131 Dei
866 4073 1054 4146 (Hebr.
1081 4056 1142 4147 ι),
1175 4070 1453 4147 Propheta
1505 4084 1557 4131 et
1602 4075 1789 4129 animo
1812 4086 1868 4131 et

266 4183 506 4241 corpore
546 4167 946 4239 perhorrescit,
964 4177 1020 4223 et
1051 4166 1306 4239 intelligit
1327 4181 1451 4223 esse
1477 4182 1537 4222 se
1566 4166 1747 4235 nihili,
1780 4181 1869 4227 se-

267 4262 507 4316 cundum
540 4260 683 4333 quod
718 4271 772 4316 et
804 4261 856 4315 in
880 4260 986 4315 alio
1029 4263 1150 4315 loco
1178 4259 1382 4315 dicitur
1416 4279 1428 4314 :
1467 4258 1535 4316 Ut
1567 4264 1867 4335 jumentum

268 4355 442 4427 factus
471 4369 589 4409 sum
626 4352 768 4427 apud
793 4362 839 4407 te
883 4350 1059 4434 (Psal.
1084 4368 1258 4423 Lxxn,
1289 4352 1407 4426 εδ).
1434 4348 1563 4411 Sive
1587 4354 1865 4411 victimam

266 4444 626 4502 Conscientia:
653 4459 699 4500 et
719 4444 1044 4501 humilitatis
1076 4462 1191 4501 sua:
1218 4444 1376 4503 offert
1406 4446 1520 4503 Deo
1544 4447 1698 4518 juxta
1730 4444 1864 4502 illud

265 4541 412 4613 quod
463 4540 515 4595 in
568 4539 803 4595 Psalmis
850 4539 1090 4611 legitur:
1147 4541 1485 4613 Sacri/icium
1514 4543 1620 4601 Deo
1648 4542 1867 4617 spiritus

1977 1927 2244 2000 perjnria,
2270 1928 2533 1985 virtutum
2562 1938 2618 1986 et
2643 1929 3002 1986 donationum
3034 1928 3161 1998 Dei,
3206 1928 3480 1986 sterilitas
3527 1928 3581 1986 in

1978 2021 2241 2081 Ecclesiis
2262 2023 2357 2078 sit.

2048 2115 2231 2190 (Vers.
2269 2117 2360 2182 ll,
2395 2116 2510 2187 1‘2.)
2537 2115 2807 2191 PrOpheta
2833 2133 3059 2190 namque
3080 2126 3130 2172 et
3172 2116 3439 2174 Sacerdos
3465 2118 3583 2190 pol-

1975 2210 2072 2266 luti
2093 2220 2237 2277 sunt,
2266 2211 2391 2267 etin
2416 2212 2569 2266 domo
2612 2229 2726 2267 mea
2746 2212 2920 2267 inveni
2957 2212 3100 2267 mala
3136 2210 3322 2286 [Vulg.
3364 2210 3586 2285 malum]

1971 2321 2174 2373 eorum,
2219 2307 2291 2381 ait
2316 2304 2591 2362 Dominus.
2631 2305 2845 2362 Idcirco
2882 2304 2971 2361 via
2993 2323 3172 2362 eorum
3194 2307 3297 2362 erit
3329 2307 3481 2377 quasi
3502 2308 3585 2361 lu-

1974 2396 2244 2453 bricumin
2276 2398 2521 2453 tenebris.
2555 2396 2903 2470 lmpellentur
2923 2398 3061 2452 enim
3083 2405 3133 2451 et
3155 2397 3472 2452 corruentin
3494 2413 3579 2467 ea,

1972 2490 2095 2565 quia
2113 2488 2332 2559 afferam
2356 2490 2498 2563 (sive
2521 2489 2770 2561 inferam)
2798 2505 2956 2561 super
2978 2504 3063 2544 eos
3086 2488 3246 2555 mala,
3273 2504 3470 2543 annum
3511 2488 3586 2545 ισέ-

1973 2581 2232 2637 sitationis
2261 2598 2461 2645 eorum,
2494 2582 2572 2635 ait
2637 2579 2915 2635 Dominus.
2973 2578 3205 2648 Quaado
3239 2580 3294 2635 in
3328 2580 3580 2637 Ecclesia

1979 2673 2425 2744 Dei,etmaxime
2454 2674 2507 2728 in
2536 2668 2876 2744 principibus
2896 2672 3014 2743 ejus
3041 2672 3577 2742 inveniunturmala,

1973 2766 2213 2821 sciamus
2238 2781 2361 2822 esse
2386 2748 2745 2841 completum,
2776 2764 2990 2838 1000
3045 2764 3313 2837 PrOpltetn
3340 2775 3390 2821 et
3410 2782 3582 2821 sacer-

1971 2857 2065 2913 dos
2096 2858 2281 2932 polluti
2310 2866 2429 2912 sunt
2448 2875 2468 2924 ;
2488 2860 2541 2912 in
2574 2857 2727 2912 domo
2762 2874 2875 2911 mea
2895 2857 3070 2911 inveni
3098 2857 3241 2911 mala
3273 2870 3478 2923 eorum,
3503 2856 3580 2910 ait

1973 2951 2250 3006 Dominus.
2278 2950 2483 3007 Domus
2511 2960 2697 3005 autem
2725 2948 2926 3005 Christi
2961 2948 3201 3005 Ecclesia
3225 2956 3332 3019 est,
3368 2950 3439 3005 de
3468 2962 3577 3020 qua

1970 3057 2024 3105 et
2052 3046 2348 3118 Apostolus
2378 3044 2651 3102 scribitad
2684 3042 3071 3100 Timotheum:
3112 3038 3182 3098 Ut
3207 3044 3343 3099 scias
3362 3056 3582 3114 quomo-

1970 3139 2039 3195 do
2069 3148 2116 3194 te
2139 3146 2380 3209 oporteat
2403 3138 2459 3193 in
2480 3137 2636 3193 domo
2665 3136 2760 3191 Dei
2793 3136 3117 3203 conversari,
3142 3146 3257 3207 qua:
3282 3144 3360 3192 est
3384 3134 3573 3192 Eccle-

1890 3226 1937 3289 C
1970 3234 2045 3289 sia
2067 3231 2163 3287 Dei
2188 3231 2309 3298 viui,
2333 3230 2578 3287 columna
2599 3240 2647 3286 et
2691 3231 3075 3299 ﬁrmamentum
3102 3228 3335 3284 veritatis
3363 3227 3409 3304 (1
3431 3225 3574 3283 Tim.

1974 3344 2051 3395 ιιι,
2083 3324 2198 3400 15).
2224 3324 2283 3382 ιιι
2315 3324 2896 3407 propheta,doctorem
2923 3322 3111 3396 accipe
3137 3338 3151 3378 :
3174 3323 3229 3378 in
3259 3319 3576 3389 sacerdote,

1974 3421 2269 3479 ministerii
2300 3412 2648 3497 dignitatem.
2673 3420 2777 3487 Qui
2807 3419 2854 3474 si
2875 3433 3039 3491 prava
3067 3426 3253 3474 mente
3278 3428 3579 3472 consense-

1973 3515 2105 3581 rint,
2124 3516 2231 3570 erit
2252 3515 2340 3569 via
2366 3502 2559 3570 eorum
2590 3513 2641 3567 in
2673 3512 2945 3571 lubricum
2974 3519 3030 3566 et
3054 3512 3108 3566 in
3148 3506 3442 3576 tenebris;
3474 3521 3578 3564 nec

1975 3609 2254 3665 habebunt
2284 3608 2573 3663 Dominum
2604 3606 2920 3681 loquentem
2959 3622 2970 3658 :
3009 3602 3122 3676 Ego
3149 3602 3308 3658 luxin
3326 3601 3577 3657 mundum

1972 3701 2110 3766 ueni,
2140 3711 2195 3754 ut
2223 3700 2391 3754 omnis
2413 3699 2503 3775 qui
2526 3698 2688 3754 credit
2710 3698 2765 3753 in
2795 3713 2895 3763 me,
2914 3696 2971 3750 in
2989 3694 3212 3750 tenebris
3237 3711 3343 3749 non
3371 3702 3580 3748 maneat

1976 3798 2155 3876 (Iona.
2184 3814 2283 3866 xu,
2317 3796 2432 3871 46).
2463 3794 2621 3853 Unde
2650 3805 2876 3851 sanctus
2908 3793 3173 3864 loquitur,
3204 3804 3398 3847 omnes
3426 3798 3579 3846 tene-

1975 3894 2101 3957 bras
2133 3892 2347 3965 lugieus
2373 3888 2485 3973 [ΑΙ.
2522 3886 2815 3961 fugientes]
2847 3905 2860 3943 :
2889 3886 3171 3959 Signatum
3198 3892 3274 3939 est
3301 3899 3455 3956 super
3482 3898 3578 3937 nos

1974 3991 2146 4046 lumen
2169 3985 2340 4051 uultus
2381 3986 2456 4047 tui
2478 4026 2493 4052 ,
2524 3982 2745 4038 Domine
2785 3998 2804 4036 :
2863 3980 3055 4035 dedisti
3097 3978 3327 4034 laetitiam
3386 3976 3441 4031 in
3488 3993 3581 4033 cor

1974 4100 2143 4141 meum
2170 4080 2278 4155 [AL
2311 4079 2468 4135 corde
2489 4075 2628 4153 meo]
2648 4075 2825 4151 (Psal.
2848 4071 3146 4148 tv,7).Cutn
3170 4078 3353 4128 autem
3370 4071 3579 4127 fuerint

1974 4181 2029 4235 in
2055 4176 2296 4233 tenebris
2327 4182 2384 4228 et
2411 4172 2464 4227 in
2494 4173 2578 4226 via
2608 4169 2841 4235 lubrica,
2877 4182 3071 4225 errore
3103 4162 3365 4222 videlicet
3392 4160 3577 4219 hatre-

1974 4271 2106 4341 tice,
2138 4266 2203 4327 ad
2261 4280 2482 4343 omnem
2527 4270 2732 4317 motum
2774 4259 3126 4343 impellettlur
3185 4268 3239 4313 et
3289 4263 3573 4313 corruent.

1976 4365 2042 4421 Et
2065 4361 2224 4418 inlert
2252 4375 2416 4434 super
2440 4372 2539 4414 eos
2555 4354 2819 4411 Dominus
2847 4352 3123 4421 mala,non
3140 4365 3246 4423 quo
3270 4349 3414 4405 mala
3439 4348 3572 4412 sint,

1977 4468 2034 4512 ut
2057 4455 2319 4511 Dominus
2351 4452 2490 4509 mala
2518 4448 2717 4505 inierat
2738 4468 2751 4503 :
2776 4446 2876 4504 sed
2898 4445 3035 4501 mala
3059 4444 3146 4500 his
3168 4442 3257 4514 qui
3291 4440 3577 4499 sustinent

1974 4545 2519 4623 supplicia.Alioquin
2541 4543 2731 4598 eadem
2759 4549 2816 4596 et
2842 4538 2981 4594 mala
3004 4547 3129 4594 sunt
3156 4543 3215 4593 et
3240 4535 3574 4602 bona.Mala,

267 4635 669 4703 contribulatus,
701 4652 788 4691 cor
811 4638 1090 4691 contritum
1112 4646 1160 4691 et
1189 4638 1521 4693 humiliatum
1573 4639 1712 4694 Deus
1762 4655 1866 4694 non
1894 4622 2125 4714 Djuxta
2157 4656 2253 4698 eos
2279 4654 2419 4712 quos
2439 4637 2688 4694 cruciant
2713 4651 2727 4689 :
2759 4633 2925 4699 bona,
2939 4632 3091 4703 juxta
3107 4646 3204 4688 eos
3233 4645 3372 4702 quos
3389 4638 3578 4687 emcn-

265 4728 467 4801 spernit
495 4727 670 4803 (Psal.
719 4747 770 4795 ιη,
806 4729 918 4803 19).
963 4728 1097 4787 Ossa
1136 4740 1315 4797 autem
1350 4750 1472 4809 qua:
1518 4746 1871 4791 contremttc-
1973 4736 2198 4794 dant.Et
2221 4736 2324 4791 hoc
2347 4728 2823 4813 uotandum,quod
2841 4742 3018 4783 annus
3040 4724 3373 4783 visltalionis
3390 4720 3579 4779 Domi-

269 4830 419 4890 runt,
450 4823 567 4877 sive
615 4831 888 4878 Commota
915 4834 1064 4890 sunt,
1096 4824 1185 4879 illa
1217 4826 1619 4907 intelligamus,
1653 4826 1720 4882 de
1748 4828 1869 4899 qui-
1972 4831 2047 4899 ni,
2100 4827 2370 4887 correctio
2407 4823 2751 4907 peccantium
2798 4820 3013 4878 dicatur
3063 4830 3229 4891 atque
3267 4816 3572 4882 cruciatus,

268 4915 373 4972 bus
410 4910 555 4970 idem
599 4912 770 4970 David
791 4917 936 4983 canit
972 4932 985 4970 :
1023 4915 1211 4971 Otnnia
1239 4934 1359 4979 ossa
1387 4934 1499 4974 mea
1522 4920 1717 4996 dicent,
1761 4919 1869 4973 Do-

270 5013 430 5089 mine,
451 5012 567 5084 quis
604 5011 795 5089 similis
826 5012 900 5075 tui
942 5009 1116 5080 (Psal.
1154 5029 1338 5079 xxxiv,
1370 5009 1495 5087 l0)?
1551 5012 1749 5070 Factus
1785 5023 1872 5072 est

265 5088 423 5175 quasi
452 5088 664 5185 ebriu‘s,
692 5115 747 5160 et
768 5104 925 5176 (μιξμὶ
952 5107 1116 5160 homo
1155 5106 1434 5171 madidus.
1493 5110 1608 5167 sive
1630 5125 1864 5182 sopora-

270 5207 362 5253 tus
384 5194 536 5265 vino,
571 5195 779 5259 nullam
816 5197 1028 5251 habens
1058 5197 1480 5273 intelligentiam
1504 5245 1517 5269 ,
1552 5200 1871 5275 nullamque

267 5288 626 5362 sapientiam.
660 5286 918 5357 Dominus
960 5292 1098 5345 enim
1138 5294 1280 5348 novit
1332 5297 1673 5368 cogitationes
1703 5296 1872 5353 homi-

267 5401 414 5453 num,
443 5386 693 5456 quoniam
735 5401 881 5440 vana:
906 5394 1023 5439 sunt
1065 5380 1241 5471 (Psal.
1275 5403 1420 5453 κομι.
1457 5388 1568 5460 ll).
1600 5389 1657 5446 Si
1687 5403 1869 5467 autem

271 5480 376 5535 hoc
402 5478 475 5534 ita
508 5488 617 5547 est,
652 5477 746 5534 ubi
777 5491 904 5535 sunt
925 5482 1018 5563 qui
1047 5480 1344 5553 perlectam
1380 5484 1432 5538 iu
1461 5484 1685 5563 homine
1709 5484 1871 5556 justi-

271 5571 401 5627 tiam
426 5569 764 5655 prtedicant?
788 5570 945 5643 Quod
968 5572 1013 5627 si
1044 5573 1438 5645 responderint
1466 5574 1534 5635 de
1546 5574 1872 5636 sanctishoc

345 5748 371 5775 ἰ
401 5736 635 5793 Cisterc.
664 5734 753 5791 hic
777 5745 941 5805 atque
968 5738 1104 5794 inira
1131 5750 1426 5810 superatus,
1450 5756 1550 5815 pro
1570 5753 1861 5815 soporatus.

270 5831 331 5893 In
355 5831 550 5888 Grieco
569 5832 660 5885 est
702 5829 1078 5906 συνεχόμενος.
1106 5831 1265 5890 Adde
1304 5835 1451 5906 quod
1503 5835 1555 5893 in
1608 5836 1879 5897 llehraico

1965 4923 2119 4996 juxta
2135 4920 2267 4995 illud
2284 4918 2428 4994 quod
2448 4917 2712 4990 scriptum
2728 4923 2838 4972 est:
2858 4913 3147 4970 Visitaboin
3164 4913 3309 4989 uirga
3326 4909 3575 4979 iniquita-

1973 5031 2046 5075 tes
2060 5034 2256 5086 eorum,
2272 5015 2384 5073 etin
2400 5014 2692 5075 verberibus
2715 5023 2922 5082 peccata
2942 5025 3152 5066 eorum:
3169 5004 3579 5063 misericordiam

1975 5122 2144 5167 autem
2160 5126 2327 5169 meam
2341 5125 2442 5165 non
2456 5107 2748 5185 dispergam
2767 5104 2831 5160 ab
2853 5102 3212 5187 eo(Psal.Lxx
3224 5096 3574 5170 svn,35,34).

2049 5206 2233 5283 (Vers.
2261 5202 2377 5277 15.)
2405 5201 2470 5257 Ει
2493 5203 2547 5256 in
2579 5200 2852 5277 prophetis
2882 5197 3139 5255 Samaria:
3166 5192 3273 5248 vidi
3297 5190 3580 5247 stultitiam

1974 5299 2455 5377 (siveiniquitatem
2487 5295 2670 5375 [γυιε.
2705 5291 3020 5377 fatuitatem]
3043 5291 3089 5365 );
3112 5286 3494 5365 prop/telabant
3524 5284 3578 5341 in

1976 5376 2112 5457 Baal
2136 5392 2188 5463 ιδ,
2210 5376 2256 5447 et
2285 5386 2611 5465 decipiebant
2635 5376 2884 5470 populum
2914 5399 3087 5439 meum
3120 5380 3433 5449 Israel.Ego
3452 5394 3580 5448 pro-

1977 5488 2168 5561 pltetas
2198 5485 2482 5553 Samariar,
2515 5484 2667 5561 juxta
2702 5481 2967 5554 mysticus
2991 5476 3327 5542 intellectus,
3358 5471 3583 5544 proprie

1976 5579 2268 5639 haereticos
2296 5578 2402 5633 dici
2439 5588 2591 5651 puto,
2619 5578 2673 5630 et
2700 5584 2892 5630 omnes
2934 5570 3026 5651 qui
3057 5569 3271 5653 jactant
3310 5564 3451 5639 falsi,
3482 5579 3583 5621 no«

1974 5760 2194 5818 quoque
2214 5755 2300 5801 εει
2323 5750 2392 5798 ιιι
2421 5749 2579 5806 ΊἽἏΏ.

2061 5842 2091 5883 1³
2122 5838 2277 5897 ldem
2302 5852 2405 5896 ms.
2437 5836 2606 5904 addit,
2641 5842 2688 5889 et
2709 5831 3035 5905 decipiebant
3057 5829 3113 5885 in
3141 5826 3296 5883 Bonl.

3732 6034 4062 6318 ,Δ
