4080 6326
549 278 658 334 825

1776 272 1832 324 S.
1885 268 2146 326 EUSEBII
2193 268 2568 329 IIIERONYMI

3751 275 3846 334 εξι

557 398 719 454 minis
742 397 1048 453 scientiam.
1081 393 1364 462 Quomodo
1419 401 1601 448 autem
1650 392 1930 463 prophetae
1956 391 2148 446 Sama-
2177 422 2228 480 Α
2254 404 2353 444 suo
2382 390 2548 445 corde
2576 391 2923 448 simularunt.
2981 393 3174 449 Dicunt
3224 396 3306 450 his
3335 399 3424 468 qui
3475 395 3846 465 blaSphemaut

546 494 644 547 ria“:
685 490 946 563 Quidquid
1001 489 1398 560 loquebantur,
1453 485 1862 558 prophetabant
1907 485 1960 538 in
1994 483 2146 550 Baal,

551 587 700 642 idolo
728 584 1359 651 videlicet,d:emonibus
1391 588 1756 638 consecrato:
1791 579 1873 634 sic
1905 578 2149 634 lueretici

549 679 811 750 quidquid
836 679 1129 750 loquuntur
1160 678 1215 733 in
1246 678 1521 744 Ecclesia,
1575 675 1694 731 sive
1747 684 1907 730 extra
1951 673 2146 728 Eccle—

550 774 710 832 siam.
747 781 806 828 ut
833 774 1186 844 supplantent
1211 772 1469 843 populum
1506 769 1695 836 Israel,
1722 771 1813 840 qui
1851 768 2000 837 prius
2021 781 2146 822 cer-

548 865 712 921 nebat
749 867 940 933 neum,
966 866 1270 938 loquuntur
1301 865 1354 920 in
1387 862 1756 920 dtemonibus.
1790 860 1946 917 Unde
2000 869 2057 914 et
2081 858 2150 914 si-

545 961 898 1030 gnilicauter,
931 961 1007 1014 ait
1032 977 1045 1012 :
1074 958 1138 1013 Et
1160 960 1213 1013 in
1241 957 1520 1031 PrOphetis
1545 956 1806 1013 Samaria:
1832 953 1939 1008 vidi
1970 953 2148 1007 stulti-

547 1055 673 1106 tiam
711 1050 758 1106 tl
789 1052 910 1107 Cor.
939 1067 980 1114 ι,
1004 1051 1101 1119 24)
1137 1067 1150 1104 :
1195 1068 1303 1105 non
1337 1052 1484 1105 enim
1517 1050 1725 1104 habent
1753 1063 1902 1112 eum,
1945 1045 2013 1101 de
2039 1060 2147 1116 quo

547 1147 766 1212 dicitur,
795 1145 1035 1201 Christus
1071 1145 1167 1199 Dei
1189 1146 1352 1200 virtus
1379 1153 1425 1199 et
1458 1143 1550 1197 Dei
1573 1141 1850 1214 sapientia.

623 1242 803 1312 (Vers.
840 1239 957 1310 M.)
991 1237 1058 1292 Et
1076 1240 1129 1291 in
1151 1237 1418 1310 prophetis
1446 1234 1741 1290 Jerusalem
1768 1233 1872 1287 vidi
1901 1232 2148 1285 similitu-

549 1333 725 1386 dinem
746 1333 884 1405 (sive
917 1329 1240 1396 horribilia),
1277 1339 1300 1366 ο
1331 1326 1648 1382 adulterium
1681 1339 1725 1380 et
1752 1325 1849 1379 iter
1870 1325 2145 1389 mendacii,

545 1436 594 1480 et
625 1429 1047 1497 confortavet'unt
1079 1440 1268 1476 manus
1303 1422 1663 1490 pessimorum,
1685 1429 1739 1472 ut
1761 1435 1862 1472 non
1885 1427 2148 1472 converte—

545 1529 690 1573 retur
719 1519 1071 1590 unusquisque
1091 1535 1122 1571 a
1147 1518 1336 1570 militia
1363 1533 1457 1569 sua
1478 1515 1615 1588 (sive
1657 1531 1686 1566 a
1717 1515 1796 1566 via
1835 1530 1932 1568 sua
1987 1513 2151 1583 pessi-

543 1616 678 1682 ma).
703 1611 860 1666 Facti
882 1622 998 1666 sunt
1019 1611 1144 1665 mihi
1175 1628 1350 1665 omnes
1375 1611 1525 1682 quasi
1553 1609 1785 1664 Sodoma
1806 1651 1821 1675 ,
1868 1617 1917 1661 et
1947 1607 2148 1660 habita-

543 1718 683 1761 tores
703 1711 816 1779 ejus
839 1707 988 1778 quasi
1008 1705 1318 1760 Gomorrha.
1341 1703 1458 1759 Non
1489 1705 1691 1769 solum,
1718 1703 1914 1773 inquit,
1951 1702 2004 1756 in
2040 1700 2150 1755 lite-

545 1799 848 1854 reticorum
883 1798 1266 1853 conciliabulis
1299 1796 1415 1851 ba-c
1459 1804 1676 1866 reperta
1734 1804 1860 1849 sunt
1889 1835 1904 1860 ,
1963 1794 2057 1848 sed
2092 1794 2144 1848 in

543 1893 824 1962 prophetis
846 1906 1061 1963 quoque
1083 1889 1475 1956 Jerusalem,id
1497 1887 2141 1959 est,doctorihuleOl

540 1985 805 2040 Ecclesire
824 1985 939 2040 vidi
972 1984 1336 2049 similia,sive
1367 1982 1674 2048 horribilia,
1710 1981 2142 2035 adulterautium

543 2081 772 2135 verbum
801 2081 919 2146 Dei,
941 2091 994 2134 et
1023 2078 1447 2145 ingredientium
1469 2093 1565 2148 per
1589 2077 1730 2132 viam
1759 2075 2055 2139 mendacii,
2087 2083 2146 2128 ιιι

542 2174 932 2231 haereticorum
957 2173 1189 2228 fallaciis
1217 2172 1658 2244 acquiescerent,
1685 2181 1740 2226 et
1761 2169 2145 2225 confortarent

543 2281 739 2321 manus
769 2267 1158 2337 pessimorum,
1192 2279 1494 2336 eorumque
1521 2265 1663 2320 mala
1692 2264 1806 2319 suis
1837 2262 2146 2318 sceleribus

536 2361 924 2431 adjnugerent,
958 2368 1013 2413 et
1039 2373 1175 2429 quos
1194 2358 1475 2428 corrigere
1504 2356 1842 2422 debuerant,
1871 2354 2146 2409 ducerent

543 2454 595 2508 in
629 2453 932 2508 interitum.
963 2451 1066 2519 Qui
1089 2451 1192 2506 hor
1210 2449 1472 2516 fecerint,
1500 2465 1606 2504 non
1631 2463 1691 2503 se
1721 2447 2144 2506 :estimentzim-

541 2547 778 2618 punitos.
814 2547 987 2602 Erunt
1017 2546 1164 2600 enim
1187 2557 1242 2600 et
1266 2546 1366 2613 ipsi
1390 2553 1446 2598 et
1470 2543 1523 2596 bi
1553 2541 1754 2612 quibus
1777 2540 2142 2611 favent,quasi

544 2641 806 2708 Sodoma,
836 2655 1140 2710 omnesque
1172 2639 1261 2709 qui
1287 2637 1752 2692 babitanturcnm
1781 2634 1888 2701 eis,
1920 2649 2019 2689 nec
2054 2649 2141 2688 re-

541 2737 742 2796 cedent
777 2754 806 2792 a
843 2737 1077 2800 talibus,
1107 2735 1266 2806 quasi
1318 2731 1651 2790 Gomorrha.
1695 2730 1945 2786 Exsultct
1976 2729 2145 2800 igitur

540 2843 804 2901 quantum
845 2829 961 2882 vult
994 2828 1239 2883 doctrina
1273 2825 1531 2896 pessima,
1557 2833 1614 2879 et
1659 2823 1964 2895 glorientur
2018 2837 2144 2892 pro-

540 2927 721 2995 phetae
752 2923 1055 2979 Jerusalem
1087 2920 1232 2991 quod
1265 2918 1606 2974 obtinuerint
1632 2932 1729 2988 per
1773 2915 2140 2980 mendacium,

543 3029 598 3074 et
623 3015 1060 3073 confortaverint
1085 3027 1276 3068 manus
1314 3010 1673 3081 pessimorum
1709 3026 1722 3061 :
1771 3007 1896 3062 ﬁnis
1949 3021 2140 3062 eorum

541 3111 649 3164 erit
675 3109 827 3179 quasi
853 3108 1090 3164 Sodoma
1123 3114 1178 3159 et
1205 3103 1536 3161 Gomorrha.

613 3201 801 3272 (Vers.
837 3198 952 3270 15.)
1001 3198 1286 3272 PrOpterea
1331 3195 1442 3251 haec
1489 3195 1611 3249 dicit
1639 3192 1896 3248 Dominus
1944 3194 2144 3248 exerci—
2171 3219 2212 3275 (ἶ

541 3305 687 3349 tuum
732 3294 800 3346 ad
839 3290 1134 3360 Prophetas
1163 3305 1182 3343 :
1222 3287 1356 3342 Ecce
1398 3303 1493 3358 ego
1532 3286 1712 3340 cibabo
1751 3302 1836 3340 eos
1884 3284 2142 3339 absinthio

541 3385 686 3456 (sive
715 3382 1003 3446 doloribus,
1033 3391 1084 3435 et
1109 3381 1271 3450 juxta
1309 3379 1698 3450 Symmachum
1723 3417 1738 3441 ,
1768 3377 2142 3445 amaritudine)

540 3489 588 3534 et
615 3477 804 3551 potabo
833 3493 918 3532 eos
947 3474 1065 3546 felle
1093 3475 1243 3545 (sive
1265 3490 1402 3541 aqua
1428 3472 1654 3542 amara),
1678 3471 1799 3540 quia
1837 3485 2040 3542 egressa
2069 3479 2143 3524 est

537 3593 570 3629 ιι
590 3574 855 3646 prophetis
883 3568 1179 3626 Jerusalem
1211 3566 1431 3638 pollutio
1461 3568 1512 3620 in
1547 3581 1746 3618 omnem
1777 3576 1986 3618 terram.
2014 3564 2144 3618 Uta-

538 3683 661 3724 mur
691 3672 794 3722 hoc
825 3663 1137 3721 testimonio
1166 3662 1458 3717 adversum
1489 3674 1604 3723 eos,
1635 3659 1724 3727 qui
1749 3659 2009 3729 epistolas
2031 3657 2144 3727 ple—

537 3778 636 3819 nas
667 3762 1081 3818 mendaciorum
1112 3769 1167 3813 et
1199 3755 1582 3812 fraudulentize
1612 3764 1774 3824 atque
1817 3751 2043 3821 perjurii
2088 3750 2142 3805 in

536 3857 726 3915 orbem
754 3855 1018 3926 dirigunt,
1054 3862 1112 3907 ut
1138 3861 1379 3907 etaures
1418 3849 1658 3919 polluant
1688 3847 2053 3906 audientium.
2089 3854 2143 3898 et

538 3950 1004 4010 existimationem
1038 3945 1369 4016 simplicium
1403 3942 1604 3998 lmdant
1631 3983 1645 4006 ,
1678 3939 1822 4010 quod
1853 3940 2143 4008 impleatur

535 4048 590 4102 in
618 4047 698 4101 eis
729 4044 832 4098 hoc
859 4042 1002 4113 quod
1024 4040 1290 4110 scriptum
1321 4050 1407 4093 est
1438 4056 1451 4090 :
1482 4038 1526 4091 Α
1555 4034 1822 4105 praphetis
1847 4031 2141 4087 Jerusalem

534 4149 608 4195 est
638 4155 840 4213 egressa
868 4135 1086 4210 pollutio
1113 4135 1166 4187 in
1209 4147 1412 4186 omnem
1445 4140 1656 4184 terram.
1710 4125 1828 4181 Non
1872 4128 2016 4180 enim
2060 4126 2141 4180 eis

529 4232 736 4288 sufﬁcit
761 4231 1104 4300 iniquitatem
1134 4222 1407 4294 propriam
1437 4223 1737 4283 devorare,
1772 4230 1827 4273 et
1859 4216 2139 4289 proximos

529 4325 732 4382 laedere
757 4343 772 4378 :
802 4323 898 4378 sed
929 4335 1066 4391 quos
1096 4317 1265 4373 semel
1298 4316 1558 4379 oderunt,
1583 4329 1680 4384 per
1709 4313 2027 4367 universum
2049 4325 2139 4365 or—

539 4422 662 4475 bem
695 4419 954 4472 infamare
980 4421 1252 4469 conantur
1280 4454 1293 4477 ,
1341 4421 1397 4465 et
1445 4410 1646 4480 ubique
1695 4407 1969 4463 seminare
1999 4405 2138 4460 blas-

537 4516 808 4587 phemias.

2255 500 2360 549 me,
2395 484 2662 540 haereticis
2683 486 2936 543 videlicet
2967 498 3132 559 atque
3163 492 3463 562 perversis,
3493 491 3612 547 sive
3647 490 3736 561 qui
3763 490 3849 544 ab—

2249 580 2446 651 jiciunt
2473 596 2779 638 sermonem
2812 599 2993 640 meum
3031 603 3047 639 :
3077 585 3204 653 quid
3233 587 3468 642 dicunt?
3529 585 3754 642 Locutus
3779 595 3849 641 est

2253 672 2536 743 Dominus,
2567 692 2669 744 pax
2695 677 2790 731 erit
2820 677 2981 733 vobis.
3018 677 3095 734 Ne
3129 680 3365 737 timeatis
3395 681 3530 736 dura
3564 680 3842 749 supplicia,

2254 779 2352 820 nec
2379 768 2530 820 vanis
2553 768 3069 824 comminationibus
3090 773 3397 828 terreamini
3424 791 3436 825 :
3466 788 3568 843 pax
3585 775 3684 828 erit
3707 772 3848 828 vobis

2254 867 2415 928 atque
2445 861 2828 932 tranquillitas,
2861 874 2911 916 et
2940 864 3201 933 quidquid
3225 865 3458 920 dicimus
3486 874 3540 918 et
3575 865 3850 920 annuntia-

2255 966 2377 1005 mus
2405 951 2579 1018 vobis,
2614 953 2827 1008 locutus
2857 964 2942 1010 est
2975 955 3279 1022 Dominus;
3329 973 3431 1013 nec
3473 960 3660 1013 veniet
3696 971 3849 1028 super

2255 1061 2349 1100 vos
2372 1048 2599 1110 malum,
2625 1047 2768 1117 quod
2799 1049 3002 1104 timetis
3038 1051 3247 1124 1002
3278 1066 3373 1118 pro
3402 1052 3545 1107 mala
3574 1052 3849 1107 conscienc

2257 1140 2329 1195 tia
2356 1157 2370 1205 ;
2405 1140 2499 1196 sed
2532 1142 2732 1196 bonum
2763 1143 2904 1214 quod
2934 1143 3099 1198 vobis
3123 1149 3337 1201 locutus
3363 1155 3446 1201 est
3471 1146 3758 1200 Dominus.

2329 1234 2456 1300 Quis
2485 1235 2620 1288 enim
2649 1233 2800 1302 affuit
2827 1237 2880 1290 in
2909 1238 3133 1291 consilio
3161 1236 3390 1307 Domini,
3417 1249 3468 1293 et
3497 1239 3648 1306 vidit,
3682 1248 3729 1292 et
3759 1255 3848 1293 au-

2255 1327 2380 1380 divit
2403 1343 2688 1382 sermonem
2713 1329 2870 1400 ejus?
2909 1329 3025 1400 quis
3052 1331 3398 1386 consideravit
3430 1333 3646 1387 verbum
3693 1331 3846 1400 illius,

2254 1431 2299 1474 et
2330 1421 2576 1476 audivit?
2608 1420 2706 1477 Ubi
2736 1437 2833 1477 nos
2865 1423 3204 1492 interpretati
3250 1441 3438 1480 sumus
3466 1469 3481 1489 ,
3513 1428 3569 1480 in
3597 1425 3812 1480 consilia
3833 1468 3847 1491 ,

2253 1523 2308 1569 et
2361 1514 2412 1568 in
2444 1513 2714 1570 Hebraico
2741 1516 3002 1586 scriptum
3035 1527 3117 1571 est
3157 1532 3322 1573 sssoo
3363 1517 3546 1589 (πει)
3591 1535 3605 1573 :
3640 1517 3847 1588 Aquila,

2253 1616 2504 1660 secretum
2552 1623 2572 1661 :
2613 1608 3003 1678 Symmachus,
3031 1625 3314 1664 sermonem
3348 1626 3367 1664 :
3403 1609 3761 1682 Septuaginta
3801 1620 3851 1665 et

2253 1696 2578 1766 Tlteodotio,
2623 1698 2982 1762 substantiam,
3013 1700 3128 1755 sive
3165 1701 3556 1756 subsistentiant
3588 1702 3850 1772 interpre-

2256 1793 2351 1846 tati
2377 1803 2526 1846 sunt.
2583 1792 2647 1847 Et
2681 1800 2764 1848 est
2795 1808 2990 1848 sensus
3031 1813 3042 1846 :
3096 1793 3276 1850 Nolite
3304 1795 3532 1850 credere
3555 1837 3571 1862 ,
3603 1811 3637 1848 ο
3667 1796 3850 1866 vulgus

2248 1885 2528 1940 indoctum
2558 1930 2571 1952 ,
2627 1885 2914 1956 PrOphetis
2940 1930 2954 1955 ,
3011 1887 3167 1941 vobis
3207 1887 3338 1943 falsa
3374 1887 3842 1956 atmuntiautibus,

2249 1981 2338 2050 qui
2369 1980 2576 2046 dicunt,
2615 1980 2960 2036 haeclocutus
2979 1992 3063 2036 est
3092 1981 3372 2048 Dominus,
3395 1998 3494 2053 pax
3531 1983 3638 2038 erit
3668 1981 3844 2038 vobis:

2248 2091 2356 2130 non
2391 2077 2572 2130 veniet
2606 2091 2771 2146 super
2800 2091 2898 2130 vos
2943 2076 3168 2132 malum.
3223 2077 3378 2134 Unde
3424 2079 3573 2133 enim
3625 2087 3844 2146 possunt

2250 2166 2346 2222 Dei
2382 2182 2544 2222 nosse
2574 2177 2784 2223 secreta
2813 2213 2826 2234 ,
2879 2178 2976 2224 aut
3021 2184 3127 2239 quo
3157 2171 3544 2238 annuntiante,
3584 2170 3678 2226 Dei
3713 2170 3844 2226 didi-

2247 2276 2371 2317 cere
2402 2262 2739 2318 consilium?
2763 2262 3044 2331 quomodo
3071 2263 3137 2316 ad
3170 2278 3265 2317 eos
3295 2262 3493 2318 divine
3523 2262 3838 2333 dispositio-

2248 2357 2333 2411 nis
2357 2370 2541 2412 sermo
2572 2358 2867 2427 pervenit?
2897 2356 3128 2424 Quidam
3163 2369 3481 2412 nostrorum
3505 2357 3560 2412 in
3595 2359 3697 2412 hoc
3731 2357 3840 2412 loco

2248 2451 2522 2520 reperisse
2548 2465 2607 2507 se
2634 2460 2845 2522 putant.
2883 2450 2973 2505 ubi
3009 2449 3104 2505 Dei
3137 2450 3486 2506 describatur
3517 2451 3836 2507 substantia.

2320 2544 2502 2615 (Vers.
2534 2545 2620 2610 I9,
2653 2544 2772 2616 20.)
2804 2542 2938 2598 Ecce
2965 2545 3111 2598 turbo
3144 2544 3282 2616 (sive
3306 2553 3608 2614 tempestas,
3644 2553 3691 2600 et
3711 2562 3840 2598 com-

2249 2636 2429 2707 motio)
2459 2636 2741 2691 Dominica’
2765 2636 3140 2710 indignationis
3166 2639 3479 2710 egredietur,
3507 2649 3556 2692 et
3575 2647 3840 2710 tempestas

2245 2745 2518 2801 erumpens
2534 2747 2686 2802 super
2713 2741 2868 2799 caput
2894 2731 3174 2800 impiorum
3202 2731 3389 2798 veniet,
3421 2742 3471 2786 et
3500 2748 3603 2787 non
3632 2741 3840 2786 reverte-

2247 2833 2331 2878 tur
2361 2828 2508 2896 furor
2537 2824 2748 2879 Domini
2777 2842 2937 2897 usque
2960 2827 3084 2879 dum
3101 2828 3284 2898 faciat,
3314 2837 3362 2881 et
3379 2843 3542 2899 usque
3567 2827 3692 2881 dum
3711 2843 3840 2882 com-

2248 2916 2386 2988 pleat
2424 2919 2756 2990 cogitationes
2787 2919 2958 2972 cordis
2981 2920 3080 2972 sui.
3125 2917 3192 2973 In
3224 2921 3513 2974 novissimis
3545 2919 3726 2975 diebus
3767 2922 3838 2975 in-

2247 3008 2484 3080 telligetis
2511 3009 2784 3065 consilium
2819 3016 2949 3084 ejus.
2983 3011 3082 3080 Qui
3113 3027 3276 3083 supra
3309 3013 3565 3068 dixerant
3599 3030 3611 3066 :
3643 3012 3840 3067 locutus

2246 3113 2320 3159 est
2351 3104 2495 3160 nobis
2527 3105 2778 3160 Dominus
2800 3150 2814 3175 ,
2846 3122 2951 3175 pax
2979 3108 3074 3161 erit
3101 3108 3242 3162 vobis
3269 3151 3283 3175 ,
3316 3119 3366 3163 et
3398 3124 3537 3180 quos
3564 3110 3840 3180 corripue-

2251 3206 2335 3251 rat
2363 3196 2506 3268 quod
2539 3213 2646 3252 non
2689 3209 2913 3269 possent
2944 3208 3172 3254 ventura
3201 3215 3574 3269 cognoscere,
3621 3217 3719 3258 nec
3748 3202 3838 3258 Dei

2249 3305 2411 3345 nosse
2441 3293 2799 3360 sententiam,
2832 3309 2975 3350 nunc
3011 3293 3250 3349 ostendit
3276 3310 3374 3365 per
3397 3297 3678 3352 contraria
3705 3340 3721 3366 ,
3753 3311 3841 3355 eos

2247 3386 2469 3440 omnim
2502 3387 2734 3440 nescire.
2785 3387 2890 3441 Pro
2921 3402 3052 3457 pace
3081 3388 3224 3442 enim
3258 3397 3314 3442 et
3343 3390 3674 3458 securitate,
3711 3398 3841 3446 tem-

2248 3486 2512 3548 pestatem
2545 3480 2734 3533 venire
2764 3479 3116 3550 Babyloniam
3143 3525 3156 3546 ,
3203 3490 3258 3537 et
3308 3483 3495 3536 venire
3530 3499 3641 3538 non
3680 3497 3839 3555 super

2246 3572 2558 3642 quoslibet,
2591 3573 2687 3628 sed
2716 3589 2881 3644 super
2903 3577 3077 3644 capita
3111 3575 3403 3646 impiorum
3431 3618 3445 3642 ,
3479 3577 3565 3634 vel
3605 3579 3834 3634 universi

2248 3666 2452 3737 populi,
2486 3666 2573 3722 vel
2604 3682 2793 3722 eorum
2825 3669 2916 3737 qui
2950 3667 3080 3724 falsa
3115 3671 3315 3740 popqu
3347 3671 3692 3727 nuntiabant.
3733 3671 3837 3729 Nec

2244 3758 2388 3814 sicut
2413 3760 2465 3814 in
2499 3760 2793 3829 praeteritis
2825 3762 3165 3831 temporibus
3201 3761 3298 3817 Dei
3326 3762 3462 3817 iram
3493 3763 3836 3836 furoremque

2248 3853 2592 3923 placandum,
2622 3853 2718 3909 sed
2746 3854 2889 3925 quod
2917 3855 3166 3924 praedixit
3190 3867 3243 3912 et
3281 3857 3586 3927 saepissime
3617 3859 3835 3914 commi—

2247 3952 2406 4000 natus
2433 3955 2538 4010 est,
2566 3961 2730 4016 Opere
2755 3946 3160 4017 complendum,
3190 3957 3242 4002 et
3271 3949 3659 4018 cogitationem
3699 3948 3836 4004 illius

2244 4049 2407 4108 atque
2457 4040 2785 4096 sententiam
2828 4041 3118 4112 impiorum
3167 4043 3445 4113 suppliciis
3481 4044 3836 4116 comproban-

2244 4129 2389 4185 dam.
2457 4132 2630 4200 Cum,
2665 4132 2836 4203 inquit
2862 4175 2877 4195 ,
2909 4142 3212 4190 extremum
3252 4138 3591 4207 captivitatis
3631 4149 3834 4208 tempus

2242 4225 2549 4294 advenerit,
2574 4237 2630 4282 et
2656 4229 2953 4284 obtinuerit
2980 4243 3078 4284 vos
3105 4231 3282 4284 victor
3309 4233 3611 4298 exsultans,
3645 4244 3706 4288 et
3728 4248 3833 4286 ma-

2242 4335 2346 4375 nus
2375 4319 2613 4377 stridore
2655 4323 2891 4378 vinxerit
2932 4333 3250 4378 catenarum
3285 4341 3297 4376 :
3347 4333 3473 4380 tunc
3527 4325 3832 4398 intelligetis

2241 4413 2528 4469 consilium
2579 4414 2741 4486 ejus,
2788 4416 2930 4486 quod
2979 4432 3081 4473 vos
3127 4416 3329 4473 fruStra
3379 4434 3523 4476 nunc
3571 4421 3717 4476 scire
3753 4421 3832 4491 ja-

2240 4506 2421 4560 etatis.

602 4606 804 4680 (Vers.
842 4604 931 4672 16,
967 4604 1098 4676 17.)
1145 4602 1273 4657 [hec
1311 4603 1438 4656 dicit
1491 4600 1745 4655 Dominus
1776 4598 2130 4653 exercituum:
2160 4619 2216 4680 Β
2313 4598 2496 4671 (Vcrs,
2528 4601 2624 4668 2|,
2652 4602 2770 4672 22.)
2801 4602 2923 4659 Non
2963 4606 3225 4660 mittebam
3272 4605 3570 4680 Prophetas
3597 4651 3610 4674 ,
3658 4620 3704 4664 et
3735 4611 3830 4680 ipsi

532 4698 717 4754 Nolite
743 4697 926 4752 audire
953 4697 1102 4750 verba
1129 4696 1518 4766 praphetarum,
1537 4692 1623 4764 qui
1645 4689 1950 4764 prophetam
1969 4688 2132 4752 vobis,

529 4805 576 4850 et
620 4793 887 4862 decipiunt
917 4806 1004 4844 vos
1036 4806 1054 4844 :
1084 4790 1334 4843 visionem
1361 4789 1532 4841 cordis
1578 4787 1660 4841 sui
1711 4786 1996 4857 loquuntur
2020 4822 2036 4847 ,
2084 4793 2132 4836 et

527 4905 630 4943 non
658 4888 722 4941 de
749 4878 836 4940 ere
871 4883 1102 4940 Domini.
1159 4881 1348 4934 Dicunt
1393 4882 1472 4934 his
1512 4880 1599 4951 qui
1633 4877 1999 4948 blasphemant
2054 4892 2132 4927 me

527 4983 546 5051 (
572 4981 686 5036 sive
711 4978 964 5051 objiciunt
989 4973 1195 5030 verbum
1226 4990 1390 5027 meum
1414 4971 1457 5044 ),
1489 4971 1694 5027 locutus
1733 4980 1806 5026 est
1836 4969 2090 5023 Dominus
2113 5014 2125 5034 ,

527 5091 633 5145 pax
650 5073 748 5128 erit
775 5073 936 5127 vobis.
970 5067 1035 5124 Et
1057 5067 1196 5122 omni
1219 5067 1310 5137 qui
1336 5066 1564 5119 ambulat
1592 5066 1646 5118 in
1676 5063 1934 5134 pravitate
1960 5061 2131 5116 cordis

529 5169 633 5235 sui,
663 5167 905 5222 dixerunt
934 5179 952 5219 :
980 5179 1084 5217 non
1105 5161 1306 5215 venient
1333 5175 1485 5230 super
1505 5174 1592 5211 vos
1621 5156 1780 5210 mala.
1815 5155 1892 5210 Ne
1917 5164 2131 5226 putaret

528 5276 588 5317 se
617 5261 849 5332 populus
870 5258 1105 5313 alicnutn
1136 5269 1257 5309 esse
1284 5269 1313 5305 a
1344 5252 1501 5320 culpa
1530 5253 1574 5306 si
1607 5250 1878 5319 perversis
1907 5247 2127 5318 acquie—

529 5364 710 5412 sceret
738 5351 1059 5407 Doetoribus
1085 5367 1098 5404 :
1134 5346 1335 5411 Nolite,
1371 5345 1565 5414 inquit,
1595 5342 1779 5397 audire
1800 5342 1952 5396 verba
1982 5340 2123 5395 Pro-

529 5446 801 5518 phetarum
821 5489 834 5513 ,
863 5446 950 5514 qui
976 5443 1115 5497 vobis
1146 5441 1454 5515 prophetam
1498 5437 1828 5492 mendacium
1847 5476 1862 5500 ,
1904 5446 1952 5490 et
1981 5435 2126 5488 deci-

527 5539 678 5608 piunt
707 5553 814 5593 vos.
861 5537 967 5592 Par
995 5537 1139 5592 enim
1168 5536 1272 5591 erit
1299 5548 1456 5605 paena
1489 5541 1545 5587 et
1572 5530 1834 5602 magistro
1861 5538 1916 5584 et
1960 5531 2122 5586 disci-

526 5630 676 5698 pulo.
724 5629 840 5684 Non
869 5629 1162 5700 loquuntur
1190 5643 1256 5684 ex
1281 5641 1379 5682 ore
1408 5623 1625 5683 Domini
1655 5665 1668 5689 ,
1700 5622 1796 5679 sed
1822 5637 1886 5678 ea
1913 5639 2033 5694 quae
2065 5625 2118 5679 in

2238 4695 2510 4750 currebant
2542 4713 2561 4750 :
2581 4713 2682 4750 non
2707 4699 2950 4770 loquebar
2976 4701 3045 4753 ad
3077 4717 3194 4770 eos,
3222 4714 3269 4756 et
3301 4704 3399 4774 ipsi
3428 4703 3825 4774 prophetabant.

2240 4788 2298 4840 Si
2318 4788 2570 4841 stetissent
2588 4790 2640 4842 in
2664 4789 2883 4846 consilio
2904 4808 3034 4858 meo,
3055 4803 3102 4847 et
3128 4804 3250 4848 nota
3276 4796 3517 4866 fecissent
3546 4799 3697 4852 verba
3723 4813 3830 4852 mea

2237 4881 2430 4948 papula
2460 4896 2592 4948 meo,
2645 4882 2936 4937 arertissem
2965 4886 3142 4950 utique
3170 4902 3256 4940 eos
3295 4904 3326 4940 a
3355 4888 3440 4941 via
3469 4905 3564 4943 sua
3593 4888 3759 4957 mala,
3786 4899 3830 4942 et

2233 4991 2264 5026 a
2296 4974 2529 5042 pessimis
2555 4976 2951 5045 cogitationibus
2983 4979 3110 5035 suis.
3155 4979 3308 5036 Hunc
3352 4995 3576 5037 sensum
3612 4993 3667 5039 et
3696 4986 3831 5054 Apo-

2235 5069 2411 5124 stolus
2434 5071 2668 5139 explicat
2695 5071 2760 5124 ad
2796 5072 3074 5128 Romanos
3114 5093 3128 5129 :
3181 5073 3251 5129 Et
3279 5077 3410 5130 sicut
3439 5095 3543 5132 non
3589 5079 3829 5151 probare.

2235 5173 2356 5217 runt
2383 5163 2546 5218 Deum
2567 5165 2753 5220 habere
2777 5166 2833 5219 in
2861 5167 3066 5235 notitia,
3083 5167 3298 5224 tradidit
3315 5186 3400 5224 eos
3417 5167 3555 5225 Deus
3575 5172 3630 5226 in
3652 5187 3828 5245 repro-

2237 5256 2355 5309 bum
2379 5273 2583 5310 sensum
2605 5302 2618 5323 ,
2653 5266 2709 5311 nt
2735 5257 2930 5326 faciant
2957 5276 3072 5327 qua:
3098 5277 3198 5314 non
3226 5263 3538 5317 conveniunt
3562 5305 3578 5330 ,
3609 5263 3829 5336 repletos

2235 5351 2373 5403 omni
2397 5350 2689 5422 iniquitate,
2719 5352 2941 5418 malitia,
2969 5354 3328 5423 fornicatione,
3359 5359 3610 5426 nequitia,
3662 5361 3826 5414 avari-

2230 5444 2303 5496 tia
2329 5441 2506 5512 (Rom.
2538 5460 2574 5509 ι,
2606 5444 2699 5508 28,
2719 5444 2834 5512 29),
2864 5456 2918 5499 et
2944 5448 3181 5503 caeteris.
3233 5449 3366 5505 Cum
3399 5455 3546 5509 enim
3578 5457 3745 5511 semel
3771 5470 3829 5511 se

2231 5535 2551 5590 tradiderint
2580 5535 2706 5591 falsi
2734 5535 2994 5595 doctores
3027 5541 3324 5598 mendaciis
3363 5556 3527 5616 atque
3575 5549 3828 5620 periuriis

2229 5637 2285 5682 et
2317 5628 2582 5684 mortibus
2607 5629 2967 5700 deceptorum
2990 5671 3006 5698 ,
3039 5648 3148 5689 non
3191 5635 3524 5706 pedetentim
3549 5681 3566 5707 ,
3621 5640 3826 5714 1003

601 5819 624 5846 ε’
656 5795 714 5865 in
739 5827 846 5872 uno
873 5827 980 5868 ms.
1004 5828 1067 5869 ac
1087 5828 1253 5884 penes
1297 5795 1602 5872 Rabanum.
1642 5828 1764 5868 eum
1800 5810 2012 5882 Vulgat.
2053 5820 2108 5868 et
2143 5795 2564 5884 Hieronvmiana
2595 5792 2866 5874 editione.
2899 5805 3326 5878 adulterandum.
3364 5823 3534 5883 Hebr.
3558 5832 3713 5894 εγω.
