4080 6326
266 294 372 354 825

730 293 1382 355 COMMENTARIORUM
1422 295 1490 353 IN
1526 295 1881 357 JEREMI.\II
1919 299 2344 360 PROPIIE'I’AM
2385 301 2518 360 LIB.
2572 303 2664 361 IV.
2704 303 2858 362 CAP.
2899 302 3092 361 XXIII.

3463 301 3569 362 826

268 424 370 467 nec
396 410 746 469 considerato
794 412 965 485 gradu
992 454 1008 481 ,
1055 412 1149 469 sed
1201 409 1508 485 praccipites
1552 422 1778 469 currunt
1803 411 1872 468 ad
1897 418 1953 481 Α
1977 425 2027 472 et
2049 417 2299 474 mordebit
2337 435 2424 476 eos
2452 419 2631 493 (Amos
2651 435 2728 489 rx,
2754 420 2812 487 2,
2846 421 2905 492 ‘5)
2932 438 2947 489 ;
2977 433 3304 494 rursumque
3326 420 3383 477 in
3406 433 3569 492 supe-

266 505 554 563 interitum
581 516 638 563 et
662 521 821 563 suum
860 516 918 564 et
939 521 1131 565 eorum
1180 522 1321 576 quos
1370 506 1707 578 deceperint.
1752 507 1868 565 Nec

267 597 502 671 loquitur
530 600 612 656 eis
643 601 942 669 Dominus,
989 600 1082 657 sed
1131 601 1234 671 ipsi
1275 601 1575 674 loquuntur
1615 602 1770 673 quasi
1796 616 1864 658 ex

266 706 363 750 ore
390 693 633 761 Domini,
667 695 737 751 de
775 696 971 767 quibus
999 705 1054 752 et
1101 695 1299 752 dicitur
1330 713 1345 750 :
1399 695 1462 753 Si
1505 696 1766 752 stetissent
1808 696 1865 751 in

263 784 485 842 consilio
508 803 645 858 meo,
680 789 781 844 hoc
811 798 920 854 est,
953 791 998 843 si
1026 804 1164 845 mea:
1186 790 1488 846 voluissent
1512 790 1864 861 acquiescere

262 879 532 935 voluntati
565 921 580 948 ,
607 891 662 935 et
704 891 830 937 nota
858 881 1120 939 fecissent
1145 881 1309 938 verba
1338 897 1457 939 mea
1491 882 1690 953 populo
1717 899 1860 951 meo,

260 985 370 1028 non
403 972 751 1032 blandientes
781 975 863 1031 eis
889 984 945 1031 et
971 974 1282 1032 adulatione
1325 975 1613 1047 perdentes
1635 1016 1653 1043 ,
1694 984 1757 1032 ut
1779 976 1864 1032 di-

258 1075 488 1134 cerent,
540 1083 651 1123 non
697 1067 911 1125 habetis
946 1078 1210 1141 peccata;
1263 1068 1560 1141 perlectam
1593 1070 1858 1142 justitiam

260 1162 596 1232 possidetis;
648 1164 911 1221 sanctitas
959 1173 1015 1220 et
1068 1164 1323 1235 pudicitia
1364 1176 1528 1237 atque
1563 1164 1776 1236 iustitia
1806 1168 1858 1224 in

257 1257 413 1314 vobis
445 1258 830 1315 tantummodo
872 1260 1265 1332 reperiuntur:
1299 1269 1354 1316 et
1401 1276 1505 1332 ego
1545 1275 1654 1317 non
1694 1261 1861 1317 tradi-

260 1349 464 1405 dissem
497 1365 595 1407 eos
626 1352 679 1406 iu
713 1352 1111 1408 immunditiam
1142 1361 1199 1409 et
1228 1353 1600 1424 ignominiam,
1630 1364 1689 1411 ut
1716 1354 1860 1412 face-

256 1452 379 1498 rent
406 1457 529 1514 quae
576 1458 684 1498 non
717 1445 1068 1515 conveniunt,
1102 1453 1159 1501 et
1183 1455 1544 1517 sequerentur
1572 1446 1862 1519 cogitatio-

256 1549 353 1592 nes
380 1549 510 1590 snas
538 1537 830 1607 pessimae.
880 1535 1332 1610 Centemplemur
1361 1538 1651 1596 haereticos
1674 1581 1690 1608 ,
1723 1553 1860 1609 quo-

256 1627 421 1682 modo
466 1628 640 1684 semel
671 1628 1032 1699 desperantes
1056 1630 1288 1686 salutem
1319 1672 1334 1696 ,
1373 1632 1511 1703 gulae
1540 1647 1601 1688 se
1646 1633 1859 1690 tradant

256 1730 311 1778 et
329 1720 546 1779 deliciis
567 1764 583 1789 ,
608 1733 905 1779 vescantur
931 1725 1186 1781 carnibus
1212 1766 1227 1791 ,
1259 1725 1577 1796 frequenter
1603 1725 1712 1800 [Αι.
1754 1726 1860 1782 fre-

1973 510 2109 567 riori
2140 512 2350 582 psalmo
2377 532 2389 569 :
2423 514 2559 582 Quia
2579 514 2820 577 tenebrw.
2843 514 2941 582 ait,
2970 531 3075 570 non
3102 514 3513 571 obscurabuntur
3533 530 3567 571 α

1974 612 2059 670 te;
2079 612 2128 659 et
2149 620 2255 660 nea:
2282 605 2414 660 sicut
2436 606 2545 661 dies
2572 605 2953 663 illuminabitur
2978 623 2998 662 :
3019 606 3154 662 sicut
3187 605 3409 664 tenebris
3428 608 3564 676 eius,

1968 698 2042 753 ita
2063 710 2108 753 et
2131 698 2300 752 lumen
2337 701 2450 773 ejus
2473 698 2643 771 (Psal.
2668 715 2928 768 cxxxvttt,
2960 699 3069 772 l2).
3107 700 3263 770 Quod
3293 710 3479 759 autem
3507 700 3563 757 in

1969 791 2258 862 Prophetis
2288 796 2483 850 crebro
2511 793 2745 861 dicitur,
2779 793 2910 851 Ηατο
2948 793 3078 850 dicit
3117 793 3401 865 Dominus,
3437 810 3564 867 pro-

1968 895 2156 957 pterea
2186 900 2405 957 semper
2426 885 2675 954 infertur,
2720 902 2789 944 ne
2806 896 3229 944 contemnantur
3257 887 3411 959 quasi
3441 901 3566 943 ver-

1968 977 2033 1034 ba
2066 980 2480 1049 Pr0phetarum,
2520 980 2614 1036 sed
2641 979 3043 1038 admoneantur
3078 981 3283 1054 iugiter
3311 982 3407 1039 Dei
3436 995 3562 1039 esse

1965 1089 2249 1133 sermones
2271 1091 2408 1149 quos
2437 1075 2748 1147 loquuntur.

2040 1169 2225 1243 (Vers.
2267 1170 2341 1226 25
2376 1168 2558 1244 seqq.)
2585 1166 2814 1224 bAudivi
2841 1186 2956 1242 qua:
2982 1171 3223 1228 dixerunt
3258 1170 3559 1243 Prophetas,

1966 1266 2325 1340 prop/tetantes
2369 1266 2424 1320 in
2472 1265 2682 1320 nomine
2710 1281 2821 1320 meo
2848 1265 3175 1321 mendacium
3205 1274 3356 1338 atque
3384 1265 3564 1320 dicen-

1965 1370 2039 1417 tes
2070 1377 2089 1416 :
2118 1361 2388 1417 Semniavi
2424 1359 2562 1433 (sive
2606 1358 2712 1414 vidi
2760 1358 3065 1431 somnium).
3106 1357 3382 1432 Usquequo
3419 1357 3563 1414 istud

1963 1463 2038 1511 est
2066 1456 2119 1509 in
2149 1455 2307 1510 corde
2337 1452 2449 1528 [AL
2481 1455 2533 1510 in
2563 1452 2825 1528 cordibus]
2857 1451 3235 1524 Prophetarum
3275 1453 3564 1509 uaticinan-

1963 1550 2092 1604 tium
2118 1547 2478 1619 mendacium,
2507 1557 2554 1604 et
2589 1548 3004 1622 prephetantiunt
3048 1547 3372 1603 seductiones
3407 1548 3563 1617 (sive

1962 1640 2251 1697 voluntates
2279 1640 2449 1696 cordis
2485 1640 2637 1714 sui)?
2671 1640 2774 1710 Qui
2803 1638 2982 1696 velunt
3016 1640 3162 1715 (sive
3199 1637 3451 1714 cogitant)
3474 1640 3563 1711 fa-

1962 1751 2077 1790 cere
2104 1746 2156 1789 ut
2179 1735 2508 1790 obliviscatur
2529 1734 2755 1805 populus
2780 1751 2923 1789 meus
2938 1733 3162 1790 nominis
3182 1732 3282 1789 mei
3310 1747 3330 1787 :
3353 1744 3566 1804 prepter

255 1814 511 1890 quentes]
539 1815 742 1873 adeant
764 1816 1030 1885 balneas;
1080 1832 1268 1874 musco
1299 1818 1580 1890 fragrent;
1614 1834 1849 1888 unguen-

1959 1828 2161 1883 semnia
2190 1843 2387 1897 eorum,
2418 1843 2535 1901 qua:
2562 1835 2743 1882 narrat
2772 1827 3123 1897 unusquisque
3156 1826 3228 1881 ad
3267 1826 3561 1897 proximum

255 1911 327 1968 tis
346 1912 516 1967 variis
534 1911 764 1968 delibuti
787 1924 1030 1985 qumrant
1052 1929 1344 1981 corporum
1368 1913 1854 1986 pulchritudinem.

255 2003 440 2061 Semel
471 2005 619 2061 enim
658 2003 837 2062 futura
870 2021 977 2062 non
1009 2016 1233 2077 sperant
1258 2051 1272 2077 ,
1327 2021 1505 2078 neque
1542 2007 1774 2063 credunt
1803 2006 1856 2062 in

257 2095 739 2151 resurrectionem.
786 2095 945 2164 Quod
975 2113 1102 2152 cum
1149 2113 1403 2154 sermone
1453 2114 1562 2155 non
1596 2098 1854 2168 pandant,

256 2188 553 2246 ostendunt
577 2189 860 2263 operibus.
888 2191 942 2248 Si
958 2192 1105 2248 enim
1129 2193 1559 2259 crederent,ista
1583 2209 1689 2250 non
1713 2193 1858 2250 face-

256 2296 397 2342 rent.
448 2285 519 2343 Et
549 2287 603 2343 in
644 2286 749 2344 hoc
789 2288 911 2344 loco
941 2289 1030 2343 ubi
1060 2289 1318 2360 scriptum
1350 2301 1435 2345 est
1466 2306 1481 2345 :
1516 2291 1564 2344 si
1604 2290 1859 2345 stetissent

252 2380 309 2435 in
333 2381 552 2442 consitio
579 2397 713 2452 meo,
745 2381 965 2455 Aquila,
1000 2390 1056 2438 et
1087 2383 1448 2454 Symmachus
1473 2429 1487 2451 ,
1519 2393 1575 2440 et
1604 2384 1858 2440 Theodo-

256 2472 352 2541 tio,
378 2481 435 2529 et
469 2472 853 2544 Septuaginta,
887 2484 945 2529 ut
966 2490 1131 2544 supra
1156 2475 1408 2532 similiter
1432 2475 1851 2532 transtulerunt.

322 2565 509 2640 (Vers.
541 2565 637 2634 25,
666 2566 787 2639 24.)
819 2565 1090 2639 Numquid
1131 2567 1317 2642 [Vulg.
1352 2567 1609 2643 Putasne]
1654 2568 1791 2623 Deus
1830 2586 1857 2624 e

251 2665 418 2721 ricino
437 2681 532 2737 ego
560 2681 698 2732 sum,
719 2666 847 2721 dicit
876 2663 1162 2734 Dominus,
1196 2676 1245 2722 et
1274 2683 1377 2722 non
1404 2665 1541 2722 Deus
1572 2667 1636 2721 de
1659 2667 1856 2738 longe?

253 2756 315 2813 Si
339 2756 685 2813 occultabitur
696 2758 774 2813 air
796 2759 848 2812 in
864 2758 1202 2824 absconditis,
1221 2767 1270 2814 et
1283 2775 1377 2833 ego
1391 2775 1492 2814 non
1508 2757 1688 2813 uidebo
1708 2761 1854 2815 eum?

250 2848 376 2904 dicit
405 2849 681 2906 Dominus.
757 2848 1028 2921 Numquid
1057 2867 1159 2906 non
1206 2852 1391 2906 coelum
1441 2859 1490 2906 et
1529 2861 1718 2907 terram
1761 2868 1852 2926 ego

246 2942 438 3014 impleo
461 2942 488 2998 2’
517 2942 645 2999 dicit
694 2943 968 2999 Dominus.
1017 2942 1164 3000 LXX
1192 2963 1205 3000 :
1240 2942 1382 2999 Deus
1423 2945 1850 3016 apprOpinquans

247 3052 361 3111 ego,
391 3037 519 3091 dicit
550 3037 835 3106 Dominus,
867 3048 915 3094 et
944 3056 1046 3094 non
1076 3038 1219 3095 Deus
1243 3040 1308 3094 de
1334 3037 1504 3112 longe.
1548 3039 1610 3094 Si
1635 3040 1850 3095 abscon-

247 3129 393 3184 detur
419 3128 576 3186 homo
599 3132 654 3185 in
679 3130 1018 3198 absconditis,
1049 3143 1097 3187 et
1122 3149 1216 3205 ego
1242 3148 1344 3187 non
1373 3132 1555 3188 uidebo
1584 3132 1739 3187 eum?
1768 3131 1850 3186 di-

1959 1937 2112 1976 suum
2140 1922 2311 1976 :sicut
2343 1920 2488 1975 obliti
2513 1930 2629 1975 sunt
2659 1930 2833 1991 patres
2859 1935 3037 1975 eorum
3060 1918 3285 1973 nominis
3312 1919 3414 1974 mei
3432 1934 3560 1989 pre-

1958 2025 2070 2085 pter
2090 2012 2222 2068 Baal
2247 2012 2386 2086 (sive
2411 2013 2464 2067 in
2491 2010 2667 2081 Baal).
2713 2010 2849 2081 Quia
2878 2010 3134 2081 superior
3165 2009 3352 2066 titulus
3381 2019 3563 2066 contra

1957 2104 2247 2179 Prop/tetas
2287 2114 2362 2162 est
2387 2148 2401 2170 ,
2444 2104 2559 2161 sive
2585 2105 2654 2158 ad
2698 2102 2991 2171 Prophetas
3021 2146 3036 2171 ,
3087 2116 3226 2174 quos
3270 2103 3562 2174 perSpicue

1958 2197 2458 2272 pseudoprophetas
2495 2195 2845 2268 intelligimus
2872 2194 3019 2268 (sunt
3052 2204 3235 2249 autem
3259 2193 3427 2250 multa
3468 2208 3566 2264 ge-

1957 2310 2088 2351 nera
2122 2291 2479 2365 prephetandi
2519 2308 2532 2347 :
2581 2306 2812 2363 quorum
2856 2305 3025 2345 unum
3054 2298 3138 2345 est
3167 2288 3509 2345 somniorum
3536 2329 3555 2356 ,

1956 2389 2117 2457 quale
2146 2386 2246 2443 fuit
2286 2387 2340 2440 in
2374 2384 2598 2440 Daniele
2619 2382 2665 2456 ),
2697 2382 2906 2439 idcirco
2928 2394 2983 2438 et
3008 2381 3073 2436 ad
3102 2395 3199 2437 eos
3227 2380 3563 2451 prophetalis

1955 2495 2143 2537 sermo
2181 2478 2452 2549 dirigitur,
2481 2476 2576 2547 qui
2602 2476 2833 2531 credunt
2862 2474 3111 2542 somniis,
3141 2485 3197 2530 et
3221 2476 3407 2531 omnia
3433 2489 3557 2546 qua:

1956 2582 2225 2640 cernunt,
2277 2580 2468 2644 putant
2506 2570 2900 2627 revelationem
2939 2583 3065 2625 esse
3111 2568 3393 2636 divinam,
3434 2582 3557 2639 qute

1957 2667 2177 2738 proprie
2214 2663 2422 2720 sanctis
2461 2673 2516 2719 ct
2543 2662 2715 2718 servis
2750 2662 2844 2718 Dei
2878 2660 3141 2732 aperitur.
3176 2660 3332 2728 Quod
3356 2661 3400 2715 si
3433 2659 3560 2730 legi-

1955 2775 2077 2817 mus
2104 2759 2319 2814 Pharao
2346 2755 2504 2827 (Gen.
2536 2754 2646 2827 xu)
2672 2765 2729 2810 et
2755 2753 3259 2811 Nabuchodonosor
3302 2748 3466 2826 (Dan'.
3493 2749 3556 2825 ιι)

1954 2854 2154 2927 impios
2184 2868 2340 2925 reges
2373 2852 2578 2908 vidisse
2606 2850 2813 2906 somnia
2841 2866 2963 2922 qua:
2989 2865 3116 2906 vera
3152 2848 3356 2905 iuerint
3396 2866 3410 2905 :
3445 2864 3554 2905 non

1953 2963 2144 3006 eorum
2178 2945 2280 3003 fuit
2316 2944 2496 3003 meriti
2525 2946 2617 3018 qui
2659 2945 2950 3012 viderunt;
2994 2944 3089 3001 sed
3137 2956 3195 3001 ut
3234 2960 3333 3016 per
3359 2958 3551 3001 eorum

1951 3042 2296 3101 occasionem
2337 3041 2510 3097 sancti
2552 3038 2655 3096 viri
2685 3038 2888 3112 Joseph
2913 3081 2929 3109 ,
2961 3038 3260 3110 Dauielque
3285 3038 3556 3096 claresce-

1951 3145 2117 3203 rent,
2148 3146 2203 3193 et
2233 3134 2368 3190 dura
2398 3131 2561 3189 corda
2589 3140 2754 3203 atque
2776 3130 3151 3188 .indomabilia
3199 3141 3554 3204 tyrannorum

244 3221 314 3277 cit
347 3222 638 3291 Dominus;
676 3231 702 3261 ι
730 3225 979 3296 numquid
1018 3242 1121 3280 non
1162 3226 1342 3280 caelum
1367 3269 1383 3291 ,
1429 3236 1477 3280 et
1521 3235 1711 3281 terram
1751 3240 1844 3297 ego
1872 3211 1919 3276 Ο
1951 3229 2168 3301 propria
2222 3226 2556 3284 conscientia
2597 3226 2868 3282 sentirent
2919 3224 3134 3281 Domini
3185 3223 3549 3296 tnajestaletn.

244 3317 478 3392 impleo?
505 3318 633 3374 dicit
662 3317 933 3374 Dominus.
987 3319 1179 3391 Aquila
1211 3330 1267 3376 et
1294 3319 1653 3392 Symmachus
1694 3320 1849 3376 simi-

244 3410 370 3468 liter
399 3411 740 3481 interpretati
769 3420 897 3467 sunt
926 3429 939 3467 :
974 3411 1248 3484 Numquid
1279 3410 1419 3468 Deus
1443 3413 1507 3467 de
1529 3412 1843 3486 propinquo,

242 3506 359 3563 sive
388 3506 455 3562 de
484 3506 653 3562 uicino
672 3522 764 3582 ego
789 3524 925 3575 sum,
948 3516 994 3562 et
1020 3523 1123 3563 non
1153 3506 1291 3562 Deus
1318 3508 1382 3563 de
1407 3506 1847 3581 lenge?Septua-

242 3600 391 3670 ginta
424 3613 555 3655 vero
581 3610 635 3654 et
663 3598 968 3656 Theodotio
991 3613 1152 3655 sensu
1185 3608 1400 3655 vertere
1426 3598 1706 3654 contrario
1730 3640 1746 3666 ,
1786 3606 1846 3654 ut

240 3693 539 3752 dicerent:
584 3692 727 3750 Deus
768 3695 1194 3768 apprepinquans
1216 3711 1344 3768 ego,
1392 3694 1518 3748 dicit
1552 3693 1840 3761 Dominus,

241 3798 289 3845 et
318 3805 423 3844 non
454 3786 596 3843 Deus
625 3788 689 3843 de
710 3790 881 3861 longe.
929 3786 1082 3857 Quod
1111 3786 1324 3865 scilicet
1352 3788 1664 3857 superiores
1688 3801 1840 3842 asse-

240 3892 364 3941 rant
392 3882 565 3938 Deum
603 3896 711 3938 non
739 3891 946 3937 tantum
979 3880 1182 3945 vicina,
1212 3880 1306 3936 sed
1351 3888 1408 3937 et
1442 3894 1510 3935 ea
1532 3896 1653 3950 quae
1684 3880 1844 3951 longe

239 3984 367 4032 sunt
400 3988 769 4046 cognoscere;
793 3989 892 4030 nec
924 3974 1240 4045 praesentia,
1287 3971 1381 4028 sed
1408 3971 1592 4028 futura
1618 3972 1839 4043 conspi-

238 4083 387 4126 cere.
419 4065 513 4122 Isti
542 4082 673 4123 vero
704 4066 906 4139 ubique
939 4067 1105 4122 Dcum
1143 4065 1416 4121 aestimant
1441 4079 1563 4121 esse
1593 4079 1838 4136 praesen-

240 4171 373 4225 tem.
417 4176 518 4217 nec
546 4161 782 4233 aliquem
812 4176 935 4217 esse
973 4160 1150 4216 locum
1184 4160 1273 4215 ubi
1326 4175 1432 4216 non
1474 4159 1618 4215 adsit
1670 4160 1838 4218 Deus.

237 4252 504 4309 Omnibus
552 4252 695 4307 enim
745 4261 801 4308 et
850 4251 1128 4324 praecipue
1182 4251 1388 4305 sanctis
1435 4251 1839 4322 appropinquat

238 4346 425 4413 Deus,
487 4343 765 4417 quomodo
813 4343 862 4401 si
917 4344 1307 4400 vestimentum
1363 4343 1645 4398 adhaereat
1701 4345 1833 4399 cuti.

236 4437 571 4495 Peccatores
614 4445 797 4493 autem
844 4436 1003 4507 longe
1055 4434 1378 4491 recedentes
1415 4434 1486 4492 ab
1520 4450 1586 4490 eo
1613 4478 1627 4503 ,
1685 4435 1835 4506 peri-

238 4531 396 4586 hunt.
446 4528 604 4585 Hunc
649 4543 869 4585 sensum
919 4536 975 4584 et
1007 4527 1060 4582 in
1101 4527 1329 4600 psalmis
1371 4528 1608 4599 legimus
1652 4544 1667 4583 :
1716 4527 1834 4597 Quo

1949 3323 2086 3381 Sunt
2128 3322 2289 3380 hodie
2316 3337 2530 3394 quoque
2568 3322 2928 3377 somniatorcs
2957 3320 3012 3373 in
3041 3318 3281 3375 Ecclesia
3306 3359 3321 3385 ,
3351 3326 3407 3375 et
3435 3333 3554 3373 ma-

1948 3418 2097 3474 xime
2126 3420 2179 3472 in
2208 3425 2396 3474 nostro
2422 3432 2612 3487 grege,
2660 3415 2755 3487 qui
2798 3429 3016 3472 errores
3057 3428 3187 3469 suos
3220 3412 3438 3469 Domini
3465 3412 3550 3484 ja-

1947 3520 2099 3567 ctant
2124 3510 2461 3582 prophetiam
2487 3552 2502 3577 ,
2545 3518 2602 3564 et
2626 3508 2823 3564 crebro
2853 3509 3151 3578 ingerunt,
3199 3506 3450 3560 somniavi
3500 3517 3549 3574 ο,

1943 3602 2198 3657 somniavi
2221 3617 2240 3656 :
2269 3615 2406 3671 quos
2447 3599 2673 3669 corripit
2709 3598 2974 3654 Dominus
3005 3597 3195 3653 dicens
3230 3615 3243 3650 :
3277 3595 3550 3670 Usquequo

1943 3694 2086 3750 istud
2114 3704 2187 3749 est
2227 3694 2281 3748 in
2314 3693 2470 3749 corde
2506 3691 2950 3765 prephetantium,
2993 3690 3384 3744 uaticinantium
3410 3706 3552 3746 men-

1946 3786 2157 3840 dacium
2189 3829 2204 3854 ,
2253 3795 2301 3840 et
2349 3786 2773 3857 prephetnntium
2817 3781 3143 3837 seductiones
3193 3782 3364 3836 cordis
3418 3782 3552 3836 sui?

1947 3879 2062 3934 Iloc
2087 3888 2270 3933 autem
2318 3877 2531 3932 faciunt
2554 3918 2569 3943 ,
2603 3886 2661 3931 ut
2688 3875 2964 3946 quomodo
2992 3873 3250 3943 antiquus
3277 3873 3507 3944 populus
3532 3917 3546 3941 ,

1943 3975 2034 4047 qui
2078 3973 2146 4028 de
2174 3970 2409 4045 Egypto
2439 3986 2694 4041 egressus
2716 3981 2824 4037 est,
2864 3968 3075 4043 1005
3104 3966 3307 4023 oblitus
3336 3976 3420 4023 est
3448 3981 3547 4023 no-

1946 4065 2107 4122 minis
2137 4064 2230 4120 Dei
2265 4063 2373 4139 [Αι.
2407 4062 2537 4137 mei]
2561 4080 2578 4130 ;
2602 4064 2680 4118 sic
2698 4072 2752 4116 et
2779 4063 2980 4132 posteri
3007 4076 3196 4117 eorum
3218 4060 3549 4117 obliviscan-

1945 4170 2032 4216 tur
2061 4157 2191 4214 mei.
2226 4156 2610 4227 Ilnjuscemodi
2639 4165 2819 4211 autem
2848 4152 3196 4224 prophetatio
3237 4168 3346 4208 non
3376 4163 3461 4210 est
3487 4155 3542 4209 in

1944 4251 2165 4305 nomine
2205 4249 2453 4316 Domini,
2484 4248 2577 4303 sed
2606 4248 2657 4302 in
2692 4247 2910 4302 nomine
2936 4245 3063 4299 Baal
3091 4286 3106 4311 ,
3138 4244 3282 4318 quod
3325 4260 3481 4318 propt
3495 4245 3546 4303 ie

1942 4342 2147 4398 idolum
2180 4341 2523 4399 Sidoniornm
2552 4351 2635 4398 est
2659 4384 2675 4408 ,
2703 4342 2817 4396 sive
2848 4340 3205 4413 Babylonium
3231 4381 3248 4409 ,
3279 4349 3336 4397 et
3366 4339 3545 4395 vicino

1945 4437 2165 4493 nomine
2191 4435 2497 4506 appellatur
2524 4434 2646 4490 Bel.
2804 4510 2811 4517 ι

2016 4533 2200 4605 (Vers.
2222 4532 2320 4602 28,
2344 4529 2468 4605 29.)
2484 4530 2746 4606 Proplteta
2770 4533 2861 4605 qui
2885 4531 3039 4587 habet
3057 4534 3339 4601 somnium,
3368 4541 3548 4589 narret

234 4625 318 4681 ibo
339 4641 372 4679 α
391 4624 586 4695 spiritu
611 4633 722 4695 tuo,
752 4633 799 4678 et
824 4642 857 4678 a
881 4624 1016 4696 facie
1043 4633 1133 4679 tua
1157 4640 1257 4694 quo
1287 4624 1487 4696 fugiam
1512 4624 1538 4678 ?
1566 4622 1630 4679 Si
1653 4638 1834 4678 ascen-
1862 4611 1915 4674 D
1938 4629 2218 4691 somnium,
2249 4636 2297 4682 et
2319 4626 2410 4698 qui
2436 4624 2587 4680 habet
2612 4642 2901 4680 sermonem
2924 4641 3116 4691 meum,
3147 4626 3394 4699 loquatur
3431 4642 3543 4682 ser-

234 4719 363 4774 dere
401 4721 455 4773 in
490 4716 706 4791 ιοοῆ.
738 4716 921 4773 emittm
943 4758 958 4783 ,
989 4726 1045 4770 tu
1078 4715 1192 4770 illic
1221 4732 1274 4772 es
1304 4732 1322 4771 :
1347 4716 1396 4771 si
1424 4716 1729 4770 descendere
1771 4716 1842 4770 ad

234 4814 520 4885 infernum,
550 4823 606 4868 tu
628 4813 776 4867 ades.
801 4810 863 4868 Si
888 4825 1155 4881 sumpsero
1187 4826 1384 4878 pennas
1416 4826 1555 4863 meas
1583 4807 1840 4875 diluculo,

233 4918 280 4964 et
307 4907 608 4962 habitavere
628 4907 683 4960 in
707 4903 947 4961 extremis
970 4902 1132 4956 maris
1154 4903 1375 4957 :etenim
1401 4903 1527 4956 illuc
1551 4917 1736 4955 manus
1753 4910 1842 4955 tua

235 4999 457 5054 deducet
484 5013 587 5065 me,
617 5005 664 5051 et
693 4995 878 5051 tenebit
906 5008 985 5047 me
1009 4992 1226 5047 dextera
1255 5002 1346 5046 tua
1386 4992 1563 5065 (Psal.
1589 5005 1778 5057 cxvnt,
1809 4991 1835 5045 1

231 5091 424 5163 seqq.).
451 5091 621 5147 Amos
649 5103 871 5162 quoque
891 5085 946 5142 in
970 5086 1087 5141 Ilch
1103 5086 1273 5142 verba
1298 5087 1593 5154 consentit,
1619 5085 1831 5141 dicens:

235 5183 298 5241 Si
328 5181 690 5239 descenderint
719 5196 883 5252 usque
910 5179 978 5236 ad
1007 5179 1267 5250 infernum
1293 5222 1310 5247 ,
1362 5179 1483 5233 inde
1513 5194 1695 5233 manus
1724 5194 1840 5235 mea

234 5277 344 5352 [AL
371 5275 482 5350 tua]
498 5279 678 5331 educet
707 5291 794 5333 eos
810 5292 830 5343 ;
859 5285 906 5331 et
925 5279 968 5331 si
996 5274 1324 5331 ascenderint
1347 5288 1510 5340 usque
1527 5270 1598 5327 ad
1628 5273 1836 5344 caelum,

232 5370 357 5425 inde
382 5367 657 5424 detrahant
684 5385 790 5425 eos.
844 5367 915 5424 Et
954 5369 1000 5424 si
1023 5365 1314 5424 absronditi
1346 5366 1541 5437 fuerint
1569 5367 1623 5420 in
1655 5367 1842 5421 vertice

233 5463 485 5528 Carmeli,
515 5463 636 5518 inde
661 5473 900 5519 scrutans
923 5467 1161 5538 auferam
1186 5478 1291 5517 eos.
1324 5457 1390 5516 Et
1412 5459 1457 5513 si
1487 5459 1766 5515 celaecrint
1790 5477 1844 5515 se

233 5559 299 5614 ab
325 5557 492 5614 oculis
508 5555 634 5610 meis
656 5556 712 5610 in
732 5556 1000 5631 profunde
1021 5556 1202 5628 maris,
1243 5552 1316 5609 ibi
1338 5552 1597 5610 mandabo
1615 5553 1843 5625 serpenti

232 5708 253 5728 “
272 5770 287 5774 Α
307 5706 338 5739 ⁸
358 5699 517 5755 Hunc
540 5696 886 5774 versiculum,
909 5698 1182 5774 Numquid
1204 5714 1310 5754 non
1336 5694 1539 5766 caelum,
1555 5702 1688 5764 etc.,
1707 5709 1836 5767 sup-

232 5770 549 5898 Ριῗηθὲἷῗ
575 5777 779 5897 ἓῗιῗξῖἕ
808 5834 1016 5913 priora,
1054 5842 1237 5902 Audivi
1257 5852 1374 5911 eum
1418 5840 1660 5896 dienam
1701 5835 1833 5893 Pro-

1941 4736 2146 4776 monem
2177 4735 2344 4773 meum
2369 4733 2503 4773 vere.
2533 4715 2675 4783 Quid
2700 4716 2863 4786 paleis
2886 4720 2953 4771 ad
2981 4717 3253 4773 triticum?
3273 4718 3401 4773 dicit
3421 4717 3537 4772 Do-

1940 4815 2136 4867 minus.
2165 4808 2436 4878 Numquid
2459 4825 2562 4863 non
2591 4808 2743 4864 verba
2772 4825 2885 4863 mea
2913 4818 3034 4864 sunt
3059 4810 3192 4865 sicut
3222 4810 3381 4882 ignis,
3408 4809 3533 4863 dicit

1942 4901 2198 4958 Dominus
2216 4946 2230 4971 ,
2263 4911 2311 4957 et
2338 4900 2488 4971 quasi
2508 4901 2729 4955 malleus
2762 4900 2898 4972 (sive
2923 4901 3120 4957 securis
3149 4912 3418 4957 conterens
3447 4918 3536 4971 pe-

1942 5007 2074 5051 tram
2093 4994 2139 5066 )‘l
2158 4993 2362 5050 Eorum
2377 5003 2757 5064 estexponere
2780 4996 3057 5050 somnium
3080 4994 3174 5066 qui
3200 4994 3293 5049 Dei
3319 5009 3537 5050 meren-

1947 5100 2035 5147 tur
2064 5089 2266 5146 habere
2287 5102 2625 5157 sermonem,
2657 5097 2713 5144 et
2738 5087 2925 5144 dicere
2953 5106 2968 5141 :
3002 5087 3136 5143 Haec
3183 5086 3311 5140 dicit
3348 5085 3534 5140 Domi-

1943 5199 2041 5237 nus
2065 5199 2085 5249 ;
2109 5179 2309 5253 quibus
2336 5179 2552 5236 locutus
2584 5190 2669 5236 est
2703 5180 2992 5247 Dominus,
3019 5182 3072 5235 in
3106 5180 3304 5249 quibus
3333 5181 3540 5236 veritas

1943 5285 2050 5343 est,
2075 5283 2131 5330 et
2160 5289 2266 5329 non
2298 5274 2643 5329 mendacium
2679 5273 3106 5329 fraudulentum.
3137 5271 3280 5339 Quid
3311 5272 3416 5328 sibi
3443 5286 3540 5328 vo-

1943 5370 2064 5425 lunt
2112 5365 2499 5424 haereticorum
2553 5368 2725 5438 palea:
2753 5366 2821 5421 ad
2867 5365 3108 5421 triticum
3150 5363 3541 5422 Ecclesimide

1944 5477 2054 5536 quo
2082 5461 2324 5519 Joannes
2365 5461 2605 5533 Baptista
2647 5460 2863 5532 plenius
2906 5457 3149 5527 loquitur
3181 5455 3398 5531 (Matth.
3425 5459 3537 5531 In),

1943 5554 2090 5628 quod
2140 5564 2333 5628 purget
2376 5555 2640 5611 Dominus
2678 5566 2863 5607 aream
2886 5564 3042 5605 suatn
3074 5591 3091 5619 ,
3142 5561 3196 5607 et
3225 5550 3537 5610 ventilabro

1942 5695 2129 5769 pheta,
2168 5694 2223 5751 in
2251 5692 2484 5769 Qisterc.
2509 5705 2613 5747 ms.
2636 5699 2924 5769 npn_sunt.

2018 5739 2223 5824 ἷῖδθίιῖ
2509 5739 3007 5818 )"Jniitliuﬁmna.
