3846 6944
454 352 561 410 89.7

1705 363 1761 419 S.
1807 363 2075 424 EUSEBII
2117 367 2494 427 HIERONYMI

3591 382 3676 439 8‘28

455 469 636 541 paleas
666 479 691 507 ει
716 479 999 528 ventorum
1032 472 1671 548 ﬂatibusdispergcndas,
1704 481 2048 556 ttreudasque
2074 487 2128 548 Α
2150 485 2564 544 similitudinem
2599 491 2756 559 recti,
2788 491 3038 567 decipere
3066 510 3171 555 non
3203 507 3368 571 potest
3391 498 3674 562 innocentes.

452 562 668 635 ignibus
698 564 1046 639 derelinquat
1071 585 1085 622 :
1114 568 1350 624 triticum
1380 580 1559 629 autem
1592 574 1797 633 condat
1832 577 1884 631 in
1914 576 2047 633 hur-

454 673 569 721 rca.
600 673 650 713 ttt
686 661 777 714 llat
805 662 1046 718 cmlestis
1069 664 1223 732 panis
1255 683 1266 719 :
1300 675 1355 720 et
1387 666 1642 741 loquatur
1675 671 2049 743 unusquiSque

453 751 798 808 credentium
836 774 847 807 :
880 752 1099 810 Gustate
1146 766 1195 812 et
1230 759 1426 826 videte,
1462 764 1709 834 quoniam
1758 766 1929 819 suavis
1979 776 2051 827 est

452 841 896 919 Dominus(Psal.
917 865 944 901 ιι
958 848 1194 923 mu,9).
1221 848 1287 905 Et
1314 851 1541 921 pulchre
1560 853 1808 910 doctrina
1830 872 2053 925 perver-

454 953 515 994 sa
550 940 721 1011 paleis
759 953 1135 1011 comparatur,
1167 960 1288 1016 qua:
1332 947 1622 1003 medullam
1675 965 1781 1004 non
1830 949 2052 1020 habent,

460 1048 560 1089 nec
587 1043 812 1104 possunt
841 1037 1051 1093 nutrire
1072 1039 1409 1094 credentium
1442 1041 1696 1111 populos,
1732 1042 1824 1098 sed
1848 1043 1916 1098 de
1940 1044 2057 1099 ina-

457 1127 618 1183 nibus
649 1129 864 1200 stipulis
904 1139 1287 1187 cttnteruntur.
1339 1133 1400 1187 Et
1433 1133 1559 1204 quia
1591 1136 1770 1191 solent
1817 1137 2057 1194 haeretici

455 1237 674 1291 semper
703 1238 963 1293 prospera
994 1225 1266 1295 polliceri,
1288 1239 1343 1284 et
1371 1227 1638 1284 caelorum
1670 1245 1832 1302 regna
1866 1247 2058 1302 pecca-

458 1318 670 1373 toribus
705 1320 946 1390 pandere
979 1339 993 1376 :
1023 1329 1083 1376 ut
1122 1320 1333 1387 dicant,
1370 1333 1555 1394 parata
1595 1336 1726 1382 sunt
1755 1329 1853 1384 tibi
1893 1346 2059 1401 regna

456 1412 931 1484 cmlorum,p01es
981 1415 1183 1471 imitari
1226 1417 1563 1489 maiestatem
1608 1419 1724 1481 Dei.
1755 1429 1811 1476 ut.
1856 1424 2061 1497 absque

458 1518 685 1580 peccato
716 1510 826 1576 sis;
862 1511 1125 1581 accepisti
1156 1512 1302 1569 enim
1351 1514 1506 1570 liberi
1557 1514 1770 1573 arbitrii
1818 1526 2061 1587 potesta-

460 1614 589 1671 letn,
623 1613 678 1659 et
709 1604 844 1676 legis
876 1605 1185 1671 scientiam,
1213 1620 1307 1676 per
1338 1625 1499 1677 quam
1529 1609 1891 1682 consequatis
1918 1612 2062 1684 quod

459 1695 703 1751 volueris
738 1714 755 1747 ι
784 1695 1179 1770 decipiuntque
1208 1699 1492 1755 blanditiis
1524 1704 1781 1769 miseros,
1811 1713 1863 1757 ct
1904 1706 2068 1759 niaxi-

460 1805 548 1846 me
590 1791 944 1847 mulierculas
991 1807 1247 1849 oneratas
1303 1796 1567 1865 peccatis,
1602 1813 1724 1868 quae
1770 1799 2060 1859 circumre-

2152 578 2436 659 Quomodo
2471 582 2633 654 igitur
2662 585 2715 643 in
2747 586 2914 654 priori
2948 587 3150 659 p0pnlo
3186 591 3549 663 mentiebantur
3574 593 3676 651 Pro-

2154 676 2326 759 pheta:
2350 685 2512 747 atque
2538 677 2792 739 dicebant
2825 699 2840 735 :
2872 679 3005 751 Haec
3027 681 3155 736 dicit
3190 681 3444 743 Dominus.
3476 684 3551 759 Et,
3584 687 3680 745 l’idi

2154 754 2481 838 Dominum;
2508 779 2584 835 et,
2627 771 2851 828 Verbum
2878 774 3085 828 Itomini
3107 776 3242 847 quod
3270 778 3447 847 factum
3460 787 3523 835 est
3544 754 3598 835 ad
3631 780 3683 853 il-

2156 861 2289 931 lum,
2323 867 2437 920 sive
2470 864 2621 921 illum
2657 884 2669 920 :
2714 868 2795 925 sic
2838 867 3087 941 haeretici
3129 881 3397 943 assumunt
3429 872 3681 933 testimonia

2156 953 2563 1031 Scripturarum
2593 958 2658 1017 de
2689 961 2859 1021 veteri
2888 968 2947 1019 et
2977 977 3119 1033 novo
3161 961 3511 1035 Testamento,
3544 973 3588 1020 et
3620 963 3684 1033 lu-

2159 1034 2348 1111 rantur
2374 1054 2536 1111 verba
2568 1054 2867 1117 Salvatoris
2898 1058 3268 1130 unusquisque
3289 1073 3315 1115 a
3346 1060 3566 1128 proximo
3588 1074 3681 1130 sun,

2161 1143 2448 1219 Prnpltelis
2470 1155 2528 1201 et
2554 1145 2864 1218 Apostolis,
2890 1159 2946 1211 et
2969 1149 3325 1224 Evangelistis
3354 1167 3367 1203 :
3392 1158 3686 1215 etassuuzunt

2162 1239 2373 1311 linguas
2409 1255 2558 1307 suas,
2594 1251 2651 1296 ut
2693 1241 2879 1298 cordis
2920 1259 3127 1303 venena
3171 1258 3267 1301 ore
3295 1243 3622 1329 pronuntient,
3644 1254 3686 1309 et

2164 1334 2466 1391 dnrtnitant
2512 1336 2982 1405 dormitationem,
3025 1338 3093 1394 de
3133 1338 3327 1410 quibus
3370 1354 3487 1395 vere
3525 1337 3687 1396 dictum

2164 1440 2247 1484 est
2282 1447 2294 1482 :
2332 1429 2757 1486 Dormitaverunt
2807 1448 3046 1487 somnum
3080 1449 3254 1508 suum,
3285 1441 3328 1487 et
3370 1430 3489 1485 nihil
3522 1433 3688 1489 invene-

2164 1534 2285 1581 runt
2326 1524 2502 1596 (Psal.
2543 1542 2725 1593 LXXVI,
2766 1527 2860 1599 5).
2894 1526 3022 1584 Sive
3060 1526 3217 1598 juxta
3273 1525 3566 1583 Hebraicum
3599 1522 3689 1583 :Et

2166 1619 2317 1675 aiunt
2350 1619 2505 1685 dicit,
2537 1628 2591 1681 ut
2630 1619 2988 1677 subaudiatur
3014 1616 3293 1685 Dominus,
3318 1628 3407 1675 aut
3446 1628 3574 1674 certe
3605 1615 3687 1690 [Αι.

2169 1711 2352 1785 forte],
2383 1714 2553 1767 sermo
2599 1711 2829 1767 divinus.
2865 1712 3245 1769 Comminatur
3274 1712 3448 1782 itaque
3479 1708 3690 1783 Dominus

2172 1803 2281 1879 [Αι.
2314 1804 2460 1861 addit
2488 1804 2652 1877 nunc]
2674 1807 2914 1875 seipsum
2945 1812 3135 1863 contra
3170 1803 3525 1876 hujuscemodi
3545 1803 3693 1873 magis-

458 1895 657 1940 runtur
703 1887 851 1949 omni
909 1900 1075 1943 vento
1118 1890 1410 1953 doctrinae.
1442 1906 1664 1962 semper
1697 1891 1974 1950 discentes
2009 1907 2061 1950 et
2095 1900 2139 1959 Β
2172 1907 2283 1953 tros
2314 1913 2436 1963 esse
2481 1910 2793 1965 venturum,
2826 1900 2917 1969 qui
2958 1897 3232 1954 seducunt
3258 1895 3619 1969 populanteitts
3649 1895 3690 1951 in

460 1992 753 2049 numquam
783 1979 847 2033 ad
873 1979 1156 2035 scientiam
1178 1981 1425 2037 veritatis
1450 1987 1853 2054 pervenientes,
1879 1998 1934 2044 et
1952 2003 2062 2042 om-

461 2084 560 2125 nes
589 2070 866 2127 auditore;
898 2087 1028 2127 suos
1053 2072 1371 2131 adulatione
1399 2074 1676 2155 decipiunt
1700 2076 1923 2151 (Ep/tes.
1954 2078 2058 2155 tv);

462 2162 671 2219 idcirco
698 2164 959 2220 Dominus
984 2166 1145 2223 verba
1177 2184 1274 2222 sua
1303 2152 1689 2226 htereticorum
1722 2173 1892 2241 paleis
1914 2190 2066 2229 com-

464 2272 665 2328 parans
682 2258 847 2314 dicit:
875 2257 1148 2332 Numquid
1166 2281 1271 2317 non
1295 2265 1445 2318 verba
1462 2281 1573 2321 mea
1590 2279 1709 2321 sunt
1736 2269 1885 2340 quasi
1900 2270 2060 2343 ignis,

462 2351 588 2405 dicit
632 2349 916 2417 Dominus,
957 2362 1007 2408 et
1053 2355 1204 2428 quasi
1236 2355 1457 2412 malleus
1506 2368 1777 2415 conterens
1828 2364 2065 2429 petram?

465 2442 613 2500 Meus
637 2446 806 2510 enim,
840 2447 1037 2518 inquit,
1071 2462 1255 2503 sermo
1305 2449 1520 2504 nuntiat
1549 2449 1728 2506 futura
1773 2454 2062 2523 supplicia,

462 2549 522 2594 ut
552 2539 825 2595 deterreat
851 2540 1105 2597 homines
1132 2560 1158 2595 ιι
1192 2542 1506 2613 peccando;
1537 2554 1592 2600 et
1618 2544 1786 2613 paleis
1812 2561 2066 2617 peccato-

462 2649 585 2688 rum
612 2636 980 2690 comminatur
1016 2636 1350 2704 incendium,
1385 2647 1441 2690 ttt
1487 2638 1866 2695 htereticorum
1899 2641 2065 2697 corda

463 2726 599 2782 dura
625 2739 677 2783 et
707 2727 878 2783 instar
907 2730 1079 2785 silicis
1102 2729 1478 2798 indomabilia,
1515 2733 1788 2791 sermonis
1820 2736 1902 2791 sui
1930 2739 2066 2791 mal-

463 2820 551 2876 leo
596 2830 950 2880 c0nterantur
983 2844 994 2879 :
1026 2824 1279 2882 auferens
1320 2842 1416 2882 cor
1462 2826 1758 2900 lapideum,
1795 2841 1855 2885 ut
1902 2839 2069 2902 ponat

470 2908 569 2988 prii
600 2933 667 2973 eo
694 2933 788 2973 cor
812 2933 1096 2984 corneum,
1121 2921 1284 2976 molle
1312 2920 1589 2987 videlicet,
1612 2933 1666 2977 et
1702 2921 1843 2990 quod
1892 2924 2069 2997 possit

473 3013 565 3068 Dei
615 3014 897 3084 suscipere
922 3024 976 3071 et
1005 3016 1215 3073 sentire
1244 3025 1541 3087 praecepta.
1572 3016 1704 3072 Tale
1735 3017 1861 3091 qttid
1891 3002 1946 3074 et
1971 3033 2070 3091 per

469 3105 807 3162 Ezecltielcm
866 3106 1131 3162 Dominus
1181 3107 1423 3177 laquitur
1473 3106 1690 3186 (Ezech.
1748 3108 1890 3183 xm).
1942 3111 2067 3185 quia

470 3199 963 3270 pseudoprophetm
1021 3201 1305 3258 blanditiis
1336 3203 1449 3256 suis
1498 3202 1688 3259 liniant
1740 3203 1954 3281 10w
1978 3220 2072 3275 pa-

2167 1989 2463 2046 meudaciis
2494 1990 2609 2047 suis
2632 1999 2685 2045 et
2713 1991 2763 2045 in
2791 1990 3110 2067 stuporibus
3129 2000 3294 2061 atque
3327 1988 3585 2047 miraculis.
3602 1986 3685 2047 Ila:

2166 2099 2269 2153 gna
2301 2083 2448 2139 enim
2496 2092 2551 2138 et.
2589 2083 2929 2141 incredibilia
2962 2093 3019 2139 et
3052 2083 3293 2155 ingentia
3325 2078 3427 2154 [AL
3459 2077 3692 2141 insensibio

2168 2175 2277 2248 lia]
2331 2176 2738 2246 repromittunt,
2775 2186 2829 2231 ut
2877 2175 3145 2237 seducant
3190 2175 3412 2233 miseros
3440 2191 3453 2227 :
3482 2171 3557 2243 qui
3593 2168 3693 2223 nihil

2166 2272 2479 2345 profuerunt
2507 2269 2706 2341 populo
2726 2270 2838 2325 Dei.
2870 2270 2935 2325 Et
2956 2270 3086 2325 illud
3118 2266 3692 2339 implentApostolicum,

2167 2363 2414 2420 docentes
2440 2381 2557 2438 qua:
2586 2382 2689 2419 non
2717 2374 2918 2436 Oportet
2945 2365 3114 2435 turpis
3145 2364 3281 2419 lucri
3310 2363 3469 2437 gratia
3493 2377 3510 2416 :
3531 2362 3605 2439 qui
3627 2376 3692 2414 suo

2166 2455 2279 2513 leut
2318 2458 2473 2512 malis
2505 2474 2785 2531 prospera,
2821 2466 2875 2512 et
2904 2458 3062 2513 bonis
3092 2456 3366 2515 contraria
3395 2454 3621 2527 nuntiare.

2243 2547 2429 2618 (Vers.
2461 2548 2530 2603 5'5
2553 2550 2736 2619 seqq.)
3008 2549 3070 2603 Si
3104 2549 3269 2623 igitur
3300 2543 3641 2616 interrogavetit
3661 2554 3695 2595 te

2170 2643 2399 2715 populus
2420 2646 2538 2712 iste,
2568 2645 2647 2701 vel
2674 2626 2949 2716 prop/leta,
2974 2653 3062 2698 aut
3092 2644 3354 2713 sacerdos,
3379 2641 3534 2695 dicens
3556 2635 3691 2710 :quod

2168 2748 2239 2791 est
2283 2755 2412 2805 onus
2455 2736 2550 2792 Dei
2576 2739 2710 2811 (sive.
2737 2754 2853 2809 qua:
2876 2746 2949 2791 est
2987 2736 3283 2805 assumptio
3326 2731 3695 2804 Domini)?dices

2170 2828 2239 2880 ad
2261 2846 2344 2882 eos
2376 2845 2394 2882 :
2427 2826 2529 2883 Vos
2582 2828 2702 2882 estis
2749 2827 3043 2898 onus(sive
3094 2822 3428 2896 assumptio).
3473 2820 3694 2892 Proﬁciunt

2170 2922 2360 2993 quippe
2387 2922 2525 2995 (sive
2546 2920 2793 2990 alliciam)
2822 2938 2930 2989 vos,
2956 2921 3085 2975 dicit
3116 2919 3394 2974 Dominus.
3420 2916 3479 2971 Et
3503 2914 3696 2986 propheta

2171 3026 2216 3067 et
2238 3015 2478 3070 sacerdos
2491 3025 2539 3069 et
2570 3014 2798 3087 populus
2827 3013 2936 3086 [ΑΙ.
2965 3010 3287 3086 PrOpItetatn
3312 3020 3359 3065 et
3378 3008 3639 3065 Sacerdotes
3660 3010 3696 3057 et

2171 3104 2466 3180 populum],
2491 3108 2578 3179 qui
2595 3106 2741 3174 dicit,
2768 3123 2900 3161 onus
2926 3106 3066 3181 (sive
3090 3101 3404 3173 assumptio)
3430 3098 3620 3159 Domini,
3642 3095 3697 3149 tti-

2171 3199 2337 3253 sitabo
2378 3196 2513 3267 (sive
2552 3197 2799 3269 ulciscar)
2829 3214 2984 3271 super
3017 3198 3185 3252 uirum
3222 3196 3389 3260 illum,
3413 3203 3455 3248 et
3482 3207 3608 3260 super
3629 3184 3699 3239 do-

466 3291 659 3348 rietetn
705 3293 909 3364 absque
949 3305 1405 3364 temperamento,
1424 3298 1515 3369 qui
1551 3310 1734 3368 postea
1770 3280 1944 3357 imbre
1973 3315 2069 3356 ve-
2097 3301 2141 3364 C
2174 3310 2313 3347 mum
2339 3295 2471 3367 ejus.
2501 3290 2630 3346 Haec
2656 3291 2833 3348 dicetis
2864 3291 3224 3363 unusquisque
3250 3290 3318 3342 ad
3343 3288 3543 3345 amicum
3565 3280 3697 3350 [ῗυιει

467 3381 707 3438 bementi
739 3395 792 3439 et
821 3386 1053 3442 veritate
1072 3386 1261 3457 judicii
1286 3388 1602 3444 subruatur.
1634 3390 1695 3445 Et
1730 3390 2069 3465 pseudopro-

467 3477 648 3548 pltetze
688 3490 957 3535 consuant
988 3482 1275 3536 cervicalia
1308 3483 1411 3537 sub
1436 3484 1582 3537 omni
1614 3484 1801 3547 cubito
1852 3502 2066 3561 manus,

464 3580 527 3628 ut
576 3571 775 3627 faciant
823 3584 1138 3642 peccatores
1180 3574 1568 3648 requiescere,
1611 3586 1666 3634 et
1719 3593 2066 3650 nequaquam

466 3667 603 3721 iram
636 3665 729 3720 Dei
761 3665 1019 3740 laeryutis
1047 3670 1319 3743 mitigare.
1351 3669 1457 3724 Pro
1478 3671 1686 3731 malleo,
1715 3668 2067 3742 Septuaginta

464 3761 691 3814 securim
744 3761 1080 3831 interpretati
1143 3775 1291 3828 sunt,
1335 3763 1476 3816 illum
1530 3763 1805 3829 videlicet,
1838 3764 1905 3819 de
1962 3781 2067 3837 qua

469 3851 715 3923 Baptista
755 3852 999 3909 Joannes
1040 3854 1281 3923 loquitur
1315 3874 1327 3909 :
1356 3852 1478 3909 Jam
1509 3859 1705 3915 securis
1750 3856 1819 3910 ad
1860 3856 2067 3913 radices

468 3942 715 3998 arborum
753 3947 922 4020 posita
951 3955 1024 4003 est
1056 3946 1278 4019 (Matth.
1318 3964 1399 4013 ut,
1434 3947 1547 4019 10).
1591 3948 1717 4005 Htec
1748 3952 1957 4006 securis
1988 3952 2072 4006 in-

470 4033 773 4091 fructuosus
806 4037 1038 4092 succidit
1071 4040 1299 4095 arbores
1331 4082 1345 4103 ,
1393 4049 1449 4096 et.
1496 4039 1584 4096 hic
1615 4041 1848 4097 malleus
1878 4052 2071 4099 conte-

468 4131 538 4185 rit
568 4130 893 4187 durissimos
936 4131 1164 4202 lapides.
1194 4132 1348 4189 Unde
1369 4143 1423 4189 et
1454 4133 1664 4189 Nahum
1692 4134 1959 4205 PrOpbeta
1994 4135 2071 4191 lo-

469 4225 656 4295 quitur
687 4242 700 4278 :
736 4220 915 4280 Furor
955 4225 1089 4303 ejus,
1126 4225 1266 4280 haud
1307 4225 1530 4282 dubium
1564 4227 1694 4297 quin
1734 4226 1850 4288 Dei.
1885 4244 2069 4283 consu-

469 4327 571 4370 met
598 4318 920 4391 principatus
952 4335 972 4373 :
992 4330 1039 4373 et
1069 4330 1230 4392 petra:
1272 4331 1597 4377 conterentur
1627 4325 1692 4377 ab
1721 4339 1779 4378 eo
1809 4321 2068 4393 (Na/tum,

471 4427 512 4475 ι,
542 4411 621 4482 6).
655 4411 770 4468 Hoc
800 4422 991 4468 contra
1021 4414 1334 4470 haereticos.
1369 4416 1640 4475 Cmterum
1681 4416 1749 4472 de
1779 4416 2087 4473 Ecclesias-‘

476 4504 597 4559 ticis
627 4505 758 4559 viris
785 4484 1046 4577 scriptum
1080 4517 1187 4587 est,
1219 4508 1362 4581 quod
1388 4509 1617 4569 malleus
1643 4519 1697 4565 et
1724 4510 1933 4573 securis
1965 4526 2071 4567 non

474 4597 583 4652 sint
615 4599 799 4653 audita
834 4600 885 4655 in
919 4600 1081 4657 domo
1115 4601 1326 4658 Domini
1354 4602 1444 4670 (Ill
1483 4601 1611 4683 Reg.
1638 4603 1736 4675 vt).

2172 3384 2490 3461 proximum]
2522 3403 2693 3454 suum,
2726 3396 2774 3441 et
2794 3385 2863 3439 ad
2893 3385 3105 3456 fratrem
3137 3402 3292 3438 suum
3320 3399 3338 3438 :
3363 3379 3476 3455 quid
3494 3373 3701 3448 respondit

2172 3476 2450 3541 Dominus.
2483 3486 2529 3532 et
2555 3476 2682 3550 quid
2714 3477 2917 3532 locutus
2953 3487 3026 3531 est
3060 3475 3358 3530 Dominus?
3390 3473 3448 3528 Et
3472 3466 3702 3537 onus(sive

2170 3569 2476 3643 assumptio)
2502 3567 2713 3623 Domini
2747 3570 2887 3623 ultra
2927 3586 3029 3622 non
3068 3568 3454 3630 memorabitur,
3475 3563 3578 3636 quia
3605 3571 3702 3612 outtt

2173 3663 2311 3735 (sive
2348 3663 2663 3735 assumptio)
2705 3664 2800 3717 erit
2831 3662 3107 3735 unicuique
3135 3679 3307 3717 sermo
3336 3657 3561 3731 suus[.\l.
3586 3650 3701 3731 ejus].

2177 3757 2409 3811 Verbum
2463 3755 2787 3811 ilebraicum
2844 3753 3465 3828 IASSA(Nm),At)Uilﬂ
3508 3741 3703 3828 ἄρμανίά

2172 3859 2276 3919 est,
2331 3868 2459 3905 onus
2505 3864 2557 3905 et
2618 3849 2820 3920 pondus
2867 3850 3275 3921 interpretatur
3320 3868 3331 3902 :
3376 3843 3704 3920 Symmachus,

2173 3945 2527 4021 Septuaginta
2552 3953 2607 4001 et
2635 3943 2967 4013 Theodotio,
2989 3945 3416 4016 assumptionem.
3434 3938 3707 4007 UbiCItmquc

2173 4051 2305 4108 ergo
2342 4051 2505 4108 grave
2532 4044 2634 4101 est,
2668 4036 2811 4107 quod
2851 4035 3112 4091 Dominus
3142 4036 3523 4099 comminatur,
3554 4036 3599 4084 ct
3621 4021 3709 4093 ple-

2174 4142 2303 4181 num
2344 4125 2602 4197 ponderis
2634 4141 2697 4181 ac
2729 4126 2965 4195 laboris,
2998 4138 3052 4182 et
3103 4126 3473 4198 importnbile,
3502 4125 3547 4176 in
3589 4115 3710 4172 titulo

2174 4237 2389 4299 quoque
2436 4221 2598 4300 ἅρμα,
2641 4221 2745 4276 hoc
2788 4231 2903 4287 est,
2936 4223 3135 4292 pondus
3182 4222 3404 4277 dicitur.
3437 4216 3712 4284 Ubicumque

2173 4323 2355 4371 autem
2390 4329 2652 4387 prospera
2686 4314 2945 4369 Dominus
2967 4315 3282 4386 pollicetur,
3313 4314 3427 4369 sive
3459 4316 3568 4379 post
3594 4318 3709 4361 com-

2176 4407 2534 4463 ntinationcm
2568 4407 2799 4471 meliora
2830 4407 3117 4479 promittit,
3147 4407 3229 4463 ibi
3268 4404 3409 4462 Visio
3435 4404 3626 4466 dicitur,
3652 4390 3715 4463 vel

2175 4512 2329 4558 certe
2350 4503 2559 4557 verbum
2584 4501 2829 4560 Domini:
2848 4511 2902 4557 et
2924 4503 3276 4577 perspicuum
3294 4511 3410 4558 erat
3431 4516 3488 4556 ex
3508 4498 3613 4569 ipso
3628 4492 3715 4546 titu-

2176 4596 2231 4652 lo
2255 4597 2555 4675 propbetiae
2596 4596 2877 4669 ponderis,
2923 4596 3043 4653 sive
3074 4597 3339 4665 visionis,
3369 4606 3422 4655 et
3463 4590 3605 4649 Verbi
3625 4583 3714 4648 Dei,

553 4690 736 4767 (Vcrs.
774 4693 843 4750 30
871 4694 1053 4771 seqq.)
1090 4695 1370 4769 Proltterea
1399 4714 1514 4753 ecce
1539 4690 1631 4775 ego
1660 4699 1729 4752 ad
1758 4697 2055 4768 PrOphetas.

2179 4690 2355 4765 qualis
2405 4690 2720 4746 vaticinatio
2748 4700 3095 4761 sequeretur.
3128 4691 3266 4760 Quia
3296 4690 3457 4769 igitur
3488 4683 3716 4754 Propitth

477 4782 606 4838 dicit
637 4782 915 4855 Dominus,
943 4789 1032 4859 qui
1063 4792 1309 4862 furantur
1338 4789 1492 4843 verba
1518 4807 1631 4845 mea
1672 4791 2026 4873 unusquisque
2047 4809 2079 4846 a

476 4878 714 4947 proximo
766 4895 859 4932 suo
891 4877 1005 4952 [AL
1038 4881 1107 4934 ad
1148 4884 1440 4954 proximum
1470 4880 1666 4959 suum].
1702 4879 1837 4936 Ecce
1886 4899 1981 4952 ego
2008 4884 2076 4943 ad

480 4965 792 5043 PrOpItettts,
826 4972 949 5031 dicit
976 4972 1250 5041 Dominus,
1282 4976 1374 5048 qui
1408 4983 1680 5030 assumunt
1718 4973 1927 5048 linguas
1957 4993 2081 5031 suas

478 5072 526 5115 et
557 5064 725 5131 aiunt,
757 5065 881 5120 dicit
912 5064 1098 5139 1>(sive
1127 5067 1411 5123 dormitum
1443 5068 1909 5141 dormitationetn).
1950 5067 2078 5127 Ecce

477 5173 569 5233 ego
608 5158 675 5210 ad
710 5156 1000 5232 Pr0phetas
1042 5162 1357 5221 somniantes
1401 5162 1748 5231 mendacium,
1792 5163 1864 5231 ait
1899 5161 2081 5231 Domi-

478 5268 598 5318 nus,
642 5252 732 5323 qui
779 5263 997 5309 narrant
1033 5270 1111 5319 ea,
1141 5264 1187 5310 et
1232 5255 1489 5309 seducunt
1512 5254 1621 5328 [AL
1654 5265 1996 5309 narraueruut
2029 5264 2079 5310 et

476 5346 1079 5420 seduxerunt]p0pulum
1114 5366 1282 5403 meum
1314 5350 1366 5403 in
1390 5351 1673 5419 mendaciis
1701 5352 1808 5409 suis
1837 5350 1957 5405 etin
1985 5349 2079 5402 mi-

476 5437 672 5493 raculis
708 5437 856 5513 (sive
897 5441 1195 5513 stuporibus
1234 5452 1389 5517 atque
1433 5444 1714 5513 terroribus
1755 5441 1927 5514 suis),
1961 5456 2078 5513 cum

480 5538 574 5599 ego
614 5546 715 5584 non
758 5531 1010 5585 misissem
1056 5549 1164 5595 eos,
1196 5548 1290 5585 nec
1328 5532 1652 5587 mandassem
1690 5533 1784 5604 eis,
1822 5526 1911 5605 qui
1947 5529 2081 5587 nihil

475 5612 783 5691 profuerunt
807 5624 1002 5692 populo
1024 5622 1310 5687 huic,dicit
1341 5622 1867 5694 Dominus.Scmper
1902 5624 2079 5679 imita-

478 5719 566 5766 tur
586 5712 926 5769 meudacium
957 5718 1242 5771 veritatem
1271 5735 1282 5770 :
1307 5724 1366 5772 et
1404 5717 1508 5772 nisi
1539 5715 1793 5772 habuerit
1833 5716 2078 5788 aliquant

560 5908 587 5937 "
618 5899 731 5973 Duo
759 5916 918 5975 tnss.,
956 5901 1131 5975 paleas
1158 5901 1448 5977 uerborum.

2178 4782 2428 4839 solebant
2475 4786 2674 4861 popqu
2717 4785 2987 4857 peccaturi
3021 4784 3201 4841 tristia
3246 4785 3514 4850 nuntiare,
3537 4790 3585 4835 et
3610 4787 3719 4830 com-

2179 4877 2375 4934 minari
2415 4879 2714 4950 supplicia,
2747 4890 2804 4943 ut
2849 4896 2944 4936 eos
2988 4880 3339 4936 retraherent
3379 4878 3442 4933 ad
3501 4869 3715 4949 pcenileﬂ'

2179 4970 2307 5037 tiam
2344 4987 2358 5025 :
2398 4972 2642 5031 clemens
2693 4982 2873 5029 autem
2924 4983 2977 5028 et
3037 4974 3339 5030 miseratur
3382 4969 3621 5028 Dominus
3652 4957 3718 5025 diu

2177 5064 2503 5119 sententiam
2535 5063 2843 5137 dilfereb-tt,
2877 5063 3104 5151 putabat
3146 5066 3414 5151 deceptus
3456 5057 3658 5139 populus
3683 5058 3722 5103 ει

2183 5155 2788 5233 pseudoprophctarum
2837 5142 3027 5235 fraude
3068 5142 3357 5227 seductus,
3406 5172 3506 5221 non
3544 5156 3725 5205 ventura

2184 5265 2305 5320 qua:
2341 5249 2597 5304 Dominus
2622 5249 2955 5321 minabatur,
2986 5261 3040 5306 et
3067 5267 3179 5306 rem
3205 5265 3484 5325 severam,
3509 5247 3556 5298 in
3583 5238 3723 5335 ludi"?

2184 5354 2237 5397 et
2281 5343 2464 5417 jocum
2520 5352 2835 5413 verterant;
2885 5341 3453 5418 prOpbetantibusquc
3499 5331 3727 5407 Prophetis

2182 5435 2337 5505 quasi
2364 5434 2682 5513 irridentes,
2705 5434 2960 5491 dicebant
2985 5453 2998 5490 :
3024 5434 3263 5489 Rursum
3288 5435 3376 5489 hic
3396 5430 3538 5495 videt
3562 5420 3725 5513 ροηάιξδ

2184 5540 2240 5585 et
2272 5543 2412 5582 onus
2447 5508 2682 5582 Domini.
2705 5525 2884 5601 Atque
2912 5528 2987 5582 ita
3022 5528 3205 5596 liebat,
3242 5539 3303 5582 ut
3338 5532 3647 5605 nequaquam
3670 5508 3729 5571 “l’

2185 5632 2266 5676 tra
2306 5621 2472 5690 Visia,
2498 5620 2594 5677 sed
2629 5622 2927 5692 perjocum
2948 5633 3115 5692 atque
3144 5621 3411 5688 derisum,
3436 5631 3556 5672 onus
3573 5619 3728 5707 etpal‘

2186 5715 2284 5772 dus
2326 5715 2722 5785 appellaretur.
2764 5713 3037 5788 Przncepit
3082 5728 3219 5786 ergo
3265 5710 3542 5771 Dominus,
3565 5711 3616 5760 ut
3637 5706 3728 5755 stre

2259 5895 2287 5937 ιν
2313 5892 2479 5976 Addit
2506 5893 2680 5952 Vatic.
2712 5892 2800 5950 hic
2832 5908 3051 5966 quoque
3081 5891 3363 5975 Dominus.

735 6427 979 6470 r‘
1317 6378 3571 6470 —_
