4080 6326
565 258 668 318 851
1818 252 1878 309 S.
1922 249 2197 311 EUSEBII
2236 249 2624 309 HIERONYMI
3760 253 3869 311 85!

567 373 632 430 Et
660 374 788 431 dixit
820 372 1073 431 Dominus
1096 373 1165 429 ad
1191 390 1269 428 me
1294 388 1313 429 :
1343 372 1481 440 Quid
1507 380 1563 428 tu
1590 371 1755 438 vides,
1781 369 2060 428 Ieremia?
2099 370 2169 426 Et
2196 370 2251 435 Α
2275 368 2441 442 (Dan.
2464 370 2548 441 ιιι)
2576 388 2590 425 :
2619 381 2676 428 et
2703 371 2936 441 expletis
2959 373 3116 429 annis
3141 373 3481 447 septuaginta
3510 371 3613 429 sub
3631 371 3867 430 Zoroba-

565 466 676 523 αἰεί
696 481 718 522 :
744 466 874 537 ﬁcus
892 466 1076 534 bonas,
1104 465 1261 521 bonas
1289 464 1479 533 valde;
1507 472 1555 520 et
1577 461 1767 532 malas,
1799 465 1966 519 malas
1994 465 2165 530 valde,

563 574 681 631 qua:
699 558 900 614 comedi
922 575 1027 613 non
1047 568 1282 629 possunt,
1307 573 1366 612 eo
1385 560 1527 629 quod
1549 556 1704 613 malae
1723 556 1847 611 sint.
1873 554 1942 612 Et
1972 559 2168 629 [actum

562 661 639 707 est
660 652 869 709 uerbum
892 651 1101 709 Domini
1129 652 1198 709 ad
1236 667 1334 722 me,
1368 652 1544 708 dicens
1570 668 1589 708 :
1620 650 1752 708 llaec
1773 652 1898 706 dicit
1921 650 2169 707 Dominus

566 745 707 803 Deus
717 745 887 803 Israel
899 763 919 803 :
932 747 1081 802 Sicut
1092 745 1313 818 ﬁcus/ta!
1331 745 1495 811 bonae,
1513 746 1587 801 sic
1608 762 1914 817 cognoscam
1929 745 2172 800 transmi-

563 838 854 912 grationcm
871 837 1195 907 Juda,quam
1224 837 1368 893 emisi
1389 837 1584 893 deloco
1614 838 1777 894 istoin
1799 846 1989 893 terram
2011 834 2171 893 Chal-

567 932 819 998 dteorum,
846 930 901 986 in
927 930 1138 986 bonum.
1169 929 1238 987 Et
1268 947 1457 1003 ponant
1504 931 1683 986 oculos
1726 946 1865 986 meos
1903 947 2057 1001 super
2087 946 2172 985 eos

569 1031 597 1062 ⁸
623 1024 675 1078 in
697 1027 910 1089 bonum,
933 1030 980 1078 et
1001 1022 1246 1078 reducam
1274 1040 1361 1079 eos
1380 1024 1432 1078 in
1449 1032 1639 1078 terram
1668 1024 1821 1088 hanc,
1836 1033 1885 1077 et
1904 1021 2172 1091 aediﬁcabo

567 1133 671 1186 eos,
703 1128 753 1173 et
782 1134 887 1173 non
913 1117 1177 1173 destruam
1204 1135 1223 1173 :
1252 1126 1302 1172 et
1329 1118 1572 1190 plantabo
1593 1134 1697 1188 eos,
1726 1126 1772 1171 et
1804 1134 1905 1173 non
1934 1116 2164 1172 evellam.

572 1207 639 1264 Et
667 1209 803 1265 dabo
824 1226 894 1265 ets
914 1225 1006 1265 cor
1029 1219 1085 1264 ut
1104 1212 1269 1265 sciant
1289 1225 1391 1279 me,
1415 1210 1537 1278 quia
1563 1225 1655 1282 ego
1675 1225 1789 1264 sum
1818 1208 2095 1276 Dominus;
2122 1218 2169 1264 et

571 1311 720 1357 erunt
733 1301 923 1357 miltiin
941 1302 1274 1374 populum,et
1285 1319 1376 1375 ego
1388 1319 1475 1358 ero
1487 1303 1559 1358 eis
1589 1303 1642 1356 in
1665 1301 1829 1356 Deum
1842 1318 1860 1357 :
1873 1302 1995 1372 quia
2005 1318 2172 1357 rever-

568 1404 746 1451 tentur
770 1399 841 1450 ad
861 1411 942 1449 me
961 1396 1015 1450 in
1042 1404 1150 1450 toto
1173 1396 1328 1450 corde
1348 1411 1463 1450 suo.
1499 1393 1567 1450 Et
1596 1394 1727 1449 sicut
1759 1394 1890 1464 licus
1918 1394 2170 1465 pessinuc,

568 1504 685 1556 qua
702 1488 900 1545 comedi
921 1505 1024 1544 non
1056 1496 1292 1556 possunt,
1313 1504 1372 1544 eo
1397 1490 1534 1560 quod
1558 1488 1661 1542 sint
1692 1487 1843 1542 mulce
1871 1503 1891 1543 :
1921 1486 2030 1542 lucc
2051 1489 2173 1542 dicit

573 1579 854 1649 Dominus,
884 1582 961 1637 sic
973 1582 1106 1638 dabo
1118 1580 1207 1656 [Al
1217 1622 1232 1637 .
1247 1581 1501 1655 clamabo]
1517 1582 1652 1653 (sive
1666 1582 1889 1650 tradam)
1903 1580 2175 1636 Sedeciam

571 1689 743 1746 regem
763 1672 798 1729 Ι
803 1676 906 1729 uda
927 1682 976 1730 et
1000 1675 1258 1744 princtpes
1286 1677 1421 1749 ejus,
1444 1682 1491 1729 et
1512 1675 1737 1747 reliquos
1766 1673 1832 1728 de
1857 1671 2174 1740 Jerusalem,

2272 462 2357 518 bel
2377 474 2429 519 et
2457 461 2584 520 Iesu
2611 463 2895 522 saeerdme
2916 480 3117 537 magno
3130 475 3187 523 et
3217 465 3351 522 Ezra
3378 480 3445 522 ac
3477 465 3718 530 Neemia,
3746 465 3868 537 plu-

2272 557 2405 613 rima
2438 571 2564 629 pars
2596 573 2813 615 reversa
2840 559 2913 615 sit
2959 559 3264 616 Jerusalem
3294 577 3309 614 :
3343 575 3581 633 quorum
3611 574 3872 616 numerus

2272 649 2326 706 in
2351 650 2591 722 ejusdem
2634 651 2785 709 Ezrze
2814 655 3094 710 volumine
3138 655 3449 711 Continetur
3477 653 3535 725 (l
3582 653 3767 710 Esdrte
3788 655 3874 727 tt).

2271 741 2575 800 Notandum
2606 761 2823 818 quoque
2866 745 2971 820 [ΑΙ.
3009 746 3229 819 quippe]
3258 749 3402 816 quod
3450 748 3572 804 htec
3602 747 3750 803 Visin
3779 746 3877 806 Se-

2272 835 2439 891 decim
2473 837 2806 908 temporibus
2835 838 2973 893 facta
3005 839 3077 893 sit
3103 839 3169 893 ad
3199 838 3562 910 Prophetam,
3594 848 3875 909 postquam

2271 928 2560 985 Jecltonias
2587 930 2777 985 ductus
2801 938 2887 987 est
2916 930 2972 985 in
2991 932 3523 1003 transmigrationem
3552 949 3567 987 :
3592 928 3711 987 Non
3735 932 3877 988 enim

2275 1022 2413 1078 dixit
2451 1021 2816 1092 captivitatem
2839 1068 2854 1091 ,
2888 1024 3015 1093 quia
3046 1039 3106 1078 se
3154 1024 3294 1078 ultro
3325 1022 3649 1079 tradiderat.
3680 1021 3880 1079 Fabros

2273 1126 2453 1172 autem
2487 1126 2539 1171 et
2561 1115 2883 1187 inclusores,
2911 1116 2991 1171 \el
3034 1118 3169 1189 legis
3200 1119 3527 1189 interpretes
3566 1127 3731 1188 atque
3757 1116 3881 1174 doc-

2276 1218 2423 1265 tores
2471 1209 2737 1267 debemus
2769 1213 3042 1278 aceipere,
3071 1211 3156 1266 vel
3204 1210 3443 1266 artiﬁces
3472 1210 3881 1282 inclusoresque

2279 1301 2385 1370 [AL
2427 1302 2804 1378 clusoresque]
2835 1304 2951 1359 auri
3010 1313 3171 1375 atque
3199 1320 3574 1377 gemmarum,
3628 1320 3749 1375 quae
3798 1318 3883 1361 ars

2276 1393 2417 1464 apud
2452 1393 2714 1450 Barbaros
2736 1404 2987 1450 natmnes
3018 1396 3411 1466 pretiosissima
3442 1406 3549 1452 est.
3582 1395 3692 1451 Pro
3720 1396 3884 1452 inclu-

2277 1488 2492 1542 scribus
2545 1486 2897 1560 Septuaginta
2961 1488 3156 1544 vinctos
3214 1489 3557 1559 interpretati
3606 1495 3735 1544 sunt
3764 1529 3780 1553 .
3830 1498 3886 1545 ut

2279 1580 2613 1650 captivitatis
2645 1579 3018 1653 signiﬁcarent
3042 1584 3266 1649 malum;
3295 1592 3350 1637 et
3371 1582 3441 1637 de
3473 1596 3579 1638 suo
3608 1582 3881 1650 addidere,

2280 1677 2481 1742 divites,
2512 1677 2657 1748 quod
2682 1680 2736 1732 in
2769 1676 3036 1731 llebraico
3062 1691 3169 1732 non
3198 1676 3448 1733 habetur.
3482 1676 3782 1747 Comparat
3799 1691 3888 1732 au-

570 1769 662 1838 qui
689 1776 1043 1823 remanserunt
1068 1769 1123 1822 in
1166 1768 1290 1823 urbe
1340 1770 1457 1838 hac,
1484 1776 1532 1823 et
1559 1770 1646 1839 qui
1672 1765 1909 1822 habitant
1957 1768 2011 1821 in
2043 1776 2179 1822 terra
2210 1766 2260 1827 B
2284 1778 2393 1827 tem
2412 1770 2684 1826 calathum
2715 1769 2807 1841 qui
2831 1769 3006 1825 bonas
3037 1770 3171 1826 ﬁcus
3186 1769 3495 1825 habebatet
3518 1768 3692 1825 bonas
3710 1769 3884 1840 nimis,

571 1857 819 1933 Egypti.
852 1858 923 1914 Et
951 1860 1086 1916 dabo
1132 1877 1217 1916 eos
1246 1862 1302 1916 in
1351 1862 1694 1929 vexationem,
1738 1860 2181 1934 afﬂictionemque

569 1957 710 2029 (sive
725 1955 1122 2029 dispersionem)
1135 1957 1373 2013 omnibus
1392 1957 1564 2030 regnis
1581 1966 1732 2014 teme
1746 1958 1802 2012 in
1821 1958 2176 2031 approbrium,

569 2058 618 2103 et
639 2053 693 2104 in
723 2047 1047 2120 parabolam,
1079 2059 1126 2104 et
1151 2050 1204 2105 in
1234 2051 1579 2121 proverbium.
1607 2059 1654 2105 et
1683 2051 1739 2105 in
1766 2050 2178 2105 maledictionem

570 2142 627 2196 in
653 2142 902 2197 uniuersis
933 2143 1081 2211 locis,
1123 2142 1194 2197 ad
1228 2158 1343 2212 qua
1366 2143 1497 2213 eieci
1538 2159 1644 2199 eos.
1679 2140 1749 2196 Et
1779 2144 1981 2197 mittam
2001 2144 2057 2197 in
2095 2158 2181 2197 eos

575 2235 833 2306 gladium,
863 2246 913 2291 et
936 2239 1151 2309 famem,
1180 2244 1229 2291 et
1269 2244 1488 2308 pestem,
1512 2234 1678 2291 donec
1717 2245 2089 2291 consumantur
2116 2235 2179 2289 de

572 2338 714 2383 terra
730 2346 889 2403 quam
915 2329 1037 2385 dedi
1059 2330 1134 2385 eis
1158 2340 1206 2386 et
1236 2331 1468 2402 patribus
1493 2346 1692 2385 eorum.
1721 2328 1870 2386 Duos
1895 2328 2180 2400 cophinos,

570 2422 689 2480 sive
715 2424 959 2480 calathos
988 2423 1255 2480 bonorum
1305 2435 1362 2479 et
1389 2426 1653 2481 malorum
1689 2423 1798 2499 [AL
1827 2425 2094 2481 bonarum
2127 2433 2184 2480 et

571 2516 864 2592 malarum]
913 2518 1160 2583 licorum,
1190 2518 1407 2590 quidam
1459 2522 1883 2590 interpretantur
1912 2520 1966 2575 in
2014 2519 2179 2592 Lege,

571 2611 703 2666 etin
738 2611 1396 2686 Evangelio;Synagoga.
1444 2629 1500 2671 et
1548 2615 1830 2681 Ecclesia;
1863 2626 1919 2671 et
1966 2614 2183 2675 Juda'o-

576 2719 693 2760 rum
738 2706 957 2778 populo,
1008 2716 1066 2761 et
1113 2706 1594 2776 Christianorum;
1627 2711 1901 2782 gehenua,
1930 2720 1984 2765 et
2014 2724 2184 2780 regno

571 2796 837 2853 caelorum
870 2844 885 2867 ,
928 2813 1158 2870 quorum
1210 2800 1442 2856 alterum
1471 2801 1538 2857 ad
1572 2802 1895 2873 supplicium
1943 2812 2184 2874 perttnet

572 2900 945 2962 peccatorum,
991 2891 1222 2949 alterum
1248 2892 1316 2949 ad
1355 2892 1679 2951 Sanctorum
1730 2896 1940 2968 1011
1974 2895 2187 2950 habita-

578 2983 785 3039 culum.
834 2982 945 3041 Sed
991 2999 1095 3040 nos
1136 2986 1373 3043 scientes
1417 2987 1573 3059 juxta
1606 2991 1923 3059 Apostolum
1954 2987 2181 3043 Paulum

579 3075 761 3149 (Rom.
810 3079 912 3148 vn)
956 3076 1130 3150 legem
1165 3079 1360 3135 bonam
1389 3089 1446 3136 et
1471 3090 1740 3148 sanctam,
1771 3090 1825 3137 et
1867 3080 2181 3137 mandatum

2284 1860 2402 1917 ﬁcis
2429 1862 2585 1933 primi
2617 1861 2899 1934 temporis,
2931 1876 3055 1932 qum
3074 1860 3265 1918 Grzeee
3290 1863 3642 1933 appellantur
3659 1866 3885 1942 πρᾶιίμα,

2282 1955 2518 2012 Abralne
2575 1956 2849 2024 videlicet,
2905 1957 3053 2012 Isaac
3082 1999 3097 2023 ,
3148 1966 3204 2013 et
3254 1955 3446 2023 Jacoh,
3478 1966 3537 2013 et
3576 1956 3749 2030 Moysi
3779 1998 3795 2021 ,
3836 1966 3891 2013 et

2283 2049 2490 2116 Aaron,
2508 2057 2562 2105 et
2583 2047 2705 2114 Job,
2724 2057 2782 2105 et
2801 2049 3017 2104 caeteris
3038 2049 3241 2105 sanctis
3262 2050 3420 2115 viris,
3442 2049 3513 2105 de
3537 2049 3738 2122 quibus
3755 2064 3890 2106 unus

2282 2138 2352 2197 de
2380 2140 2666 2197 duodecim
2708 2141 2920 2216 1012
2967 2141 3206 2213 loquitur
3264 2142 3671 2214 Prophetarum
3704 2161 3717 2197 :
3750 2143 3889 2199 Sicut

2284 2249 2433 2288 uvam
2463 2235 2516 2289 in
2544 2235 2746 2289 deserto
2775 2234 2950 2289 inveni
2975 2231 3168 2304 Israel,
3198 2244 3245 2289 et
3271 2236 3403 2292 sicut
3426 2237 3564 2304 ﬁcus
3591 2236 3647 2291 in
3676 2235 3886 2306 ﬁculnea

2283 2325 2457 2380 inveni
2484 2337 2658 2399 patres
2683 2342 2858 2380 eorum
2888 2324 3039 2399 (Ose.
3064 2342 3141 2395 lx,
3176 2325 3287 2399 10).
3319 2325 3474 2384 Unde
3501 2335 3558 2383 et
3592 2342 3694 2383 nos
3713 2329 3887 2399 appeF

2286 2416 2461 2474 lantur
2508 2418 2603 2474 ﬁlii
2637 2418 2931 2475 Abraham.
2985 2421 3053 2476 Et
3096 2422 3412 2477 econtrario
3457 2420 3665 2477 dicitur
3692 2420 3757 2476 ad
3801 2420 3888 2476 .lu-

2285 2509 2433 2566 dteos
2467 2526 2483 2565 :
2517 2510 2579 2566 Si
2611 2522 2757 2584 pater
2795 2523 2958 2569 uester
2986 2521 3115 2569 esset
3145 2512 3428 2583 Abraham,
3462 2515 3706 2586 faceretis
3742 2530 3885 2585 opera

2285 2608 2399 2680 ejus
2424 2604 2605 2677 (Joan.
2628 2621 2744 2676 vut,
2767 2606 2885 2678 '59).
2918 2606 2982 2663 lli
3010 2616 3190 2663 autem
3218 2606 3439 2677 calathi,
3472 2606 3566 2679 qui
3596 2606 3769 2665 bonas
3798 2607 3885 2661 ha-

2288 2697 2482 2753 hebant
2514 2709 2563 2753 et
2590 2699 2761 2753 malas
2783 2697 2941 2766 tiens,
2968 2714 3075 2754 non
3102 2709 3257 2754 erant
3289 2697 3424 2755 loris
3453 2707 3511 2754 et
3531 2707 3689 2755 extra
3713 2698 3883 2754 Eccle-

2285 2789 2446 2857 siam,
2475 2791 2571 2847 sed
2603 2802 2729 2848 ante
2777 2792 3035 2862 templum
3067 2790 3304 2858 Domini,
3329 2807 3394 2848 eo
3424 2791 3574 2863 quod
3607 2804 3797 2848 cuncta
3826 2790 3884 2847 il-

2285 2883 2395 2940 lius
2415 2883 2657 2939 scientias
2688 2891 2907 2955 pateant
2943 2902 2956 2940 :
2990 2899 3090 2940 nec
3114 2894 3315 2940 tantam
3345 2884 3553 2942 habent
3581 2882 3884 2940 amaritudi-

2290 2990 2412 3032 nem
2433 2974 2517 3030 hae
2548 2976 2683 3031 ﬁcus
2709 2992 2828 3048 quae
2859 2976 2990 3033 loris
3018 2993 3164 3049 sunt,
3195 2987 3452 3050 quautam
3497 2977 3611 3033 illa:
3631 2991 3753 3048 qua:
3776 2986 3885 3049 post

2287 3069 2690 3126 confessionem
2723 3071 2847 3128 ﬁdei
2877 3072 3333 3144 praevaricatione
3355 3081 3584 3127 mutatae
3613 3084 3757 3127 sunt.
3786 3069 3886 3127 Nec

576 3173 781 3231 bonum
806 3185 861 3232 et
905 3188 1256 3243 sanctum,et
1302 3193 1471 3234 unum
1501 3193 1623 3234 esse
1670 3178 1954 3250 utriusque
1992 3177 2184 3234 Testa-

2292 3168 2496 3217 tantam
2519 3162 2840 3218 suavitatem
2872 3163 3029 3218 bona:
3060 3163 3216 3233 ﬁcus,
3257 3177 3377 3234 quae
3407 3178 3518 3217 non
3545 3163 3743 3217 suntin
3768 3176 3887 3218 con-

582 3268 752 3323 menti
808 3267 1004 3335 Deum,
1050 3270 1136 3325 vel
1184 3269 1251 3324 ad
1297 3284 1392 3325 eos
1437 3269 1607 3340 magis
1652 3271 1976 3337 reteramus,
2008 3269 2099 3342 qui
2130 3271 2181 3324 in

583 3360 820 3417 adventu
866 3361 1078 3418 Domini
1125 3361 1424 3420 Salvatoris
1452 3363 1823 3430 crediderunt,
1846 3372 1904 3419 et
1933 3378 2040 3418 non
2067 3379 2186 3420 cre-

582 3451 834 3509 diderunt
861 3470 877 3509 :
909 3463 966 3509 ut
1013 3455 1105 3526 qui
1130 3472 1158 3510 a
1187 3452 1398 3517 Scribis
1443 3462 1500 3511 et
1522 3455 1900 3513 sacerdotibus
1924 3456 2185 3513 concitati

580 3545 985 3612 clamaverunt,
1036 3545 1284 3605 dicentes
1327 3563 1342 3602 :
1389 3543 1681 3621 Cruci/Ege,
1730 3550 1978 3620 cruci/ige
2033 3549 2187 3603 talen;

581 3635 738 3708 (Luc.
772 3653 926 3707 nm,
954 3636 1073 3708 3|),
1106 3640 1212 3694 sint
1238 3637 1487 3695 calathus
1513 3638 1745 3695 ﬁcorum
1775 3640 2069 3704 malorum;
2097 3639 2188 3710 qui

588 3745 716 3786 vero
748 3741 870 3802 post
897 3731 1271 3788 ascensionem
1303 3732 1422 3803 ejus
1464 3731 1534 3787 de
1577 3731 1779 3813 populo
1816 3730 2189 3794 crediderunt,

584 3826 653 3882 ad
703 3826 876 3883 bonas
902 3826 1067 3895 licus,
1111 3837 1167 3883 et
1191 3827 1258 3882 ad
1289 3825 1562 3882 calathum
1593 3825 2003 3897 cophinumquc
2045 3825 2190 3895 Opti-

589 3933 734 3973 mum
783 3918 1108 3977 referantur.
1140 3918 1455 3989 Sintplicem
1497 3929 1677 3973 autem
1701 3927 1759 3974 et
1782 3932 1968 3974 veram
1998 3930 2192 3988 sequa-

591 4025 714 4066 ntur
755 4011 1056 4079 historiam,
1083 4011 1228 4084 quod
1260 4012 1526 4067 bonorum
1556 4012 1782 4066 licorum
1811 4010 2083 4067 calathum
2108 4010 2194 4065 di-

591 4101 1084 4173 xeritlechoniam,
1115 4105 1208 4177 qui
1238 4120 1298 4161 se
1322 4103 1575 4161 .leremize
1599 4103 1851 4170 consilio,
1886 4113 1941 4158 et
1965 4105 2194 4172 imperio

592 4195 711 4265 Dei,
741 4197 1039 4254 tradiderat
1065 4200 1175 4270 regi
1210 4199 1511 4272 Babylonio
1542 4215 1556 4252 :
1588 4199 1677 4255 cui
1722 4207 1778 4255 et
1807 4211 2063 4270 prospera
2093 4200 2197 4252 Do-

597 4292 776 4349 miuus
826 4292 1156 4363 pollicetur:
1192 4294 1453 4350 Malarum
1502 4302 1685 4350 autem
1727 4292 2010 4350 Sedectam
2037 4338 2052 4362 ,
2101 4294 2195 4363 qui

596 4386 978 4443 contradicens
1019 4392 1312 4444 sententiae
1364 4389 1457 4444 Dei
1505 4397 1698 4459 captus
1725 4390 1821 4459 sit,
1853 4396 2197 4453 cmeatusque

603 4477 778 4532 oculis
822 4476 1017 4534 ductus
1058 4487 1143 4534 est
1188 4479 1243 4534 in
1290 4479 1666 4552 Babylonem,
1711 4479 1898 4550 ibique
1951 4491 2196 4535 mortuus

2289 3262 2449 3326 pectu
2477 3254 2665 3324 templi
2698 3254 2791 3310 Dei
2825 3272 2840 3310 :
2871 3255 3062 3326 quales
3086 3253 3307 3311 fuerunt
3351 3255 3539 3311 mundi
3565 3254 3883 3326 philosophi,

2289 3352 2380 3423 qui
2413 3351 2640 3406 naturali
2675 3351 2818 3406 bono
2846 3359 2903 3406 et
2929 3350 3287 3421 intelligentia
3315 3347 3617 3411 Creatoris.
3649 3366 3758 3405 non
3790 3360 3882 3404 tam

2290 3444 2390 3498 visi
2413 3452 2540 3499 sunt
2558 3443 2737 3515 sequi,
2766 3458 2925 3515 quam
2951 3443 3177 3499 laudare
3205 3444 3439 3500 virtutes
3472 3466 3485 3502 :
3519 3456 3778 3518 quantam
3804 3444 3887 3499 hac

2293 3538 2419 3593 bent
2446 3537 2765 3593 suavitatem
2797 3536 2955 3604 ﬁcus,
2986 3553 3107 3609 qua:
3134 3545 3265 3594 sunt
3288 3538 3342 3594 in
3372 3540 3579 3611 templo
3610 3539 3707 3596 Dei
3727 3581 3741 3606 ,
3769 3555 3887 3611 qua-

2292 3645 2412 3685 rum
2445 3632 2659 3684 luerunt
2684 3628 2970 3700 Prophetas
2995 3642 3049 3687 et
3071 3630 3343 3701 Apostoli,
3373 3630 3442 3687 de
3473 3631 3673 3703 quibus
3708 3647 3811 3687 una
3831 3632 3886 3687 li-

2292 3739 2389 3780 cus
2436 3723 2796 3795 loquebatur:
2830 3723 2936 3779 Lac
2965 3726 3102 3780 vobis
3127 3724 3270 3791 dedi,
3317 3741 3420 3780 non
3462 3726 3689 3782 solidum
3735 3727 3884 3783 cibum

2293 3816 2352 3888 (l
2383 3814 2505 3871 Cor.
2538 3832 2618 3885 ιιι,
2649 3816 2727 3889 2).
2762 3817 2863 3873 Et:
2897 3815 3077 3872 Filioli
3112 3819 3236 3885 mei,
3264 3833 3390 3889 quos
3436 3817 3628 3873 iterum
3671 3821 3886 3888 parturio

2295 3910 2456 3965 donec
2483 3910 2714 3965 Christus
2741 3914 2992 3981 formetur
3012 3912 3067 3965 in
3095 3911 3235 3967 vobis
3266 3909 3465 3985 (Galat.
3488 3927 3565 3978 tv,
3601 3910 3716 3985 l9).
3751 3911 3887 3967 Unde

2295 4004 2514 4070 dicitur,
2558 4005 2700 4075 quod
2747 4005 2799 4060 in
2842 4014 3141 4076 conspectu
3172 4006 3357 4076 templi
3388 4008 3524 4073 Dei,
3571 4006 3707 4065 ﬁcus
3747 4008 3887 4066 bona:

2297 4095 2500 4152 fuerint
2528 4095 2684 4152 bona:
2727 4097 2921 4164 valde;
2979 4108 3033 4152 et
3081 4099 3215 4155 ﬁcus
3260 4100 3451 4169 malm,
3500 4101 3703 4157 fuerint
3745 4101 3887 4157 mala:

2300 4191 2478 4246 valde.
2520 4192 2597 4246 Ac
2624 4206 2693 4247 ne
2723 4200 2974 4262 putemur
3004 4201 3246 4248 nostrum
3272 4208 3491 4249 sensum
3522 4209 3756 4266 ponere.
3788 4197 3886 4267 ipsa

2301 4282 2579 4354 Scriptura
2617 4298 2677 4338 se
2709 4283 2912 4354 pandit.
2947 4283 3136 4356 Sicut,
3171 4285 3368 4355 inquit,
3415 4286 3551 4357 ﬁcus
3591 4286 3677 4343 lue
3709 4288 3888 4344 bonas:

2299 4379 2374 4433 sic
2413 4394 2718 4450 cognoscant
2747 4379 3249 4452 transmigrationem
3277 4378 3421 4435 Iuda
3440 4421 3455 4444 ,
3487 4397 3647 4451 quam
3672 4382 3813 4437 entisi
3835 4382 3888 4438 dc

2302 4469 2417 4525 loco
2454 4472 2551 4525 isto
2596 4471 2652 4525 in
2695 4481 2883 4525 terram
2932 4468 3297 4526 Chaldaeorum
3336 4472 3391 4526 in
3433 4471 3625 4528 bonum
3653 4490 3673 4529 :
3714 4472 3889 4530 Jeclto-

599 4580 687 4625 rst
740 4568 827 4639 (ιν
878 4568 1005 4642 Reg.
1061 4571 1213 4646 xxv).
1254 4573 1311 4628 ln
1334 4551 1543 4629 tantum
1589 4583 1772 4629 autem
1820 4572 1965 4629 Deus
2019 4575 2199 4644 posuit
2226 4551 2280 4613 D
2303 4564 2451 4623 niam
2473 4574 2529 4622 et
2556 4565 2850 4638 principes,
2878 4565 2969 4637 qui
2989 4581 3115 4622 cum
3140 4580 3207 4621 eo
3229 4566 3372 4637 capti
3394 4576 3540 4635 sunt,
3570 4566 3885 4640 signiﬁcans.

599 4664 791 4720 oculos
826 4680 953 4720 suos
975 4668 1028 4721 in
1058 4666 1260 4724 bonum
1307 4667 1392 4723 his
1429 4667 1520 4739 qui
1574 4667 1802 4740 imperio
1827 4670 1945 4735 ejus
1983 4669 2202 4740 acquie-

601 4766 794 4813 veruut
815 4748 1011 4832 (lnff'a.
1053 4763 1209 4831 nu),
1232 4770 1287 4817 et
1311 4760 1528 4817 reduxit
1554 4762 1677 4819 illos
1704 4761 1759 4818 itt
1797 4771 1995 4818 terram
2019 4776 2197 4831 suam,

601 4862 658 4908 et
699 4853 990 4909 mdillcavit
1026 4864 1220 4910 etnon
1252 4855 1564 4925 destruxit,
1595 4867 1651 4914 et
1699 4856 1964 4928 plantavit
1991 4866 2049 4913 et
2092 4873 2202 4913 non

600 4944 832 5015 evulsit,
864 4946 1124 5018 deditque
1156 4947 1237 5004 eis
1265 4962 1361 5004 cor
1389 4960 1448 5005 ut
1495 4952 1698 5007 scirent
1726 4967 1873 5017 eum,
1902 4950 2045 5022 quod
2090 4951 2205 5020 ipse

600 5050 750 5096 esset
778 5040 1059 5103 Dominus,
1084 5050 1140 5097 et
1168 5042 1359 5099 tierent
1386 5043 1463 5098 illi
1508 5046 1561 5098 in
1586 5043 1871 5114 populum,
1901 5053 1955 5099 et
1983 5044 2099 5115 ipse
2123 5045 2205 5099 eis

602 5142 750 5189 esset
776 5133 829 5188 in
858 5134 1025 5190 Deum
1060 5152 1073 5189 :
1100 5145 1157 5190 ut
1186 5136 1345 5191 etiam
1373 5136 1428 5192 in
1461 5137 1776 5208 captivitate
1818 5139 2060 5209 posuerit
2083 5152 2205 5193 ocu-

604 5229 688 5284 los
703 5243 832 5283 suos
852 5244 1015 5298 super
1034 5229 1177 5297 illos,
1203 5239 1258 5287 et
1282 5245 1541 5288 exemere
1569 5241 1793 5294 terram,
1822 5232 2090 5287 mdiﬁcare
2111 5231 2207 5286 do-

608 5336 747 5389 mos,
782 5321 1026 5392 plautare
1070 5323 1308 5393 pomaria
1356 5322 1461 5396 [ΑΙ.
1525 5320 1792 5395 pomeria]
1824 5323 1876 5378 in
1908 5322 2207 5394 Babylonia

607 5413 827 5485 regione
854 5415 1164 5487 permiserit
1196 5434 1210 5471 :
1244 5416 1430 5472 Daniel
1486 5416 1767 5486 signorum
1810 5416 2107 5482 miraculis,
2136 5418 2205 5472 de

605 5508 825 5578 captivo
867 5509 1051 5565 subito
1099 5512 1356 5582 princeps
1382 5510 1554 5567 lactus
1590 5511 1664 5568 sit
1689 5509 1854 5582 (Dan.
1882 5510 1961 5582 v),
1990 5521 2047 5565 ot
2070 5511 2206 5584 :tres

610 5600 764 5670 pueri
811 5601 1052 5673 gloriose
1093 5602 1163 5660 de
1226 5605 1466 5662 fornacis
1523 5603 1776 5662 incendio
1834 5603 2046 5661 liberati
2098 5604 2209 5661 sint

2309 4661 2377 4716 Et
2400 4659 2708 4716 econtrario
2743 4659 2811 4715 de
2836 4660 3073 4725 calatho,
3097 4658 3188 4730 qui
3215 4659 3386 4715 malas
3415 4660 3655 4718 habebat
3676 4661 3889 4727 ﬁcus;et

2304 4755 2435 4810 sicut
2458 4756 2606 4824 ﬁcus,
2638 4755 2731 4823 ait,
2764 4754 2998 4817 pessima!
3019 4752 3129 4826 [AL
3153 4755 3419 4826 pessimos]
3443 4771 3561 4826 quin
3584 4758 3780 4812 comedi
3800 4773 3888 4811 non

2309 4857 2550 4919 possunt,
2581 4864 2640 4902 eo
2667 4846 2805 4917 quod
2825 4847 2925 4900 sint
2946 4844 3105 4900 malae
3130 4846 3237 4901 :sic
3265 4845 3401 4901 dabo
3434 4847 3712 4904 Sedeciam
3736 4865 3888 4921 regem

2307 4939 2452 4996 Iuda
2470 4951 2517 4995 et
2540 4939 2796 5012 principes
2823 4940 2959 5010 ejus,
2987 4946 3038 4993 et
3059 4955 3145 4992 eos
3165 4939 3255 5010 qui
3276 4938 3330 4992 in
3351 4937 3648 5012 lEgyptum
3678 4940 3890 5011 transfu-

2308 5042 2510 5106 gerunt,
2528 5041 2576 5086 et
2592 5030 2685 5102 qui
2695 5040 3053 5084 remanserunt
3073 5031 3127 5085 in
3149 5030 3274 5085 urbe
3292 5029 3392 5084 hac
3411 5030 3466 5085 in
3487 5033 3804 5088 vexationem
3821 5031 3890 5104 al-

2306 5126 2694 5197 ]lictionemque
2706 5122 2945 5178 omnibus
2958 5124 3129 5195 regnis
3144 5131 3295 5179 terrte
3309 5121 3489 5197 (Infra
3512 5126 3649 5197 xui)
3660 5168 3676 5192 ,
3692 5125 3889 5196 quando

2308 5219 2363 5275 iu
2395 5218 2635 5292 Egypto
2667 5232 2885 5290 quoque
2916 5219 3060 5288 capti
3094 5227 3243 5284 sunt,
3293 5227 3350 5274 et
3394 5217 3891 5277 Nabuchodonosor

2312 5314 2491 5385 posuit
2532 5313 2586 5367 iu
2636 5311 2883 5382 'l‘aphuis
2934 5312 3133 5367 solium
3185 5326 3389 5381 suum,
3440 5313 3702 5380 misitque
3745 5329 3889 5385 super

2312 5424 2409 5466 eos
2455 5407 2716 5463 Dominus
2758 5407 3025 5478 gladium,
3085 5407 3306 5477 famem,
3342 5414 3399 5464 et
3441 5419 3686 5480 pestem.
3736 5409 3888 5466 donec

2314 5511 2776 5562 consumerentur
2804 5502 2875 5559 de
2930 5512 3081 5559 terra
3139 5517 3301 5574 quam
3333 5501 3488 5559 dedit
3530 5503 3788 5575 patribus
3812 5521 3888 5560 eo-

2317 5615 2461 5659 rum.
2514 5597 2674 5668 Quod
2715 5606 2900 5656 autem
2953 5596 3095 5655 dixit
3144 5595 3215 5654 de
3265 5596 3384 5654 ﬁcis
3414 5597 3578 5655 bonis
3607 5614 3624 5654 :
3654 5596 3800 5654 Dabo
3827 5598 3888 5652 eis

687 5790 713 5820 ⁸
750 5782 812 5841 In
853 5798 967 5842 uno
1011 5783 1189 5841 Vatic.
1230 5784 1302 5841 ad
1331 5786 1645 5858 placandum
1671 5783 1904 5857 legitur.
1936 5792 2040 5855 pro
2067 5784 2121 5840 in
2145 5782 2352 5842 bonum.
