4080 6326
172 324 275 384 833

666 323 1313 388 COMMENTARIOBUM
1355 328 1421 387 IN
1462 323 1821 387 JEREMIAM
1849 325 2276 388 PROPHETAM
2317 330 2444 390 LIB.
2489 330 2557 389 V.
2603 329 2762 389 CAP.
2800 330 2971 390 XXV.

3359 331 3467 391 834

165 459 256 498 cor
280 451 335 497 ut
365 443 537 499 sciant
570 461 668 513 me,
707 448 828 519 quia
858 464 954 523 ego
985 465 1100 505 sum
1147 447 1423 518 Dominus,
1464 448 1545 504 illi
1587 448 1769 505 simile
1797 451 1845 511 Α
1875 446 2068 504 diebus
2097 446 2340 506 diluculo
2361 449 2503 507 etde
2548 460 2710 508 nocte
2741 465 3104 523 consurgens,
3137 450 3468 522 loquebatur

166 535 797 607 esbApostolico:Deus
824 541 1010 612 estqui
1036 549 1285 614 aperatur
1302 542 1359 596 in
1373 541 1513 597 vobis
1540 549 1589 597 et
1615 541 1766 609 velle,

164 638 213 686 et
233 630 488 702 perﬁcere
517 631 870 707 (ΡΙιὶιῑρρ.ιι,
892 632 1022 706 l5):
1046 634 1192 706 quod
1224 650 1332 692 non
1365 635 1544 691 solum
1574 650 1766 706 opera,

162 721 261 779 scd
309 732 366 779 et
397 722 653 779 voluntas
684 732 875 781 nastra
907 725 1001 782 Dei
1048 727 1251 784 nitatur
1300 726 1529 784 auxilio.
1562 728 1773 784 Delirat

164 814 221 872 in
250 814 356 872 hoc
386 816 510 872 loco
532 817 863 888 allegoricus
885 834 1107 889 semper
1136 822 1433 891 interpres,
1463 829 1519 879 et
1539 821 1646 877 vim
1676 837 1773 878 cu-

167 909 321 982 piens
343 909 625 968 historica:
654 911 836 970 facere
864 914 1101 982 veritati,
1128 915 1200 972 de
1222 916 1432 974 calesti
1457 916 1769 975 Jerusalem

165 1015 357 1076 captos
385 1006 583 1076 refert,
625 1020 789 1083 atque
826 1015 1123 1072 translatos
1154 1015 1206 1071 in
1241 1026 1444 1073 terram
1475 1015 1769 1073 Chaldaeo-

111 1160 115 1165 ,
166 1114 285 1154 rum
309 1114 673 1175 :rursumque
699 1104 765 1161 ad
798 1105 974 1163 locum
1006 1108 1300 1180 pristinum
1332 1125 1677 1178 reversuros,
1711 1119 1773 1166 ut

168 1190 464 1249 Jeremiam
495 1204 555 1252 et
583 1206 816 1254 caeteros
848 1208 1068 1256 sanctos
1102 1201 1431 1271 prophetas;
1463 1203 1600 1259 alios
1638 1217 1772 1259 vero

168 1284 257 1356 qui
282 1294 604 1356 peccatores
634 1289 856 1359 fuerint,
887 1291 939 1345 in
967 1302 1113 1349 terra
1142 1292 1245 1350 hac
1269 1294 1401 1350 etin
1425 1294 1566 1350 valle
1594 1295 1775 1369 lacry-

169 1392 379 1435 marum
411 1395 537 1437 esse
563 1382 877 1439 morituros.
920 1383 1110 1441 Totam
1140 1386 1370 1442 visionis
1402 1386 1563 1459 hujus
1604 1388 1771 1444 simul

168 1473 325 1541 posui
358 1481 667 1551 περικοπὴν,
722 1476 934 1549 1013
963 1494 1030 1533 ne
1066 1492 1290 1535 sensum
1331 1480 1385 1535 in
1421 1481 1772 1552 expositione

169 1562 499 1623 divitiorem.

239 1656 397 1732 (Cap.
430 1658 835 1718 XXV.—Vers.
855 1663 937 1735 1.)
958 1663 1187 1719 Verbum
1212 1666 1352 1739 quod
1374 1670 1572 1739 factum
1599 1677 1675 1721 est
1700 1666 1771 1722 ad

167 1750 453 1809 Jeremiam
489 1753 556 1810 de
595 1755 735 1810 omni
764 1754 962 1829 populo
990 1756 1136 1812 Juda
1171 1757 1317 1829 (sive
1361 1775 1518 1831 super
1567 1775 1771 1814 omnem

1875 541 1945 598 ad
1978 544 2263 614 papnlum.
2295 544 2361 600 Et
2380 554 2504 614 nan,
2534 544 2730 613 inquit,
2760 547 3003 602 audistis.
3044 547 3143 604 Sin
3169 555 3372 614 autem,
3410 551 3471 600 ut

1877 634 2003 690 novi
2032 649 2097 690 ex
2131 633 2406 692 veteribus
2431 635 2647 710 101$
2672 634 2918 694 hmretici
2947 637 3154 702 volunt,
3184 637 3272 694 lex
3293 633 3470 693 semel

1877 727 1931 782 in
1958 727 2288 800 adjutorium
2315 729 2442 786 data
2467 738 2574 797 est,
2606 739 2667 787 et
2693 731 2991 787 constituta
3022 739 3295 803 prtccepta
3347 742 3473 795 qua:

1875 821 2049 877 nostri
2082 821 2295 877 arbitrii
2325 821 2611 880 voluntate
2636 823 2723 879 vel
2755 822 3018 893 facimus,
3068 825 3153 881 vel
3191 838 3302 880 non
3344 820 3477 878 faci-

1875 928 2029 981 mus;
2055 912 2330 986 quomodo
2356 913 2634 986 Pmpheta
2664 929 2726 972 se
2751 929 2971 987 semper
3000 916 3222 988 ingerit,
3252 923 3311 972 et
3336 928 3474 986 quo-

1878 1004 2010 1061 tidie
2040 1005 2274 1077 replicat
2312 1005 2565 1063 mandatu
2613 1005 2732 1073 Dei,
2781 1022 2904 1080 qua:
2945 1010 3131 1080 utique
3160 1007 3331 1065 semel
3375 1022 3468 1064 ac-

1873 1105 2049 1167 cepta,
2106 1097 2435 1154 sull'ecerant
2482 1097 2565 1154 eis
2593 1098 2796 1170 quibus
2836 1099 2966 1155 data
2994 1100 3240 1167 fuerant;
3273 1098 3377 1156 nisi
3416 1108 3477 1158 ut

1875 1190 1983 1247 hoc
2011 1191 2284 1260 ostendat,
2334 1192 2428 1249 Dei
2474 1207 2576 1248 nos
2606 1208 2825 1263 semper
2862 1192 3108 1265 indigere
3153 1194 3380 1261 auxilio;
3414 1200 3474 1251 et

1875 1298 2176 1352 numquam
2229 1297 2392 1356 posse
2447 1282 2726 1352 sufficere,
2777 1284 2920 1354 quod
2952 1284 3118 1341 semel
3148 1286 3335 1344 datum
3362 1293 3469 1354 est,

1875 1375 1982 1431 nisi
2014 1375 2257 1448 quotidie
2279 1375 2496 1431 Domini
2521 1376 2896 1432 admonitione
2924 1376 3246 1433 renovetur?

1948 1468 2017 1524 Et
2045 1470 2185 1525 misit
2206 1467 2464 1525 Dominus
2487 1470 2557 1524 ad
2582 1486 2669 1526 vos
2691 1487 2871 1525 omnes
2891 1485 3063 1527 seruos
3088 1487 3210 1526 suos
3234 1468 3473 1542 Prophe-

1876 1568 1973 1628 tas,
2004 1577 2316 1635 consurgens
2346 1561 2606 1628 diluculo,
2649 1563 2992 1634 mittamque:
3022 1573 3070 1619 et
3093 1580 3197 1619 non
3225 1562 3473 1619 audistis.

1874 1653 1995 1711 Non
2028 1671 2126 1725 per
2147 1672 2317 1712 unum
2347 1655 2707 1728 Prophetam,
2737 1657 2834 1714 sed
2863 1672 2964 1729 per
2987 1672 3183 1714 omnes
3217 1657 3476 1729 populum

1875 1761 2036 1803 suum
2070 1749 2214 1805 Deus
2253 1764 2473 1821 semper
2502 1749 2809 1821 admonuit,
2850 1761 2906 1807 et
2928 1752 3087 1824 quasi
3114 1753 3234 1823 ipse
3257 1751 3312 1808 in
3336 1752 3480 1827 vigi.

166 1848 417 1921 populum
448 1846 619 1919 Iuda)
656 1848 710 1903 in
747 1864 888 1904 αηηο
916 1856 1106 1922 quarto
1130 1849 1338 1905 Joacim
1361 1850 1465 1920 ﬁlii
1490 1851 1654 1907 ,Ιοεῑω
1677 1869 1765 1908 τε..
1796 1846 1846 1908 Β
1872 1841 1983 1910 liis,
2011 1852 2177 1914 atque
2202 1844 2451 1901 excubiis
2481 1844 2819 1903 constitutus
2848 1848 3087 1903 surrexit
3114 1847 3382 1916 diluculo,
3426 1858 3484 1906 ut

167 1940 245 2017 gis
272 1939 444 1997 Juda.
503 1941 635 1999 Hmc
669 1945 852 2014 priora
898 1953 1026 2001 sunt
1067 1946 1339 2016 praeterita
1368 1945 1618 2003 visione:
1672 1947 1764 2003 illa

166 2035 309 2092 enim
358 2036 462 2093 sub
508 2035 736 2094 Sedecia
784 2038 927 2094 facta
979 2047 1084 2107 est,
1135 2048 1421 2111 postquam
1469 2040 1765 2097 Jechonias

166 2127 472 2182 translatus
500 2135 587 2183 est
632 2127 1005 2201 Babylonem;
1061 2129 1180 2187 haec
1215 2139 1397 2186 autem
1430 2131 1532 2187 sub
1555 2130 1763 2187 Joacim

174 2217 287 2274 lilio
311 2218 500 2288 Josizc,
533 2229 585 2275 et
609 2228 762 2290 patre
791 2219 1089 2278 Jechoniae.
1155 2220 1273 2278 Non
1301 2223 1446 2280 enim
1474 2239 1621 2280 cura:
1646 2231 1766 2281 erat

169 2310 191 2385 (
203 2320 263 2368 ut
287 2322 417 2368 ante
436 2314 547 2383 jam
575 2312 686 2370 dixi
708 2314 726 2386 )
746 2314 1039 2385 Prophetis
1062 2315 1171 2389 [AL
1199 2316 1527 2392 pr0phetite]
1554 2325 1766 2389 tempo-

171 2421 614 2474 raconservare,
657 2422 779 2479 qua:
816 2406 1060 2464 historiae
1088 2409 1238 2479 leges
1267 2410 1615 2478 desiderant;
1665 2411 1764 2468 sed

165 2500 411 2560 scribere
455 2510 752 2571 utcumque
796 2501 1148 2559 audientibus
1202 2512 1367 2575 atque
1399 2505 1624 2561 lecturis
1654 2506 1762 2562 uti-

166 2591 219 2649 le
239 2602 532 2650 noverant.
557 2592 716 2651 Unde
745 2603 802 2651 et
827 2593 883 2650 in
911 2594 1178 2651 Psalterio
1202 2596 1343 2653 male
1369 2596 1591 2668 quidam
1610 2596 1765 2668 juxta

167 2694 375 2743 textum
431 2685 678 2743 historia:
749 2689 1081 2757 psalmorum
1138 2687 1427 2759 requirunt
1479 2688 1764 2759 ordinem,

166 2778 308 2851 quod
339 2779 394 2835 in
424 2779 599 2852 lyrico
623 2778 867 2836 carmine
888 2792 995 2835 non
1019 2779 1367 2836 observatur.

240 2872 431 2947 (Vers.
464 2873 550 2946 2.)
591 2871 715 2947 Ipse
744 2883 818 2930 est
848 2891 1023 2930 annus
1044 2875 1246 2947 primus
1278 2873 1767 2931 Nabuchodonosor

166 2969 304 3042 regis
324 2966 613 3040 Babylonis
638 2978 666 3007 ι
698 2968 867 3041 (quod
895 2968 952 3025 in
976 2968 1121 3025 LXX
1149 2986 1257 3025 non
1292 2968 1543 3026 habetur.
1587 2971 1654 3026 Et
1679 2986 1766 3027 se-

168 3063 406 3132 quitur):
442 3059 595 3127 Quod
612 3060 815 3116 locutus
831 3071 906 3117 est
924 3061 1179 3117 Jeremias
1197 3060 1305 3116 Pro
1312 3061 1467 3132 pheta
1479 3062 1548 3117 ad
1564 3078 1766 3118 omnem

167 3142 620 3226 populum'luda,
647 3161 694 3207 et
724 3152 793 3207 ad
821 3154 1089 3209 uniuersos
1122 3154 1433 3209 habitatores
1467 3155 1765 3210 Jerusalem

1871 1949 2032 1990 suum
2061 1936 2322 2008 populum
2355 1946 2759 1995 commoneret.
2828 1937 2900 1993 Et
2932 1956 3058 2006 non,
3084 1941 3279 2012 inquit,
3320 1941 3480 1997 audi-

1867 2030 1999 2097 stis;
2030 2040 2088 2086 ut
2114 2041 2320 2102 quanto
2361 2032 2612 2089 crebrior
2651 2032 2992 2099 admonitio,
3044 2041 3201 2091 tanto
3230 2047 3481 2092 contem-

1869 2122 2118 2178 nentium
2151 2121 2358 2178 fuerint
2386 2136 2606 2193 peccata
2625 2125 2871 2197 majora?

1944 2213 2130 2287 (Vcrs.
2161 2217 2216 2282 «i,
2246 2213 2330 2287 5.)
2357 2214 2538 2289 Neque
2560 2217 2854 2274 inclinastis
2883 2235 3036 2274 aures
3059 2229 3280 2290 uestras,
3304 2231 3361 2277 ut
3381 2238 3481 2277 ouo

1869 2305 2072 2377 diretis,
2117 2324 2233 2363 cum
2259 2308 2485 2364 dicerem
2515 2307 2699 2383 [Vu|g.
2730 2309 2945 2385 diceret]
2978 2327 2993 2366 :
3034 2310 3374 2367 Revertimini
3408 2312 3480 2367 ad

1865 2417 1948 2457 me
1994 2403 2342 2475 unusquisque
2379 2420 2411 2458 α
2443 2404 2527 2458 via
2556 2420 2656 2458 sua
2682 2404 2842 2470 mala,
2873 2412 2925 2460 et
2950 2422 2983 2459 a
3006 2405 3244 2478 pessimis
3268 2406 3470 2479 cogita-

1870 2495 2095 2550 tionibus
2113 2496 2298 2551 oestris
2314 2512 2334 2550 :
2360 2504 2408 2550 et
2427 2493 2725 2550 habitabitis
2745 2495 2800 2550 in
2825 2504 2986 2562 terra,
3013 2511 3171 2567 quam
3199 2496 3340 2551 dedit
3368 2494 3483 2551 Do-

1867 2586 2039 2642 minus
2069 2586 2210 2642 vobis
2232 2594 2279 2640 et
2301 2585 2529 2653 patribus
2557 2586 2734 2641 vestris
2751 2602 2783 2640 a
2807 2584 3001 2642 alecula
3026 2602 3192 2653 usque
3229 2588 3285 2643 in
3305 2602 3469 2643 siccu-

1867 2679 1997 2735 lum.
2023 2679 2195 2735 Tanta
2218 2677 2317 2734 fuit
2340 2678 2539 2735 duritia
2574 2679 2778 2750 populi,
2812 2688 2873 2735 ut
2887 2695 2956 2735 ne
2974 2678 3224 2736 habitum
3249 2679 3473 2753 quidem

1866 2772 2139 2829 audientis
2169 2782 2503 2841 assumeret,
2536 2780 2593 2829 et
2620 2771 2911 2828 inclinaret
2929 2787 3116 2828 aurem
3138 2787 3314 2842 suam,
3339 2787 3476 2845 prm-

1866 2872 2024 2943 cipue
2078 2870 2313 2927 Domino
2356 2878 2766 2937 commonente,
2816 2878 2879 2925 ut
2909 2875 3286 2927 reverteretur
3311 2885 3481 2927 unus-

1867 2962 2094 3034 quisque
2115 2978 2145 3017 a
2173 2962 2258 3019 via
2284 2976 2385 3017 sua
2414 2962 2557 3017 mala
2597 2971 2655 3019 et
2681 2978 2711 3019 a
2750 2961 3009 3033 pessimis
3053 2962 3479 3032 cogitationibus

1866 3055 1999 3110 suis.
2036 3054 2126 3124 Et,
2159 3068 2194 3110 o
2221 3054 2434 3110 infinita
2464 3053 2902 3123 clementia,non
2926 3054 3255 3127 supplicium
3277 3054 3483 3114 inferre

1868 3164 1968 3218 pro
2000 3148 2228 3216 scelere,
2254 3148 2353 3206 sed
2380 3148 2446 3204 ad
2478 3149 2854 3221 paenitentiam
2884 3165 3209 3223 provocare,
3235 3158 3344 3206 tam
3363 3165 3482 3209 ma-

170 3243 367 3302 dicens.
427 3243 635 3312 Quarto
671 3258 816 3301 anno
838 3245 985 3317 regis
1014 3244 1247 3315 Joacim,
1282 3246 1382 3302 ﬁlii
1400 3245 1569 3303 losiae
1595 3247 1765 3318 patris
1793 3241 1840 3305 C
1871 3240 2050 3297 lorum
2077 3256 2328 3312 operum,
2357 3258 2479 3314 quae
2508 3242 2780 3315 signiﬁcat
2806 3243 2895 3300 via
2927 3244 3090 3311 mala,
3124 3258 3284 3316 quam
3311 3243 3484 3318 pessi-

169 3333 471 3405 Jechonite,
495 3334 1007 3393 Nabuchodonosor
1030 3339 1082 3394 in
1101 3338 1378 3410 Babylone
1401 3339 1642 3410 suscepit
1667 3340 1768 3396 im-

171 3432 406 3503 perium.
446 3439 608 3500 atque
649 3430 720 3485 ita
768 3430 971 3488 factum
999 3441 1104 3501 est,
1153 3441 1212 3487 ut
1238 3447 1414 3489 annus
1435 3432 1527 3504 qui
1560 3432 1768 3503 primus

172 3535 290 3583 erat
312 3522 824 3581 Nabuchodonosor
850 3523 905 3581 in
938 3524 1237 3599 Babylone,
1278 3537 1507 3599 quartus
1537 3534 1684 3582 esset
1713 3525 1766 3580 in

173 3618 480 3676 Jerusalem
510 3619 656 3689 regis
679 3616 912 3674 Joacim.
955 3619 1201 3692 Denique
1221 3627 1417 3676 octavo
1442 3635 1589 3676 anno
1614 3619 1770 3692 regni

175 3712 282 3782 sui,
309 3710 642 3769 Jcchoniam
686 3726 811 3767 cum
860 3720 1034 3767 matre
1075 3721 1130 3767 et
1165 3712 1505 3783 principibus
1530 3712 1684 3769 duxit
1713 3711 1766 3766 in

173 3806 575 3879 captivitatem,
604 3806 693 3877 qui
725 3807 901 3864 tribus
933 3814 1144 3862 tantum
1177 3816 1299 3877 post
1326 3805 1768 3863 interfectionem

174 3901 346 3974 patris
397 3898 606 3956 Joacim
654 3907 910 3970 regnarat
954 3898 1255 3955 mensibus.
1324 3898 1648 3956 Interfectus
1684 3906 1772 3955 est

174 4003 356 4052 autem
400 3992 610 4050 Joacim
653 3991 942 4049 undecimo
979 4006 1125 4047 anno
1148 3991 1302 4063 regni
1333 3993 1419 4048 sui
1452 3992 1509 4047 in
1542 3990 1772 4049 Jerusa-

172 4087 280 4146 lem
306 4084 404 4161 (ιν
436 4084 568 4157 Reg.
612 4082 787 4157 sxw).

246 4178 436 4253 (Vera.
463 4178 546 4247 3.)
570 4177 617 4233 A
645 4178 796 4233 tertio
816 4176 1014 4232 decimo
1055 4193 1197 4232 anno
1227 4175 1392 4233 losia:
1421 4177 1524 4249 ﬁlii
1549 4176 1773 4232 Ammon

171 4277 310 4349 regis
335 4275 483 4330 ludo
507 4289 666 4344 usque
693 4272 763 4327 ad
784 4271 923 4326 diem
949 4272 1107 4339 hanc,
1135 4273 1234 4327 iste
1260 4281 1335 4327 est
1357 4271 1537 4327 tertius
1561 4281 1610 4326 et
1637 4271 1774 4327 vice-

175 4370 338 4426 simus
358 4383 556 4433 annus,
588 4370 787 4437 factum
817 4374 894 4421 est
920 4366 1131 4421 verbum
1157 4364 1372 4420 Domini
1389 4365 1457 4419 ad
1484 4380 1586 4433 me,
1616 4373 1664 4419 et
1690 4363 1771 4419 lo-

178 4474 329 4521 cutus
353 4477 475 4517 sum
501 4461 571 4515 ad
598 4475 688 4516 vos
718 4460 785 4514 de
830 4468 980 4515 nocte
1017 4475 1334 4535 consurgens
1384 4468 1433 4514 et
1463 4460 1700 4531 loquens,
1726 4464 1778 4513 et

1871 3349 2083 3390 marum
2114 3335 2530 3406 cogitationum,
2577 3352 2700 3407 qua:
2729 3345 2787 3393 et
2814 3336 2931 3406 ipse
2961 3337 3167 3410 absque
3188 3352 3356 3410 opere
3395 3354 3485 3396 re-

1874 3438 2132 3501 putentur
2163 3431 2217 3485 in
2270 3442 2580 3501 peccatum.
2635 3431 2704 3487 Et
2749 3431 3017 3502 promittit
3074 3432 3402 3503 praemium,
3434 3432 3483 3489 si

1871 3522 2100 3580 fecerint
2139 3523 2284 3595 quod
2330 3532 2661 3595 praeceptum
2709 3533 2816 3593 est,
2851 3535 2910 3580 ut
2943 3523 3194 3581 habitent
3221 3525 3277 3581 in
3309 3534 3477 3594 terra,

1870 3632 1994 3688 quae
2035 3616 2157 3672 data
2211 3617 2283 3672 sit
2333 3617 2598 3687 patribus,
2630 3628 2686 3673 et
2716 3628 2940 3689 propter
2960 3619 3198 3675 filiorum
3220 3619 3349 3675 vitia
3380 3634 3475 3675 su-

1872 3707 2037 3765 blata.
2069 3706 2333 3778 Quodque
2366 3708 2443 3763 ait
2476 3724 2490 3763 :
2526 3708 2570 3763 Α
2611 3707 2801 3765 sceculo
2829 3723 2877 3765 et
2904 3726 3064 3781 usque
3106 3711 3161 3765 in
3204 3710 3475 3780 siccatum,

1872 3802 2010 3868 sive,
2041 3806 2106 3856 ab
2133 3811 2327 3856 (eterna
2358 3809 2404 3856 et
2433 3810 2590 3874 usque
2616 3802 2672 3856 in
2700 3814 2973 3871 teternum,
2994 3802 3232 3860 ostendit
3253 3803 3354 3860 Dei
3383 3803 3485 3860 do-

1873 3908 1945 3949 na
2003 3899 2292 3965 perpetua,
2324 3892 2371 3949 si
2424 3891 2573 3964 digni
2622 3892 2944 3951 exstiterint
2998 3892 3054 3950 hi
3099 3894 3302 3966 quibus
3348 3895 3478 3952 data

1874 3995 2023 4043 sunt.

1948 4079 2140 4153 (Vere.
2189 4080 2244 4149 6,
2289 4081 2387 4153 7.)
2434 4079 2504 4135 Et
2556 4080 2712 4137 nolite
2756 4079 2833 4135 ire
2861 4088 2978 4150 post
3016 4081 3143 4137 deos
3170 4080 3395 4150 alienos,
3429 4090 3484 4136 ut

1875 4173 2110 4230 servietis
2137 4174 2230 4242 eis,
2263 4174 2587 4248 adoretisgue
2612 4190 2733 4240 eos;
2761 4189 2921 4246 neque
2947 4190 3028 4230 me
3060 4174 3130 4229 ad
3167 4174 3491 4231 iracundiam

1878 4266 2166 4337 provocetis
2191 4267 2247 4322 in
2277 4266 2515 4338 operibus
2545 4281 2795 4321 manuum
2814 4278 3123 4334 uestrarum,
3151 4278 3200 4324 et
3228 4284 3330 4324 non
3350 4268 3495 4341 afﬂi-

1876 4376 1997 4432 gam
2016 4376 2124 4415 vos.
2154 4358 2224 4414 Et
2244 4376 2349 4416 non
2369 4360 2591 4416 audistis
2613 4376 2716 4428 me,
2747 4370 2770 4400 ο
2795 4360 2920 4416 dicit
2941 4358 3217 4430 Dominus,
3243 4372 3301 4418 ut
3322 4379 3403 4419 me
3422 4365 3492 4421 ad

1878 4455 2203 4511 iracundiam
2222 4458 2572 4531 provocaretis
2599 4457 2652 4512 in
2674 4457 2914 4528 operibus
2936 4474 3187 4514 manuum
3207 4467 3493 4518 vestrarum

176 4574 281 4615 non
321 4553 566 4612 audistis.
613 4552 799 4609 Tertio
840 4551 1063 4609 decimo
1092 4566 1240 4608 anno
1273 4552 1416 4624 regis
1445 4549 1555 4625 [ΑΙ.
1599 4549 1778 4624 regni]
1882 4550 1936 4606 in
1964 4553 2158 4607 malum
2206 4566 2451 4610 vestrum.
2500 4554 2569 4610 Et
2617 4552 2758 4623 haec,
2804 4555 3003 4627 inquit,
3033 4555 3323 4613 monebam
3368 4573 3493 4615 cum

176 4649 344 4707 Josia:
370 4648 463 4720 qui
504 4644 755 4718 regnavit
798 4644 853 4701 in
884 4646 1191 4701 Jerusalem
1220 4644 1382 4701 annis
1406 4642 1436 4683 ι)
1469 4644 1692 4715 triginta
1724 4650 1779 4697 et
1806 4645 1858 4706 Ι)
1884 4646 2284 4719 superioribus,
2318 4664 2387 4706 ne
2410 4648 2741 4721 diis;alienis
2766 4649 3075 4719 serviretis,
3113 4662 3168 4709 et
3195 4652 3500 4710 adoraretis

180 4759 315 4809 uno,
345 4739 623 4801 Jeremias
652 4739 982 4811 prophetare
1007 4754 1241 4797 exorsus
1269 4748 1377 4807 est,
1400 4748 1456 4794 et
1483 4737 1781 4810 pr0pheta-
1883 4756 2006 4807 eos,
2037 4748 2094 4797 et
2123 4757 2191 4798 ne
2227 4742 2329 4797 ista
2361 4740 2613 4799 faciendo
2642 4757 2731 4799 Inc
2762 4745 3137 4814 provocaretis
3166 4744 3238 4801 ad
3281 4746 3499 4802 iracun-

181 4837 262 4895 vit
301 4837 407 4892 sub
445 4849 515 4891 eo
541 4834 701 4889 annis
737 4832 928 4889 decem
961 4842 1021 4888 et
1054 4849 1276 4902 novem,
1311 4833 1398 4889 cui
1427 4832 1697 4890 successit
1727 4833 1782 4888 in
1885 4832 2030 4890 diam
2061 4844 2288 4905 propter
2316 4836 2484 4906 opera
2508 4850 2767 4891 manuum
2796 4845 3126 4906 vestrarum,
3177 4847 3236 4895 ut
3262 4837 3500 4896 facerem

182 4942 415 5002 regnum
447 4926 593 4983 filius
619 4925 743 4997 ejus
765 4923 1036 4982 loachaz:
1069 4940 1179 4995 quo
1204 4925 1391 4981 statim
1415 4924 1581 4981 ducto
1609 4925 1664 4980 in
1694 4939 1788 4981 ca~
1884 4926 2031 4998 quod
2059 4927 2337 4998 nolebam,
2367 4937 2426 4984 et
2456 4927 2755 5001 afﬂigerem
2791 4930 3003 5005 1015
3032 4947 3156 4999 vos,
3187 4941 3243 4988 et
3270 4946 3378 4988 non
3407 4947 3504 4987 au-

182 5022 547 5096 ptivitatema
568 5016 791 5075 Nechao
812 5015 1607 5090 regeEgyptiorum,regnum
1634 5016 1781 5072 obti-
1885 5017 2048 5075 distis
2079 5034 2190 5077 me.
2222 5020 2493 5093 Quodque
2530 5021 2805 5093 sequitur,
2835 5020 2976 5077 Dicit
3006 5021 3301 5093 Dominus,
3333 5034 3392 5077 ut
3421 5038 3504 5078 me

182 5116 307 5173 nuit
332 5113 547 5171 Joacitn
584 5109 758 5168 frater
806 5111 929 5182 ejus
980 5109 1072 5183 (IV
1115 5111 1250 5186 Reg.
1281 5111 1469 5185 mn).
1536 5112 1595 5169 In
1625 5109 1784 5182 cujus

184 5205 345 5279 regni
385 5210 587 5275 quarto
632 5218 798 5271 anno,
851 5203 959 5260 iste
992 5202 1060 5259 ad
1086 5203 1381 5260 Jeremiam
1402 5203 1462 5260 fit
1489 5202 1614 5278 [AL
1640 5202 1786 5277 fuit]

185 5315 376 5359 sermts
410 5297 657 5366 Domini,
700 5312 765 5355 ac
794 5312 894 5369 per
927 5297 1034 5354 hoc
1062 5297 1364 5368 vigesimus
1393 5299 1590 5354 tertius
1612 5313 1788 5353 atinas

188 5405 309 5452 erat
351 5393 611 5451 Jcremiat
641 5394 943 5465 prophetae,
988 5409 1058 5450 ex
1095 5409 1206 5464 quo
1247 5392 1398 5464 loqui
1435 5392 1502 5448 ad
1528 5393 1790 5465 populum

1889 5114 1958 5171 ad
1994 5114 2322 5170 iracundiam
2369 5116 2720 5189 prooocaretis
2756 5116 2814 5172 in
2854 5116 3094 5190 operibus
3138 5132 3386 5171 manuum
3421 5132 3506 5172 vc-

1890 5214 2117 5262 strarum
2142 5207 2197 5262 in
2244 5204 2446 5264 malum
2490 5216 2733 5279 uestrum,
2765 5206 2824 5265 in
2862 5207 3224 5280 Septuaginta
3267 5223 3379 5266 non
3409 5207 3507 5266 ba-

1893 5298 2072 5356 betur.

1970 5393 2176 5466 (Vera.
2214 5394 2307 5467 8.)
2357 5393 2649 5469 Propterea
2693 5393 2806 5452 lucc
2849 5394 2975 5449 dicit
3018 5390 3276 5450 Dominus
3313 5395 3514 5452 exerci-

186 5490 392 5562 erepit;
417 5496 475 5545 et
501 5503 794 5558 numquam
826 5487 1126 5559 praedicare
1155 5486 1417 5554 cessavit,
1438 5487 1534 5542 sed
1560 5485 1794 5557 singulis
1901 5496 2043 5542 tuum
2068 5503 2088 5543 :
2125 5503 2221 5560 pro
2252 5503 2312 5543 eo
2342 5488 2481 5559 quod
2512 5504 2619 5544 non
2646 5485 2874 5543 audistis
2903 5484 3059 5541 verba
3084 5500 3222 5556 mea,
3261 5501 3378 5542 ecce
3412 5504 3509 5561 ego

266 5661 292 5689 ει
322 5648 534 5706 Victor.
588 5647 708 5719 hac
753 5647 922 5705 verba
972 5646 1291 5719 parenthesi
1337 5643 1786 5719 ittclusakdelet,

1900 5654 1931 5716 Ἀ
1977 5656 2001 5686 ε
2041 5647 2173 5716 Quae
2194 5647 2325 5705 hinc
2374 5647 2783 5716 subsequuntur
2829 5644 2972 5716 sacri
3026 5653 3204 5701 textus
3232 5645 3422 5716 verba,
3452 5649 3508 5704 in

195 5722 401 5796 quippe
443 5735 567 5776 cum
609 5717 812 5776 falsum
845 5720 945 5788 sit,
972 5714 1203 5777 'comma
1238 5717 1374 5775 illud
1405 5719 1458 5775 in
1503 5714 1650 5773 LXX
1688 5731 1795 5773 non
1904 5714 2262 5796 Cisterciensi
2290 5734 2396 5775 ms.
2430 5718 2528 5796 hic
2560 5714 2673 5772 loci
2705 5731 2813 5796 non
2844 5714 3137 5785 habentur,
3168 5715 3369 5791 quippe
3387 5734 3510 5792 qua

196 5794 565 5922 hageé'isterc.
601 5877 733 5928 ms.,
762 5863 913 5917 annis
945 5864 1124 5935 viginti
1153 5872 1199 5921 et
1232 5879 1358 5918 uno.

1906 5790 2072 5861 paulo
2102 5802 2227 5862 post
2261 5790 2484 5863 proprio
2511 5789 2635 5846 loco
2660 5784 2982 5846 recitantur.
