4080 6326
583 319 691 388 ϐῢὸ

1840 312 1903 370 s.
1948 310 2227 371 suseuu
2255 288 2635 367 m‘auouvul

3782 275 3877 355 sit

582 447 781 503 mittant
822 447 869 497 et
909 450 1170 494 assumant
1209 430 1474 489 universas
1514 425 1846 502 cognationes
1889 423 2182 498 Aquilonis,
2210 424 2267 488 Α
2287 421 2411 477 anni
2451 418 2813 493 septuaginta,
2846 413 3066 471 visitabo
3095 428 3252 485 super
3281 426 3453 483 regem
3489 408 3806 483 Babylonis,
3836 420 3879 465 rt

581 538 655 593 ait
708 534 1004 599 Dominus;
1053 536 1102 584 et
1153 522 1642 581 Nabuchodonosor
1686 534 1860 591 regem
1902 514 2190 589 Babylonis

581 643 785 684 servum
832 640 1021 681 meum.
1054 619 1189 691 Quia
1228 633 1316 674 me
1345 614 1414 671 ad
1453 612 1793 672 iracundiam
1826 609 2187 681 provocastis,

581 729 639 776 et
669 717 873 776 fecistis
903 714 1105 773 malum
1136 711 1190 767 in
1212 709 1494 766 interitum
1517 710 1783 772 vestrum,
1816 714 1869 759 et
1894 714 2196 774 provocan-

582 824 694 871 tem
715 812 783 868 ad
802 807 1210 885 paenitentiam,
1231 804 1471 874 superbo
1491 796 1745 857 calcastis
1767 792 1926 867 pede,
1958 794 2189 859 mittam,

581 906 783 981 inquit,
804 882 885 960 ad
909 902 1192 959 universas
1212 896 1589 970 cognationes,
1614 891 1732 947 sive
1753 887 2005 946 nationes
2031 882 2197 956 Aqui-

582 978 747 1066 lonis,
779 1007 836 1057 et
864 996 1133 1055 adducam
1162 992 1465 1066 principem
1487 992 1672 1045 earum
1696 978 2198 1042 NabuchodOuosor

585 1107 774 1166 regem
802 1087 1105 1164 Babylonis
1133 1100 1357 1143 servum
1409 1097 1615 1139 meum.
1664 1077 1826 1137 Mittit
1856 1088 2038 1132 autem
2088 1072 2198 1128 Do-

586 1189 770 1246 minus
796 1187 881 1244 vel
911 1183 1176 1256 Angelos,
1217 1189 1278 1237 ut
1325 1176 1605 1235 concitent
1649 1183 1866 1246 gentes,
1907 1170 1995 1226 vel
2044 1176 2200 1224 certe

588 1277 902 1353 huiusmodi
931 1285 1116 1332 movet
1142 1268 1530 1345 cognationes,
1549 1276 1608 1324 ut
1637 1264 1839 1322 faciant
1869 1258 2085 1319 Domini
2105 1275 2201 1313 vo-

586 1350 875 1428 luntatem.
907 1367 1173 1441 Quodque
1202 1373 1362 1421 vocat
1388 1374 1609 1418 servum
1639 1373 1801 1415 suum
1832 1350 2199 1411 Nabuchodo-

589 1482 777 1533 nosor,
810 1479 917 1521 non
941 1463 1023 1519 sic
1051 1474 1252 1519 servus
1281 1465 1509 1513 vocatur
1538 1463 1598 1509 ut
1620 1449 1908 1523 Propheta:
1926 1457 1983 1504 et
2008 1458 2201 1501 omnes

587 1559 791 1629 salicti,
820 1557 915 1630 qui
946 1570 1075 1612 vere
1106 1553 1359 1611 serviunt
1391 1547 1659 1611 Domino;
1691 1543 1788 1600 sed
1818 1556 1928 1614 quo
1961 1541 2015 1595 in
2045 1551 2203 1594 ever-

587 1654 745 1711 sione
774 1648 1103 1717 Jerusalem,
1152 1643 1368 1701 Domini
1399 1641 1606 1698 serviat
1652 1637 1954 1695 voluntati:
1998 1647 2200 1690 secun—

589 1750 721 1807 dum
746 1745 893 1820 quod
925 1736 1297 1815 ctApostolus
1330 1737 1604 1811 loquitur:
1641 1733 1785 1803 Quos
1812 1729 2008 1784 tradidi
2041 1726 2200 1784 Sata-

2294 531 2451 587 super
2478 522 2684 587 gentem
2708 508 2877 577 illaut,
2910 508 3039 564 dicit
3075 506 3349 575 Dominus,
3378 504 3675 576 iniquitates
3694 519 3875 571 eorum,

2295 617 2342 663 et
2371 623 2526 679 super
2555 615 2749 660 terram
2776 601 3169 667 Chaldreorunt,
3202 608 3251 654 et
3280 615 3472 670 ponam
3499 595 3651 651 illam
3679 598 3733 651 in
3758 597 3880 651 soli-

2296 699 2505 755 tudines
2531 699 2894 770 sempiternas.
2943 688 3010 751 Et
3040 690 3299 750 adducam
3338 708 3496 764 super
3525 700 3720 746 terram
3749 692 3883 747 illaut

2298 796 2473 848 omnia
2521 792 2673 847 rerba
2716 808 2829 846 mea
2882 806 3001 863 qua
3057 788 3264 843 locutus
3315 803 3431 841 sunt
3479 794 3666 840 contra
3720 801 3827 841 eam
3866 801 3883 841 :

2300 903 2448 942 omne
2474 883 2615 957 quod
2633 887 2884 959 scriptum
2910 891 2985 939 est
3007 884 3061 937 in
3100 880 3231 936 libro
3251 880 3350 936 isto
3368 923 3384 950 ,
3412 895 3745 951 quacumque
3770 895 3880 952 pro-

2298 980 2523 1053 pltetavit
2553 978 2806 1035 Jeremias
2829 980 3104 1034 adversum
3126 993 3302 1030 omnes
3330 984 3528 1050 gentes.
3558 976 3717 1031 Sicut
3742 974 3887 1031 Jeru-

2299 1072 2474 1130 salem
2519 1082 2642 1146 post
2684 1072 3030 1144 septuaginta
3069 1085 3244 1125 annos
3284 1066 3480 1140 recipit
3506 1062 3628 1141 [AL
3660 1066 3885 1141 recepit]

2302 1164 2568 1241 pristinos
2612 1164 2992 1229 habitatores,
3037 1162 3094 1220 el
3131 1162 3368 1235 expletis
3406 1159 3733 1233 suppliciis,
3771 1161 3887 1231 quia

2301 1258 2546 1318 obedivit
2562 1260 2850 1317 sententia
2876 1258 2994 1327 Dei,
3022 1258 3285 1315 felicitate
3307 1257 3541 1329 pristina
3567 1254 3887 1327 perfruitur;

2286 1355 2385 1427 sic
2427 1370 2523 1410 rex
2575 1350 2872 1425 Babylonis
2902 1351 2997 1424 qui
3039 1348 3219 1407 elatus
3252 1360 3339 1406 est
3368 1347 3422 1405 in
3464 1348 3813 1419 superbiam,
3840 1354 3891 1403 et

2303 1465 2525 1506 suarum
2558 1442 2856 1503 arbitratus
2877 1457 2965 1500 est
2992 1444 3216 1503 virium.
3242 1440 3390 1513 quod
3418 1440 3668 1512 regnavit
3691 1440 3745 1494 in
3764 1455 3889 1510 geu-

2307 1538 2476 1609 tibus,
2500 1551 2556 1597 et
2580 1556 2690 1596 non
2716 1536 2934 1596 Domini
2959 1537 3276 1602 voluntatis,
3300 1532 3470 1591 Medis
3494 1532 3786 1605 Persisque
3806 1547 3889 1588 νεα

2308 1637 2584 1691 aientibus
2629 1634 2975 1691 destruetur.
3025 1632 3272 1703 Denique
3315 1644 3491 1701 usque
3541 1627 3708 1685 hodie
3751 1626 3892 1683 urbis

2307 1729 2606 1802 Babylonis
2636 1727 2880 1798 reliquiae
2913 1736 3124 1783 tantum
3158 1735 3404 1782 manent.
3440 1723 3509 1780 Et
3541 1723 3723 1795 posuit
3755 1722 3891 1778 illam

593 1859 695 1906 me,
726 1809 783 1898 αἱ
813 1840 1017 1897 discant
1052 1809 1164 1894 non
1213 1809 1575 1905 blasphemare
1613 1826 1666 1901 (l
1706 1825 1848 1884 Tim.
1889 1839 1929 1891 I,
1977 1819 2110 1893 20).
2142 1817 2203 1874 In
2234 1809 2283 1869 Β
2312 1824 2575 1880 Dominus
2607 1821 2662 1878 in
2698 1819 3052 1878 solitudinem
3091 1817 3516 1890 sempiternam,
3557 1824 3615 1871 et
3658 1814 3892 1885 implevit

588 1932 901 2007 Aquilonis,
921 1938 1103 1987 autem
1136 1934 1292 2001 parte
1321 1940 1445 1981 esse
1481 1919 1792 1987 Chaldaeos,
1840 1914 1995 1989 juxta
2026 1911 2191 1969 situm

587 2026 899 2085 Jerusalem
931 2021 1071 2079 nulli
1099 2020 1325 2077 dubium
1355 2025 1460 2073 est.

664 2123 853 2193 (Vcrs.
880 2120 964 2190 9.)
1003 2116 1073 2173 Et
1102 2116 1360 2172 adducam
1388 2127 1475 2169 eos
1521 2125 1676 2181 super
1722 2117 1909 2163 terram
1938 2100 2116 2167 istam,
2150 2106 2199 2154 et

587 2233 742 2290 super
771 2213 1087 2269 habitatores
1115 2210 1253 2282 ejus,
1298 2216 1345 2262 et
1375 2220 1529 2276 super
1582 2201 1821 2259 notiones
1869 2211 2042 2251 omnes
2087 2206 2201 2265 qua

587 2312 643 2365 in
674 2309 894 2364 circuitu
921 2303 1067 2361 illius
1095 2309 1237 2368 sunt;
1267 2308 1315 2355 et
1346 2296 1659 2367 interﬁciant
1687 2309 1796 2360 eos,
1825 2298 1872 2345 et
1904 2303 2099 2362 ponant
2114 2301 2202 2340 eos

585 2404 642 2460 in
672 2411 955 2473 stuporem,
971 2398 1088 2452 etin
1106 2394 1338 2461 sibilum,
1366 2400 1414 2447 et
1439 2392 1493 2445 in
1514 2386 1819 2445 solitudines
1837 2381 2199 2451 sempiternas.

587 2498 695 2559 lata
714 2505 845 2553 sunt
875 2492 1098 2567 praemia
1129 2495 1596 2559 contemptorum,
1628 2490 1686 2539 et
1713 2480 1813 2537 Dei
1828 2477 1990 2535 verba
2010 2472 2205 2529 audire

589 2590 914 2650 nolentium.
932 2580 1203 2661 Quidquid
1225 2581 1390 2655 igitur
1416 2577 1546 2635 mali
1569 2589 1735 2646 super
1764 2585 1866 2627 nos
1893 2567 2203 2631 adducitur,

590 2696 781 2745 nostra
801 2688 1032 2756 peccata
1084 2680 1353 2735 iecerunt.
1402 2671 1718 2741 Omnesque
1743 2672 1941 2740 gentes
1969 2671 2031 2718 ut
2078 2669 2208 2714 tunc

590 2755 842 2841 adducta:
875 2787 1006 2832 sunt
1033 2782 1229 2830 contra
1258 2767 1567 2827 Jerusalem
1592 2763 1707 2819 :sic
1736 2759 1901 2817 hodie
1920 2755 2206 2812 adducun-

591 2881 679 2929 tur
707 2880 903 2928 contra
931 2865 1240 2926 Ecclesiam
1269 2860 1663 2935 negligentem,
1682 2864 1746 2912 ut
1772 2849 2065 2909 interﬁciat
2084 2864 2203 2917 eos,

590 2976 647 3022 et
671 2972 840 3039 ponat
867 2964 923 3019 in
955 2970 1262 3031 stuporem,
1295 2965 1350 3014 et
1380 2953 1433 3009 in
1456 2952 1703 3017 sibilum,
1733 2955 1789 3003 et
1810 2948 1865 3001 in
1884 2940 2208 3001 solitudines

591 3033 987 3129 sempiternas,
1017 3063 1078 3110 ut
1105 3052 1163 3109 in
1194 3048 1449 3123 exetnplo
1469 3047 1584 3101 sint
1610 3041 1855 3099 omnium
1887 3049 2049 3109 atque
2100 3033 2208 3089 mi-

593 3152 809 3213 raculo.
839 3149 1046 3210 Sibilus
1075 3159 1261 3205 autem
1292 3139 1543 3199 miraculi
1572 3146 1630 3195 et
1654 3136 1895 3208 stuporis
1944 3129 2207 3187 indicium

2299 1921 2485 1975 omnia
2514 1919 2712 1986 verba,
2743 1934 2865 1988 qua:
2897 1917 2953 1972 in
2998 1916 3156 1971 istius
3198 1915 3369 1985 ipsius
3413 1913 3707 1983 Promis-ta:
3749 1912 3892 1968 volu-

2302 2012 2451 2071 mine
2479 2012 2852 2068 continentur.
2879 2009 3015 2065 Nam
3038 2008 3093 2064 in
3111 2005 3597 2081 consequentibus,
3621 2021 3744 2078 quae
3767 2005 3895 2061 mala

2304 2126 2534 2183 passura
2566 2110 2638 2165 sit
2666 2106 2939 2181 Babylon,
2967 2104 3229 2163 Jeremia:
3259 2120 3445 2161 sermo
3468 2102 3761 2163 describit.

2379 2205 2579 2278 (Vers.
2608 2203 2742 2276 14.)
2775 2201 2914 2270 Quia
2953 2200 3239 2256 seruierunt
3270 2197 3344 2252 eis
3383 2213 3503 2251 cum
3535 2204 3703 2251 essent
3732 2204 3894 2263 gentes

2306 2300 2505 2366 multae,
2529 2308 2579 2353 et
2607 2312 2759 2373 reges
2789 2294 2998 2367 magni;
3019 2304 3067 2347 et
3096 2290 3312 2348 reddam
3337 2291 3410 2345 eis
3440 2288 3729 2345 secundum
3753 2303 3895 2361 opera

2306 2408 2486 2448 eorum
2506 2432 2522 2458 ,
2565 2398 2615 2445 et
2644 2389 2935 2444 secundum
2966 2386 3110 2458 facta
3142 2399 3397 2439 manuum
3436 2398 3678 2439 suarum.
3710 2381 3819 2437 lluc
3847 2381 3895 2437 in

2307 2485 2665 2556 Septuaginta
2714 2501 2820 2539 non
2877 2480 3134 2537 habetur.
3188 2478 3478 2551 Significat
3524 2488 3708 2534 autem
3761 2475 3897 2548 quod

2311 2596 2417 2635 non
2460 2578 2637 2634 solum
2679 2585 2874 2631 contra
2917 2572 3251 2644 Babylonem
3299 2570 3720 2642 prophetavcrit
3754 2569 3896 2625 Jere-

2310 2676 2471 2741 mias,
2502 2671 2599 2729 sed
2629 2680 2821 2727 contra
2848 2679 3080 2725 caeteras
3106 2675 3301 2738 gentes
3322 2707 3337 2732 ,
3365 2680 3493 2737 qua:
3523 2665 3582 2721 in
3612 2662 3897 2738 Babylonio

2312 2769 2534 2826 fuerant
2564 2767 2840 2832 exercitu,
2889 2771 2949 2821 et
2975 2770 3169 2819 contra
3212 2761 3430 2818 Domini
3462 2760 3719 2833 populum
3748 2759 3896 2815 dimi-

2311 2872 2527 2921 carunt.
2552 2861 2797 2933 Denique
2818 2859 2873 2914 in
2896 2856 3252 2929 sequentibus
3274 2856 3478 2913 dicitur
3498 2867 3689 2912 contra
3712 2854 3896 2927 Egyp-

2314 2970 2428 3015 tum
2447 2998 2464 3024 ,
2492 2966 2551 3013 et
2576 2952 2913 3012 Philisthiim
2934 2996 2951 3023 ,
2984 2962 3038 3011 et
3076 2951 3236 3013 Moab
3258 2993 3275 3021 ,
3314 2960 3373 3010 et
3398 2950 3679 3017 Ammon,
3708 2960 3758 3006 et
3785 2948 3897 3005 ldu-

2313 3067 2533 3119 mzeam,
2564 3058 2621 3107 et
2650 3049 3002 3117 Damascum,
3034 3057 3093 3103 et
3118 3046 3323 3115 Gedar,
3362 3054 3421 3103 et
3452 3060 3627 3118 regna
3650 3044 3809 3113 Asor,
3847 3051 3899 3099 et

2316 3147 2499 3213 Elam,
2543 3152 2598 3201 et
2622 3143 2691 3200 ad
2725 3154 3033 3200 extremum
3072 3151 3264 3201 contra
3310 3138 3651 3211 Babylonem
3682 3150 3898 3197 terreor

592 3211 704 3313 est;
731 3253 788 3301 et
813 3240 1058 3301 solitudo
1076 3238 1418 3309 sempiterna
1448 3234 1503 3289 in
1530 3232 1616 3288 bis
1638 3221 2203 3302 deprehenditur,qui
2232 3211 2283 3277 Ο
2308 3259 2417 3317 qua
2443 3211 2780 3299 Chaldmm,

599 3332 892 3410 praesidem
914 3350 1023 3393 non
1051 3332 1259 3389 habent
1286 3329 1481 3387 Deum.

664 3431 848 3505 (Vere.
881 3426 998 3501 10.)
1037 3424 1364 3496 Perdamque
1391 3438 1457 3478 es:
1483 3420 1558 3475 eis
1587 3433 1757 3475 vocem
1796 3416 1998 3491 gaudii,
2035 3422 2081 3469 et
2108 3429 2197 3467 vo-

591 3542 703 3582 cem
750 3523 990 3592 lietitite;
1026 3535 1204 3577 vocem
1233 3517 1435 3589 sponsi,
1460 3522 1507 3569 et
1536 3528 1709 3569 vocem
1729 3524 1972 3582 sponsis;
2025 3522 2199 3563 vocem

591 3620 768 3691 molle,
812 3631 861 3676 et
913 3619 1086 3674 lumen
1120 3616 1367 3671 lucernae.
1417 3609 1482 3665 Et
1523 3608 1621 3665 erit
1666 3609 1904 3663 unirersa
1924 3615 2065 3661 terra
2086 3605 2200 3676 ejus

591 3714 777 3789 [ναις.
804 3710 1007 3787 nec]in
1032 3708 1369 3767 solitudinem
1384 3714 1435 3760 et
1453 3704 1508 3759 in
1525 3712 1808 3773 stuporem.
1843 3699 1954 3755 lloc
1985 3698 2038 3753 in
2069 3710 2203 3752 cono

589 3808 848 3869 ciliabulo
890 3802 1307 3881 malignautium
1351 3811 1409 3857 et
1456 3795 1619 3853 hodie
1668 3793 2093 3867 comprobatur;
2142 3795 2203 3843 ut

589 3902 834 3977 magistri
863 3916 1061 3959 eorum
1086 3913 1197 3955 non
1229 3896 1469 3952 doceant
1492 3888 1721 3947 verbum
1745 3888 1863 3955 Dei,
1896 3883 1993 3940 sed
2026 3882 2202 3937 instar

587 3997 799 4054 colubri
826 3995 1077 4052 sibilent.
1102 3992 1362 4062 Peritque
1401 3988 1457 4043 in
1481 3985 1563 4042 eis
1596 3999 1696 4039 vos
1728 3979 1934 4054 gaudii,
1988 3990 2204 4047 voxque

589 4091 818 4162 laetitias,
848 4099 907 4148 ut
936 4101 1233 4160 numquam
1263 4083 1493 4140 audiant
1512 4077 1651 4136 illud
1677 4074 1966 4148 Apostoli:
1995 4070 2197 4128 Gaude-

589 4197 661 4257 te,
682 4188 869 4243 iterum
914 4183 1031 4239 dico
1053 4174 1563 4256 goua’etethilipp.
1609 4187 1684 4241 tv,
1714 4168 1795 4243 4).
1838 4167 1956 4225 Vox
1983 4177 2202 4257 quoque

587 4255 829 4350 sponsa,
864 4255 1271 4332 Ecclesiasticze
1312 4266 1471 4334 ﬁdei;
1498 4275 1557 4322 et
1586 4278 1693 4321 vox
1740 4261 1951 4334 sponsi,
1981 4255 2202 4315 Domini

590 4369 898 4428 Salvatoris
966 4383 983 4421 :
1035 4365 1137 4435 Qui
1206 4363 1349 4418 enim
1398 4359 1553 4417 habet
1627 4371 1912 4431 sponsam,
1942 4380 1949 4385 ο
1979 4365 2202 4424 sponsus

577 4473 665 4541 est
697 4460 882 4536 (Joon.
920 4475 1005 4529 ut,
1029 4458 1151 4530 29).
1185 4455 1400 4531 1016
1424 4453 1547 4510 Vox
1576 4451 1760 4517 molas,
1786 4458 1846 4504 ut
1874 4461 1986 4504 non
2015 4453 2205 4503 conte-

588 4565 782 4615 rantur
805 4555 861 4612 in
890 4568 953 4611 ea
982 4549 1290 4617 frumenta,
1315 4557 1374 4603 et
1402 4544 1623 4619 populis
1647 4536 1932 4599 vescenda
1958 4537 2204 4595 tribuan-

2376 3335 2591 3408 (Vers.
2627 3332 2694 3389 l5
2739 3330 2941 3403 seqq.)
2998 3330 3139 3398 Quia
3194 3331 3271 3385 sic
3317 3330 3397 3385 ait
3460 3326 3715 3387 Donatum
3772 3327 3899 3385 Dm

2304 3426 2477 3487 Israel
2522 3426 2593 3483 ad
2639 3442 2719 3482 me
2765 3423 2948 3498 [Vulg.
2995 3423 3147 3479 addit
3196 3423 3543 3490 exercituum,
3580 3431 3639 3479 et
3684 3421 3805 3478 silet
3834 3420 3897 3475 ed

2305 3519 2408 3593 me]
2459 3534 2650 3574 :sume
2697 3516 2913 3572 calicem
2960 3515 3066 3573 viui
3112 3515 3310 3587 furoris
3363 3513 3507 3588 (site
3556 3511 3713 3584 uteri)
3754 3513 3899 3585 hujus

2304 3613 2371 3669 de
2418 3628 2575 3669 manu
2612 3627 2727 3666 mea
2753 3650 2769 3678 ,
2806 3619 2855 3665 et
2902 3608 3201 3681 propinabis
3252 3607 3463 3664 deillo
3503 3608 3705 3663 cunctis
3746 3606 3901 3679 guli-

2306 3708 2418 3775 bus,
2471 3705 2541 3761 ad
2586 3721 2715 3777 quas
2752 3719 2846 3778 ego
2880 3704 3085 3758 mittam
3130 3711 3198 3769 te,
3254 3710 3304 3756 et
3346 3701 3542 3767 bibent,
3590 3711 3642 3757 et
3686 3701 3899 3761 inebria-

2306 3801 2497 3857 buntur
2540 3796 2744 3873 [Vulg.
2791 3793 3178 3867 turbabuntur]
3224 3794 3364 3866 (sive
3405 3793 3669 3867 romeret);
3697 3804 3745 3849 et
3770 3796 3901 3849 insa-

2305 3893 2446 3948 nient
2483 3910 2517 3946 a
2552 3891 2687 3964 faeie
2730 3890 2927 3961 gladii,
2969 3904 3119 3961 quem
3153 3904 3247 3960 ego
3291 3888 3493 3943 mittam
3531 3887 3672 3943 inter
3692 3904 3799 3947 eos.
3837 3886 3897 3941 Et

2303 3983 2479 4056 accepi
2490 3983 2701 4037 calicem
2715 3980 2780 4036 de
2795 3997 2951 4035 manu
2973 3979 3205 4045 Domini,
3220 3989 3271 4035 et
3285 3980 3559 4051 propinavi
3579 3981 3902 4052 cuurtisgen-

2306 4078 2440 4132 tibus
2468 4076 2537 4131 ad
2560 4091 2687 4145 quas
2714 4075 2850 4129 misit
2870 4090 2951 4129 me
2976 4072 3253 4129 Dominus.
3281 4072 3603 4143 Propinatio
3623 4072 3826 4138 colicis,
3850 4088 3901 4131 et

2311 4171 2521 4245 1017
2550 4168 2740 4225 calieis
2769 4168 2924 4235 meri,
2957 4168 3073 4223 sive
3102 4183 3213 4223 non
3238 4168 3401 4223 mixti
3430 4165 3541 4240 (At.
3572 4166 3895 4239 commisti],

2305 4280 2429 4337 quae
2463 4263 2657 4319 Graece
2693 4261 2896 4319 dicitur
2935 4264 3186 4341 ἀκράτου,
3235 4261 3501 4318 Dominici
3530 4260 3739 4323 furoris
3768 4260 3902 4321 indi-

2306 4359 2449 4414 cium
2481 4366 2589 4425 est,
2618 4356 2646 4386 ⁸
2676 4365 2738 4411 ιιι
2763 4370 2956 4413 omnes
2981 4363 3198 4425 gentes,
3230 4369 3358 4427 qua:
3385 4365 3575 4413 contra
3612 4356 3707 4413 Dei
3736 4371 3896 4427 popo-

2306 4453 2416 4509 lum
2449 4452 2777 4517 militaruut,
2809 4451 2995 4507 bibant
3023 4450 3095 4507 de
3123 4449 3297 4507 calice
3328 4448 3535 4507 furoris
3564 4449 3807 4518 Domini,
3834 4448 3895 4507 tle

2307 4561 2417 4619 quo
2446 4545 2638 4601 scribit
2666 4544 2835 4603 lsaias
2854 4551 3049 4601 contra
3077 4543 3387 4600 Jerusalem
3421 4560 3434 4597 :
3468 4541 3743 4615 Scyphum
3762 4545 3895 4616 [uro-

589 4658 681 4708 tur
710 4667 724 4706 :
758 4660 815 4707 et
846 4649 1035 4705 lumen
1063 4614 1332 4713 lucernis,
1354 4614 1610 4699 doctrina
1638 4636 1900 4694 videlicet
1929 4641 1986 4691 et
2016 4633 2195 4689 scien-
2219 4614 2275 4678 1)
2296 4614 2393 4705 τὶς,
2428 4636 2646 4693 calicem
2677 4638 2844 4693 ηιίηιε
2869 4635 3072 4692 ebibisti
3097 4644 3146 4691 ει
3174 4637 3453 4703 mum,
3484 4614 3894 4707 νομισθείη.

590 4746 665 4803 tia
700 4744 821 4821 [AL
853 4743 1162 4801 doctrinam
1190 4747 1241 4798 et
1268 4732 1605 4812 scientiam}
1632 4733 2058 4811 Prophetarum.
2090 4728 2196 4784 De-

588 4839 757 4913 nique
775 4835 924 4896 etde
946 4834 1159 4892 Joanne
1181 4831 1426 4903 Baptista
1448 4828 1654 4885 dicitur
1674 4843 1689 4881 :
1718 4823 1825 4882 Ille
1845 4832 1961 4880 erat
1986 4823 2201 4878 lucerna

585 4935 766 4991 lucens
791 4930 977 5007 (Joan.
1011 4947 1069 4997 v,
1108 4929 1229 5007 35)».
1276 4926 1345 4983 Et
1381 4924 1527 4983 alius
1558 4920 1835 4993 Propheta
1871 4937 1885 4974 :
1914 4918 2194 4985 Lucerna,

586 5026 787 5101 inquit,
806 5006 1035 5101 pedibus
1063 5006 1192 5081 meis
1218 5016 1430 5079 uerbum
1456 5029 1631 5087 tuum,
1662 5015 1906 5083 Domine,
1936 5022 1983 5068 et
2009 5010 2103 5068 lua:
2125 5027 2202 5068 se-

587 5124 726 5179 mitis
749 5122 877 5179 meis
896 5117 1077 5195 (Paul.
1106 5132 1296 5184 esvw,
1320 5114 1473 5188 105).
1496 5112 1783 5177 Universa,
1809 5108 2010 5186 inquit,
2043 5117 2192 5163 terra

585 5216 977 5275 haereticorum
1018 5214 1133 5271 erit
1167 5211 1227 5271 in
1266 5209 1654 5272 solitudinem,
1700 5215 1758 5284 et
1796 5206 1849 5263 in
1880 5212 2195 5276 stuporem,

584 5326 711 5369 cum
771 5308 1134 5366 novissimum
1192 5305 1313 5376 ejus
1372 5303 1642 5374 insipiens
1706 5299 1870 5355 tuerit
1931 5296 2193 5353 demons-

586 5413 810 5463 tratum.

660 5495 851 5568 (Vere.
879 5492 941 5552 ll
973 5491 1154 5566 seqq.)
1182 5489 1254 5549 Et
1280 5490 1500 5549 servient
1530 5502 1707 5547 omnes
1734 5494 1919 5560 gentos
1945 5485 2058 5541 ista:
2084 5484 2192 5557 regi

588 5585 875 5661 Babylonis
920 5586 1252 5660 septuaginta
1289 5583 1466 5639 annis.
1498 5580 1731 5652 Cumque
1760 5578 1965 5652 impleti
1996 5580 2190 5652 fuerint

659 5803 687 5831 ι
706 5774 989 5847 interserit
1017 5775 1303 5856 Relicuos.
1331 5786 1396 5844 de
1422 5802 1525 5856 quo
1570 5783 1626 5841 iit
1666 5780 1869 5856 psalmo
1907 5780 2156 5856 scriptum

590 5870 684 5932 est,
714 5861 865 5919 Colias
894 5864 947 5916 in
979 5878 1134 5917 manu
1166 5852 1401 5924 Domini,
1420 5852 1529 5913 uini
1560 5852 1689 5912 meri
1720 5852 1904 5926 plenus
1933 5852 2115 5909 mixto.

2298 4750 2451 4806 surge
2474 4731 2611 4806 (Isa.
2644 4748 2716 4800 LI,
2750 4730 2861 4803 li).
2888 4729 2996 4787 Iste
3021 4740 3207 4787 autem
3234 4730 3379 4789 calix
3405 4728 3617 4788 idcirco
3644 4730 3844 4793 bibitur
3867 4744 3894 4787 ει

2296 4828 2514 4886 cunctis
2540 4826 2818 4898 gentibus,
2849 4832 2914 4883 ut
2940 4834 3165 4883 vomant
3193 4833 3250 4881 et
3274 4825 3573 4881 insaniant.
3601 4824 3762 4894 Quod
3786 4822 3896 4896 qui—

2298 4920 2425 4979 dam
2456 4933 2663 4992 pravus
2700 4918 2975 4989 interpres
3008 4918 3066 4973 in
3099 4917 3295 4975 bonum
3326 4925 3539 4988 partem
3568 4918 3773 4990 aueipit
3798 4934 3814 4973 :
3842 4924 3895 4973 ut

2300 5014 2475 5073 instar
2517 5011 2835 5069 catharticai
2877 5010 3117 5082 potionis
3153 5009 3417 5081 quidnuid
3456 5009 3707 5073 abolet-ai
3736 5022 3787 5069 et
3818 5008 3897 5081 pi-

2302 5111 2457 5167 tuita:
2499 5116 2555 5164 et
2595 5106 2751 5165 noxii
2793 5105 3038 5165 humoris
3070 5105 3131 5163 in
3161 5116 3383 5177 pectore
3408 5115 3518 5172 est.
3554 5105 3704 5165 foras
3758 5104 3897 5163 exire

2298 5203 2635 5277 compellat;
2697 5210 2753 5259 et
2800 5200 3057 5259 restituat
3106 5201 3391 5272 pristinam
3440 5201 3757 5259 animum.
3800 5200 3897 5257 Pro

2293 5297 2534 5356 Jeremia
2588 5309 2809 5366 quoque
2858 5294 3205 5353 Salvatorem
3248 5292 3278 5333 ιι
3320 5292 3551 5364 accipit,
3596 5292 3744 5365 quod
3788 5294 3897 5364 ipso

2291 5388 2512 5447 cunctis
2550 5388 2810 5461 gentibus
2855 5384 3165 5459 propinavit
3204 5385 3274 5445 ad
3313 5401 3449 5457 quas
3490 5395 3551 5447 et
3579 5388 3782 5447 missus
3808 5385 3893 5452 sit,

2282 5494 2351 5541 ut
2398 5483 2613 5554 objecta
2669 5480 3029 5546 idololatria,
3086 5479 3184 5535 Dei
3233 5493 3294 5535 se
3344 5477 3517 5535 cultui
3565 5478 3893 5539 dedicat-ent.

2252 5577 2299 5646 Q
2336 5576 2446 5635 uod
2479 5574 2826 5633 contrarium
2865 5588 2990 5630 esse
3030 5572 3332 5644 Scriptura:
3373 5586 3601 5641 sanctae,
3634 5585 3896 5631 monstra-

2335 5775 2365 5819 ι’
2389 5776 2591 5837 Confer
2621 5774 2877 5851 Origenis
2905 5776 3198 5835 llomiliam
3230 5776 3286 5835 in
3318 5776 3464 5836 hunc
3494 5777 3701 5837 locum.

3664 5906 3691 5927 ὁ
