4080 6326
225 291 330 356 851

727 305 1382 372 COMMENTARIORUU
1427 316 1494 374 IN
1528 309 1877 380 JEREMIAM
1915 290 2342 384 PliOPlllSTAbl
2385 325 2516 387 LIB.
2561 325 2800 386 V.CAP.
2842 328 3008 388 XXV.

3421 341 3528 400 8ἱὸ

226 416 362 474 bunt
415 424 726 494 sequentia.
785 428 903 485 Non
951 433 1098 488 enim
1151 449 1250 503 pro
1299 436 1587 506 remedio,
1639 449 1698 494 ut
1747 441 1842 496 ille
1869 450 2104 512 Arum,
2147 459 2283 513 quos
2315 461 2462 501 nunc
2509 447 2817 506 Saracenos
2858 459 3091 518 vocant,
3133 461 3187 508 et
3235 453 3303 510 de
3333 457 3530 526 quibus

227 515 361 581 vult,
394 516 496 571 sed
529 533 628 588 pro
663 535 820 590 paena
852 537 1074 581 meraco
1099 527 1272 584 calice
1298 529 1678 600 propinantur.

299 607 498 682 (Vers.
532 614 660 684 18.)
691 614 991 672 Jerusalem
1021 631 1066 674 et
1090 621 1388 677 civitatibus
1417 619 1579 690 Juda,
1614 638 1662 681 et
1689 628 1826 702 regi-

227 699 316 754 bus
345 703 482 772 ejus,
515 715 563 760 et
592 707 916 779 principibus
936 715 1076 784 ejus,
1105 725 1164 767 ut
1191 715 1372 782 darem
1394 723 1479 771 eos
1507 717 1558 771 in
1590 699 1831 774 solitudi-

228 807 364 860 nem,
385 804 433 848 et
463 795 955 870 iantuporcthtiu
986 803 1218 873 sibilum,
1239 807 1359 862 etin
1393 809 1825 880 maledictiouem,

227 885 357 941 sicut
383 899 465 944 est
507 890 618 946 dies
648 893 770 948 ista.
803 893 1090 965 Putabam,
1121 900 1322 969 inquit,
1353 903 1496 973 quod
1529 905 1664 961 solis
1692 922 1826 978 gen-

229 979 370 1036 tibus
403 983 784 1055 propinat-em,
814 1000 871 1044 et
901 991 1023 1047 ideo
1053 1005 1142 1046 me
1175 987 1299 1050 ltuic
1331 997 1641 1053 ministerio
1673 999 1830 1054 lmtus

227 1075 576 1144 obtuleram;
619 1081 715 1136 sed
760 1082 904 1140 inter
946 1095 1177 1142 czcleras
1216 1100 1431 1160 gentes,
1487 1095 1653 1148 immo
1703 1105 1830 1151 ante

226 1176 488 1235 Crateras,
518 1172 810 1241 propinavi
854 1173 1162 1232 Jerusalem
1201 1187 1252 1236 et
1306 1175 1621 1239 civitatibus
1648 1180 1784 1240 Juda
1813 1229 1826 1254 ,

226 1270 279 1313 et
306 1261 528 1331 regibus
552 1264 694 1333 ejus,
723 1273 781 1322 et
805 1269 1170 1341 principibus,
1205 1284 1264 1328 ιιι
1289 1273 1482 1332 darem
1512 1289 1609 1334 eos
1635 1279 1690 1334 in
1716 1281 1831 1335 stu-

228 1363 444 1420 porem,
476 1364 532 1408 et
570 1355 623 1410 in
656 1358 1048 1429 solitudinem,
1080 1373 1138 1418 et
1167 1365 1220 1421 in
1252 1367 1473 1424 sibilum
1495 1414 1510 1437 ,
1540 1380 1598 1428 et
1631 1371 1685 1426 in
1718 1389 1832 1427 ma-

226 1442 616 1514 ledictiooem,
656 1451 801 1506 sicut
837 1461 895 1509 et
935 1461 1197 1526 pmSenti
1243 1460 1506 1529 probatur
1547 1467 1826 1538 exemplo.

229 1537 386 1595 Unde
417 1541 555 1597 dicit
598 1557 652 1600 et
697 1561 859 1617 supra
895 1567 909 1602 :
947 1552 1221 1608 Seduxisti
1246 1573 1356 1625 ιιιε,
1392 1554 1638 1628 Domine,
1675 1537 1723 1616 et
1752 1579 1831 1616 se-

226 1631 414 1687 ductus
440 1651 554 1689 sunt
587 1653 606 1690 :
637 1637 904 1696 inualuiin
933 1655 982 1696 et
1009 1648 1229 1716 potuisti
1255 1649 1461 1722 (Supra
1489 1669 1581 1716 xx,
1619 1655 1698 1725 7).

294 1726 484 1798 (Vers.
521 1730 640 1802 19.)
668 1731 943 1791 Pharaoni
973 1742 1084 1814 regi
1111 1742 1337 1816 Αἶας]ρή
1368 1758 1412 1801 et
1442 1751 1600 1804 servis
1616 1753 1754 1823 ejus,
1781 1762 1828 1808 et

1935 532 2133 588 dicitur
2169 554 2180 590 :
2215 538 2304 606 qui
2332 539 2526 594 attonsi
2553 551 2670 594 sunt
2699 542 2750 595 in
2780 559 2995 598 comam.

2009 626 2028 698 (
2053 627 2208 684 Vers.
2242 629 2333 684 ‘24.
2360 632 2378 702 )
2408 629 2477 686 Et
2508 636 2707 690 cunctis
2736 636 2943 708 regibus
2978 637 3186 694 Arabia:
3208 656 3228 695 :
3259 653 3306 696 et
3333 646 3530 701 cunctis

1932 721 2138 790 regibus
2164 721 2480 789 Occidentis,
2502 729 2590 798 qui
2612 729 2846 783 ltubilant
2864 732 2915 784 in
2940 733 3285 791 deserto.Hoc
3308 737 3361 791 in
3385 737 3530 794 LXX

1934 828 2041 902 non
2088 815 2334 871 habetur.
2373 819 2503 874 Post
2547 820 2654 894 [AL
2706 823 2962 898 Propter]
3013 827 3196 882 Dedan
3247 831 3432 902 igitur,
3477 842 3529 888 ct

1934 895 2202 976 Tlteman,
2245 921 2302 966 et
2347 911 2478 978 Buz,
2513 924 2567 970 et
2610 895 3249 992 Istriaelitas,—regionum
3279 924 3529 982 ordinem

1933 1001 2202 1070 sequitur.

2009 1093 2074 1146 Et
2097 1098 2298 1152 cunctis
2321 1098 2525 1171 regibus
2553 1099 2752 1158 Zumri.
2779 1103 2893 1161 Hoc
2919 1124 3139 1182 quoque
3169 1111 3221 1167 in
3254 1112 3397 1169 LXX
3425 1131 3530 1174 non
3555 1133 3558 1137 '

1936 1183 2190 1243 habetur.

2009 1279 2194 1348 (Vers.
2221 1280 2338 1356 25.)
2369 1283 2436 1338 Et
2467 1289 2664 1344 cunctis
2689 1291 2897 1365 regibus
2930 1293 3104 1365 Elum,
3137 1301 3434 1371 cunctisque
3456 1319 3537 1356 re-

1933 1373 2083 1443 gibus
2114 1375 2412 1433 Medorum.
2449 1380 2533 1436 Ex
2595 1398 2660 1438 eo
2707 1387 2850 1455 quod
2883 1386 3065 1444 Zamri
3098 1394 3345 1464 sequitur
3380 1396 3531 1451 lilam

1935 1483 2200 1540 rogesque
2231 1473 2513 1531 Medorum
2544 1517 2557 1544 ,
2586 1480 2920 1536 arbitramur
2952 1492 3006 1538 et
3035 1483 3220 1541 Zatnri
3256 1491 3534 1559 regionem

1935 1577 2058 1616 esse
2089 1561 2356 1630 Persidis,
2393 1567 2495 1621 nisi
2529 1569 2668 1624 forte
2695 1587 2759 1626 ex
2806 1589 2874 1627 eo
2905 1574 3048 1646 quod
3093 1581 3372 1646 prarcessit
3401 1580 3538 1636 Ara-

1935 1651 2045 1721 bia,
2091 1666 2143 1708 et
2190 1657 2238 1709 lii
2285 1674 2439 1728 reges
2481 1661 2798 1718 solitudinis
2841 1668 3145 1736 accipiendi
3187 1683 3335 1727 sunt.
3385 1674 3536 1729 lilam

1933 1754 2111 1798 autem
2140 1749 2290 1818 regio
2314 1747 2553 1806 Persidis
2589 1767 2738 1809 trans
2770 1757 3128 1832 Babylonem,
3161 1765 3302 1821 unde
3330 1777 3381 1820 ct
3412 1768 3540 1822 Ela-

222 1819 544 1892 principibus
574 1827 716 1896 ejus,
749 1838 802 1882 et
829 1833 971 1885 omni
1000 1838 1197 1907 populo
1221 1842 1354 1912 ejus,
1391 1853 1440 1893 ef
1471 1819 1720 1898 ιπῃῖιιριῐδὶδ
1743 1859 1832 1916 ge-
1866 1855 1906 1913 Β
1940 1838 2104 1893 "illm.
2309 1858 2550 1915 (ιιιυψιθ,
2581 1855 2747 1918 atque
2776 1850 2976 1916 Persa},
3011 1870 3038 1904 ιι
3071 1857 3268 1924 quibus
3298 1869 3452 1930 capta
3486 1870 3542 1914 Cl

226 1915 496 1969 neraliter.
529 1917 660 1972 Post
706 1919 1012 1979 let'nsalcut't
1046 1929 1183 1984 bibit
1219 1931 1435 1987 Pharao
1473 1951 1565 1990 rex
1605 1915 1828 2010 {Egypli

225 2015 281 2061 ct
309 2009 450 2064 socii
482 2011 601 2082 ejus
633 2029 645 2066 :
683 2015 942 2074 biberunt
984 2023 1269 2094 principes
1305 2035 1359 2082 et
1401 2029 1692 2085 universus
1717 2009 1830 2102 ipo-

225 2104 408 2172 pulos,
438 2118 802 2180 cunctasque,
838 2112 930 2183 qui
965 2129 1072 2171 non
1106 2119 1334 2187 quidem
1386 2133 1471 2177 est
1499 2113 1791 2196 Egyptius
1815 2169 1828 2193 ,

225 2198 322 2254 sed
354 2201 404 2254 iu
437 2201 562 2272 ejus
604 2207 925 2276 regionibus
955 2223 1338 2271 commoratur
1372 2235 1386 2270 :
1429 2235 1567 2288 quos
1597 2221 1832 2290 Septua-

223 2295 371 2364 ginta
407 2305 632 2354 vertere
675 2305 998 2376 συμμίκτους
1025 2348 1038 2370 ,
1072 2307 1124 2362 id
1155 2317 1240 2364 cst
1263 2353 1275 2373 ,
1322 2313 1600 2382 mixtitios,
1638 2309 1831 2386 vulgus

226 2405 335 2444 non
367 2390 644 2464 Egyptian
674 2397 948 2466 regibilis.
980 2399 1075 2455 sed
1109 2405 1464 2476 peregrinum
1496 2413 1552 2464 et
1581 2409 1834 2465 adventi-

228 2483 385 2537 tiutn.

299 2575 366 2629 Et
399 2579 602 2633 cunctis
631 2581 834 2650 regibus
879 2593 1034 2640 terra:
1064 2585 1348 2646 Ausitidis.
1397 2593 1530 2661 Qua}
1570 2595 1835 2653 llebraice

229 2669 539 2739 appellatur
566 2683 631 2728 us
667 2674 858 2762 (vv)
891 2718 904 2742 ,
946 2679 1017 2733 de
1053 2695 1156 2750 qua
1202 2693 1255 2738 et
1296 2683 1400 2741 Job
1440 2685 1613 2743 luisse
1647 2699 1835 2744 narrat

231 2763 465 2818 historia
501 2781 514 2820 :
547 2765 721 2822 Homo
751 2771 964 2841 quidam
997 2775 1185 2828 eratin
1215 2780 1425 2847 regione
1456 2779 1707 2846 Ausitidi,
1744 2799 1838 2835 no-

233 2858 369 2910 mine
398 2857 502 2912 Job
533 2858 690 2930 (Job.
735 2862 816 2931 ι).
853 2863 923 2919 Et
953 2875 1139 2922 tamen
1171 2865 1456 2926 sciendum
1489 2873 1632 2929 hunc
1664 2878 1838 2929 versi-

229 2952 412 3006 culum
456 2954 510 3007 in
552 2951 698 3010 LXX
729 2969 839 3012 non
885 2959 1074 3015 haberi
1100 3003 1115 3028 ,
1147 2960 1696 3038 Theodotionemque
1740 2983 1838 3038 pro

235 3045 330 3111 Us,
361 3048 789 3118 interpretatum
817 3061 940 3108 esse
965 3055 1216 3111 insulam.

297 3141 485 3212 (Vers.
513 3142 634 3214 20.)
668 3143 732 3198 Et
759 3148 960 3201 cunctis
987 3148 1196 3220 regibus
1235 3157 1392 3206 terra!
1432 3147 1760 3207 Philistltiim
1793 3165 1839 3208 et

1933 1931 2217 1988 destructa
2261 1945 2345 1990 est
2376 1933 2644 2008 Babylon.
2689 1941 2753 1995 Et
2788 1943 2885 2012 ipsi
2917 1947 3062 2000 enim
3097 1963 3373 2004 meracum
3409 1953 3542 2006 caii-

1935 2039 2079 2093 cem,
2112 2025 2431 2084 Alexoudro
2474 2045 2601 2102 rege
2631 2031 2988 2092 Macedonum
3019 2042 3350 2110 pt'Opinaute
3383 2056 3540 2114 rota-

1935 2127 2084 2172 runt.

2007 2207 2075 2264 Et
2127 2215 2326 2269 cunctis
2381 2213 2586 2288 regibus
2637 2219 2912 2290 Aquilonis
2959 2221 3071 2296 [AL
3117 2225 3431 2310 Babylonis]
3481 2235 3544 2288 de

1936 2318 2097 2372 prope
2121 2315 2168 2357 et
2199 2303 2263 2358 de
2295 2305 2464 2380 longe.
2498 2309 2632 2378 Quia
2663 2311 2904 2370 Persidis
2935 2324 2991 2371 et
3019 2318 3341 2392 Babylonis,
3385 2303 3538 2381 Edam

1934 2401 2097 2463 atque
2121 2395 2400 2454 Medorum
2431 2417 2857 2460 enumeraverat
2887 2409 3137 2478 regiones
3167 2429 3178 2465 :
3206 2431 3351 2470 nuttc
3374 2433 3541 2487 gene-

1937 2485 2126 2540 raliter
2150 2491 2308 2557 ponit
2331 2507 2522 2548 omnes
2546 2509 2702 2564 reges
2731 2487 3046 2566 Aquilonis,
3071 2504 3163 2572 qui
3191 2521 3364 2576 prope
3381 2485 3542 2576 “sunt,

1937 2581 2242 2654 et1019
2289 2586 2380 2655 qui
2427 2585 2606 2657 longe.
2655 2581 2762 2644 Pio
2808 2591 3100 2662 Aquilone,
3147 2601 3235 2668 qui
3274 2600 3544 2659 Hebraice

1936 2671 2144 2728 dicitur
2218 2690 2421 2732 saeuos
2479 2681 2671 2770 (τηεν),
2724 2681 2872 2740 LXX
2947 2701 3165 2747 vertere
3218 2696 3540 2768 ἀφηλιὼτην,

1939 2781 2099 2836 quem
2135 2784 2236 2825 nos
2269 2771 2620 2828 Subsolanu'm
2651 2792 2945 2847 poSsumus
2977 2779 3186 2841 dicere.

2015 2847 2195 2930 (Vers.
2226 2859 2347 2934 26.)
2381 2862 2671 2936 Unicuique
2693 2882 2872 2924 contra
2899 2873 3115 2942 fratrem
3147 2896 3320 2948 suum,
3351 2894 3398 2936 et
3437 2901 3547 2939 om-

1941 2951 2097 3006 nibus
2125 2956 2295 3026 regnis
2341 2967 2493 3013 terrae
2531 2977 2643 3030 quae
2673 2979 2830 3032 super
2858 2968 3046 3036 faciem
3085 2975 3201 3045 ejus
3231 2987 3348 3030 sunt
3381 2989 3425 3029 ε.
3469 2978 3550 3035 No

1942 3051 2171 3099 cunctas
2218 3043 2514 3104 Orientalis
2570 3053 2866 3122 provincia:
2913 3043 3172 3130 regiones
3222 3081 3550 3126 enumerare

1945 3153 2042 3208 per
2079 3147 2260 3208 partes
2289 3144 2512 3215 longum
2545 3145 2700 3202 ﬂeret
2726 3191 2741 3216 ,
2775 3153 3108 3221 generaliter
3149 3160 3329 3228 posuit
3364 3166 3546 3218 otnnia

234 3236 525 3304 Asculonis,
554 3236 731 3308 Gazae,
757 3239 1060 3312 Accaroni's,
1087 3253 1134 3298 et
1162 3239 1395 3316 reliquiis
1424 3248 1593 3302 Azoti.
1624 3249 1839 3322 1018

1955 3247 2108 3304 regna
2141 3241 2326 3305 terrai,
2351 3253 2473 3310 quae
2501 3258 2876 3302 memorantur
2905 3249 2957 3304 in
2988 3262 3151 3307 terra.
3187 3255 3341 3323 Quod
3367 3271 3544 3316 autem

235 3331 582 3388 Generaliter
614 3335 796 3404 posuit
827 3335 1183 3406 Pbilisthlim,
1215 3340 1317 3396 hoc
1349 3351 1468 3407 est,
1504 3347 1705 3398 terram
1739 3344 1838 3398 Pa-

234 3423 602 3493 larstinorum,
640 3439 694 3484 et
724 3421 1042 3500 specialiter
1074 3433 1237 3490 urbes
1268 3449 1458 3492 eorum
1485 3429 1838 3500 Ascalonem,

237 3519 462 3588 Gazam,
494 3523 770 3587 Aecaron,
801 3525 1070 3594 Azo'tbm;
1105 3531 1278 3585 solam
1313 3535 1486 3587 tacuit
1514 3533 1652 3589 Getli
1673 3576 1685 3598 ,
1721 3551 1842 3604 qua:

238 3613 557 3668 continetur
590 3617 643 3669 in
673 3618 946 3688 reliquiis.
983 3621 1092 3676 lloc
1121 3631 1208 3678 est
1235 3625 1381 3679 enim
1414 3628 1555 3694 quod
1581 3625 1842 3697 scriptum

240 3717 324 3762 est
356 3724 372 3762 :
408 3707 474 3761 Et
501 3708 740 3782 reliquiis
777 3713 925 3767 Ascli
959 3733 977 3769 .-
1008 3717 1184 3770 vicina
1232 3718 1380 3774 enim
1416 3730 1580 3790 atque
1611 3720 1846 3776 confinis

242 3811 327 3856 est
364 3801 574 3875 Azoto,
617 3817 743 3874 qum
784 3803 1057 3864 Hebraice
1099 3811 1301 3868 dicitur
1343 3828 1510 3869 ssnon
1543 3817 1844 3883 (mea),

243 3897 398 3965 regio
439 3897 592 3951 urbis
635 3896 799 3953 Gcth.
854 3899 1180 3959 Palzestiuos
1212 3916 1394 3962 autem
1452 3923 1478 3961 a
1531 3907 1850 3982 Babyloniis

244 3997 440 4059 capt-os
471 4000 636 4061 atque
663 4001 930 4060 vastatos,
964 3996 1158 4052 Scribit
1190 3999 1380 4055 lsaias.

318 4085 515 4156 (νει-ε.
547 4085 667 4158 21.)
699 4086 976 4156 Idumam,
1007 4101 1056 4145 et
1087 4089 1267 4160 Moab,
1300 4103 1348 4149 et
1377 4094 1502 4163 [iliis
1534 4089 1774 4164 Ammon,
1806 4103 1853 4151 et

247 4179 450 4233 cunctis
493 4180 702 4251 regibus
749 4181 918 4253 Tyri,
966 4194 1012 4238 et
1060 4186 1312 4241 uniuersis
1357 4187 1565 4262 regibus
1614 4189 1852 4246 Sidonis.

250 4268 488 4326 ldumaca
547 4273 600 4326 in
627 4285 732 4344 qua
766 4283 896 4330 sunt
924 4287 1136 4332 montes
1168 4268 1322 4347 δεῖν,
1356 4287 1411 4336 et
1438 4295 1560 4351 quae
1587 4281 1855 4340 llebraice

249 4366 558 4436 appellatur
586 4369 974 4440 EDOM(D';1:Q):
1003 4363 1178 4436 Moab,
1213 4381 1270 4430 et
1295 4373 1556 4444 Ammon,
1594 4378 1697 4447 ipsi
1727 4385 1857 4433 sunt

254 4461 347 4516 lilii
382 4459 519 4529 Lot,
553 4463 786 4530 prox-imi
820 4466 990 4519 maris
1021 4455 1239 4521 Morini.
1289 4461 1468 4541 Tyrus
1496 4477 1551 4524 et
1591 4469 1762 4527 Sidon
1800 4469 1856 4526 in

256 4555 538 4610 Phoenicis
585 4555 769 4612 littore
818 4558 1096 4628 principes
1134 4561 1406 4631 civitates,
1453 4579 1574 4635 qua:
1618 4575 1671 4620 et
1725 4565 1857 4635 ipsa

1951 3325 2087 3382 dixit
2117 3343 2304 3384 contra
2339 3331 2564 3390 fratrem
2597 3351 2754 3392 sumn
2781 3381 2795 3406 ,
2829 3339 3188 3414 subauditur,
3232 3349 3349 3403 dedi
3381 3369 3552 3408 mera-

1947 3436 2062 3473 cam
2093 3422 2374 3491 potioncm,
2420 3435 2475 3479 ut
2505 3443 2698 3484 omnes
2741 3429 3013 3500 furerent,
3061 3450 3367 3506 vomerent,
3401 3441 3551 3499 insa-

1947 3513 2151 3583 nireut,
2181 3531 2231 3572 et
2264 3520 2468 3577 nuituis
2495 3523 2636 3579 inter
2666 3540 2724 3579 se
2753 3513 2959 3596 prwliis
2991 3528 3335 3590 dimicarent.
3367 3536 3551 3606 Quod-

1949 3626 2054 3681 que
2082 3612 2306 3669 intulit:

2025 3699 2092 3758 Et
2137 3717 2230 3760 rea:
2268 3707 2462 3764 Sesaclt
2509 3709 2642 3764 bibet
2678 3721 2794 3782 post
2841 3731 2928 3768 eos
2972 3734 2984 3770 :
3035 3727 3089 3773 et
3134 3719 3188 3774 in
3235 3721 3378 3778 LXX
3441 3742 3548 3782 non

1955 3796 2218 3866 habetur,
2263 3801 2411 3856 hunc
2455 3801 2614 3858 habet
2660 3821 2882 3862 sensum
2927 3824 2940 3862 :
2991 3811 3223 3880 Omnes,
3253 3814 3465 3887 inquit,
3500 3820 3555 3874 in

1953 3893 2185 3949 circuitu
2237 3897 2486 3952 nationes
2537 3887 2839 3970 Babylonio
2880 3901 3111 3974 imperio
3158 3907 3552 3981 subjacebunt,

1955 3998 2008 4042 et
2037 3995 2232 4044 cuncta
2262 4005 2374 4045 sua:
2417 3989 2675 4061 subjiciet
2703 3997 2985 4062 potestati,
3037 3997 3114 4054 ita
3154 4011 3212 4054 ut
3245 4003 3513 4059 universa:
3539 4045 3556 4073 ,

1957 4099 2090 4152 quas
2140 4084 2458 4154 pra'lel'itus
2505 4100 2687 4141 sermo
2736 4090 2979 4144 narravit
3022 4104 3255 4162 gentes,
3304 4097 3406 4167 ipsi
3446 4115 3563 4154 scr-

1958 4177 2108 4230 viant
2151 4187 2204 4232 et
2237 4177 2425 4234 bibant
2464 4167 2532 4234 de
2575 4179 2746 4235 calice
2787 4179 2928 4252 ejus.
2983 4175 3137 4240 Unde
3165 4187 3301 4243 etin
3345 4190 3559 4250 visione

1959 4281 2149 4327 contra
2184 4263 2520 4345 Babylonem
2563 4273 2829 4331 scribitur
2857 4295 2870 4332 :
2906 4277 3058 4335 Culix
3083 4300 3271 4339 aureus
3303 4284 3559 4360 Babylon,

1960 4366 2222 4422 inebrians
2266 4385 2468 4422 onmem
2515 4377 2706 4424 terram
2741 4367 2920 4444 (Infra
2962 4390 3047 4443 LI,
3095 4373 3172 4446 7).
3217 4367 3562 4440 Novissimus

1962 4467 2143 4516 autem
2193 4476 2286 4517 rex
2341 4453 2635 4534 Babylonis
2665 4463 2813 4520 bibet
2861 4466 3000 4523 banc
3032 4472 3330 4542 potionem,
3381 4477 3564 4550 propi-

1964 4563 2128 4610 naute
2176 4556 2278 4611 sibi
2311 4571 2606 4613 ascensore
2649 4557 2810 4630 biga},
2859 4563 3077 4632 cameli,
3123 4576 3177 4621 et
3231 4570 3391 4638 asini,
3423 4574 3564 4645 Cyro

255 4648 562 4721 Babyloni”
596 4651 850 4707 venieme
883 4659 908 4688 ι
941 4663 1212 4724 superam
1257 4667 1382 4713 sum
1408 4702 1422 4726 ν
1453 4675 1681 4730 qum-um
1719 4661 1853 4716 Car.
1880 4655 1933 4716 D
1960 4666 2086 4720 rege
2102 4639 2403 4718 Medorum,
2426 4655 2588 4723 alque
2615 4654 2920 4710 Persarum.
2949 4655 3234 4726 Quomodo
3261 4675 3437 4721 autem
3464 4667 3564 4722 Ba-

259 4743 429 4814 tltago
479 4745 720 4800 col-mia.
774 4739 930 4802 Unde
983 4757 1037 4804 et
1086 4747 1242 4806 Ραιίιᾶ
1289 4759 1543 4808 sermone
1595 4757 1859 4826 'corruplo

259 4837 416 4906 quasi
457 4829 650 4893 Pboeni
691 4833 1036 4908 appellaoiitr
1071 4859 1083 4896 :
1125 4853 1358 4914 quorUm
1395 4837 1573 4916 lingua
1620 4835 1862 4905 llcbracre

261 4929 462 5000 tinguat
491 4935 690 5000 magna
720 4941 785 4986 cx
817 4941 974 4998 parte
1005 4936 1242 4992 confinis
1271 4937 1376 4994 est.

331 5025 521 5095 (Vers.
703 5025 768 5081 Et
797 5021 1004 5101 regibus
1029 5031 1057 5070 ι’
1087 5029 1402 5103 insularum,
1434 5047 1550 5107 qua:
1577 5044 1698 5089 sunt
1725 5048 1869 5094 Imus

264 5129 429 5174 mare.
464 5121 639 5177 Trans
678 5121 787 5196 [Αι.
823 5123 1048 5198 transit]
1081 5127 1353 5199 Cyprum,
1390 5140 1443 5186 et
1475 5125 1728 5186 Rhodum
1757 5173 1773 5200 ,
1814 5141 1872 5190 et

266 5213 476 5268 insulas
502 5255 516 5279 ,
556 5232 680 5288 qua:
718 5219 1064 5288 appellantur
1107 5223 1376 5288 suamne.
1417 5224 1488 5282 Et
1530 5226 1614 5286 hac
1652 5227 1796 5281 enim
1837 5243 1870 5282 a

267 5303 590 5379 Babyloniis
619 5321 901 5382 ticcupatae
929 5325 1079 5370 sunt.

343 5397 524 5471 (Vere;
559 5392 677 5474 ιδ.)
719 5404 786 5458 Et
823 5407 1022 5474 liedtiit,
1057 5419 1104 5463 et
1130 5407 1385 5478 Theman,
1420 5419 1466 5468 et
1497 5403 1632 5482 But,
1664 5425 1710 5468 et
1753 5417 1872 5469 uni-

272 5482 436 5547 versis
463 5491 552 5565 qui
584 5500 777 5552 altdusi
799 5512 918 5554 sunt
960 5503 1012 5556 in
1046 5515 1268 5559 comunt.
1299 5501 1402 5560 llte.
1432 5518 1629 5577 genlcs
1656 5507 1709 5562 in
1743 5507 1878 5564 solia-

275 5587 466 5650 tudi-ne
494 5600 644 5656 sunt,
674 5589 867 5652 vieitiac
897 5605 954 5652 et
984 5600 1166 5654 mixta:
1207 5599 1532 5670 regionibus
1563 5599 1878 5656 ismaelitao

273 5763 279 5781 ε
351 5717 1064 5822 ξὲδὲἓιγίιξεδ-ηοωτέίιετ
1120 5819 1128 5822 _
1461 5809 1475 5822 .
1701 5819 1706 5822 _
1759 5807 1772 5822 .

351 5797 378 5838 δ
411 5802 652 5881 Rursum
707 5804 1072 5881 Vaticqaddit
1111 5819 1284 5878 terr-te,
1333 5809 1477 5881 quod
1518 5819 1716 5866 ηοιηθιδ
1757 5807 1879 5881 ίρ⁵³

281 5867 372 5927 ltic
417 5875 620 5932 retinet
656 5879 835 5935 vcr'sio
877 5867 1480 5956 Hiemtiytnlana,'pro
1518 5897 1625 5954 quo
1674 5881 1732 5938 in
1773 5867 1878 5939 lle-

1966 4747 2153 4822 bylon,
2181 4765 2300 4821 qtue
2327 4751 2594 4806 llebraice
2625 4749 2824 4807 dicitur
2850 4770 3020 4838 esset.
3045 4739 3568 4834 ('71:),iutclligatut'

1968 4848 2166 4898 sesset]
2210 4841 2421 4932 (Ίιυιζγ),
2468 4859 2574 4898 non
2606 4860 2936 4917 magnopere
2975 4847 3268 4936 laborabit,
3313 4855 3404 4925 qui
3456 4855 3565 4912 Hc-

1970 4936 2134 4991 brasm
2156 4935 2356 5006 lingua:
2373 4952 2598 5008 parvam
2628 4939 2819 4997 Saltem
2842 4939 3092 5000 habuerit
3112 4943 3420 5001 scientiam.
3451 4950 3569 5006 Sic-

1972 5041 2028 5086 ut
2073 5032 2217 5102 apud
2248 5047 2347 5088 nos
2389 5030 2636 5090 Graecum
2671 5031 3022 5106 alphabetum
3059 5055 3230 5110 usque
3263 5041 3330 5096 ad
3384 5035 3572 5101 novis-

1969 5127 2162 5182 simam
2195 5123 2428 5182 litteram
2464 5143 2556 5199 per
2585 5127 2832 5188 ordinem
2864 5132 3083 5203 legitur,
3117 5133 3221 5191 boc
3249 5141 3352 5204 est,
3374 5139 3567 5212 Alplta,

1975 5223 2168 5290 Betim,
2191 5231 2246 5281 et
2271 5234 2470 5282 caetera
2485 5227 2734 5298 usquead
2752 5218 2836 5283 ωἰ
2867 5241 3196 5300 rursumque
3220 5233 3446 5303 propter
3460 5247 3574 5292 tne-

1976 5319 2205 5374 moriam
2221 5321 2573 5392 parvulorum
2591 5320 2764 5377 solem
2774 5337 2836 5375 us
2858 5319 3112 5378 lectionis
3126 5321 3373 5382 ordinem
3387 5323 3576 5384 iuvere

1979 5424 2116 5480 tere,
2142 5425 2198 5471 et
2229 5415 2418 5486 primis
2446 5422 2695 5473 extrema
2728 5413 2982 5479 miscere,
3016 5426 3068 5469 ut
3102 5403 3347 5478 dicamus
3369 5417 3572 5492 Alpltu,

1983 5505 2049 5578 Ο,
2081 5507 2248 5564 Bel/ta
2276 5552 2291 5577 ,
2339 5501 2432 5564 Psi
2463 5525 2480 5562 :
2511 5510 2589 5564 sic
2631 5519 2685 5565 ct
2713 5507 2857 5580 apud
2913 5504 3172 5566 Hebraeos
3219 5511 3454 5582 primum
3481 5525 3580 5584 ,est

1980 5613 2226 5667 ALEPIN,
2242 5601 2544 5658 secundum
2557 5611 2701 5657 seru
2715 5611 2776 5668 Ξ,
2792 5599 3014 5656 tertium
3033 5615 3296 5670 autenm
3313 5609 3486 5676 usque
3509 5607 3580 5665 ad

1982 5737 2130 5794 ιιι·ωο
2159 5747 2368 5794 tantum
2399 5746 2484 5793 est
2513 5745 2635 5796 run.

2058 5813 2085 5884 ᾔ
2114 5805 2230 5866 Non
2262 5795 2691 5884 incongrueble
2732 5795 2955 5884 supplet
2987 5799 3111 5867 Val.
3153 5810 3389 5873 alteram
3412 5819 3587 5884 Versi‘

2059 5827 2080 5850 ι’
2114 5827 2230 5866 non
2263 5827 2564 5882 incongrue
2602 5827 2691 5864 llic
2732 5827 2955 5880 Slipilel
2995 5827 3111 5867 vat.
3153 5827 3240 5868 ιιιιι

1983 5880 2086 5938 culi
2117 5885 2348 5954 partem,
2387 5877 2454 5935 Et
2482 5883 2576 5936 res
2607 5869 2800 5937 Βριαεῆ
2834 5827 2965 5936 bibet
2993 5889 3107 5954 post
3135 5899 3240 5942 eos.
