4080 6326
226 245 327 305 8M

725 242 1377 307 COMMENTARIORUM
1415 246 1484 305 IN
1524 246 1876 307 JEREMIAM
1916 250 2349 314 PROPHETAM
2386 253 2518 314 LIB.
2563 257 2633 316 ν.
2661 258 2819 316 CAP.
2863 257 3031 316 χκγ.

3437 261 3549 320 8η

232 360 300 416 rit
330 361 510 420 instar
528 362 856 421 calcantium
881 364 936 420 in
963 365 1333 422 torcularibus
1363 374 1391 403 λ
1420 366 1672 422 celeuma
1696 380 1832 422 can-
1864 369 1920 430 A
1947 368 2326 442 Dicunturque
2350 371 2625 430 interfecti
2645 391 2673 428 a
2692 376 2951 445 Domino,
2976 390 3089 433 non
3106 375 3252 448 quod
3276 376 3546 433 Dominus

231 454 457 522 labitur,
485 465 542 512 et
570 456 623 513 in
653 454 924 514 elInsioue
953 457 1233 529 sanguinis
1256 456 1433 513 mutui
1453 455 1564 531 [ΑΙ.
1596 455 1836 531 ιηυιιιο],

229 561 455 606 cartneu
510 550 746 624 lugubre
794 551 1120 608 concinetnr
1161 569 1176 606 :
1232 554 1375 622 quotl
1426 552 1788 624 Symmachus
1817 593 1832 616 ,

232 643 562 719 κατάληγμας
593 644 817 715 Aquila,
840 644 869 685 ι’
899 647 1086 720 ὶασμόν
1111 652 1295 701 vocat.
1320 644 1488 716 Cujus
1517 645 1838 701 celeumatis

231 744 286 791 et
313 738 577 793 carminis
601 739 816 794 sonitus
846 754 1023 810 usque
1054 737 1122 795 ad
1157 749 1318 795 terra:
1348 747 1596 794 extrema
1645 754 1840 811 perve-

231 834 363 904 niet,
390 836 519 906 quia
543 835 813 905 judicium
843 836 1060 892 Domini
1093 851 1217 892 cum
1238 834 1516 907 gentibus.
1550 835 1608 891 Si
1640 845 1825 892 autem

226 926 492 1000 judicium
522 929 746 985 Domini
777 944 904 986 cum
933 930 1194 1001 gentibus
1218 942 1325 997 cst,
1358 940 1561 987 suntet
1588 931 1836 1000 gentium

229 1022 420 1077 merita
454 1020 679 1077 diversa
709 1021 859 1095 (Ose.
890 1022 987 1095 tv).
1022 1022 1107 1079 Ad
1147 1024 1535 1095 exponendum
1571 1024 1726 1079 illum
1759 1024 1840 1080 lo-

230 1129 376 1181 cum,
408 1126 465 1169 ut
498 1110 722 1186 quidam
755 1115 952 1171 volunt
980 1131 997 1171 :
1032 1115 1135 1184 Qui
1175 1132 1281 1172 non
1306 1118 1499 1182 credit,
1533 1121 1652 1193 jam
1678 1118 1838 1192 judi-

232 1216 374 1263 catus
399 1217 477 1263 est
498 1206 684 1282 (Joan.
710 1225 791 1275 nt,
830 1210 942 1277 l8).
971 1208 1260 1266 Judicatns
1305 1211 1533 1283 quidem
1571 1221 1658 1267 est
1687 1214 1741 1267 in
1771 1224 1841 1268 eo

230 1303 370 1375 quod
395 1319 506 1359 non
523 1302 790 1370 credidit;
820 1305 917 1361 scd
955 1305 1059 1375 ipsi
1085 1308 1175 1376 qui
1199 1323 1306 1362 non
1327 1307 1563 1363 credunt
1586 1307 1732 1364 inter
1752 1323 1837 1378 se,

224 1397 457 1454 diversis
505 1396 826 1455 alticientur
850 1399 1163 1470 suppliciis.
1208 1398 1498 1458 Iudicatur
1541 1402 1664 1473 ipse
1703 1417 1828 1456 cum

234 1493 384 1549 omni
415 1508 621 1558 carne,
669 1503 731 1550 ut
782 1493 966 1550 nullus
1012 1494 1348 1566 injudicatus
1395 1495 1579 1553 abeat.
1632 1494 1836 1567 Impius

232 1597 441 1650 autem,
474 1585 583 1642 hoc
607 1597 715 1649 est.
745 1589 838 1657 qui
872 1588 1107 1643 Domino
1132 1586 1241 1662 [AL
1274 1588 1329 1643 in
1356 1589 1556 1663 Deum]
1585 1603 1697 1645 non
1719 1604 1843 1645 cre-

227 1677 381 1743 dunt,
407 1679 576 1735 tradit
597 1677 781 1750 gladio
802 1682 1166 1751 sempiterno.
1192 1682 1483 1754 Allegorici
1511 1684 1842 1753 interpretes

1938 460 2059 532 ipse
2093 466 2401 535 percutiat;
2430 468 2526 524 sed
2552 484 2662 539 quo
2690 470 2743 526 in
2778 460 3004 530 interitu
3026 474 3413 542 pessimorum,
3446 487 3541 528 vo-

1946 555 2134 613 luntas
2163 566 2217 614 et
2244 560 2530 631 imperium
2562 564 2771 620 Domini
2800 566 3162 636 compleatur.

2016 649 2200 722 (Vers.
2231 652 2324 714 34.
2358 653 2481 724 35.)
2517 654 2731 712 Ululate
2752 659 2892 731 (sive
2922 659 3173 732 jubilate)
3208 668 3465 733 pastores,
3497 668 3546 716 et

1942 743 2165 800 clamate
2182 786 2198 810 ,
2232 753 2282 802 et
2310 748 2572 818 aspergite
2596 764 2685 804 vos
2713 752 2884 805 cinere
2907 754 3182 824 optimates
3207 752 3377 824 gregis
3407 752 3549 821 (sive

1957 840 2188 915 plangite
2214 842 2398 897 arietes
2426 844 2623 916 ovium)
2656 862 2670 900 :
2693 847 2816 910 quia
2844 845 3087 918 ccmpleti
3106 856 3228 903 sunt
3256 847 3366 902 dies
3388 846 3545 902 vestri

1943 943 2003 989 ut
2021 935 2432 1003 interﬁciamini,
2457 946 2506 990 et
2528 936 2895 1010 dissipationes
2913 951 3115 1009 vrstrte,
3130 948 3177 994 et
3192 940 3387 996 cadetis
3400 939 3548 1007 quasi

1944 1042 2069 1083 uasa
2097 1030 2326 1101 pretiosa
2350 1028 2493 1103 (sive
2517 1030 2665 1100 quasi
2690 1031 2877 1087 arietes
2897 1031 3088 1106 electi).
3121 1028 3191 1089 Et
3207 1034 3390 1107 prribit
3415 1036 3544 1105 fuga

1942 1135 1975 1173 a
2002 1119 2316 1189 pastoribus,
2334 1129 2380 1174 et
2404 1121 2625 1177 saluatio
2652 1123 2717 1176 ab
2743 1124 3080 1195 optimatibus
3098 1123 3248 1198 (sive
3264 1122 3547 1196 arietibus)

1942 1213 2133 1285 gregis.
2166 1212 2473 1269 Notandum
2503 1213 2649 1285 quod
2677 1214 2730 1270 in
2760 1214 2865 1270 boc
2898 1226 3111 1270 tantum
3143 1216 3263 1272 loco
3285 1214 3431 1272 LXX
3450 1219 3554 1289 ju-

1944 1304 2107 1358 bilum
2145 1304 2201 1359 itt
2233 1305 2434 1360 malam
2476 1316 2685 1376 partem
2720 1308 3009 1377 posuerint
3038 1326 3052 1363 :
3079 1323 3178 1378 pro
3207 1322 3315 1379 quo
3340 1308 3434 1364 alii
3460 1308 3552 1363 in-

1944 1405 2223 1470 terpretes
2288 1400 2551 1455 ululatum
2598 1399 2683 1473 (ut
2724 1401 2779 1456 in
2827 1401 3065 1458 llebraeo
3106 1404 3376 1474 scriptum
3422 1403 3546 1473 est)

1945 1492 2313 1549 transtulere.
2336 1492 2483 1549 Inter
2509 1502 2759 1560 pastores
2781 1507 2838 1551 et
2860 1496 3088 1564 arietes,
3111 1494 3231 1552 sive
3252 1496 3550 1566 optimates

1946 1585 2148 1656 gregis,
2181 1583 2285 1641 ista
2314 1586 2572 1642 distantia
2601 1594 2708 1652 est,
2736 1588 2881 1659 quod
2911 1599 3166 1659 pastores
3197 1588 3550 1645 rationalium

1951 1688 2116 1744 sunt;
2143 1679 2347 1735 arietes
2371 1691 2554 1735 autem
2587 1688 2644 1736 et
2669 1683 2966 1750 optimates
2994 1682 3309 1739 referuntur
3354 1681 3423 1738 ad
3466 1683 3552 1739 di-

224 1771 378 1844 juxta
411 1771 558 1828 LXX
588 1771 738 1830 hunc
768 1758 951 1829 locum
980 1774 1060 1831 sic
1086 1775 1426 1842 edisserunt,
1456 1784 1513 1831 ut
1539 1775 1609 1832 ad
1640 1776 1837 1834 bonam
1870 1771 1921 1833 B
1955 1769 2121 1839 Vites,
2149 1772 2242 1842 qui
2273 1780 2330 1827 et
2361 1772 2464 1844 ipsi
2492 1786 2620 1842 pars
2647 1772 2831 1843 gregis
2875 1773 3238 1846 appellantur.
3290 1774 3563 1845 Quodque

230 1879 440 1938 partem
474 1865 720 1923 referant
764 1876 1016 1938 apertam
1052 1869 1270 1925 Domini
1320 1872 1836 1928 comminationetn.

223 1959 512 2024 Dominus,
532 1961 811 2031 inquiunt,
844 1962 912 2019 de
942 1962 1167 2020 excelso
1194 1979 1521 2034 responsum
1542 1964 1719 2032 dabit,
1754 1965 1841 2022 his

225 2053 480 2110 videlicet
506 2067 645 2126 quos
686 2053 997 2109 salvaturus
1022 2062 1129 2109 est.
1162 2054 1224 2110 Et
1256 2055 1325 2112 de
1368 2055 1491 2113 loco
1506 2068 1706 2113 sancto
1735 2072 1839 2114 suo

224 2148 376 2205 dabit
398 2163 586 2206 vocem
605 2163 781 2216 suam,
811 2148 1275 2221 respondi-bitqne
1296 2166 1607 2207 sermonem
1635 2152 1689 2221 in
1719 2152 1844 2208 loco
1881 2190 1887 2197 -

224 2256 344 2298 suo.
366 2239 454 2299 Illi
478 2251 665 2298 autem
689 2241 847 2314 quasi
869 2243 1270 2299 vindemiantes
1300 2245 1443 2311 pleni
1472 2244 1509 2299 tu
1525 2245 1760 2313 uctibus,
1786 2245 1847 2300 il-

223 2334 325 2390 lius
342 2335 633 2391 sententia:
647 2335 1085 2405 respondebunt:
1110 2335 1291 2407 Super
1302 2351 1494 2393 omnes
1507 2336 1845 2396 habitatores

224 2436 384 2485 terra:
408 2429 596 2485 veniet
626 2428 882 2484 interitus
912 2446 927 2485 :
955 2445 1062 2485 non
1087 2444 1254 2500 super
1272 2431 1587 2488 universam
1608 2440 1834 2501 terram,

226 2523 320 2579 sed
337 2538 508 2595 super
536 2530 746 2594 partem
773 2532 958 2591 terrae,
983 2539 1173 2580 eorum
1191 2525 1447 2582 videlicet
1466 2527 1557 2597 qui
1582 2541 1690 2583 non
1708 2542 1802 2583 ore
1816 2557 1836 2570 -

225 2615 381 2673 dunt.
410 2614 684 2688 iudicium
716 2617 824 2673 erit
851 2619 905 2672 in
936 2618 1213 2688 gentibus,
1247 2628 1304 2676 et
1334 2620 1450 2688 ipse
1486 2620 1835 2691 judicabitnr

218 2722 340 2766 cum
370 2709 522 2765 omni
554 2723 745 2765 carne.
780 2707 935 2779 lmpii
967 2718 1154 2766 autem
1197 2710 1485 2767 tradentur
1510 2712 1716 2783 gladio.

291 2801 477 2874 (Vers.
514 2800 607 2869 52,
636 2800 755 2872 35.)
809 2799 942 2857 Hcce
976 2802 1102 2857 dicit
1146 2801 1406 2859 Dominus
1452 2807 1821 2860 exercituum:

222 2893 358 2952 Ecce
401 2894 628 2967 afﬂictio
676 2893 820 2966 (sive
863 2894 1085 2967 malum)
1129 2898 1423 2967 egredietur
1463 2897 1528 2953 de
1568 2907 1718 2972 gente
1768 2899 1825 2953 in

218 3000 445 3064 gentem,
469 2997 517 3042 et
545 2986 695 3041 turbo
722 3003 946 3058 magnus
976 2987 1118 3060 (sive
1146 2988 1442 3062 tempestas)
1469 2990 1765 3064 egredietur
1793 3008 1827 3045 a

219 3078 608 3133 summitatibus
640 3078 783 3151 (sive
799 3081 1066 3152 extremis)
1091 3090 1264 3136 torrat.
1292 3078 1364 3135 Et
1392 3094 1542 3136 erunt
1571 3082 1829 3153 interfecti

226 3168 442 3226 Domini
469 3170 612 3244 (sive
630 3171 889 3226 vulnerati
918 3188 953 3227 a
977 3170 1230 3242 Domino)
1253 3174 1306 3228 in
1332 3173 1420 3229 die
1438 3172 1538 3230 illa
1564 3191 1598 3229 a
1626 3191 1828 3229 summo
1855 3164 1902 3227 C

223 3275 378 3322 terra!
408 3283 573 3340 usque
597 3266 667 3322 ad
695 3283 954 3322 summum
979 3271 1115 3342 ejus.
1140 3267 1262 3323 Non
1284 3269 1601 3342 plangentur
1622 3285 1642 3324 :
1658 3278 1705 3324 et
1724 3251 1830 3324 non

219 3358 554 3433 colligentur,
584 3377 744 3432 neque
770 3360 1085 3435 sepelientnr
1111 3379 1131 3418 :
1156 3363 1211 3418 in
1244 3363 1634 3436 sterquilinium
1670 3380 1830 3437 super

218 3452 405 3523 {aciem
434 3455 875 3527 terrarjacebunt.
927 3454 1141 3529 1023
1189 3454 1540 3512 Erubescant
1579 3455 1674 3529 qui
1715 3457 1827 3510 vim

220 3546 524 3621 Scripturte
548 3561 756 3604 sanctm
777 3550 956 3606 facere
975 3560 1272 3619 conantur,
1302 3552 1356 3606 in
1390 3550 1590 3606 bonam
1615 3560 1829 3623 partem

216 3655 281 3699 ea
311 3658 436 3714 qua:
460 3642 911 3699 comminationis
937 3642 1099 3712 plena
1129 3652 1285 3711 sunt,
1333 3642 1704 3703 disserentes.
1749 3643 1829 3700 De

220 3733 326 3792 hoc
353 3746 543 3792 autem
576 3735 698 3792 loco
721 3745 854 3807 puto
870 3736 1079 3793 dixisse
1100 3748 1158 3793 et
1185 3736 1470 3793 Dominum
1498 3755 1513 3791 :
1539 3735 1827 3809 Cousurget

214 3843 342 3899 gens
370 3827 621 3883 adversus
645 3821 867 3901 gentem.
896 3838 944 3882 et
971 3844 1188 3901 regnum
1213 3838 1392 3885 contra
1416 3845 1638 3901 regnum
1664 3829 1823 3903 (Luc.

216 3934 333 3987 ut,
362 3920 488 3990 10);
519 3929 578 3976 et
605 3934 675 3976 ca
690 3929 805 3977 tera
832 3936 955 3991 qua}
980 3921 1040 3976 in
1073 3922 1244 3993 ipsius
1279 3921 1558 3993 Evangelii
1589 3934 1821 3980 senten-

214 4012 291 4068 tia
319 4012 708 4069 continentur.
752 4012 1130 4084 lntelligamus
1170 4026 1355 4071 autem
1389 4015 1507 4070 haec
1535 4012 1642 4087 [ΑΙ.
1683 4014 1826 4091 ipsa]

215 4103 358 4162 facta
400 4103 561 4177 juxta
604 4104 938 4173 historiam,
994 4106 1218 4179 quando
1258 4122 1289 4163 a
1339 4123 1470 4179 rege
1519 4108 1825 4182 Babylonio

216 4205 436 4253 cunctas
459 4197 715 4252 nationes
746 4198 803 4254 in
829 4198 1063 4254 circuitu
1095 4199 1403 4270 subjugatte
1424 4209 1557 4256 sunt
1588 4217 1602 4255 :
1646 4212 1701 4258 et
1724 4205 1827 4259 int-

215 4290 436 4364 perium
475 4290 597 4360 ejus
624 4305 851 4348 sensere
876 4292 1123 4349 crudele.
1153 4292 1252 4350 Yel
1285 4293 1443 4364 juxta
1475 4294 1823 4367 prophetiam

216 4382 384 4455 longo
403 4391 529 4456 post
555 4391 808 4454 tempore
827 4382 884 4440 in
902 4385 1381 4444 consummatione
1404 4386 1594 4444 mundi
1614 4387 1822 4446 futura.

1948 1862 2111 1918 infert
2144 1881 2158 1919 :
2191 1861 2447 1934 Completi
2469 1874 2592 1920 sunt
2621 1863 2733 1920 dies
2765 1866 2921 1921 vestri
2944 1908 2961 1935 ,
3010 1875 3068 1922 ut
3113 1867 3505 1939 interﬁciamini
3533 1885 3555 1926 :

1947 1964 2074 2011 tunc
2102 1956 2531 2027 complebuntnr
2554 1955 2674 2014 dies
2699 1972 2914 2025 eorum,
2942 1959 3163 2030 quando
3191 1959 3406 2017 fuerint
3431 1978 3559 2033 pec-

1944 2060 2068 2107 cata
2093 2052 2365 2123 completa
2389 2068 2405 2119 ;
2438 2060 2498 2108 et
2515 2051 2906 2124 dispergentur
2926 2062 2983 2108 et
3011 2053 3232 2122 cadent,
3259 2056 3404 2112 sicut
3426 2072 3557 2115 vasa

1948 2145 2211 2216 pretiosa,
2257 2155 2318 2202 ut
2360 2148 2645 2203 contracta
2692 2162 2799 2203 non
2842 2148 3069 2205 valeant
3107 2149 3455 2206 instaurari:
3498 2159 3557 2208 et

1947 2249 2155 2310 quanto
2182 2249 2312 2296 ante
2341 2238 2494 2297 luere
2523 2242 2851 2311 pretiosiora
2899 2240 3009 2314 (Al.
3057 2242 3348 2317 pretiosa],
3401 2254 3554 2301 tanto

1945 2332 2125 2404 majus
2145 2348 2335 2390 eorum
2360 2336 2418 2390 in
2441 2333 2816 2391 confractione
2832 2337 2907 2390 sit
2926 2334 3189 2393 damnum
3216 2355 3229 2390 :
3252 2339 3372 2392 sive
3394 2340 3553 2408 quasi

1943 2427 2148 2483 arietes
2179 2428 2370 2494 electi,
2422 2436 2482 2483 ut
2528 2429 2746 2499 pinguis
2783 2430 2966 2485 hostia
3004 2431 3078 2484 sit
3127 2432 3406 2488 devorare
3451 2448 3548 2488 cu-

1942 2518 2235 2590 pientium.
2268 2518 2493 2585 Peribit,
2523 2520 2722 2591 inquit,
2751 2524 2879 2592 fuga
2899 2537 2932 2574 a
2953 2523 3251 2594 pastoribus
3276 2563 3291 2588 ,
3326 2524 3550 2594 quando

1941 2626 2049 2669 non
2076 2612 2293 2682 egerint
2324 2612 2729 2682 paenitentiam.
2764 2612 3013 2684 Denique
3040 2614 3242 2672 dicitur
3289 2617 3359 2672 ad
3403 2616 3547 2673 Pha-

1938 2704 2131 2761 risaeos
2156 2721 2173 2760 :
2204 2704 2483 2760 Genimina
2502 2705 2820 2778 viperarum,
2844 2707 2961 2777 quis
2989 2707 3218 2762 ostendit
3266 2708 3410 2764 vobis
3454 2712 3547 2780 [u-

1935 2813 2059 2869 gere
2084 2814 2117 2852 a
2138 2808 2356 2852 ventura
2375 2800 2455 2853 ira
2480 2796 2635 2865 (Luc.
2657 2814 2713 2865 v,
2737 2796 2795 2869 7)
2814 2798 2838 2852 7
2858 2799 2926 2855 Et
2948 2800 3001 2854 in
3027 2800 3254 2870 psalmis
3275 2801 3507 2873 legimus
3530 2821 3546 2857 :

1936 2887 2108 2945 Periit
2133 2892 2261 2962 fuga
2286 2906 2318 2943 a
2339 2905 2421 2945 me
2446 2887 2624 2963 (Psal.
2653 2903 2799 2955 cura,
2829 2887 2910 2961 5).
2948 2890 3013 2945 Et
3040 2890 3270 2948 saluatio
3291 2937 3307 2962 ,
3338 2893 3542 2965 inquit,

1934 2981 1999 3036 ab
2019 2981 2357 3052 optimatibus
2377 2982 2572 3052 gregis,
2599 2980 2718 3037 sive
2741 2980 2992 3037 arietibus
3017 2998 3038 3038 :
3068 2984 3173 3040 ἀπὸ
3201 2992 3392 3052 κοινοῦ,
3413 2987 3545 3044 sub-

1935 3075 2156 3130 auditur
2180 3074 2396 3147 peribit.

2010 3167 2196 3243 (Vers.
2225 3167 2342 3240 56.)
2380 3166 2495 3225 Vos:
2517 3167 2761 3225 clamoris
2789 3178 3079 3243 pastorum,
3109 3178 3159 3226 et
3188 3168 3426 3227 ululatus
3446 3187 3542 3245 op-

1936 3262 2177 3317 timatunt
2203 3262 2377 3336 gregis
2407 3260 2550 3335 (sive
2566 3261 2800 3334 jubilum
2821 3263 3068 3336 arietum)
3099 3281 3112 3318 :
3145 3261 3269 3336 quia
3314 3266 3540 3321 vastavit

1934 3354 2192 3412 Dominus
2221 3374 2416 3431 pascua
2457 3374 2659 3413 eorum.
2709 3355 2777 3410 Et
2823 3358 3355 3429 conticueruntaroa
3396 3358 3541 3434 (sive

1932 3452 2194 3526 speciosa)
2220 3452 2365 3524 pacis
2392 3468 2425 3506 a
2443 3451 2577 3521 [acie
2604 3452 2699 3506 ira:
2726 3452 2922 3523 furoris
2946 3450 3181 3506 Domini.
3216 3451 3285 3507 Et
3313 3451 3405 3508 hic
3431 3468 3535 3507 no-

1930 3544 2160 3601 tandum
2190 3544 2338 3612 quod
2362 3543 2507 3615 apud
2532 3542 2678 3599 LXX
2691 3542 2926 3618 jubilum
2950 3559 3048 3613 pro
3069 3544 3273 3599 ululatu
3298 3545 3537 3614 positum

1929 3638 2021 3695 sit.
2056 3639 2202 3695 Inter
2230 3644 2484 3708 pastores
2528 3646 2714 3695 autem
2756 3645 2813 3692 et
2842 3636 3047 3693 arietes
3090 3636 3194 3692 ista
3243 3636 3539 3694 diversitas

1929 3739 2037 3797 est,
2068 3729 2213 3802 quod
2263 3737 2511 3799 pastores
2558 3738 2823 3799 putentur
2850 3728 2906 3784 in
2941 3729 3189 3786 Ecclesia
3210 3770 3226 3796 ,
3254 3728 3350 3801 qui
3392 3746 3537 3799 pra:-

1928 3833 2061 3881 sunt
2114 3825 2270 3895 gregi
2300 3837 2424 3878 cum
2466 3822 2739 3893 sapientia
2769 3832 2828 3879 et
2853 3821 3166 3878 eruditione
3204 3832 3371 3895 atque
3406 3824 3537 3880 doc-

1929 3920 2095 3975 trina.
2128 3919 2349 3975 Arietes
2371 3932 2503 3973 vero
2538 3914 2754 3989 1025
2776 3917 2867 3987 qui
2893 3916 3177 3987 principes
3206 3916 3430 3988 quidem
3452 3920 3534 3974 vi-

1929 4012 2126 4069 dentur
2150 4011 2205 4068 itt
2236 4011 2460 4082 populo,
2500 4011 2598 4066 sed
2645 4010 2783 4065 nihil
2827 4010 3033 4066 habent
3078 4009 3134 4065 in
3166 4025 3227 4067 se
3261 4010 3533 4069 doctrina:

1932 4115 2100 4178 atque
2124 4107 2502 4177 sapientizr,el
2523 4120 2620 4176 per
2649 4102 2872 4160 nimiam
2899 4103 3309 4175 simplicitatem
3334 4121 3537 4178 prope-

1932 4200 2161 4257 modum
2222 4199 2473 4256 stultitim
2523 4198 2686 4255 vicini
2733 4206 2884 4255 sunt.
2931 4198 3162 4266 Quando
3203 4209 3386 4257 autem
3441 4202 3539 4259 ha-

1931 4294 2215 4352 buerimus
2242 4307 2456 4364 pacem,
2497 4302 2556 4348 et
2601 4306 2710 4348 non
2762 4291 3194 4349 intellexerimus
3233 4294 3322 4351 vel
3366 4294 3534 4361 bona,

1932 4389 2018 4447 vel
2044 4386 2297 4461 speciosa
2318 4386 2491 4458 pacis,
2517 4384 2617 4444 sed
2642 4384 2876 4443 luxurias
2919 4400 3021 4442 nos
3064 4395 3121 4443 et
3157 4388 3296 4458 otio,
3335 4398 3396 4447 et
3443 4404 3536 4449 vo.

288 4539 560 4631 titulum
584 4538 679 4594 alii
701 4540 993 4631 geteusma,
1036 4543 1133 4631 sed
1161 4544 1482 4631 elucelenma
1509 4546 1667 4631 _bene
1714 4555 1823 4603 est.
1851 4556 1909 4619 ι)
1935 4549 2084 4631 licet.
2119 4547 2341 4631 :laqpoc
2375 4546 2561 4631 itaque
2585 4557 2896 4631 est-cantus
2940 4547 3283 4631 jttbilationis
3322 4572 3396 4631 ex
3441 4575 3540 4618 vo-

216 4609 463 4667 Butilins
492 4611 588 4665 lib.
615 4627 656 4677 ι,
691 4608 833 4666 Dum
862 4624 1070 4669 resonat
1111 4617 1271 4673 variis
1307 4616 1408 4672 uile
1442 4617 1677 4674 celeuma
1705 4636 1821 4675 mo-

213 4682 322 4760 dist,
351 4693 409 4763 et
430 4692 515 4763 est
543 4681 737 4738 Gmrce
760 4686 1000 4763 κέλςυμα.
1045 4702 1145 4756 pro
1174 4689 1697 4763 A731cha._ANttltltn
1743 4692 1825 4747 sic

214 4752 482 4827 appellari
508 4764 757 4827 cantum,
780 4760 872 4825 qui
905 4752 1104 4827 inagno
1133 4752 1379 4816 claumré
1429 4760 1764 4818 elierebatnr
1807 4780 1820 4817 :

214 4824 370 4903 unde
412 4824 686 4881 Macarius
716 4825 918 4903 ilotntl.
953 4824 1133 4897 6e05,
1178 4831 1269 4899 qui
1313 4832 1458 4887 inter
1484 4835 1822 4903 precandum

214 4897 616 4960 vociferantur,
647 4900 904 4978 celeustis
926 4897 1277 4978 comparans,
1323 4904 1383 4959 oi
1428 4897 1527 4978 γᾶρ
1552 4947 1589 4978 ,_
1620 4905 1823 4976 inquit,

216 4977 474 5046 ξρκυγαῖς
518 4970 831 5046 κεχρημένοι
874 4970 1173 5046 asperrimi;
1202 4970 1521 5031 ἐοίκασι.ἸΞι
1563 4970 1719 5031 Actis
1763 4970 1821 5033 S,

264 5041 528 5116 cuum-lic
550 5041 754 5110 Vtt'gin.
785 5057 905 5112 cap.
935 5044 965 5097 7
993 5061 1006 5096 :
1035 5043 1345 5116 Pariterque
1361 5063 1534 5102 omnes
1550 5063 1665 5101 cum
1688 5064 1748 5102 eo
1769 5050 1823 5102 in

213 5114 429 5189 modum
450 5110 697 5189 celeuma:
715 5110 1069 5189 concinentes,
1092 5110 1562 5189 magni/icaverunt
1582 5118 1750 5174 Deum
1775 5120 1829 5175 in

212 5182 404 5238 coelum
435 5183 662 5238 clamore
691 5184 921 5240 sublato.

289 5254 474 5335 anid
502 5254 599 5337 sit,
625 5257 806 5337 inquit
825 5257 1832 5337 gloutl';_tttconitts,iaapbc,explicatur

217 5340 288 5382 ex
336 5327 797 5396 interpretatione
823 5328 971 5401 Syri,
998 5330 1208 5387 Jerem.
1236 5327 1426 5399 xavni,
1461 5337 1558 5401 55.
1590 5327 1684 5390 ubi
1728 5338 1843 5391 haec

213 5420 489 5516 ilebraica
534 5421 701 5475 Verba
730 5464 745 5490 ,
793 5432 924 5516 Tim
964 5408 1037 5487 NB
1053 5435 1186 5488 τινε-ι
1221 5435 1354 5490 τνη
1390 5413 1657 5516 Tria-:37,
1697 5431 1777 5486 sic
1805 5447 1837 5487 a

212 5512 365 5587 Syro
408 5514 715 5587 interprete
746 5515 1081 5587 redduntur,
1135 5523 1298 5580 οὐκέτι
1344 5523 1391 5578 οἱ
1420 5512 1838 5587 -ληνοϐατοῠντες

212 5585 490 5666 atatem,
510 5585 742 5666 λξγρντις
768 5585 944 5666 ἶαρ-ἶα,
976 5592 1028 5645 id
1051 5603 1157 5659 cst,
1184 5593 1307 5666 Non
1329 5598 1556 5666 amplius
1577 5585 1838 5650 calcantes

210 5656 273 5712 in
303 5653 781 5736 torcularijubertt
809 5660 1041 5736 dicentes
1081 5653 1157 5730 ia,
1196 5665 1274 5721 iu.
1319 5653 1671 5720 lieddideritn
1709 5680 1834 5736 ego,

218 5730 510 5804 cantabunt
548 5729 777 5785 dicentes
798 5729 879 5804 ia,
911 5732 963 5786 in
996 5748 1016 5787 :
1045 5746 1103 5790 ut
1130 5729 1594 5804 Quemadmodum
1638 5729 1839 5794 nomen

216 5798 447 5870 κίλωμα
492 5810 744 5870 cantum,
793 5802 868 5856 ita
919 5804 1109 5863 κελεύω
1149 5798 1339 5863 canere
1382 5809 1610 5865 verbum
1662 5809 1839 5880 signi-

684 5895 967 5962 Ps'rnOL.
1013 5900 1254 5967 XXIV.

1931 4621 2185 4686 cihusia,
2212 4621 2295 4685 ia,
2328 4621 2417 4689 qui
2461 4620 2727 4675 solemnis
2767 4629 2888 4677 erat
2929 4624 3271 4681 calcantibus
3318 4630 3371 4684 in
3420 4639 3538 4688 tor-

1930 4692 2128 4775 culari,
2158 4705 2473 4774 expressus.
2504 4692 2981 4775 (Steteruntuotntu
3027 4693 3175 4752 hunc
3215 4697 3536 4775 Hieronymi

1932 4765 2135 4829 locum,
2182 4764 2274 4835 qui
2306 4772 2364 4818 et
2395 4777 2592 4835 magno
2645 4764 2838 4820 Drusio
2884 4777 3171 4835 suSpcctns
3218 4771 3287 4825 de
3334 4764 3535 4832 mendo

1930 4835 2062 4891 olim
2093 4834 2213 4899 fuit,
2243 4836 2504 4889 emendat
2535 4834 2855 4889 Lillllllt'l‘llla
2889 4834 2996 4891 uos
3036 4841 3169 4893 satis
3199 4843 3417 4898 erudite
3467 4862 3538 4903 εχ

1929 4908 2174 4979 ἰιιεεσιιὶυ.
2221 4906 2463 4992 Primum
2497 4922 2594 4992 pro
2621 4908 2927 4992 καῖάληγμα
2947 4913 3212 4992 ...τθριχηίς
3242 4915 3536 4992 aeneam...

1932 4976 2028 5045 per
2066 5000 2111 5043 s,
2152 4978 2297 5050 quod
2341 4992 2551 5050 carmen
2572 4976 2790 5049 lugubre
2817 4976 3089 5049 signiﬁcat
3116 4984 3220 5039 ἀπὸ
3258 4992 3350 5041 τοῦ
3377 4976 3537 5045 uagae

1928 5049 2207 5131 λέῒισθαι,
2258 5049 3056 5131 (ιιιυίιμῑιεεγιειιιμε,ωψςηιίι
3115 5054 3394 5131 ὀδύρεσθαι
3430 5063 3537 5131 κτὸν

1930 5123 2200 5189 τεθνεῶτα,
2231 5134 2396 5195 atque
2424 5123 2500 5195 ita
2533 5133 2680 5177 recte
2713 5125 2923 5195 legitur
2944 5125 3059 5195 haec
3091 5140 3190 5178 νυλ
3210 5123 3367 5195 'apnd
3412 5130 3542 5185 Ori-

1926 5209 2121 5273 gettettt
2146 5195 2212 5273 ad
2236 5190 2543 5273 Etut'ltie‘lis
2568 5208 2645 5255 XI,
2680 5190 2886 5273 1.0;ttbi
2910 5194 3049 5250 ιΧΧ
3070 5190 3368 5273 θρῆνοςίκαὶ
3386 5202 3537 5273 μέλος

1933 5264 2019 5323 καὶ
2047 5267 2191 5325 οὐαὶ,
2237 5266 2405 5346 docet
2448 5264 2834 5346 Sgtmnachmn
2866 5264 3208 5346 transtulisse
3248 5264 3417 5346 θρήνόι
3454 5264 3541 5330 καὶ

1934 5347 2298 5395 KATAABPMA
2323 5338 2409 5392 χαί
2441 5337 2589 5410 μέλος
2617 5339 2867 5410 «stout-4.
2910 5336 3015 5410 Pro
3059 5336 3365 5406 posteriore
3405 5361 3540 5401 vero

1937 5411 2122 5483 ἰασμός
2152 5410 2255 5485 legi
2286 5415 2400 5464 vult
2426 5408 2676 5485 άίασμὸς,
2716 5408 2861 5485 qttptl
2907 5408 3081 5485 etiam
3116 5410 3542 5473 lamentationem

1941 5491 1989 5557 et
2029 5478 2312 5557 lugubrem
2363 5478 2571 5557 tantum
2632 5478 2952 5557 significat,
2980 5480 3092 5557 uno
3149 5490 3242 5538 τοῦ
3301 5487 3495 5553 αἰάζειν
3521 5530 3562 5557 ,Α

1942 5548 2240 5617 lamentari,
2291 5551 2438 5622 quod
2485 5552 2557 5606 ab
2605 5548 2707 5616 αἲξ
2744 5548 2845 5604 huc
2885 5550 3196 5609 deducitur.
3233 5548 3417 5623 Atque
3470 5548 3545 5615 ni.

1939 5624 2061 5680 dna:
2093 5637 2257 5679 voces
2305 5632 2608 5692 corruptae,
2640 5636 2763 5693 qua:
2791 5623 2956 5676 etiam
2989 5623 3159 5679 lexica
3188 5640 3255 5681 ex
3288 5644 3395 5682 uno
3438 5629 3545 5689 hoc

1941 5695 2256 5767 llicrouytni
2288 5694 2601 5751 testimonio
2634 5705 3020 5765 pervaserunt,
3047 5696 3349 5768 integritati
3377 5703 3546 5761 resti-

1942 5774 2190 5824 tnuntur.

2949 5903 3032 5971 27
