4080 6326
558 298 666 362 845
1802 298 1865 359 S.
1907 294 2186 362 EUSEBI]
2222 286 2607 361 HIERONYMI
3764 298 3858 363 ω

561 417 869 493 iuptstibus
892 416 1217 476 dederimus
1245 433 1261 475 :
1292 424 1427 476 tunc
1452 419 1865 494 conquiescent,
1895 424 2012 481 sive
2032 438 2164 481 con-
2191 426 2237 488 Α
2270 434 2327 479 ut
2356 422 2611 496 loquatur
2639 420 2708 483 ad
2735 440 2932 484 omnes
2962 426 3216 487 civitates
3241 418 3382 486 Iuda
3418 446 3432 485 :
3467 426 3599 486 licet
3644 428 3862 484 civitates

571 515 839 571 ticcscent
868 514 1014 572 bona
1044 514 1217 586 pacis,
1246 522 1304 572 et
1329 516 1652 574 solarentur
1674 530 1706 574 a
1732 517 1890 577 nobis
1939 528 2169 592 propter

562 608 700 664 iram
767 606 966 664 furoris
1028 607 1281 677 Domini,
1353 615 1411 666 et
1461 609 1791 682 implebitur
1833 608 1969 669 illud
2019 611 2168 685 quod

560 701 833 770 scriptum
857 708 941 757 est
969 718 983 756 :
1017 699 1147 756 Cum
1173 700 1435 770 dixerint,
1466 716 1576 773 pas
1614 712 1665 760 et
1702 706 1955 761 securitas
1986 748 2002 774 ,
2050 713 2171 761 tunc

561 796 867 864 repentinus
912 796 987 851 eis
1030 796 1359 866 superueniet
1402 796 1646 854 interitus
1686 797 1732 872 (Ι
1759 798 1947 856 Thess.
1976 814 2030 868 ν,
2062 795 2121 873 ὅ)
2151 841 2165 866 ,

560 905 673 961 quo
706 889 987 958 Veniente,
1010 890 1192 946 omnia
1230 891 1635 948 conticescent.

640 980 829 1053 (Vere.
875 981 965 1048 37,
994 981 1117 1054 ΞΒ.)
1152 981 1443 1052 Det-eliquat
1478 985 1635 1057 quasi
1675 980 1757 1042 leo
1808 982 2169 1041 umbrticulum

567 1076 711 1146 (sive
732 1074 928 1149 cubile)
958 1088 1138 1131 suum.
1167 1076 1263 1146 (Bt
1288 1086 1348 1132 ut
1372 1078 1559 1134 verius
1584 1087 1670 1136 est
1688 1122 1702 1147 ,
1732 1079 2121 1135 tabernaculum
2150 1094 2171 1135 :

568 1168 676 1224 hoe
692 1169 842 1225 enim
868 1180 1074 1227 sucoso
1098 1168 1252 1245 (DD)
1280 1170 1603 1231 Hebraieum
1624 1174 1833 1247 sonat.)
1865 1173 2003 1244 Quia
2030 1176 2171 1247 facta

562 1274 638 1320 est
666 1268 806 1319 terra
828 1280 1010 1321 eorum
1040 1266 1097 1320 in
1122 1266 1497 1322 desolationem
1524 1267 1637 1341 (vel
1661 1268 1825 1341 invia)
1850 1284 1882 1322 α
1907 1268 2044 1339 [acie
2076 1268 2172 1324 iraa

561 1358 816 1414 columba
836 1356 983 1432 (sive
1008 1360 1198 1431 afacie
1222 1360 1390 1436 gladii
1420 1362 1621 1435 magni)
1661 1370 1710 1417 et
1752 1379 1786 1417 a
1827 1362 1964 1435 facie
2003 1370 2030 1399 τι
2079 1362 2173 1417 irte

559 1452 757 1525 furoris
781 1449 1026 1508 Domini.
1058 1453 1328 1510 Dominus
1347 1452 1419 1511 de
1443 1468 1553 1525 quo
1581 1468 1745 1527 supra
1790 1454 2008 1512 dixerat
2032 1472 2045 1509 :
2095 1454 2161 1509 de

556 1542 767 1600 excelso
791 1546 985 1618 rugiet,
1010 1556 1058 1602 et
1084 1547 1151 1602 de
1169 1546 1469 1603 habitacula
1496 1555 1681 1603 sancto
1705 1564 1800 1604 suo
1830 1546 1971 1602 dabit
1996 1560 2168 1603 uocem

558 1650 737 1691 mut.
770 1634 1007 1712 Πεισίου
1030 1639 1203 1711 rugiet
1220 1654 1377 1710 super
1393 1638 1636 1696 decorem
1660 1654 1817 1696 suum
1838 1683 1852 1708 ,
1877 1640 1991 1714 ipse
2006 1638 2171 1696 relin-

553 1739 677 1801 quet
697 1729 1088 1786 tabernaeth
1108 1746 1282 1798 sum,
1306 1730 1379 1788 de
1398 1744 1509 1804 quo
1533 1732 1801 1803 scriptum
1824 1742 1909 1789 est
1931 1750 1943 1785 :
1969 1729 2170 1787 Factus

2272 508 2417 571 LXX
2466 530 2576 573 non
2618 520 3033 590 transtulerint,
3063 533 3132 578 ne
3158 520 3479 579 indecorum
3530 520 3676 578 forte
3723 520 3864 576 vide-

2275 616 2454 679 retur,
2497 612 2553 667 in
2591 611 2731 669 atrio
2774 612 2975 670 domus
3024 612 3242 671 Domini
3282 614 3430 688 loqui
3463 612 3531 671 ad
3559 613 3727 671 urbes
3754 629 3864 686 quae

2271 716 2456 761 coram
2489 719 2597 761 non
2628 716 2783 762 erant
2813 725 2827 764 :
2874 706 2979 764 sed
3027 709 3251 780 quando
3293 707 3362 765 ad
3404 706 3698 781 populum,
3726 716 3781 764 et
3804 707 3865 764 ad

2271 796 2419 853 cives
2465 796 2746 869 loquitur,
2800 799 2935 871 ipsis
2986 799 3300 858 civitatibus
3329 800 3593 874 loquitur.
3646 796 3866 856 Pulchre

2270 899 2454 948 autem
2479 899 2592 946 stat
2617 891 2672 948 in
2700 890 2846 949 atrio
2870 904 3039 966 atque
3070 893 3345 952 vestibulo
3367 890 3588 967 Templi
3612 886 3823 950 Domini
3853 910 3865 949 :

2270 996 2330 1042 ut
2356 1000 2456 1060 per
2494 988 2837 1045 occasionem
2869 990 3146 1046 orationis
3202 989 3458 1057 Domini,
3504 1000 3562 1046 et
3612 984 3868 1044 adorandi

2268 1079 2381 1155 [ΑΙ.
2410 1078 2630 1156 orandi]
2653 1094 2799 1148 eum,
2830 1090 3123 1140 Sermones
3142 1078 3433 1156 Propheta:
3456 1080 3659 1139 audire
3681 1095 3869 1152 cogan-

2274 1183 2384 1231 tur.
2423 1172 2555 1231 Νοιὶ
2578 1219 2594 1245 ,
2628 1175 2845 1247 inquit,
2886 1174 3195 1233 subtrahere
3238 1180 3496 1233 uerbum;-
3540 1174 3680 1232 licet
3729 1174 3871 1231 triste

2272 1270 2370 1332 sit.
2396 1268 2521 1326 licet
2542 1269 2836 1325 adversum
2865 1280 2918 1327 te
2944 1269 3284 1327 audientium
3321 1269 3507 1328 rabies
3552 1270 3869 1337 concitetur,

2275 1370 2458 1419 tamen
2490 1361 2660 1419 dicito
2687 1364 2832 1435 quod
2861 1362 2963 1420 tibi
2995 1364 3327 1434 imperatum
3352 1372 3439 1421 est
3468 1383 3483 1419 :
3534 1378 3646 1420 non
3699 1362 3873 1419 formi-

2274 1454 2411 1512 dans
2442 1457 2853 1529 persecutiones
2884 1472 3080 1514 eorum
3104 1499 3120 1523 ,
3154 1454 3247 1529 qui
3281 1456 3576 1514 adversum
3609 1463 3664 1513 te
3694 1457 3871 1512 conci-

2276 1550 2427 1607 tandi
2457 1562 2609 1619 sunt,
2640 1552 2738 1608 sed
2781 1548 3006 1609 Domini
3045 1550 3292 1625 iubentis
3323 1552 3645 1624 imperium.
3682 1550 3745 1609 Si
3770 1554 3873 1624 [or-

2273 1648 2453 1714 situn,
2506 1646 2721 1719 inquit,
2762 1647 3023 1715 audiant,
3080 1652 3126 1703 et
3186 1654 3582 1705 convertuntur.
3647 1644 3875 1703 Verbum

2271 1740 2623 1813 ambiguum,
2671 1741 2919 1815 forsitan,
2975 1740 3244 1812 majestati
3278 1738 3496 1798 Domini
3544 1756 3655 1796 non
3702 1748 3869 1811 potest

557 1834 636 1879 est
662 1824 719 1879 in
748 1840 898 1895 pace,
930 1825 1053 1882 sive
1078 1827 1133 1880 in
1168 1826 1368 1892 Solent,
1415 1826 1560 1883 locus
1611 1828 1728 1899 ejus
1756 1844 1781 1884 :
1821 1836 1870 1881 et
1910 1824 2165 1881 habitatio

2284 1836 2595 1901 :onvcnire,
2641 1834 2737 1891 sed
2781 1844 2974 1891 nostro
3009 1834 3253 1908 loquitur
3292 1834 3495 1891 aﬂ‘ectu
3525 1851 3538 1888 :
3571 1842 3630 1890 ut
3655 1832 3877 1890 liberum

566 1921 685 1993 ejus
715 1919 770 1973 in
798 1917 932 1975 Sion
958 1919 1137 1993 (Ptol.
1172 1932 1334 1986 urv,
1366 1920 1429 1993 ξ)
1458 1938 1480 1977 τ
1522 1921 1641 1994 ipse
1666 1920 1942 1994 relinquet
1982 1922 2172 1979 sedem

555 2030 736 2082 suam,
778 2025 838 2072 et
863 2016 1170 2088 eompiebit
1205 2017 1354 2089 quod
1386 2028 1485 2088 per
1522 2016 1783 2074 eumdem
1836 2017 1978 2074 hunc
2026 2014 2161 2073 Pro-

556 2108 782 2178 phetam
811 2107 1034 2165 locutus
1060 2116 1148 2165 est
1172 2127 1187 2165 :
1221 2108 1411 2166 Dimisi
1453 2109 1667 2165 domum
1692 2126 1881 2176 meum,
1913 2109 2175 2183 dereliqui

558 2200 923 2258 hereditatem
951 2217 1121 2258 nteant
1144 2201 1364 2276 (larem.
1408 2216 1514 2270 ιιι,
1563 2202 1648 2277 η.
1692 2204 1942 2277 Reliquit
1988 2210 2172 2262 autem

560 2298 718 2368 quasi
758 2299 847 2354 leo
889 2298 1074 2355 cubile
1101 2312 1298 2367 suum,
1348 2306 1409 2354 ut
1451 2308 1645 2356 omnes
1671 2299 1885 2367 bestiae,
1928 2296 2175 2356 vastandi

559 2400 763 2448 terram
783 2392 907 2463 eius
928 2391 1169 2449 habeant
1191 2398 1537 2463 potestatein.
1564 2393 1748 2451 Leone
1774 2392 1921 2451 enim
1946 2393 2177 2451 custode

558 2496 617 2544 et
644 2487 901 2559 praeside,
935 2487 1117 2543 nullos
1146 2487 1217 2544 ad
1236 2488 1487 2545 eamdem
1511 2489 1678 2546 audet
1694 2490 1978 2548 accedere.
2009 2488 2175 2546 Facta

555 2590 653 2648 est,
681 2580 883 2652 inquit,
911 2590 1053 2637 terra
1082 2596 1285 2648 eorum,
1318 2581 1465 2637 haud
1496 2580 1724 2639 dubium
1756 2584 1887 2657 quin
1938 2582 2025 2640 rei
2079 2596 2178 2656 po-

553 2672 667 2747 puli
698 2675 1042 2744 Judseorum,
1078 2676 1163 2733 vel
1195 2690 1349 2733 cene
1379 2677 1759 2735 universarum
1806 2678 2077 2751 gentiam,
2121 2681 2175 2733 in

554 2766 960 2837 desolationem,
985 2777 1042 2827 et
1068 2770 1124 2826 in
1147 2770 1345 2827 inrium
1375 2786 1406 2826 a
1438 2770 1593 2844 facite
1622 2772 1717 2828 ira!
1751 2768 2025 2827 columbae.
2054 2768 2175 2828 Non

557 2862 847 2921 mirabitur
871 2866 1182 2927 columbam
1216 2865 1431 2922 Domini
1465 2862 1695 2940 intelligi
1726 2862 2176 2923 Nabuchodono-

554 2970 672 3026 sor,
705 2959 797 3030 qni
829 2972 995 3030 supra
1028 2974 1153 3016 cum
1194 2959 1381 3015 vocari
1418 2968 1639 3016 servum
1688 2954 1906 3017 Domini
1948 2960 2170 3033 legerit.

558 3050 667 3107 Pro
682 3063 793 3123 quo
806 3051 1168 3124 Septuaginta
1188 3051 1615 3120 tranStnierunt,
1638 3052 1879 3127 gladium
1904 3066 2170 3128 magnum.

559 3141 715 3199 Licet
757 3142 1066 3200 columbam
1099 3151 1157 3200 et
1186 3144 1241 3198 in
1273 3159 1506 3214 persona
1555 3143 1860 3201 Jerusalem
1906 3146 2177 3217 possimus

561 3237 838 3305 accipere,
874 3236 1025 3307 quod
1057 3237 1327 3292 irascatur
1355 3248 1411 3294 et
1436 3236 1617 3294 tristis
1642 3238 1756 3305 sit,
1784 3252 1846 3295 se
1873 3240 2051 3296 leonis
2091 3239 2176 3296 sui
2201 3223 2249 3287 (εἷ

560 3329 874 3402 perdidisse
904 3330 1235 3400 custodiam,
1270 3339 1326 3388 et
1350 3339 1558 3389 terram
1588 3342 1742 3389 suam
1759 3334 1982 3391 venisse
2003 3335 2057 3391 in
2082 3334 2177 3392 dc-

566 3424 924 3481 solutionem.

636 3516 792 3590 (Cap.
856 3504 1049 3574 XXVI.
1108 3546 1181 3561 -
1230 3518 1386 3575 γεῖς.
1446 3514 1471 3575 i
1536 3518 1734 3593 seqq.)
1795 3517 1863 3576 In
1918 3522 2177 3596 principio

564 3612 715 3686 regni
758 3611 944 3686 (Vulg.
986 3611 1169 3688 regis]
1215 3610 1445 3680 laudm,
1498 3612 1598 3683 ﬁlii
1631 3612 1797 3669 θυείας
1834 3616 1970 3690 regis
2010 3610 2175 3685 Iuda,

566 3708 765 3778 factum
787 3714 862 3762 est
888 3706 1098 3762 on'bum
1126 3704 1273 3761 istud
1296 3720 1329 3760 a
1358 3705 1583 3761 Domino
1608 3706 1787 3762 dicens
1815 3725 1832 3762 :
1881 3706 2014 3764 Ha’c
2053 3709 2181 3764 dicit

571 3800 825 3855 Dominus
853 3816 871 3855 :
902 3799 1002 3856 Sta
1022 3800 1079 3856 in
1099 3801 1234 3856 atrio
1262 3800 1447 3855 domus
1474 3796 1708 3868 Domini,
1746 3809 1801 3857 ’et
1845 3800 2071 3874 loqueris
2109 3800 2181 3856 ad

568 3908 746 3949 murrea
772 3894 1008 3949 civitates
1032 3891 1198 3962 ludo,
1228 3892 1295 3949 de
1316 3894 1504 3962 quibus
1546 3894 1765 3950 veniunt
1790 3903 1847 3949 ut
1877 3895 2099 3951 adorent
2124 3896 2181 3951 in

571 3988 729 4043 domo
749 3985 989 4054 Domini,
1017 3987 1286 4042 universos
1306 4000 1590 4053 Ws,
1638 4002 1768 4060 quos
1815 4004 1908 4062 ego
1938 3988 2183 4045 ntaudavi

571 4079 683 4149 tibi,
717 4088 773 4133 tbi
796 4079 1032 4151 loquaris
1061 4080 1135 4134 ad
1154 4093 1244 4133 eos
1277 4094 1298 4133 :
1347 4076 1481 4133 Nati
1528 4077 1833 4134 subtrahere
1864 4079 2108 4149 rerbum,
2135 4080 2182 4136 si

576 4174 712 4243 forte
741 4172 983 4239 audiant,
1016 4180 1067 4228 et
1090 4178 1459 4226 conuertantur
1486 4173 1847 4245 unusquisque
1889 4188 1921 4227 a
1965 4174 2049 4228 ria
2086 4188 2185 4228 sua

577 4267 716 4321 orata
739 4282 758 4321 :
788 4275 841 4320 et
874 4266 1123 4337 preniteat
1158 4280 1239 4319 tne
1276 4265 1407 4319 mali
1448 4263 1587 4338 (sive
1631 4266 1891 4337 quiescam
1918 4283 1952 4321 a
1976 4266 2141 4340 malo)
2166 4311 2184 4338 ,

576 4360 718 4431 quod
746 4361 915 4431 cogito
965 4359 1139 4429 facere
1173 4359 1249 4413 eis
1272 4368 1487 4433 propter
1526 4357 1760 4414 malitias
1800 4358 1983 4433 [τηις.
2032 4359 2189 4417 ntali-

581 4451 731 4526 tiam]
781 4452 1079 4508 studiorum
1126 4466 1330 4507 eorum.
1378 4448 1509 4508 Haec
1558 4453 1849 4524 prophetia
1880 4453 1908 4493 δ
1935 4456 2190 4526 superior

584 4557 665 4605 est
694 4547 919 4616 priore:
955 4545 1170 4619 1025
1201 4545 1333 4602 licet
1363 4545 1467 4601 sub
1492 4545 1689 4601 eodem
1726 4562 1857 4618 rege
1904 4548 1979 4602 sit
2018 4547 2189 4606 facta.

2281 1931 2493 1989 homini
2523 1940 2773 1987 servetur
2803 1928 3118 1999 arbitrium,
3152 1946 3223 1986 ne
3254 1942 3319 1985 ex
3351 1928 3703 2002 praescientia
3748 1924 3877 1997 ejus,

2278 2024 2440 2099 quasi
2471 2026 2800 2082 necessitate
2830 2024 2918 2081 vel
2956 2023 3142 2081 facere
3187 2023 3317 2097 quid
3346 2067 3361 2089 ,
3410 2023 3498 2080 rel
3544 2038 3657 2078 non
3711 2020 3880 2078 facere

2278 2126 2524 2192 cogatur.
2560 2116 2678 2175 Non
2711 2120 2857 2175 enim
2887 2130 2956 2175 ex
2980 2133 3069 2185 eo,
3101 2116 3246 2188 quod
3296 2110 3444 2173 Dens
3495 2115 3601 2172 scit
3650 2114 3878 2171 futurum

2278 2212 2509 2285 aliquid,
2548 2212 2758 2268 idcirco
2783 2206 3028 2267 futurum
3058 2222 3142 2267 est
3177 2228 3191 2265 :
3219 2209 3315 2266 sed
3346 2209 3474 2279 quia
3506 2206 3752 2264 futurum
3781 2214 3876 2275 est,

2282 2304 2427 2363 Deus
2480 2306 2673 2373 navit,
2724 2304 2876 2377 quasi
2923 2305 3189 2374 praescius
3239 2302 3572 2358 futurorum.
3604 2300 3871 2357 Ettamen

2280 2398 2566 2458 sciendum
2595 2399 2752 2471 juxta
2780 2396 2925 2456 hunc
2950 2394 3206 2454 eumdem
3238 2392 3539 2453 Ieremiam
3566 2412 3580 2449 :
3609 2400 3668 2450 et
3687 2392 3737 2448 si
3756 2392 3879 2448 mala

2278 2492 2600 2565 przcdixcrit
2624 2486 2913 2558 Dominus,
2945 2499 2999 2547 et
3029 2491 3208 2562 egerit
3230 2488 3461 2560 pupulas
3487 2484 3876 2560 paenitentiam,

2279 2585 2431 2660 Quod
2455 2597 2508 2643 et
2537 2587 2654 2657 ipse
2683 2594 2912 2642 acturus
2943 2582 3016 2640 sit
3043 2572 3428 2657 paenitentiam
3455 2580 3749 2653 superbis,
3772 2596 3882 2652 qua:

2281 2678 2466 2736 facere
2516 2678 2885 2735 comminatus
2930 2684 3037 2735 est.
3086 2672 3152 2734 Et
3199 2677 3246 2734 Si
3298 2692 3565 2749 prosliera
3613 2672 3878 2747 pollicitus

2281 2773 2561 2840 fuerit,“
2588 2772 2767 2845 egerit
2815 2770 3051 2844 populus
3100 2770 3475 2842 negligenter,
3527 2777 3704 2823 mutet
3750 2760 3882 2822 Deus

2280 2866 2522 2924 sententi
2542 2878 2635 2935 tm,
2662 2874 2718 2922 et
2746 2878 2846 2937 pro
2872 2864 3034 2921 bonis
3067 2867 3207 2920 mala
3256 2860 3482 2920 inierat.
3514 2858 3653 2918 Tale
3678 2860 3802 2934 quid
3830 2870 3880 2917 et

2282 2960 2416 3020 illud
2445 2962 2499 3019 in
2526 2958 2829 3033 Evangelio
2851 2972 2935 3017 est
2963 2980 2975 3016 :
3011 2956 3223 3016 Mittam
3248 2957 3420 3031 ﬁlium
3444 2975 3642 3028 meum,
3673 2956 3881 3029 forsitan

2280 3057 2589 3113 verebuntur
2619 3073 2735 3112 eum
2766 3055 2922 3129 (Luc.
2958 3071 3056 3121 xx,
3086 3048 3196 3126 l5).
3225 3050 3385 3121 Quod
3421 3052 3615 3123 utique
3655 3065 3722 3107 ex
3767 3063 3884 3120 pera

2281 3164 2418 3208 Sona
2448 3150 2540 3208 Dei
2575 3150 2973 3224 omnipotentis
3021 3148 3242 3204 dicitur.
3294 3132 3546 3218 Denique
3587 3152 3644 3201 et
3671 3142 3725 3199 in
3755 3158 3884 3213 pra-

2283 3246 2426 3302 scnli
2477 3245 2604 3301 ait:
2658 3242 2723 3301 Si
2764 3244 2899 3317 forte
2938 3238 3183 3309 audiant,
3231 3248 3278 3294 et
3325 3245 3699 3293 convertantur
3734 3251 3883 3289 unus-

2284 3345 2505 3417 quisque
2531 3360 2563 3397 a
2586 3342 2671 3397 via
2696 3358 2793 3397 sua
2819 3336 2963 3394 mala
2996 3354 3015 3395 :
3041 3350 3099 3394 ut
3121 3352 3245 3393 cum
3275 3334 3355 3391 illi
3386 3332 3648 3390 conversi
3667 3330 3881 3417 iuerint,

2285 3416 2342 3495 et
2369 3416 2503 3493 mea:
2535 3434 2830 3492 sententiae
2853 3448 2941 3489 me
2961 3431 3249 3503 poeniteat,
3276 3435 3333 3482 et
3364 3438 3475 3482 non
3505 3422 3730 3492 faciam,
3752 3416 3883 3494 quod

2286 3534 2367 3590 eis
2402 3532 2581 3588 facere
2608 3530 2809 3601 cogito.
2844 3526 3043 3599 Cogito
3071 3533 3252 3580 autem
3287 3518 3470 3577 facere
3501 3529 3730 3592 propter
3780 3532 3883 3571 ma-

2289 3626 2435 3682 litias
2465 3622 2774 3680 studiorum
2801 3622 3049 3686 illorum,
3080 3634 3201 3691 quae
3246 3614 3293 3672 si
3340 3610 3544 3670 fuerint
3575 3613 3881 3671 immutata,

2288 3728 2346 3775 et
2375 3733 2494 3774 mea
2528 3714 2801 3773 sententia
2830 3710 3287 3770 commutabitur.
3314 3707 3592 3785 Legamus
3614 3702 3885 3759 historiam

2289 3811 2443 3873 Jonx
2471 3827 2526 3872 et
2566 3810 2782 3870 Mnire.

2363 3904 2545 3985 (Vers.
2576 3902 2613 3965 4
2642 3904 2822 3978 seqq.)
2852 3898 2921 3961 Et
2947 3904 3089 3960 dices
3113 3902 3184 3959 ad
3210 3918 3297 3958 eos
3328 3915 3349 3957 :
3388 3894 3523 3955 Hac
3550 3896 3674 3954 uicit
3707 3886 3881 3948 Domi-

2292 4018 2392 4058 nus
2420 4018 2439 4057 :
2470 3998 2532 4058 Si
2564 3996 2779 4074 1026
2806 4015 2909 4055 non
2942 3995 3215 4073 audieritis
3242 4011 3343 4059 me,
3372 4003 3419 4048 et
3461 3986 3576 4066 [ΑΙ.
3607 3988 3691 4063 ιιι]
3719 3986 3889 4043 ambu-

2293 4095 2411 4151 lem
2438 4096 2493 4149 in
2514 4095 2625 4169 lege
2651 4110 2786 4162 mea,
2823 4108 2977 4164 quam
3004 4091 3122 4146 dedi
3149 4088 3311 4159 vobis,
3349 4096 3407 4143 ut
3449 4085 3685 4141 audiatis
3712 4097 3891 4138 strato.

2293 4205 2383 4244 nes
2407 4204 2672 4245 seruorum
2714 4202 2944 4243 meorum
2969 4182 3381 4256 Prophetarum,
3413 4196 3542 4254 quos
3567 4194 3664 4252 ego
3693 4176 3806 4232 misi
3832 4172 3892 4228 ad

2294 4300 2386 4338 vos
2408 4280 2473 4337 de
2498 4289 2643 4337 nocte
2669 4297 3003 4356 consurgens,
3033 4288 3081 4335 et
3115 4278 3365 4351 dirigens,
3403 4286 3452 4331 et
3482 4291 3589 4331 non
3628 4270 3845 4329 audistis
3873 4282 3889 4323 :

2295 4376 2433 4431 dabo
2459 4373 2671 4430 domum
2702 4375 2856 4430 istam
2885 4374 3017 4428 sicut
3043 4370 3182 4441 Silo,
3211 4380 3260 4425 et
3285 4371 3463 4425 urbem
3506 4368 3645 4423 hanc
3684 4363 3816 4419 dabo
3838 4362 3887 4416 in

2298 4468 2712 4525 maledictionem
2738 4467 2936 4521 cunctis
2960 4466 3196 4540 gentibus
3246 4474 3418 4519 terrte.
3465 4461 3528 4516 ln
3560 4471 3749 4516 nostra
3775 4471 3894 4529 ergo

2298 4563 2532 4633 positum
2563 4569 2933 4629 estpotestste
2948 4560 3034 4615 vel
3058 4555 3409 4629 facet-equiti,
3433 4555 3521 4611 vel
3542 4570 3655 4610 non
3680 4552 3886 4609 imre:

584 4614 862 4700 nlaienim
896 4614 1045 4698 fac—ta
1060 4614 1161 4697 sui
1178 4641 1234 4698 in
1258 4656 1410 4698 anno
1437 4654 1635 4714 quarto
1661 4614 1870 4699 Joacim
1902 4630 2001 4698 Elii
2028 4642 2199 4701 insin:
2221 4614 2278 4689 ί)
2301 4614 2782 4711 ititigonioi
2802 4614 3085 4727 quidquid
3115 4652 3243 4710 boni
3271 4614 3465 4719 lmen.
3491 4650 3770 4713 Volumus,
3797 4660 3884 4717 np.

592 4736 738 4809 regis
758 4735 899 4793 Juda
935 4753 948 4791 :
983 4734 1105 4792 haec
1131 4747 1316 4794 autem
1348 4736 1405 4792 in
1430 4736 1709 4807 principio
1744 4735 1994 4807 eiusdem
2024 4737 2191 4810 regis,

594 4831 879 4904 Scriptura
910 4830 1131 4889 dicente
1160 4850 1173 4887 :
1206 4831 1269 4886 In
1303 4833 1560 4906 principio
1586 4832 1724 4905 regis
1752 4831 1955 4888 Joacitn
1977 4832 2196 4905 ﬁliilo-

597 4928 691 5005 tiae
736 4925 874 5001 rogis
921 4923 1089 4993 Juda,
1118 4931 1316 4999 factum
1357 4938 1433 4984 est
1475 4928 1685 4984 uerbum
1722 4929 1864 4983 istud
1886 4947 1920 4984 ι
1950 4928 2196 4987 Domino.

2299 4750 2559 4821 petimus,
2591 4744 2898 4822 explemus,
2937 4745 3007 4803 ad
3038 4744 3135 4803 Dei
3180 4746 3410 4817 gratiam
3438 4739 3775 4806 referamus,
3804 4737 3890 4810 qui

2297 4842 2451 4914 juxta
2480 4840 2805 4913 Apostolum
2852 4840 3005 4897 dedit
3047 4837 3204 4895 nobis
3248 4845 3306 4893 ct
3335 4836 3501 4903 velle,
3533 4844 3590 4890 et
3630 4834 3886 4906 perlicere

2307 4936 2480 5010 (Phil.
2511 4932 2593 5010 ιι).
2624 4936 2720 4992 Sin
2742 4944 2925 4991 autem
2946 4933 3146 4989 sufﬁcit
3170 4931 3340 4988 semel
3365 4929 3657 4987 ambulare
3679 4930 3733 4983 in
3760 4928 3893 4997 lege,

599 5018 717 5078 Non
740 5020 905 5093 igitur
927 5018 1009 5093 (ut
1030 5034 1181 5088 stepe
1198 5020 1310 5091 jam
1335 5020 1605 5092 diximus)
1628 5022 1683 5076 in
1708 5021 2000 5091 Prophetis
2024 5024 2202 5079 histo-
2305 5047 2429 5103 quae
2460 5029 2620 5085 nobis
2665 5029 2791 5084 data
2832 5037 2917 5084 est
2961 5038 3060 5098 per
3088 5026 3335 5099 Moysen,
3379 5032 3439 5080 ut
3481 5024 3653 5080 stulta
3685 5019 3903 5077 ba-resis

597 5117 699 5173 ria
738 5114 881 5172 ordo
920 5112 1193 5170 oriundus
1224 5122 1344 5181 est,
1396 5129 1521 5170 cum
1564 5114 1617 5169 in
1647 5115 2062 5185 praesentiarum
2095 5118 2198 5173 sub

595 5208 791 5266 eodem
821 5220 953 5279 rege
996 5206 1185 5279 priora
1224 5216 1417 5278 postea
1446 5248 1463 5273 ,
1493 5214 1549 5263 et
1584 5207 1895 5278 posteriora
1937 5208 2068 5268 ante
2110 5211 2196 5268 di-

595 5306 811 5361 cantur.
865 5301 970 5371 Qui
1013 5310 1198 5357 autem
1250 5300 1475 5356 verbum
1516 5301 1769 5359 dicturus
1818 5315 1905 5360 est
1950 5304 2191 5376 [ιαηὶηῂ

588 5396 752 5452 debet
794 5405 943 5451 stare
974 5410 1103 5452 eum
1138 5395 1325 5466 Moyse
1364 5388 1549 5465 (Desit.
1600 5395 1682 5465 ν),
1727 5407 1782 5452 et
1816 5397 2021 5456 audire
2056 5414 2197 5457 tum

592 5489 881 5544 Psalmista
911 5506 925 5543 :
974 5488 1083 5557 Qui
1132 5489 1281 5544 statis
1309 5489 1365 5543 in
1384 5488 1539 5543 domo
1584 5474 1815 5555 Domini,
1845 5491 1899 5546 iu
1923 5492 2076 5549 atriis
2100 5495 2195 5550 do-

588 5592 704 5634 mus
734 5566 834 5635 Dei
863 5581 1028 5635 nostri
1060 5570 1239 5655 (Paul.
1271 5595 1509 5648 essunt,
1532 5578 1617 5654 2).
1652 5580 1725 5637 Et
1758 5584 2081 5654 praccipitur
2114 5588 2195 5644 illi

593 5800 600 5823 τ
664 5780 1293 5870 “yocemfrresnpplet
1322 5791 1571 5870 Vatican.
1622 5789 1891 5848 llebraico
1919 5801 2071 5850 textu
2097 5809 2188 5852 os—

601 5867 894 5926 sentiente,
921 5867 1025 5922 ἐκ
1047 5867 1165 5948 τιτι
1201 5868 1380 5926 nam.

2307 5123 2642 5195 suspicatur,
2675 5120 2956 5195 quomodo
2984 5118 3195 5175 addidit
3222 5136 3238 5175 :
3278 5116 3347 5175 Ut
3390 5116 3621 5173 audiatis
3650 5127 3899 5172 sermones

2297 5234 2561 5274 servorum
2580 5233 2811 5271 meorum
2836 5211 3356 5282 PrOphctarum.Qui
3370 5213 3712 5283 utiquam!
3734 5209 3899 5280 Mem

2302 5311 2453 5365 missi
2483 5319 2631 5378 sum,
2658 5316 2715 5362 et
2743 5316 2850 5363 u‘on
2880 5304 3183 5370 semel,sed
3216 5304 3530 5375 frequenter
3564 5321 3578 5358 :
3607 5316 3711 5359 nec
3737 5304 3902 5358 otiose

2298 5414 2354 5459 et
2391 5416 2421 5458 a
2446 5416 2667 5460 securo.
2696 5402 2791 5456 sed
2816 5417 3036 5472 semper
3064 5410 3121 5456 et
3158 5416 3185 5453 a
3217 5394 3480 5455 sollicito.
3514 5388 3643 5454 Hisi
3662 5440 3679 5465 ,
3708 5394 3899 5466 inquit,

2297 5498 2467 5554 adeas
2490 5483 2662 5551 servos
2686 5506 2828 5551 meos
2866 5490 3160 5564 Prophetas
3175 5493 3424 5562 quotidie,
3448 5500 3495 5546 et
3519 5492 3587 5547 de
3609 5501 3761 5546 nocte
3787 5505 3903 5544 eon-

2296 5598 2512 5663 augent
2545 5604 2558 5645 :
2590 5596 2728 5661 qtros
2756 5587 2806 5645 si
2831 5589 3022 5645 audire
3045 5586 3355 5654 nolueritis,
3388 5583 3539 5642 dabo
3567 5582 3797 5641 domum
3837 5580 3903 5635 ἰδέ

2372 5796 2399 5834 δ
2426 5795 2769 5855 Concinuius
2798 5801 2856 5854 in
2882 5794 3091 5864 Vatic.,
3124 5794 3393 5866 superiore
3420 5802 3499 5849 est
3528 5792 3678 5866 prior
