4080 6326
244 302 347 357 855

733 299 1383 358 COMMENTARIORUM
1423 299 1488 359 IN
1528 299 1880 363 JEREMIABI
1920 298 2341 359 PROPHETAM
2382 300 2511 357 LIB.
2559 300 2620 355 V.
2662 301 2819 359 CAP.
2860 300 3052 359 XXVI.

3432 304 3537 362 846

244 428 377 486 tam,
403 416 505 475 hoc
527 428 634 484 est,
660 419 919 490 tetttplum
944 418 1040 475 Dei
1065 418 1206 475 sicut
1239 417 1382 484 Silo,
1405 416 1495 472 ubi
1528 416 1628 473 fuit
1650 415 1823 472 taber-
1863 417 1912 481 Α
1940 423 2117 478 erant,
2150 414 2501 471 sacerdotum
2530 424 2585 471 et
2622 416 3229 487 pseudopropltetarum
3255 416 3545 474 calumnim

245 511 526 568 naculum.
559 511 804 582 Cumque
833 511 1092 582 templum
1123 510 1459 567 destructum
1490 509 1676 576 fuerit,
1707 524 1838 563 cono

243 614 539 675 sequenter
564 614 620 661 et
653 606 844 661 civitas
884 606 993 660 erit
1042 604 1095 660 in
1145 603 1585 659 maledictionem
1629 602 1840 658 cunctis

242 698 497 769 gentibus
520 707 702 755 teme.
724 698 876 755 Sient
896 709 1078 755 autem
1097 707 1383 754 exstructo
1407 697 1611 765 templo
1634 696 1688 751 in
1710 710 1837 750 area

243 794 428 861 Oro-aa,
464 803 520 849 et
549 795 602 849 in
650 804 835 851 monte
870 793 1064 859 Morio,
1100 794 1201 850 hoc
1228 800 1337 860 est,
1378 791 1612 858 visionis,
1647 790 1703 846 in
1731 803 1839 860 quo

242 884 519 943 Abraham
552 886 721 942 lilium
754 901 912 942 suum
948 885 1096 941 lsaac
1122 884 1391 941 obtulisse
1421 890 1696 950 narratur,
1719 896 1841 938 ces-

244 977 385 1035 sarit
414 978 606 1050 religio
630 978 765 1045 Silo,
811 993 912 1035 nec
949 989 1139 1050 postea
1174 978 1251 1036 ibi
1290 987 1417 1033 sunt
1446 977 1726 1033 celebrata
1753 990 1839 1030 ss-

242 1069 446 1128 crilicia
477 1087 493 1127 :
525 1071 605 1132 sic
631 1080 907 1129 exstructa
957 1069 1197 1126 Ecclesia
1222 1111 1236 1135 ,
1278 1079 1335 1125 et
1377 1068 1757 1139 spirituslibus
1790 1067 1845 1122 in

240 1180 307 1223 ea
344 1164 585 1223 victimis
612 1165 932 1233 immolatis,
979 1173 1270 1222 cessarunt
1307 1162 1473 1234 Legis
1499 1162 1845 1219 caeremoniu:

245 1254 315 1329 (Il
343 1254 474 1312 Par.
508 1255 620 1328 tu);
654 1266 710 1313 et
736 1256 862 1314 data
892 1264 979 1312 est
1005 1256 1134 1313 urbs
1160 1255 1472 1313 ludmorum
1503 1255 1559 1311 in
1588 1254 1849 1310 maledic-

244 1351 449 1406 tionem
476 1347 690 1404 cunctis
710 1348 964 1419 gentibus
988 1346 1097 1420 [AL
1123 1346 1371 1423 regibus]
1400 1354 1559 1405 terra:
1593 1365 1606 1400 '.
1649 1345 1718 1402 de
1742 1360 1848 1416 qua

245 1457 349 1502 nos
377 1441 647 1500 Dominus
688 1441 964 1505 liberavit,
1006 1440 1227 1497 dicente
1263 1439 1573 1511 Apostolo:
1611 1438 1849 1495 Christus

244 1535 459 1593 redemit
506 1551 600 1590 nos
640 1533 705 1589 de
749 1534 1114 1590 maledictioue
1158 1532 1333 1607 Legis,
1364 1538 1536 1604 factus
1583 1550 1678 1604 pro
1705 1532 1849 1589 nobis

249 1629 553 1687 maledictio
585 1626 732 1693 (Gal.
758 1644 817 1684 tu
834 1670 851 1696 ,
879 1627 987 1700 15).

324 1723 508 1793 (Vers.
539 1721 682 1793 7-9.)
724 1720 791 1775 Et
822 1722 1099 1779 audierunt
1137 1720 1459 1786 sacerdotes,
1502 1728 1551 1775 et
1584 1718 1853 1790 propheta:

1942 506 2299 564 resistebant.

2015 600 2196 673 (νει-ε.
2233 604 2351 669 Η.)
2381 602 2449 658 Et
2491 603 2649 658 locuti
2687 613 2809 658 sunt
2850 605 3142 663 sacerdotes
3185 613 3230 658 et
3276 607 3543 675 propheta:

1943 692 2012 745 ad
2040 694 2318 764 principes,
2353 705 2402 749 et
2450 696 2519 749 ad
2543 712 2745 751 onmem
2775 697 3030 769 populum
3076 698 3297 752 dicentes
3330 714 3348 752 :
3382 696 3543 752 Judi-

1942 786 2079 839 ciunt
2103 788 2281 842 mortis
2319 798 2394 841 est
2425 789 2534 843 uiro
2561 788 2686 845 huic
2713 806 2735 844 :
2772 791 2897 856 quia
2933 790 3259 863 prophetarit
3297 793 3546 847 adversus

1944 882 2199 937 civitatem
2226 884 2399 951 istam,
2423 885 2553 939 sicut
2580 886 2805 939 audistis
2825 886 3040 941 auribus
3084 888 3288 941 castris.
3332 886 3542 943 Seden-

1944 975 2094 1030 tibus
2118 976 2265 1032 urbis
2296 977 2637 1048 principibus
2680 977 2735 1033 iit
2779 989 2943 1048 porta
2980 980 3167 1050 templi
3194 988 3250 1035 et
3286 981 3341 1035 in
3390 990 3545 1051 porta

1948 1084 2110 1133 nova,
2135 1069 2228 1139 qui
2255 1069 2328 1126 de
2358 1071 2505 1141 regis
2531 1070 2735 1141 palatio
2771 1071 2836 1126 ad
2869 1072 3129 1143 templum
3159 1082 3549 1138 cucurrerant,

1950 1171 2011 1217 ut
2036 1162 2234 1218 seditio
2265 1162 2450 1233 populi
2479 1163 2789 1231 sedaretur,
2830 1176 2882 1220 et
2906 1168 3173 1223 concione
3206 1170 3391 1237 populi
3421 1184 3549 1223 con.

1946 1265 2212 1326 gregata,
2264 1266 2525 1315 accusant
2573 1257 2895 1314 sacerdotes
2945 1268 3002 1316 et
3058 1260 3554 1331 pseudoprOplteIte

1950 1348 2244 1404 Jeremism
2282 1367 2293 1403 :
2327 1350 2677 1421 perieratque
2710 1350 3009 1421 Propheta,
3048 1366 3313 1423 quantum
3361 1354 3462 1409 luit
3504 1357 3555 1409 in

1950 1440 2330 1498 sacerdotibus
2359 1449 2417 1497 et
2469 1442 2776 1512 prophetis,
2828 1443 2875 1498 si
2923 1454 3273 1501 accusatores
3321 1447 3420 1517 ipsi
3457 1446 3561 1501 lia-

1953 1535 2201 1591 buissent
2227 1536 2421 1606 judicii
2452 1547 2802 1606 potestatem.
2822 1539 2907 1599 ει
2923 1554 3031 1609 quo
3049 1540 3408 1611 intelligimus
3428 1557 3555 1598 cru-

1954 1626 2194 1687 deliores
2230 1626 2400 1685 fuisse
2432 1630 2486 1684 in
2516 1628 2844 1702 Prophetsm
2872 1647 2970 1701 per
2997 1631 3258 1688 invidiam
3286 1635 3558 1690 sanctita-

1958 1720 2049 1787 tis,
2074 1720 2167 1791 qui
2196 1721 2448 1793 religiosi
2478 1723 2804 1779 videbantur
2836 1723 3029 1792 dediti,
3050 1741 3215 1795 quam
3248 1728 3339 1797 qui
3371 1742 3560 1784 neces-

248 1815 386 1883 (sive
412 1812 919 1888 pseudOprophetaz),
950 1822 995 1869 et
1021 1814 1187 1869 omnis
1211 1815 1437 1883 populus
1454 1810 1740 1869 Jersmiant
1770 1810 1852 1866 lo-
1883 1820 1928 1883 Β
1956 1812 2208 1868 sitatibus
2243 1814 2473 1881 publicis
2506 1825 2800 1885 prteerant.

248 1918 486 1979 quenteut
512 1908 661 1963 rerba
695 1910 804 1961 ha:c
830 1907 885 1962 in
914 1908 1063 1961 domo
1086 1904 1319 1961 Domini.
1348 1904 1576 1977 Cumque
1605 1905 1856 1975 comples-

252 2010 325 2056 set
349 1999 607 2056 Jeremias
638 1999 853 2072 loquens
894 2000 1068 2054 omnia
1095 2015 1211 2070 qua:
1239 2010 1559 2071 pt'teceperat
1598 1999 1643 2055 ei
1673 1997 1858 2053 Domi-

251 2110 348 2147 nus
378 2103 431 2148 ιιι
457 2092 754 2164 loqueretur
781 2092 851 2145 ad
873 2094 1168 2147 universum
1199 2092 1476 2162 papulum,
1499 2091 1855 2164 apprehende-

244 2198 368 2261 runt
397 2202 518 2242 eum
555 2187 845 2243 sacerdotes
874 2197 919 2241 et
950 2186 1215 2257 propheta:
1248 2186 1390 2256 (sive
1430 2185 1858 2255 pseudoprophe-

253 2277 365 2350 tua),
392 2288 436 2332 et
468 2278 634 2333 omnis
666 2281 913 2349 populus,
952 2277 1129 2333 dicens
1160 2294 1180 2333 :
1216 2276 1383 2332 Morte
1408 2279 1659 2332 moriatur
1691 2294 1710 2331 :
1735 2278 1859 2348 quia

257 2372 442 2445 [Vulg.
494 2370 677 2444 quare]
717 2372 1042 2445 prepltetavit
1081 2372 1289 2428 nomine
1331 2370 1567 2437 Domini,
1632 2374 1857 2429 dicens:

257 2466 403 2523 Sicut
440 2466 558 2521 Silo
584 2468 679 2521 erit
705 2467 890 2521 domus
922 2467 1031 2523 hinc
1062 2476 1107 2520 ct
1139 2469 1263 2521 urbs
1290 2467 1389 2523 ista
1420 2465 1763 2530 desolabitur,
1794 2483 1857 2519 eo

255 2560 515 2630 quodnon
539 2560 603 2615 sit
634 2559 917 2615 habitator.
942 2561 1291 2627 Sacerdotes,
1322 2570 1377 2614 et
1396 2560 1695 2628 prtipheltt‘,
1723 2575 1859 2629 quos

256 2654 770 2725 pSeudoprophetas
833 2654 1179 2712 manifestius
1242 2655 1386 2710 LXX
1437 2655 1858 2723 transtulerunt,

257 2748 570 2807 irascuntur
601 2747 876 2812 Jerentitc,
909 2747 1055 2819 quod
1082 2763 1205 2804 vera
1234 2747 1516 2817 praedicat,
1548 2758 1605 2804 et
1628 2748 1863 2803 subver-

258 2856 319 2901 so
341 2842 594 2913 Templa,
623 2852 679 2897 et
705 2841 925 2897 civitate
956 2841 1203 2907 deserta,
1245 2842 1320 2897 sit
1356 2840 1595 2911 peritura
1642 2840 1860 2911 religio,

258 2944 317 2995 et
350 2935 500 2991 lucra
544 2951 613 2992 ex
657 2936 919 3007 religione
951 2936 1259 3000 venientia;
1306 2936 1513 2991 idcirco
1553 2936 1860 3006 apprehen-

261 3028 394 3085 dunt
422 3043 573 3096 cum,
602 3038 662 3085 ct
696 3031 1078 3089 consentiente
1107 3029 1208 3087 sibi
1240 3029 1463 3098 populo,
1492 3029 1655 3083 morti
1694 3028 1865 3083 desti-

262 3133 391 3177 nant
423 3140 437 3176 :
471 3136 640 3192 quare
668 3120 870 3179 dixerit
915 3121 971 3179 in
1018 3121 1246 3177 nomine
1297 3120 1536 3186 Domini,
1584 3121 1714 3175 sicut
1747 3119 1863 3176 Silo

2030 1904 2212 1975 (Vers.
2247 1906 2314 1961 i2
2343 1908 2527 1978 seqq.)
2566 1907 2635 1965 Et
2662 1907 3019 1965 eitleremius
3048 1911 3117 1966 ad
3150 1926 3328 1966 omnes
3352 1913 3551 1983 princi-

1960 2013 2070 2065 pes,
2098 2008 2147 2053 et
2168 1998 2237 2051 ad
2266 1999 2559 2055 universum
2578 2000 2854 2073 malum,
2890 2002 3067 2058 dicens
3094 2019 3114 2057 :
3138 2003 3392 2058 Dominus
3414 2004 3565 2059 misit

1960 2110 2060 2157 me,
2094 2102 2147 2149 ut
2176 2097 2540 2165 prophetarem
2582 2097 2653 2152 ad
2700 2098 2909 2152 domum
2951 2097 3091 2170 (sive
3128 2114 3283 2171 super
3322 2098 3561 2170 domum)

1955 2190 2131 2256 istam,
2157 2200 2205 2245 et
2234 2190 2303 2244 ad
2326 2191 2585 2247 civitatem
2623 2191 2766 2264 (sive
2790 2210 2945 2264 super
2972 2194 3254 2265 civitatein)
3288 2197 3421 2249 hanc
3451 2210 3561 2249 om.

1958 2284 2047 2339 nia
2068 2283 2220 2339 verba
2245 2300 2361 2354 qua:
2398 2284 2647 2340 audistis.
2695 2283 2857 2340 Nunc
2892 2302 3013 2357 ergo
3053 2286 3218 2340 bonas
3251 2288 3408 2357 facite
3455 2287 3564 2341 vius

1959 2386 2154 2433 vestras
2181 2389 2227 2432 et
2253 2380 2432 2433 studia
2460 2391 2648 2446 vestra,
2685 2391 2733 2434 et
2767 2382 2949 2434 audite
2987 2397 3161 2435 vacem
3208 2380 3424 2437 Domini
3471 2382 3564 2435 Det

1959 2472 2134 2538 vestri,
2166 2481 2215 2525 et
2262 2472 2522 2539 pmnitebit
2562 2470 2848 2528 Dominum
2897 2473 3025 2526 mali
3069 2474 3206 2542 quod
3242 2472 3450 2528 locutus
3488 2485 3565 2527 est

1961 2566 2231 2621 adversum
2262 2581 2349 2620 vos
2370 2568 2514 2636 (sive
2541 2566 2757 2639 1028
2780 2569 3072 2638 «quiescet
3119 2567 3374 2623 Dominus
3396 2586 3428 2622 α
3453 2587 3570 2623 ma-

1962 2662 2029 2716 lis
2055 2677 2172 2732 quae
2192 2660 2398 2715 locutus
2428 2672 2500 2715 est
2530 2674 2711 2719 contra
2742 2663 2876 2731 vos).
2908 2662 3020 2735 Ego
3044 2673 3217 2717 autem
3243 2680 3357 2719 eccs
3386 2664 3437 2717 in
3456 2680 3568 2718 ma-

1965 2754 2114 2809 nibus
2140 2754 2318 2809 rastris
2346 2771 2461 2809 sum
2493 2771 2511 2809 .'
2539 2756 2697 2826 facite
2720 2756 2916 2810 mihiat
2952 2757 3142 2812 bonum
3170 2767 3217 2812 et
3263 2769 3457 2814 rectum
3487 2769 3563 2814 est

1960 2845 2015 2897 in
2051 2845 2216 2898 oculis
2243 2847 2423 2900 uestris
2448 2846 2603 2917 '(sive
2630 2857 2682 2903 ut
2711 2849 2919 2915 expedit
2964 2850 3148 2918 vobis).
3192 2849 3555 2905 Verumtamen

1964 2937 2144 2993 scitote
2169 2948 2217 2992 et
2244 2939 2556 3011 cognoscite,
2584 2939 2724 3008 quod
2744 2940 2789 2994 si
2821 2940 3114 2996 occideritis
3132 2958 3233 3008 me,
3252 2945 3565 3015 sanguinem

1967 3027 2292 3086 innocentem
2316 3032 2532 3087 tradetis
2559 3040 2741 3086 contra
2766 3035 3117 3105 vosmetipsos,
3148 3046 3195 3091 et
3237 3049 3417 3092 contra
3444 3040 3572 3094 civi-

1968 3128 2127 3177 tatem
2148 3122 2324 3187 istam,
2352 3134 2398 3178 et
2421 3123 2740 3180 habitatores
2762 3130 2893 3200 eius.
2927 3126 2950 3180 Ι
2961 3145 2993 3180 n
3022 3130 3237 3183 ueritate
3265 3131 3405 3184 enim
3432 3132 3573 3186 misit

261 3214 359 3269 erit
407 3213 593 3269 donius
641 3212 771 3280 haec,
817 3223 863 3269 et
894 3213 1014 3269 urbs
1038 3212 1380 3278 desolabitur.
1413 3230 1472 3268 eo
1499 3214 1639 3284 quod
1665 3230 1767 3267 non
1790 3214 1859 3267 sit
1885 3208 1933 3279 C
1963 3232 2043 3270 me
2062 3214 2316 3272 Dominus
2341 3218 2408 3273 ad
2429 3234 2538 3287 nos,
2568 3228 2623 3273 ut
2641 3220 2875 3290 loquerer
2899 3221 2955 3275 in
2971 3223 3186 3277 auribus
3204 3225 3381 3278 vestris
3397 3225 3571 3278 omnia

263 3305 540 3365 habitator.
572 3307 629 3363 Si
659 3307 879 3375 quando
905 3308 1070 3377 igitur
1100 3316 1328 3377 promer
1358 3306 1615 3363 mandata
1651 3306 1860 3379 1021

263 3400 506 3467 Domini,
554 3410 610 3456 et
641 3401 767 3458 lidei
818 3403 1131 3469 veritatem,
1177 3403 1263 3458 vel
1308 3402 1630 3485 sacerdotes
1678 3402 1862 3467 nobis,

261 3500 350 3557 vel
380 3500 900 3571 pseudopmphetae,
929 3501 1015 3557 vel
1033 3500 1300 3571 deceptus
1328 3498 1858 3571 populusirascitnr,

265 3612 373 3653 non
408 3609 743 3665 tnngquere
781 3611 1079 3659 curemus;
1111 3594 1208 3650 sed
1247 3608 1616 3665 exsequantur
1642 3599 1865 3648 senten-

270 3691 398 3748 tiatn
438 3691 555 3755 Dei,
586 3706 937 3761 nequaquam
990 3690 1285 3760 praesentia
1332 3689 1496 3755 mala,
1548 3688 1647 3744 sed
1688 3686 1864 3743 futura

265 3782 407 3840 bona
440 3782 627 3841 animo
650 3783 983 3853 cogitantes.

340 3874 526 3947 (Vers.
564 3875 678 3945 10.)
706 3872 776 3931 Et
807 3884 1150 3947 congregatus
1191 3882 1265 3928 est
1314 3872 1480 3926 omnis
1508 3870 1735 3943 populus
1774 3871 1872 3924 ad-

267 3984 449 4025 versus
500 3965 781 4025 Jerentiam
830 3970 883 4022 iit
929 3969 1141 4023 domum
1191 3966 1432 4032 Domini,
1492 3976 1539 4020 et
1590 3964 1871 4020 audierunt

268 4062 531 4134 principes
559 4061 705 4117 Juda
725 4062 878 4118 verba
909 4063 1040 4130 lucc,
1066 4072 1113 4117 et
1132 4061 1474 4117 ascenderunt
1504 4060 1568 4113 de
1607 4062 1763 4114 domo
1788 4076 1871 4115 re—

267 4157 348 4227 gis
379 4156 434 4211 in
460 4155 678 4211 domum
719 4154 954 4220 Domini,
1005 4163 1054 4210 et
1100 4157 1348 4210 sederunt
1378 4156 1431 4208 in
1464 4155 1680 4208 introitu
1709 4162 1873 4226 porta!

269 4247 485 4306 Domini
505 4248 689 4322 [ναις.
717 4251 900 4306 domus
928 4247 1329 4321 Dontinilnotuc.
1354 4247 1625 4304 leremias
1652 4248 1707 4301 in
1730 4256 1873 4302 tern-

267 4341 362 4413 plo
392 4340 608 4401 Domini
644 4342 811 4398 verba
842 4340 1230 4410 prophetabat,
1266 4349 1323 4395 et
1350 4339 1568 4395 dixerat
1613 4354 1625 4392 :
1662 4347 1688 4376 ι
1723 4337 1874 4392 Dabo

268 4435 480 4490 domum
511 4435 687 4498 istam,
721 4438 856 4491 sicut
884 4434 1028 4499 Silo,
1061 4442 1108 4488 et
1136 4432 1309 4487 urbem
1346 4431 1481 4486 hanc
1527 4434 1580 4486 in
1629 4432 1876 4486 maledic—

274 4527 469 4582 tiouem
502 4526 635 4583 dabo
666 4528 864 4583 cunctis
903 4527 1137 4597 gentibus
1170 4539 1352 4591 terris;
1394 4526 1690 4596 statimque
1721 4540 1750 4579 a
1790 4539 1879 4579 sa-

1968 3309 2116 3367 verba
2138 3310 2268 3367 hac.
2299 3310 2437 3368 Cum
2465 3324 2734 3384 praesente
2761 3316 2983 3385 p0pulo,
3023 3318 3282 3373 sederent
3315 3319 3369 3375 in
3414 3329 3569 3387 porta

1963 3404 2201 3460 civitatis
2233 3406 2527 3476 principes,
2556 3417 2616 3463 et
2640 3418 2971 3463 accusarent
2992 3411 3317 3466 sacerdotes
3347 3420 3403 3465 el
3441 3426 3571 3481 pro-

1968 3496 2143 3565 phetat
2167 3497 2462 3553 Jeremiam
2486 3502 2833 3569 prophetam,
2864 3510 2920 3554 et
2942 3502 3137 3556 mortis
3159 3504 3366 3557 crimen
3396 3504 3573 3557 inten-

1967 3589 2185 3655 darent,
2239 3592 2508 3647 Jerentias
2546 3592 2613 3646 nd
2653 3593 2931 3663 principes
2954 3593 3228 3665 loquitur,
3261 3604 3318 3650 et
3346 3595 3413 3649 ad
3447 3597 3569 3650 titti-

1969 3699 2190 3742 versuet
2235 3685 2522 3755 populum,
2569 3701 2706 3756 quos
2748 3688 3095 3743 sacerdotum
3140 3695 3197 3744 et
3224 3689 3571 3758 pseudopro-

1965 3776 2255 3849 pltetarutn
2286 3776 2454 3833 {actio
2483 3780 2880 3847 concitaverat,
2926 3782 3230 3849 prudenter
3270 3783 3477 3853 pariter
3508 3794 3565 3838 et

1971 3868 2256 3927 humiliter
2290 3880 2453 3941 atque
2486 3882 2830 3930 constanter.
2873 3874 3204 3939 Prudenter,
3233 3878 3376 3946 quod
3410 3894 3437 3930 a
3470 3876 3575 3931 Do-

1972 3964 2123 4019 mino
2152 3962 2382 4019 missum
2412 3979 2536 4021 esse
2560 3980 2623 4020 se
2647 3966 2879 4032 diceret,
2910 3977 2972 4022 ut
3003 3977 3194 4022 contra
3228 3972 3488 4038 templum
3517 3976 3574 4025 et

1971 4055 2247 4115 civitatem
2278 4057 2624 4128 loqueretur,
2672 4058 2939 4130 daretque
2983 4062 3300 4129 consilium,
3345 4062 3490 4132 quod
3524 4066 3569 4119 si

1972 4150 2092 4220 ejus
2122 4149 2322 4207 vellent
2350 4150 2541 4207 audire
2566 4153 2879 4219 consilium,
2904 4165 2959 4210 et
2977 4171 3138 4227 agere
3167 4157 3570 4225 paenitentiam.

1976 4245 2238 4305 Dominus
2267 4261 2485 4316 quoque
2513 4261 2668 4302 suam
2700 4247 3029 4303 seritentiam
3055 4259 3443 4305 cornmutaret.
3472 4251 3575 4306 liu-

1976 4339 2181 4397 milites
2199 4349 2383 4395 autem
2408 4341 2464 4396 in
2497 4357 2563 4397 eo
2588 4340 2732 4412 quod
2761 4342 2837 4396 ait
2864 4360 2875 4395 :
2905 4341 3042 4397 Ecce
3058 4342 3113 4397 in
3136 4344 3375 4399 munibus
3397 4346 3576 4400 vestris

1978 4450 2092 4488 sunt
2125 4450 2144 4488 .'
2181 4434 2339 4503 facite
2371 4433 2495 4488 mihi
2526 4442 2580 4488 ut
2607 4434 2796 4491 bonum
2844 4447 2890 4491 et
2938 4448 3134 4492 rectum
3173 4447 3248 4492 est
3305 4441 3357 4493 in
3410 4441 3577 4495 oculis

1981 4526 2178 4581 vestris.
2212 4526 2381 4585 Porro
2400 4536 2718 4583 constanter
2752 4546 2765 4584 :
2800 4525 2866 4583 In
2888 4531 3105 4584 ueritate
3123 4531 3266 4585 misit
3292 4548 3371 4585 me
3393 4531 3576 4586 Domi-

272 4619 595 4677 cerdotibus
620 4628 676 4675 et
708 4618 996 4690 prophetis
1027 4627 1084 4675 et
1112 4618 1313 4689 populo
1333 4618 1601 4675 seditione
1630 4632 1875 4673 commo-
1904 4610 1958 4673 Ι)
1985 4636 2082 4674 nus
2103 4620 2173 4673 ad
2196 4634 2305 4685 eos,
2344 4630 2396 4675 ut
2422 4619 2659 4691 loquerer
2693 4621 2747 4676 in
2773 4623 2989 4677 auribus
3023 4625 3205 4677 uestris
3235 4627 3408 4679 omnia
3431 4626 3579 4679 verba

276 4722 352 4777 ta,
386 4726 550 4768 omne
574 4713 768 4783 vulgus
790 4713 1055 4771 adversus
1076 4711 1409 4781 Prophetam
1436 4722 1802 4783 congregatur
1824 4711 1878 4766 in

276 4805 586 4877 Templum,
621 4807 715 4865 ubi
761 4816 883 4863 erat
932 4805 1226 4875 Propheta,
1280 4813 1332 4860 et
1386 4806 1764 4870 sacerdotum,
1818 4820 1881 4861 ac

277 4900 673 4970 prepbetarum
724 4899 986 4971 vulgique
1051 4898 1307 4954 titanibus
1358 4899 1668 4953 tenebatur.
1724 4897 1882 4965 Quod

277 5006 404 5049 cum
431 4993 711 5049 audissent
736 4993 1013 5063 principes
1040 4992 1304 5056 civitatis,
1334 4992 1426 5061 qui
1452 4995 1502 5046 in
1533 4993 1701 5046 domo
1732 4993 1882 5061 regia

282 5087 669 5152 versabantur,
701 5087 1062 5152 transierunt,
1102 5085 1221 5141 sive
1247 5086 1596 5140 ascenderunt
1622 5085 1688 5139 de
1726 5084 1882 5138 domo

279 5180 418 5253 regis
447 5180 502 5234 in
528 5180 741 5236 domum
765 5177 999 5235 Domini.
1041 5178 1478 5248 Nomadumque.
1520 5177 1671 5246 quod
1700 5179 1784 5232 ire
1815 5176 1880 5231 ad

280 5272 502 5331 domum
536 5276 769 5340 Domini,
794 5289 1017 5345 semper
1038 5289 1305 5330 ascensus
1336 5274 1427 5327 sit.
1448 5273 1814 5339 Sederantqne
1830 5272 1884 5326 in

1984 4714 2113 4768 hwc.
2166 4712 2411 4782 Aliisque
2457 4715 2804 4770 sermonibus
2858 4715 3139 4785 loquitur:
3176 4718 3229 4776 Si
3281 4719 3580 4775 irascimini

1983 4804 2126 4875 quod
2178 4804 2285 4877 [AL
2332 4805 2454 4879 cur]
2502 4818 2692 4863 contra
2748 4809 3006 4880 templum
3050 4818 3105 4866 et
3142 4812 3335 4867 urbem
3364 4811 3581 4867 Domini

1982 4896 2084 4950 sim
2111 4899 2342 4963 locutus,
2374 4906 2431 4952 et
2453 4912 2602 4953 curm
2616 4899 2775 4955 vobis
2800 4912 2883 4956 est
2908 4900 3059 4957 salus
3088 4902 3235 4956 urbis
3261 4912 3317 4957 et
3350 4902 3537 4969 templi
3567 4919 3579 4953 :

1982 5004 2081 5049 Cur
2108 4990 2318 5060 augetis
2354 4999 2579 5061 peccata
2610 4994 2873 5062 peccatis,
2922 5002 2977 5049 et
3004 4995 3285 5065 sanguinis
3315 4995 3421 5048 mei
3472 5000 3581 5048 tant

1983 5085 2174 5140 urbem
2205 5100 2365 5154 quam
2383 5084 2717 5143 habitatores
2734 5086 2853 5158 ejus
2886 5103 3010 5143 reos
3037 5085 3252 5141 facitis?
3279 5087 3333 5143 Si
3366 5085 3584 5156 quando

1986 5176 2152 5249 igitur
2180 5187 2231 5233 et
2258 5177 2417 5233 nobis
2444 5194 2544 5247 pro
2572 5181 2921 5239 necessitatis
2948 5180 3233 5250 angustiis,
3284 5179 3589 5235 humilitate

1991 5288 2130 5342 opus
2168 5282 2251 5327 est
2278 5292 2290 5325 :
2324 5272 2402 5329 sic
2426 5288 2547 5329 eam
2576 5288 2941 5339 assumamus,
2972 5287 3039 5327 ne
3064 5273 3347 5326 veritatem
3370 5282 3431 5325 et
3452 5288 3592 5326 icon.

284 5368 506 5425 introitu
555 5380 716 5441 porta:
761 5369 971 5429 Domini
1020 5384 1184 5424 novae.
1218 5368 1533 5437 Principum
1575 5370 1722 5423 enim
1769 5378 1888 5422 erat
1989 5364 2244 5419 stantiam
2278 5364 2614 5418 deseramus.
2645 5363 2802 5419 Aliud
2843 5374 2925 5417 est
2965 5362 3109 5417 enim
3138 5364 3377 5432 superbe
3403 5376 3596 5421 contu-

284 5458 527 5514 cilicium
568 5459 759 5517 sedch
806 5460 861 5517 in
900 5469 1055 5531 ports
1085 5461 1282 5517 domus
1314 5460 1552 5524 Domini,
1580 5471 1639 5516 et
1685 5460 1758 5515 ibi
1789 5475 1886 5515 ne—

283 5554 414 5626 gotii
448 5563 502 5608 et
527 5553 814 5613 seditiOnis
836 5570 1169 5626 Cognoscere
1186 5555 1498 5615 veritatem.
1524 5554 1673 5619 Nova
1702 5564 1883 5609 autem

286 5653 445 5720 porta
466 5644 692 5713 dicitur,
718 5647 841 5717 quia
867 5649 957 5719 qui
985 5649 1253 5709 sedebant
1274 5649 1327 5705 in
1352 5665 1411 5707 ea
1430 5657 1494 5706 et
1512 5647 1722 5721 judicio
1750 5663 1886 5717 prte-

369 5838 393 5865 ε
438 5828 674 5883 Verbum
705 5826 839 5881 dabo
869 5827 1143 5885 Victorius
1180 5828 1417 5886 sttﬂeeit.

1992 5459 2208 5515 molium
2238 5458 2421 5515 lacere
2444 5456 2733 5527 iudicanti,
2774 5455 2916 5527 quod
2946 5455 3161 5525 signum
3185 5457 3431 5510 stultitim
3457 5467 3543 5514 est
3577 5477 3592 5513 :

1994 5551 2139 5609 aliud
2169 5552 2247 5609 sic
2277 5550 2601 5621 impendens
2630 5550 2804 5609 vitare
2837 5546 3153 5614 discrimen,
3186 5558 3246 5603 ut
3271 5550 3339 5604 de
3364 5552 3597 5609 ueritate

1996 5643 2131 5703 nihil
2160 5644 2476 5707 subtrahas.
