4080 6326
529 294 633 350 817

1831 286 1890 340 S.
1936 284 2203 341 EUSEBII
2243 285 2625 342 lllERONYMl

3731 285 3828 342 848

591 404 772 474 (Vers.
805 399 920 469 16.)
964 398 1031 452 Et
1061 399 1301 452 dixerunt
1347 397 1632 464 principes,
1674 404 1725 449 et
1756 396 1921 450 omnis
1965 411 2128 466 popu-
2153 408 2210 468 Α
2233 412 2344 450 ram
2376 398 2508 451 lianc
2538 439 2551 460 ,
2575 399 2730 468 juxta
2759 397 3002 452 universa
3034 396 3188 452 verba
3225 396 3491 452 Jeremite.
3538 395 3609 450 Et
3640 397 3830 449 audivit

522 506 603 554 tus
625 502 692 551 ad
718 496 1010 550 sacerdotes
1039 502 1084 546 et
1114 491 1391 560 protr/tetas
1416 508 1433 546 :
1467 490 1591 545 Non
1639 499 1714 544 est
1759 491 1869 544 viro
1897 490 2013 543 huic
2035 493 2130 561 ju-

523 592 718 645 dicium
751 591 950 650 mortis,
975 588 1096 658 quia
1124 587 1178 639 in
1201 587 1408 639 nomine
1435 585 1642 638 Domini
1666 581 1764 636 Dei
1792 585 1954 636 nostri
1985 583 2133 637 locu-

525 696 608 739 tus
634 693 707 738 est
733 682 802 736 ad
841 697 957 735 nos.
1000 680 1238 748 Populus
1267 682 1358 749 qui
1403 680 1557 748 prius
1587 694 1616 730 a
1658 676 2038 732 sacerdotibus
2080 685 2134 729 et

524 776 1022 849 pseudoprophetis
1066 777 1238 828 fuerat
1277 768 1686 843 suiipliintatus,
1717 771 1959 841 jungitur
1985 771 2134 839 prin-

527 871 742 938 cipibus
768 869 1041 932 civitatis;
1077 879 1129 921 et
1157 884 1256 938 pro
1286 867 1519 923 Jetetttia
1563 869 1820 938 loquitur.
1869 865 2009 935 quod
2043 880 2135 918 ne-

521 976 792 1032 quaquam
822 975 948 1015 reus
985 959 1179 1012 mortis
1207 959 1298 1026 sit,
1329 961 1422 1013 sed
1455 957 1508 1012 in
1561 961 1781 1013 nomine
1811 956 2026 1011 Domini
2075 963 2132 1010 et

524 1073 590 1110 ex
620 1071 718 1110 ore
740 1055 887 1109 illius
919 1053 1280 1122 prOphetarit.
1310 1052 1432 1106 Cito
1459 1053 1601 1107 enim
1633 1053 1824 1120 vulgus
1856 1049 2128 1104 indoctum

521 1161 746 1222 accepta
776 1149 991 1204 ratione
1030 1157 1203 1202 mutat
1233 1145 1583 1202 sententiam.
1637 1145 1803 1200 Dolor
1828 1151 2008 1198 autem
2042 1157 2132 1198 ac-

522 1244 855 1309 cusantiuut,
893 1241 1174 1311 praecipue
1202 1241 1572 1306 sacerdotum,
1604 1248 1658 1294 et
1689 1236 2132 1306 pseudoprophe-

521 1346 698 1392 tarum
739 1353 845 1391 non
879 1344 1060 1407 potest
1090 1335 1390 1389 immutari.
1425 1333 1493 1388 Et
1525 1333 1646 1388 ideo
1676 1333 1787 1387 illis
1820 1332 2128 1387 accusanti-

521 1438 643 1497 bus,
699 1443 755 1488 et
806 1433 860 1486 iu
910 1431 1260 1487 accusatione
1322 1427 1822 1498 perseverantibus,
1896 1426 2129 1496 populus

521 1535 934 1584 commutatur:
991 1523 1134 1594 quod
1183 1538 1333 1592 spem
1381 1525 1462 1577 eis
1503 1521 1736 1576 dederat
1781 1520 2129 1590 indulgentias

514 1626 799 1687 Dominus,
829 1622 875 1676 si
902 1623 1070 1677 bonas
1100 1619 1343 1674 facerent
1372 1617 1586 1690 1029
1615 1619 1729 1670 vias
1759 1631 1910 1681 suas,
1944 1628 2000 1670 et
2028 1630 2127 1668 au-

519 1717 702 1773 dirent
731 1731 919 1770 vocem
953 1713 1165 1768 Domini
1197 1711 1292 1767 Dei
1321 1715 1429 1778 sui,
1474 1723 1534 1766 ut
1565 1720 1623 1766 et.
1664 1709 1930 1764 Dominus
1969 1723 2122 1763 suam

523 1810 856 1868 sententiam
890 1808 1159 1864 flecteret.

591 1906 775 1979 (Vers.
809 1905 895 1960 17.
922 1900 1103 1973 seqq.)
1134 1900 1592 1971 Surrexeruntque
1619 1899 1716 1952 viri
1745 1898 1809 1952 de
1838 1896 2130 1952 senioribus

520 2013 691 2068 terrae,
717 2010 764 2054 rt
789 2000 1034 2053 dixerunt
1062 1997 1130 2048 ad
1159 2013 1362 2049 omnem
1396 2005 1582 2049 coetum
1607 1994 1788 2065 populi
1818 1993 2125 2064 loquentes:

524 2094 580 2149 Μ
588 2092 772 2147 10111005
802 2091 868 2144 de
899 2089 1155 2144 llforastlii
1175 2089 1274 2158 fuit
1308 2087 1572 2154 Prop/tela
1594 2088 1647 2140 in
1679 2086 1857 2139 diebus
1889 2082 2128 2137 Esse/tia:

518 2189 657 2256 regis
686 2183 865 2252 Iuda,
898 2194 947 2237 et
985 2191 1058 2237 att
1089 2181 1156 2234 ad
1179 2197 1381 2235 onmem
1425 2179 1673 2251 populant
1712 2177 1878 2241 Juda,
1905 2177 2079 2230 dicens
2110 2191 2128 2229 :

520 2281 652 2336 Haec
677 2281 801 2334 dicit
844 2277 1097 2332 Dominus
1126 2276 1449 2332 exercituum
1477 2291 1495 2328 :
1530 2275 1657 2330 Sion
1684 2274 1836 2345 quasi
1862 2288 1980 2343 ager
2009 2286 2132 2324 ara-

519 2373 682 2439 bitur,
735 2384 778 2427 et
807 2370 1102 2424 Jerusalem
1129 2370 1183 2421 in
1213 2384 1452 2420 acervum
1482 2367 1720 2430 lapidum
1749 2365 1864 2425 erit,
1890 2374 1940 2418 et
1979 2373 2128 2416 mons

515 2469 700 2523 domus
728 2467 783 2520 in
811 2463 1016 2520 excelsa
1031 2465 1298 2517 silvarum.
1327 2461 1603 2531 Numquid
1629 2471 1789 2514 morte
1815 2458 2129 2513 condemna-

518 2563 588 2615 vit
617 2576 731 2614 eum
759 2556 1011 2612 Ezechias
1037 2572 1128 2610 rex
1159 2553 1338 2618 Judaz,
1367 2562 1414 2608 et
1437 2555 1604 2607 omnis
1632 2552 1774 2606 Juda
1800 2554 1822 2606 ?
1857 2550 2129 2621 Numquid

522 2668 627 2706 non
657 2650 942 2704 timuerunt
971 2645 1273 2710 Dominum,
1305 2656 1351 2700 et
1378 2647 1644 2716 deprecati
1672 2657 1790 2699 sunt
1820 2645 2002 2715 faciem
2030 2643 2132 2696 Do-

519 2747 646 2800 mini
673 2746 697 2799 ?
723 2741 791 2796 Et
823 2740 1057 2806 ptenituit
1107 2739 1385 2794 Dominum
1438 2740 1586 2805 mali,
1616 2739 1752 2808 quod
1779 2738 1983 2791 losutus
2012 2739 2129 2806 fue-

519 2847 603 2891 rat
653 2838 932 2893 adversum
961 2854 1066 2891 eos.
1099 2833 1282 2905 Itaque
1310 2849 1402 2886 nos
1429 2831 1648 2902 facimus
1691 2831 1888 2883 malum
1927 2829 2128 2899 grande

519 2939 699 2985 contra
722 2933 926 2986 animus
955 2938 1177 2984 nostras.
1224 2927 1508 2996 Principes
1535 2925 1776 2980 civitatis
1805 2933 1861 2978 et
1892 2925 2126 2993 populus

521 3027 836 3096 intelligunt
865 3026 1056 3093 juilicii
1089 3025 1395 3080 veritatem.
1432 3023 1607 3076 Senes
1646 3033 1864 3084 autem,
1897 3035 2128 3089 quorum

521 3116 744 3186 proprie
775 3127 900 3172 erat
937 3131 1100 3170 nosse
1129 3126 1314 3169 vetera
1338 3154 1352 3179 ,
1390 3114 1658 3181 replieant
1701 3112 1983 3166 historiam
2021 3128 2031 3139 ·
2071 3120 2127 3165 et

2234 507 2325 546 rea:
2351 489 2556 545 Joacim
2577 501 2626 544 et
2657 507 2829 545 omnes
2855 501 3109 562 patentes.
3143 501 3189 545 et
3218 499 3243 527 ⁸
3269 490 3534 562 principes
3551 492 3666 562 ejus
3688 488 3829 542 verba

2231 581 2360 644 hinc,
2396 593 2442 635 et
2473 583 2704 650 quaesivit
2733 597 2825 635 rea:
2849 581 3147 652 interﬁcere
3174 598 3310 645 eum,
3341 591 3391 635 et
3415 583 3619 635 audivit
3657 578 3828 647 Urius,

2231 683 2278 726 et
2303 673 2504 737 timuit,
2559 675 2791 744 fugitque
2817 683 2862 728 et
2893 675 3110 746 1030
3129 675 3390 741 ingressus
3412 681 3490 726 est
3517 671 3826 744 zEgyptum.

2233 766 2500 837 Quodque
2553 773 2794 835 sequitur
2834 786 2847 821 :
2908 768 2972 821 Et
3021 769 3159 822 misit
3189 784 3281 823 rea:
3334 766 3542 822 Joacim
3598 768 3732 821 viros
3781 768 3831 821 in

2235 859 2526 932 Afgyptum
2548 903 2563 927 ,
2599 859 2862 915 Elnatlian
2887 863 3054 926 ﬁlium
3085 861 3318 914 Aclrabor
3342 903 3358 927 ,
3393 871 3440 913 et
3472 859 3612 914 viros
3635 875 3750 912 cum
3776 875 3830 913 eo

2232 956 2288 1009 in
2319 954 2615 1028 .Egyptum
2642 998 2656 1020 ,
2697 957 2747 1010 in
2783 955 2924 1010 LXX
2955 973 3062 1010 non
3094 955 3348 1011 habetur.
3384 955 3518 1010 Dein
3549 954 3827 1024 jungitur:

2234 1047 2302 1101 Et
2323 1049 2615 1101 eduxerunt
2651 1047 2831 1103 Uriam
2862 1050 2928 1102 de
2959 1048 3197 1120 I'Egypto
3219 1089 3232 1113 ,
3264 1058 3312 1103 et
3342 1047 3681 1102 adduxerunt
3721 1063 3831 1101 eum

2232 1142 2302 1196 ad
2330 1158 2502 1212 regem
2529 1141 2757 1206 Joacim,
2785 1153 2834 1196 et
2865 1146 3118 1210 percussit
3161 1161 3277 1197 eum
3309 1144 3511 1217 gladio,
3546 1154 3593 1198 et
3621 1145 3830 1215 projecit

2233 1237 2456 1290 cadarer
2479 1239 2591 1309 ejus
2632 1238 2686 1290 in
2712 1239 2967 1303 sepulcris
2989 1238 3130 1309 vulgi
3157 1238 3420 1310 ignobilis.
3465 1235 3828 1291 Verumtamen

2233 1348 2452 1402 magnus
2478 1332 2694 1386 Alricum
2718 1333 2817 1403 filii
2842 1333 3061 1405 Sap’ian
3091 1345 3200 1388 erat
3223 1333 3408 1405 [Vulg
3451 1331 3579 1406 fuit]
3606 1350 3722 1387 cum
3741 1331 3830 1387 Je-

2233 1428 2398 1481 remfa
2418 1469 2433 1492 ,
2464 1437 2522 1481 ut
2566 1445 2670 1481 non
2699 1428 2992 1483 traderetur
3025 1430 3079 1482 in
3111 1445 3295 1482 manus
3327 1429 3535 1497 populi,
3567 1436 3614 1481 et
3641 1427 3831 1497 interfi-

2230 1530 2399 1573 cerent
2429 1536 2566 1574 eum.
2599 1520 2874 1586 Qua-ritur
2922 1537 3041 1589 cur,
3097 1536 3219 1575 cum
3267 1521 3434 1577 Urias
3485 1519 3630 1574 fllius
3659 1521 3829 1576 Semel

2229 1610 2298 1667 de
2329 1614 2532 1680 oppido
2559 1612 3009 1678 Cariath-Jarim,
3042 1613 3233 1668 eadem
3265 1630 3388 1683 quas
3415 1613 3685 1669 Jeremias
3713 1629 3830 1684 pro-

2232 1703 2470 1772 pltetarit
2496 1747 2511 1770 ,
2544 1705 2738 1760 timore
2773 1708 3130 1774 penei-ritus,
3173 1705 3374 1777 fugerit
3405 1707 3462 1762 iu
3495 1706 3789 1778 Egyptum
3810 1749 3824 1775 ,

2153 1805 2201 1865 Β
2229 1807 2282 1851 01
2306 1796 2432 1853 111110
2458 1806 2749 1863 retractus,
2773 1799 2989 1854 occisus
3013 1800 3084 1853 sit
3112 1817 3124 1852 :
3152 1799 3423 1855 Jereinias
3449 1799 3828 1870 potitet-itera-

2229 1892 2378 1954 dere,
2417 1893 2508 1962 qui
2537 1900 2688 1947 certe
2722 1909 2827 1947 non
2860 1892 3068 1964 fugerat
3095 1936 3109 1956 ,
3139 1894 3235 1948 sed
3265 1895 3521 1950 audacter
3553 1895 3605 1948 iu
3635 1892 3810 1965 'priori

2229 1986 2502 2040 sententia
2534 2002 2916 2056 perseverans,
2950 1988 3210 2042 liberatus
3235 1990 3324 2052 sit,
3358 1999 3465 2044 tam
3497 1990 3645 2061 vulgi
3681 1991 3824 2059 prin-

2227 2079 2518 2150 cipumque
2540 2079 2770 2149 judicio,
2793 2096 2954 2151 quam
2978 2081 3207 2137 consilio
3225 2081 3503 2136 seniorum
3540 2084 3826 2138 adversum

2229 2185 2608 2238 acetisatores,
2648 2175 2969 2230 sacerdotes
2996 2218 3010 2238 ,
3061 2185 3117 2230 et
3171 2175 3707 2246 pseiidnpi-ophetas.
3752 2175 3826 2231 Ad

2230 2266 2372 2336 quod
2402 2267 2643 2321 breviter
2672 2268 3118 2332 resuonilcnilum
3157 2287 3169 2321 :
3203 2285 3552 2340 nequaquam
3577 2270 3672 2324 Dei
3706 2270 3823 2326 sciri

2233 2374 2394 2429 posse
2417 2361 2708 2428 judicium,
2737 2361 2866 2414 dum
2890 2361 3081 2416 eadem
3127 2376 3290 2416 causa
3316 2404 3329 2423 ,
3356 2362 3662 2431 eademque
3691 2378 3819 2418 sen-

2233 2453 2399 2508 tentia
2450 2454 2592 2509 alius
2645 2454 2888 2522 punitur.
2925 2465 2980 2508 et
3027 2457 3165 2510 alius
3212 2456 3501 2511 liberatur.
3543 2455 3657 2511 Nisi
3691 2456 3824 2513 forte

2234 2544 2339 2599 ltoc
2386 2545 2730 2616 respondere
2761 2561 3076 2615 possumus,
3119 2549 3260 2616 quod
3297 2547 3458 2604 Urias
3491 2549 3544 2601 in
3577 2549 3827 2604 condem-

2233 2639 2509 2692 nationem
2542 2650 2946 2705 accusatorum,
2981 2651 3035 2694 et
3061 2641 3243 2711 populi
3281 2642 3584 2696 trucidatus
3603 2644 3670 2696 sit
3701 2661 3713 2696 :
3741 2641 3827 2698 Je-

2231 2731 2432 2784 reinias
2462 2737 2643 2784 autem
2675 2733 3210 2802 reservatusjndicio
3245 2734 3361 2798 ltei,
3386 2745 3446 2788 ut
3474 2737 3722 2807 reliquiis
3749 2736 3826 2791 in-

2231 2819 2405 2875 felicis
2429 2824 2610 2892 pepuli
2635 2824 2976 2892 prtedicaret,
3012 2834 3066 2879 et
3096 2841 3190 2879 eos
3220 2827 3530 2882 retraheret
3559 2827 3624 2880 ad
3658 2828 3826 2897 pinni-

2233 2912 2495 2968 tudinem.
2547 2914 2698 2981 Quod
2731 2914 2949 2984 quidem
2978 2927 3032 2970 et
3077 2917 3128 2970 in
3169 2919 3561 2986 Apostolorum
3599 2919 3821 2976 Actibus

2232 3004 2486 3074 legimus,
2511 3007 2774 3062 Jacobum
2801 3006 3127 3077 Apostolum
3159 3009 3296 3078 (Act.
3329 3011 3426 3082 1111)
3453 3013 3636 3066 statim
3667 3013 3827 3068 llero-

2229 3098 2314 3152 dis
2343 3097 2630 3167 pertulisse
2665 3103 2991 3155 sententiam
3017 3145 3031 3169 ,
3067 3112 3123 3157 et
3165 3107 3430 3176 martyrio
3456 3119 3819 3171 coronatum;

521 3211 868 3282 prOpltetiam
917 3209 1154 3264 511111.οω
1181 3207 1251 3261 110
1301 3207 1586 3270 Morasthi,
1635 3206 1726 3276 qui
1779 3203 2124 3274 propltetavit

2230 3191 2447 3245 beatum
2473 3201 2652 3247 autem
2675 3193 2891 3248 Petrum
2916 3207 2970 3249 et
2989 3204 3218 3250 czeteros
3246 3199 3542 3262 ApOstolos
3563 3197 3824 3253 doctrinm

521 3306 627 3360 sub
657 3320 782 3376 rege
830 3303 1059 3360 Ezechia
1086 3345 1100 3366 ,
1137 3310 1460 3370 comparant
1510 3300 1811 3370 proiihetiue
1847 3300 2125 3365 Ieremia),

521 3413 621 3469 pro
645 3415 746 3468 qua
774 3398 823 3453 ei
856 3399 1049 3451 mortis
1079 3396 1376 3450 discrimen
1415 3393 1719 3448 intenditur
1749 3411 1764 3459 ;
1798 3393 2128 3448 ostendunt—

521 3509 629 3564 que
668 3492 821 3548 illiiitt
850 3491 1066 3546 dixisse
1109 3491 1385 3561 graviora,
1426 3498 1484 3544 et
1528 3497 1710 3542 tamen
1743 3502 1772 3539 a
1817 3486 1969 3557 justo
2003 3501 2130 3556 rege

523 3584 751 3641 I'Zzecltia
775 3584 908 3639 nihil
931 3599 1053 3639 esse
1083 3597 1402 3652 perpessum
1433 3600 1444 3634 :
1477 3581 1571 3635 sed
1594 3595 1896 3635 conversos
1918 3580 1983 3633 ad
2015 3594 2130 3648 pce-

523 3680 833 3744 niientiam,
859 3677 1079 3733 Domini
1113 3679 1166 3732 in
1197 3678 1392 3731 bonam
1415 3687 1626 3748 partem
1655 3677 1887 3730 vertisse
1909 3686 2129 3730 senten-

529 3777 680 3830 tiain.
707 3774 964 3830 Miclmas
991 3771 1137 3829 enim
1162 3771 1337 3826 dixit:
1366 3771 1499 3828 Sion
1528 3772 1679 3843 quasi
1709 3787 1831 3842 ager
1859 3770 2126 3833 arabitur,

519 3880 568 3923 et
598 3867 891 3923 Jerusalem
921 3868 974 3920 in
1011 3883 1249 3921 acervum
1275 3866 1513 3934 lapidum
1541 3867 1672 3930 erit,
1702 3874 1748 3918 et
1773 3882 1920 3918 mons
1945 3866 2128 3918 domus

517 3964 572 4016 in
603 3964 806 4017 excelsa
834 3962 1081 4014 silvarum
1122 3959 1317 4029 (Miclt.
1348 3975 1429 4022 111,
1464 3959 1573 4027 1'2).
1609 3958 1781 4013 Porro
1813 3956 2080 4012 Jeremias
2111 3975 2124 4012 :

521 4055 672 4111 Dabo
697 4097 712 4120 ,
740 4056 936 4126 inquit,
965 4054 1176 4107 domum
1198 4055 1348 4107 istam
1376 4053 1511 4106 sicut
1541 4051 1677 4119 Silo,
1720 4061 1766 4105 et
1795 4051 1972 4104 urbem
1995 4052 2128 4104 lianc

523 4151 657 4203 dabo
687 4150 740 4203 in
771 4148 1189 4202 maledictiouem
1228 4146 1430 4200 cunctis
1477 4145 1715 4216 gentibus
1745 4152 1898 4197 terra:
1924 4142 2129 4211 (Supra

524 4259 650 4298 xxw
675 4283 691 4308 ,
725 4244 805 4310 9).
861 4243 1104 4310 Daotque
1132 4241 1447 4305 consilium,
1499 4251 1755 4309 putantes
1787 4254 2127 4307 nequaquam

520 4337 764 4390 futurum
797 4333 941 4404 quod
973 4332 1225 4388 Michwas
1256 4332 1606 4401 pra-dixerat,
1636 4333 1758 4403 quia
1788 4334 1957 4386 multo
1989 4341 2128 4386 tent-

520 4444 660 4500 pore
689 4445 794 4480 non
826 4432 898 4481 sit
927 4427 1128 4480 factum
1160 4435 1385 4495 propter
1410 4428 1597 4497 pepuli
1632 4428 2028 4494 patuitrntiam.
2066 4427 2132 4482 Et

522 4521 628 4574 hoc
657 4535 874 4591 qttnque
903 4518 1045 4589 quod
1089 4518 1361 4574 Jeremias
1393 4519 1605 4572 locutus
1635 4527 1749 4582 est,
1785 4535 2126 4590 nequaquam

2229 3285 2445 3341 Domini
2490 3296 2826 3342 reservatos.
2878 3289 2941 3343 Et
2987 3291 3477 3346 animadvertenda
3519 3294 3819 3348 c0nstaiitia

2230 3378 2567 3446 proplietalis
2594 3419 2608 3440 ,
2638 3378 2783 3449 quod
2818 3396 2886 3435 ne
2927 3380 2995 3435 de
3023 3381 3264 3454 Egypto
3293 3384 3512 3452 quidem
3562 3394 3822 3440 retractus

2228 3470 2386 3527 Urias
2417 3473 2708 3527 mutaverit
2733 3474 3061 3529 sententiam
3106 3494 3119 3535 ζ
3161 3477 3255 3532 5011
3291 3477 3484 3533 videns
3509 3479 3614 3533 sibi
3647 3479 3818 3534 inlen-

2229 3565 2329 3619 tari
2361 3573 2631 3631 mortem,
2663 3565 3016 3622 nihilominus
3046 3569 3116 3622 sit
3150 3569 3362 3625 locutus
3391 3587 3513 3641 quin
3547 3587 3819 3644 1111000ρο-

2229 3669 2312 3712 rat
2345 3658 2625 3712 Dominus.
2657 3659 2924 3730 Quodque
2953 3660 3152 3727 timuit,
3184 3675 3240 3717 et
3267 3663 3433 3732 fugit,
3468 3671 3525 3720 et
3553 3666 3826 3736 ingressus

2231 3759 2315 3804 est
2342 3748 2662 3822 (Egyptian.
2698 3768 2806 3806 non
2837 3755 3198 3819 inﬁdelitatis,
3227 3756 3321 3811 sed
3355 3757 3664 3826 prudentia:
3694 3759 3830 3816 indic

2229 3844 2374 3898 cium
2403 3860 2487 3899 051
2521 3862 2535 3899 :
2577 3863 2643 3900 ne
2668 3845 2867 3900 frustra
2896 3863 2996 3902 nos
3027 3847 3321 3905 oiferamns
3366 3854 3650 3922 periculis.
3684 3855 3827 3910 Alio-

2227 3940 2359 4009 quin
2407 3953 2460 3994 et
2499 3940 2786 3996 Dominum
2834 3942 3172 3999 Salvatorem
3222 3945 3289 4001 de
3337 3948 3590 4003 manibus
3641 3963 3824 4018 perse-

2229 4033 2517 4102 quentium
2562 4035 2770 4104 lapsum
2802 4035 3030 4106 legimus
3077 4036 3231 4104 (Luc.
3267 4055 3316 4093 ιν
3339 4082 3353 4105 ,
3385 4039 3546 4094 Joan.
3581 4044 3695 4106 vui)
3729 4058 3743 4106 ;
3776 4051 3826 4097 et

2231 4127 2638 4195 principioiitem
2672 4134 2708 4182 Α
2723 4129 2950 4197 postolis
2983 4148 2994 4183 :
3029 4128 3159 4185 Cum
3213 4148 3301 4185 vos
3355 4136 3616 4201 persecuti
3640 4135 3825 4202 fuerint

2229 4219 2283 4272 in
2316 4223 2412 4273 hac
2443 4220 2669 4290 civitate,
2703 4224 2865 4294 fugite
2889 4224 2959 4276 ad
2985 4223 3148 4278 aliam
3179 4224 3400 4294 (Matth.
3439 4245 3490 4291 κ,
3523 4229 3639 4300 ‘25).
3673 4230 3824 4299 Qum-

2229 4312 2367 4366 ritur
2393 4329 2612 4383 quoque
2639 4316 2914 4377 quomodo
2942 4317 3152 4373 Joaciin
3186 4334 3280 4373 rex
3311 4319 3448 4375 Jiiila
3478 4366 3493 4389 ,
3537 4324 3688 4392 parvi
3730 4325 3825 4378 im-

2229 4407 2392 4474 perii,
2426 4418 2479 4460 et
2505 4407 2797 4474 debilitati,
2823 4420 2880 4464 et
2905 4411 3015 4479 jam
3043 4411 3264 4482 jamque
3294 4415 3544 4482 perituri,
3579 4415 3824 4470 mittendi

2230 4498 2283 4551 in
2314 4497 2605 4570 Aigyptunt
2656 4499 2908 4556 habuerit
2959 4511 3311 4570 potestatem,
3357 4515 3414 4558 et
3460 4506 3589 4561 inde
3643 4506 3823 4563 Uriam

521 4613 663 4678 fore,
697 4613 740 4667 si
770 4614 920 4680 11111111
944 4610 1235 4665 consilium
1264 4611 1384 4682 ejus
1409 4611 1581 4666 bonas
1607 4610 1713 4666 foci
1733 4623 1805 4666 1111
1838 4614 1953 4665 vias
1977 4627 2122 4678 suas,

2231 4592 2519 4649 educendi.
2545 4595 2700 4663 Quod
2731 4594 2890 4650 facile
2919 4597 3171 4661 solvitur,
3197 4600 3240 4652 si
3269 4598 3684 4656 consideremus
3705 4617 3822 4656 eum

521 4717 576 4761 et
609 4705 787 4760 studia
831 4719 927 4758 sua
955 4745 970 4766 .
1005 4713 1062 4758 et
1088 4704 1310 4759 audiant
1339 4721 1524 4761 vocem
1559 4705 1771 4760 D0iitini
1808 4705 1902 4760 Dei
1927 4707 2029 4768 sui,
2067 4715 2125 4760 ut

519 4798 784 4852 Dominus
815 4812 924 4850 non
955 4794 1152 4849 inferat
1181 4799 1383 4852 malum
1417 4798 1558 4869 quod
1593 4799 1671 4853 eis
1699 4798 1871 4854 fuerat
1900 4799 2125 4852 commi-

519 4901 699 4951 natus,
728 4889 1012 4955 Simulque
1041 4887 1295 4957 frangant
1321 4901 1696 4946 accusatorum
1723 4893 1953 4954 rabiem,
1986 4901 2040 4946 et
2069 4907 2126 4946 se

518 4984 752 5039 miscent
780 4998 903 5039 011111
930 4981 1012 5035 eis
1043 4981 1286 5038 dicentes
1312 5003 1324 5036 :
1354 4983 1540 5056 Itaque
1567 5002 1658 5040 11011
1683 4990 1901 5056 facimus
1930 4986 2126 5039 malum

516 5080 714 5151 grande
763 5087 947 5132 contra
987 5081 1191 5132 animos
1241 5093 1486 5134 nostras:
1519 5098 1624 5134 non
1656 5098 1764 5151 quo
1809 5083 1990 5135 facere
2031 5079 2126 5134 de-

515 5173 702 5231 beant.
727 5174 822 5228 sed
851 5173 974 5241 quia
1000 5175 1043 5227 si
1073 5171 1327 5238 fecerint,
1357 5189 1694 5243 nequaquam
1713 5184 1944 5228 noceant
1964 5191 2125 5229 arcu-

511 5277 634 5320 salo
658 5309 673 5333 ,
709 5265 804 5320 sed
843 5265 1131 5320 animabus
1171 5266 1306 5330 suis,
1332 5281 1468 5335 quas
1501 5270 1802 5323 mutatione
1833 5268 2120 5324 sententia

514 5361 791 5429 potuerint
817 5360 1080 5415 liberare.

579 5452 759 5525 (Vers.
792 5452 865 5506 2t)
891 5453 1073 5522 seqq.)
1107 5451 1232 5506 Fuit
1259 5469 1462 5524 quoque
1491 5453 1569 5507 vir
1597 5453 1918 5524 proplietans
1943 5457 1995 5509 in
2022 5473 2118 5510 no-

512 5549 650 5602 mine
679 5548 890 5604 Domini
925 5548 1104 5612 Urias,
1133 5550 1277 5619 ﬁlius
1307 5549 1483 5603 Semei
1508 5549 1572 5604 de
1600 5547 2039 5618 Cariath-Jarim,
2069 5561 2120 5604 et

514 5642 836 5712 prop/ietavit
877 5642 1128 5696 adversus
1158 5642 1418 5696 civitatem
1442 5642 1617 5707 istam,
1644 5649 1690 5695 et
1721 5642 1991 5696 adversum
2018 5655 2118 5698 ter-

589 5785 613 5815 α
656 5776 828 5833 Vatic.
859 5788 908 5834 et
940 5793 1119 5834 omnes
1141 5779 1421 5848 principes.

2227 4701 2255 4738 a
2293 4701 2419 4755 rege
2463 4687 2682 4757 Egypti
2732 4688 2955 4744 Necliao
3000 4691 3300 4762 principem
3351 4697 3737 4761 constitutum,
3774 4706 3825 4753 et

2227 4777 2365 4832 hanc
2389 4781 2730 4847 prophetiam
2763 4779 2960 4835 factum
2984 4796 3107 4836 esse
3133 4785 3184 4835 111
3213 4782 3442 4853 principi
3467 4804 3480 4834 t
3509 4789 3660 4856 regni
3682 4789 3818 4853 ejus.

2225 4871 2562 4942 Quamquam
2589 4885 2768 4928 autem
2793 4873 3063 4931 Jeremias
3089 4877 3298 4929 Domini
3330 4878 3608 4944 adjutm-io
3635 4881 3824 4937 libera-

2228 4974 2314 5018 tus
2345 4964 2434 5028 sit,
2473 4979 2648 5019 tamen
2683 4975 2736 5019 ct
2759 4968 2832 5020 illi
2867 4978 3152 5036 reputatur
3179 4970 3386 5043 1031
3416 4972 3468 5026 iii
3491 4975 3820 5040 mercedem,

2232 5073 2330 5126 per
2374 5075 2532 5128 quem
2585 5058 2912 5127 Prnpltetam
2971 5079 3128 5116 suum
3187 5065 3449 5120 Dominus
3497 5067 3754 5127 liberavit
3807 5084 3820 5124 :

2232 5150 2458 5207 Alticam
2490 5152 2740 5207 videlicet
2772 5154 2880 5208 lilio
2902 5153 3142 5225 Seplian,
3168 5160 3310 5228 quod
3346 5161 3397 5214 in
3434 5163 3824 5231 posterioribus

2233 5245 2425 5300 teeturi
2459 5262 2672 5316 sumus,
2706 5246 2733 5286 ι’
2769 5250 2988 5317 quando
3015 5253 3084 5308 110
3109 5256 3343 5309 cisterna
3381 5257 3478 5312 ltiti
3559 5261 3824 5317 Α1111011ιο⁴

2226 5336 2344 5392 10011
2377 5340 2638 5408 spadonis
2668 5343 2900 5396 consilio
2925 5386 2940 5408 ,
2971 5356 3137 5415 atque
3178 5349 3436 5416 prmsidio
3463 5351 3739 5409 Jeremias
3763 5353 3826 5410 de

2225 5439 2419 5494 mortis
2452 5443 2700 5509 periculo
2735 5443 2998 5499 liberatur
3039 5445 3217 5519 (Infra
3247 5450 3500 5522 xxxvm).

2319 5543 2494 5614 (Cap.
2577 5545 2793 5602 XXVII.
2827 5577 2895 5588 —
2924 5547 3080 5607 Vers.
3136 5554 3186 5606 1.
3221 5552 3240 5624 )
3296 5551 3364 5606 In
3421 5557 3684 5627 principio
3727 5575 3822 5614 re-

2219 5646 2308 5717 gni
2335 5645 2563 5716 Joacim,
2595 5649 2698 5719 [itii
2733 5647 2896 5704 Josiie
2932 5653 3070 5722 regis
3100 5651 3267 5719 Iuda,
3291 5655 3490 5726 factum
3518 5669 3594 5713 est
3621 5661 3822 5715 verbum

2287 5783 2315 5823 ι’
2357 5785 2621 5856 Cisterc.,
2652 5789 2698 5844 si
2722 5791 2930 5858 quando
2951 5789 3015 5846 de
3044 5794 3361 5851 cisterna....
3386 5795 3657 5853 liberetur.
