4080 6326
283 308 387 366 εις)

743 303 1409 365 COMMENTARIORUM
1448 305 1518 362 ΙΝ
1554 306 1910 365 JEREMIAM
1947 306 2374 366 PROPHETAM
2412 308 2544 367 LIB.
2589 308 2653 364 V.
2692 307 2849 367 CAP.
2886 308 3105 367 XXVII.

3480 308 3588 365 850

279 426 465 482 hocad
484 426 763 482 Jeremiam
790 443 823 481 a
843 424 1100 496 Domino,
1122 428 1322 482 dicens.
1372 424 1485 481 lloc
1533 426 1587 481 in
1633 424 1878 482 editione
1904 426 1955 486 Α
1987 425 2081 480 Dei
2116 427 2279 481 virtus
2303 434 2351 481 et
2382 426 2479 482 Dei
2499 429 2758 495 sapientia
2783 427 2828 500 (Ι
2854 425 2980 483 Cor.
3012 444 3030 483 ι
3059 472 3074 497 ,
3111 426 3227 497 14).
3258 427 3328 483 Et
3355 426 3523 483 Isaias
3569 444 3585 483 :

282 516 424 573 LXX
481 533 587 573 non
633 517 881 574 habetur.
938 520 1003 573 lit
1050 518 1202 573 multi
1250 527 1438 588 putant
1492 521 1772 591 sequentis
1797 535 1888 574 ca-

282 609 441 681 pituli
465 626 586 667 esse
611 612 967 681 principium,
986 610 1129 682 quod
1153 627 1487 683 nequaquam
1518 614 1585 667 ita
1614 624 1700 669 est
1725 657 1740 681 ,
1788 613 1887 669 sed

276 702 611 775 jungendum
633 703 930 772 superiori,
967 715 1023 758 ιιι
1051 703 1308 775 quidquid
1336 704 1540 759 dictmu
1559 705 1792 760 refertur
1833 714 1888 761 et

248 784 253 788 ’
287 797 489 854 factum
542 799 597 855 in
629 800 895 870 principio
918 800 1067 868 regni
1087 798 1296 853 Joacim
1318 798 1516 854 factum
1539 813 1661 855 esse
1700 799 1889 855 creda-

283 891 590 949 mus.Uude
611 904 663 948 et
689 892 936 948 mittendi
958 893 1010 946 in
1030 891 1345 965 Ᾱῐίιγριιιιιι,
1378 894 1526 964 quasi
1555 894 1620 947 ad
1649 893 1884 947 amicum

284 1001 466 1053 regem
486 986 670 1041 habuit
700 995 1047 1056 potestatein.
1078 985 1342 1041 Videntur
1367 996 1547 1041 autem
1575 986 1708 1041 mibi
1744 986 1887 1041 LXX

285 1078 499 1143 titulum
531 1079 696 1134 istum
722 1080 824 1134 hac
841 1080 1056 1134 ratione
1085 1079 1327 1143 siluisse,
1360 1096 1428 1133 ue
1454 1079 1695 1135 sccmnlo
1730 1079 1882 1134 dice-

283 1185 343 1226 re
374 1171 715 1227 viderentur.
743 1170 862 1227 .lam
894 1172 1041 1226 enim
1068 1171 1118 1223 in
1147 1171 1418 1239 principio
1452 1183 1747 1240 posuerant
1775 1188 1787 1223 :
1818 1167 1887 1225 In

281 1265 542 1336 principio
592 1265 730 1336 regis
762 1264 969 1318 Joacim
996 1262 1093 1324 ﬁlii
1117 1259 1284 1317 Josia:
1312 1263 1449 1335 regis
1466 1261 1498 1316 J
1507 1263 1612 1316 uda
1630 1305 1645 1329 ,
1693 1266 1886 1334 factum

280 1372 356 1419 est
386 1359 593 1415 verbum
628 1360 774 1415 istud
814 1360 884 1412 ad
912 1356 1195 1412 Jereniiam
1224 1374 1258 1411 a
1290 1356 1513 1411 Domino
1540 1357 1738 1412 dicens.

353 1450 520 1521 (Vers
544 1449 626 1523 2.)
657 1450 782 1505 Herc
807 1451 934 1506 dicit
965 1450 1215 1506 Dominus
1251 1450 1322 1505 ad
1354 1466 1435 1504 me
1462 1467 1480 1505 :
1516 1449 1628 1504 Fac
1657 1450 1752 1506 tibi
1776 1451 1889 1505 vin-

283 1545 399 1600 cula
422 1556 470 1599 et
501 1554 732 1599 catenas.
766 1544 898 1601 Sive
919 1544 1116 1605 κλοιοὺς
1141 1587 1157 1612 ,
1184 1542 1279 1615 qui
1310 1543 1578 1599 llehraice
1608 1544 1888 1614 appellan-

280 1647 370 1696 tur
400 1653 624 1696 nuro'ru
647 1639 906 1712 (11119173),
937 1648 994 1695 et
1020 1652 1279 1694 sermone
1303 1638 1514 1709 volgari
1545 1646 1572 1675 ει
1599 1636 1759 1692 Boias
1791 1651 1888 1693 vo-

283 1741 430 1788 cant.

1987 514 2228 579 Domine.
2258 520 2374 587 quis
2393 519 2618 576 credidit
2643 520 2849 575 auditui
2878 531 3077 591 nostro,
3106 534 3153 575 et
3183 520 3453 576 brachium
3482 517 3593 574 Do-

1988 611 2116 665 mini
2137 613 2218 666 cui
2242 613 2524 668 revelatum
2550 626 2624 667 est
2648 612 2808 679 (Isai.
2842 631 2957 679 Litt,
2991 614 3042 684 l)
3070 613 3323 671 iScribit
3351 627 3405 670 et
3425 615 3592 671 Joan-

1988 718 2086 759 nes
2115 706 2448 775 Evangelista
2488 722 2502 760 :
2528 705 2719 761 Omnia
2746 724 2836 777 per
2862 709 3032 780 ipsum
3063 711 3204 778 facta
3229 718 3377 773 sunt,
3407 715 3455 762 et
3476 708 3591 762 sine

1985 797 2100 864 ipso
2137 799 2333 868 factum
2358 806 2433 852 est
2460 797 2592 854 nihil
2621 798 2804 869 (Joan.
2843 814 2903 868 t,
2931 800 3014 869 5).
3058 799 3226 854 David
3276 814 3493 871 quoque
3523 799 3579 854 in

1985 904 2087 944 suo
2136 891 2379 945 carmine
2428 892 2713 960 loquitur:
2770 890 2938 947 Verbo
2982 890 3194 947 Domini
3239 892 3357 946 caeli
3394 892 3593 959 ﬁrmati

1986 989 2135 1045 sunt,
2177 991 2224 1035 et
2268 981 2458 1053 spiritu
2495 983 2602 1036 oris
2641 983 2754 1051 ejus
2789 984 2955 1037 omnis
2995 983 3159 1038 virtus
3201 998 3382 1037 eorum
3407 981 3588 1047 (l’sal.

1988 1088 2156 1131 xxxii.
2188 1072 2262 1139 6).
2293 1075 2446 1139 Quod
2473 1082 2652 1127 autem
2681 1075 2758 1128 ait
2783 1092 2797 1127 :
2828 1074 2957 1128 Dedi
2984 1090 3101 1128 eam
3129 1075 3198 1141 ei,
3227 1075 3313 1129 cui
3336 1073 3450 1147 [AL
3475 1071 3593 1145 qui]

1985 1164 2181 1237 placuit
2209 1167 2265 1219 in
2293 1163 2459 1219 oculis
2506 1166 2635 1219 meis
2663 1208 2678 1233 ,
2717 1165 2820 1220 hoc
2851 1167 3125 1236 signilieat
3149 1207 3164 1231 ,
3214 1165 3359 1236 quod
3404 1164 3591 1220 omnia

1988 1258 2225 1313 humano
2254 1259 2437 1327 generi
2470 1273 2566 1328 per
2588 1257 2684 1312 Dei
2727 1259 2959 1328 gratiam
3007 1258 3116 1312 sint
3165 1260 3388 1313 tributa.
3446 1255 3585 1330 Ego,

1988 1350 2186 1422 inquit,
2220 1351 2318 1422 feci
2353 1361 2566 1414 terram,
2599 1357 2647 1405 et
2700 1350 2984 1412 hominem.
3014 1359 3062 1406 rt
3104 1352 3345 1423 jumenta
3407 1348 3587 1420 (Psal.

1986 1444 2175 1514 xxxv).
2209 1442 2360 1498 Ordo
2405 1443 2735 1499 contrarius.
2777 1442 2837 1498 ln
2894 1441 3097 1499 Genesi
3151 1444 3298 1498 enim
3354 1446 3593 1513 primum

1986 1536 2125 1590 lium
2146 1537 2469 1601 animantia,
2495 1547 2545 1592 et
2571 1543 2853 1591 extremus
2883 1532 3272 1609 bomo(Genes.
3298 1536 3361 1607 t),
3384 1535 3480 1592 sed
3507 1536 3596 1590 hic

1990 1628 2139 1700 prius
2167 1629 2442 1686 hominem
2467 1630 2732 1695 nominat,
2761 1639 2820 1685 et
2851 1639 3040 1701 postea
3070 1644 3192 1702 quae
3214 1628 3459 1700 subjecta
3471 1637 3599 1685 sunt

1988 1721 2219 1778 homini.

353 1824 537 1897 (Vers.
572 1824 629 1892 5,
665 1821 747 1894 4.)
793 1821 1067 1893 Ponesque
1086 1794 1185 1878 ea;
1210 1824 1266 1877 in
1306 1823 1442 1878 collo
1471 1830 1581 1887 tuo,
1629 1831 1677 1877 et
1718 1823 1890 1878 mittes
1920 1829 1969 1891 B
2063 1815 2243 1888 (νει-δ.
2267 1815 2323 1883 6,
2348 1816 2428 1888 7.)
2456 1814 2613 1871 Nunc
2634 1818 2813 1889 itaque
2831 1832 2927 1888 ego
2945 1814 3071 1870 dedi
3092 1830 3269 1871 omnes
3287 1823 3453 1872 terras
3468 1817 3598 1872 istas

281 1935 366 1974 eas
393 1919 465 1973 ad
497 1934 668 1989 regem
698 1915 887 1987 Edoni,
925 1926 975 1972 et
1003 1917 1073 1972 ad
1104 1933 1273 1982 regem
1313 1915 1467 1972 Moab
1490 1958 1506 1981 .
1537 1924 1587 1970 et
1612 1916 1682 1970 ad
1710 1931 1883 1991 regem

283 2010 515 2082 ﬁliorum
543 2012 782 2075 Ammon,
811 2018 861 2065 et
888 2009 957 2063 ad
986 2027 1155 2081 regem
1174 2008 1325 2082 Tyri,
1355 2020 1400 2064 et
1429 2010 1499 2064 ad
1525 2026 1697 2081 regem
1725 2008 1883 2065 Sido-

283 2106 367 2159 nis
397 2121 490 2173 per
520 2119 735 2158 manum
765 2101 946 2175 [Vulg.
985 2103 1039 2157 in
1066 2101 1251 2176 manu]
1288 2104 1591 2157 nuntiorum
1615 2106 1705 2174 qui
1732 2118 1884 2157 vene-

279 2210 399 2253 runt
418 2194 711 2252 Jerusalem
735 2197 804 2250 ad
831 2196 1100 2253 Sedeciam
1128 2213 1300 2271 regem
1329 2195 1497 2252 Iuda.
1527 2198 1592 2252 Et
1613 2198 1885 2270 praecipies

274 2292 369 2361 eis,
400 2302 456 2345 ut
477 2290 547 2345 ad
564 2291 802 2345 dominos
824 2307 946 2344 suos
969 2291 1249 2362 loquantur
1274 2307 1293 2345 :
1319 2289 1452 2347 Ηωο
1472 2291 1602 2346 dicit
1624 2288 1886 2346 Dominus

278 2387 596 2441 exercituum
616 2382 754 2438 Deus
774 2381 963 2437 Israel.
987 2381 1114 2439 Han:
1129 2383 1311 2439 dicetis
1323 2385 1393 2437 ad
1412 2383 1649 2438 dominos
1670 2395 1883 2439 vestros.

276 2474 559 2533 Poeterita
589 2478 727 2530 visio
756 2476 809 2529 iu
844 2475 1112 2545 principio
1147 2476 1288 2532 facta
1319 2486 1407 2532 est
1435 2482 1502 2531 ad
1545 2477 1878 2546 Proitbetam

279 2570 436 2643 regni
466 2570 696 2633 loacim.
721 2569 818 2624 lilii
851 2569 1017 2625 Josia:
1046 2571 1189 2640 regis
1213 2568 1376 2624 .luda.
1413 2568 1542 2624 [lan
1573 2580 1754 2625 autem
1785 2570 1889 2626 sub

280 2664 536 2730 Sedecia,
564 2663 656 2734 qui
688 2672 968 2717 extremus
994 2660 1250 2731 regnavit
1273 2662 1326 2714 in
1349 2660 1681 2726 Jerusalem,
1703 2670 1759 2717 et
1785 2661 1888 2717 sub

280 2768 394 2824 quo
436 2754 569 2810 urbs
597 2763 756 2825 capta
802 2763 888 2808 est
917 2761 1083 2822 atque
1120 2752 1407 2807 subversa.
1450 2752 1884 2823 Prmcipiturijue

282 2848 541 2906 Jeremize
568 2891 584 2915 ,
617 2858 676 2903 ut
706 2856 929 2904 catenas
950 2889 966 2913 ,
998 2847 1114 2901 sive
1146 2845 1329 2901 furcas
1354 2846 1560 2917 ligneas
1584 2889 1599 2912 ,
1631 2862 1751 2918 qua:
1785 2845 1893 2903 lle-

285 2939 471 2997 braice
501 2980 521 3010 ,
557 2949 617 2995 ut
656 2939 925 3008 diximus,
964 2938 1315 3010 appellantur
1356 2954 1603 3007 ιιυτοτιι,
1649 2940 1892 3009 impoiiat

284 3035 432 3090 collo
458 3049 581 3098 suo,
608 3043 663 3089 et
691 3033 867 3088 mittit
894 3048 989 3088 eas
1018 3031 1084 3086 ad
1119 3046 1275 3102 reges
1308 3031 1512 3099 Edom,
1546 3030 1723 3092 Moab.
1751 3029 1884 3086 lilio—

284 3141 410 3182 rum
444 3129 698 3193 Ammon,
728 3123 883 3196 Tyri,
916 3122 1157 3191 Sidonis,
1194 3138 1290 3192 per
1321 3124 1553 3194 legatos,
1586 3122 1676 3191 qui
1725 3137 1889 3178 vene-

1986 1926 2039 1965 in
2065 1925 2223 1964 manu
2254 1908 2746 1965 Nabuchodonosor
2773 1911 2910 1984 regis
2948 1909 3236 1981 Babylonis
3275 1911 3407 1967 servi
3446 1912 3549 1966 mei
3579 1925 3601 1966 :

1983 2002 2200 2070 insuper
2216 2010 2262 2055 et
2281 2001 2471 2056 bestias
2483 2003 2597 2074 agri
2610 2003 2730 2056 dedi
2747 2003 2793 2056 ei
2815 2012 2874 2055 ut
2891 2003 3117 2056 serviant
3131 2003 3231 2058 illi.
3274 2001 3341 2056 Et
3378 2005 3605 2058 servient

1988 2092 2035 2145 ei
2061 2107 2235 2146 omnes
2260 2100 2458 2163 gentes,
2487 2101 2534 2146 et
2562 2092 2676 2162 [ilio
2701 2094 2817 2163 ejus
2838 2101 2886 2146 et
2904 2092 3016 2161 [ilio
3035 2093 3135 2163 ﬁlii
3160 2096 3294 2166 ejus.
3320 2091 3488 2163 Cujus
3519 2094 3607 2149 iu-

1989 2183 2262 2239 felicitatis
2292 2194 2378 2241 est
2404 2183 2594 2249 Israel,
2637 2186 2857 2258 quando
2889 2191 3307 2257 comparatione
3347 2187 3468 2257 ejus
3496 2188 3603 2243 Na-

1991 2277 2414 2334 buchodonosor
2440 2294 2635 2347 servus
2666 2278 2761 2335 Dei
2795 2279 3113 2349 appellatur
3138 2280 3162 2335 ?
3188 2281 3473 2348 Scriptum
3515 2287 3603 2336 est

1990 2371 2044 2428 in
2072 2373 2362 2442 Evangelia
2387 2391 2400 2428 :
2430 2372 2656 2428 Mundus
2699 2390 2791 2440 per
2835 2375 3008 2443 ipsum
3036 2374 3205 2445 [actus
3247 2382 3348 2438 est,
3377 2384 3426 2428 et
3449 2390 3601 2428 utun-

1989 2466 2086 2518 dus
2112 2482 2230 2520 eum
2248 2482 2347 2520 non
2371 2468 2626 2539 cognovit.
2662 2463 2728 2519 In
2762 2468 2973 2539 propria
2997 2468 3156 2530 venit,
3185 2477 3234 2522 et
3250 2468 3335 2523 sui
3355 2482 3474 2522 eum
3496 2483 3599 2523 non

1990 2568 2289 2626 receperunt
2317 2557 2503 2634 (Joan.
2535 2576 2573 2627 ι,
2604 2560 2714 2632 10).
2744 2558 2915 2615 Recte
2944 2560 3129 2630 itaque
3159 2560 3412 2616 conditor
3439 2575 3601 2617 crea-

1993 2661 2168 2706 turam
2191 2668 2344 2707 suam
2375 2652 2539 2706 tradit
2562 2652 2649 2708 cui
2674 2654 2932 2708 Voltterit.
2963 2654 3205 2723 llettique
3235 2662 3293 2709 et
3317 2652 3596 2718 diabolus,

1993 2746 2046 2801 in
2070 2745 2225 2816 cujus
2254 2757 2439 2818 typum
2471 2748 2751 2816 praecessit
2786 2746 3338 2814 Nabuchodonosor,
3371 2749 3601 2802 cantite-

1995 2846 2083 2892 tur
2105 2856 2117 2892 :
2141 2838 2253 2893 haec
2279 2840 2454 2894 omnia
2475 2839 2601 2894 mihi
2620 2840 2814 2895 tradita
2835 2839 3151 2909 sunt.Quod
3173 2849 3357 2895 autem
3382 2840 3598 2895 intulit:

1993 2928 2217 3004 Insuper
2241 2943 2287 2985 et
2316 2931 2507 2988 bestias
2534 2935 2650 3003 agri
2675 2934 2796 2989 dedi
2824 2935 2872 2988 ei
2900 2935 3196 3003 utserviant
3226 2932 3330 2997 illi,
3365 2934 3448 2988 vel
3471 2933 3603 2989 sim-

1995 3023 2211 3094 pliciter
2238 3038 2400 3081 oume
2421 3040 2598 3096 genus
2618 3024 2936 3080 animalium
2967 3024 3282 3096 intelligere
3295 3025 3600 3093 debemus;

1992 3131 2116 3172 cum
2151 3118 2372 3175 homine
2400 3119 2547 3173 enim
2577 3127 2633 3175 et
2657 3133 2720 3174 ea
2754 3119 3065 3186 traduntur,
3103 3118 3317 3191 1033
3363 3134 3486 3188 qua:
3549 3119 3600 3174 ei

284 3229 412 3276 rant
440 3218 506 3273 ad
549 3217 835 3274 Sedeciam
882 3233 897 3269 :
925 3225 981 3272 et
1013 3216 1292 3286 prmeipiat
1321 3217 1441 3271 suis
1474 3215 1717 3271 dominis
1749 3230 1888 3270 nun-
1919 3235 1966 3299 ο
1996 3211 2212 3265 subdita
2241 3223 2366 3267 sunt
2390 3227 2405 3277 ;
2428 3222 2521 3267 aut
2547 3223 2696 3268 certe
2726 3212 2950 3277 bestias,
2980 3212 3339 3282 ferasgentes
3359 3211 3603 3279 accipia-

288 3311 470 3389 tiare,
499 3309 645 3378 quod
680 3309 795 3376 regi
835 3307 1338 3364 Nabuchodonosor
1368 3309 1577 3363 servire
1614 3308 1888 3376 debeant;

284 3412 338 3459 et
363 3401 561 3457 audire
589 3416 711 3473 qua:
737 3415 976 3472 sequens
997 3401 1285 3471 Propheta:
1310 3416 1496 3458 sermo
1522 3403 1889 3473 prosequitur.

285 3496 367 3552 Ac
412 3512 480 3550 ne
520 3492 755 3549 forsitan
787 3491 950 3565 legati
985 3505 1042 3550 et
1071 3510 1230 3566 reges
1261 3496 1487 3551 istarum
1518 3496 1763 3567 gentium
1810 3511 1897 3551 re-

288 3586 632 3658 sponderent
656 3627 671 3651 ,
703 3602 804 3642 cur
851 3588 952 3643 hoc
984 3595 1077 3643 tuo
1108 3588 1312 3660 populo
1343 3604 1451 3644 non
1482 3588 1768 3659 praecipis?
1796 3587 1897 3645 Se-

286 3683 466 3740 decite
492 3698 708 3752 quoque
741 3683 855 3752 regi
886 3682 1089 3739 similia
1122 3684 1364 3753 laquitur
1389 3725 1405 3749 ,
1434 3692 1488 3738 et
1517 3681 1896 3739 sacerdotibus

284 3792 350 3833 ac
366 3777 686 3849 prophetis.
723 3776 876 3830 llunc
906 3776 1084 3831 locum
1115 3776 1444 3846 allegoricus
1474 3791 1692 3846 semper
1721 3775 1891 3831 intor-

289 3886 423 3941 prcs
454 3865 776 3942 (Origenes),
806 3877 862 3923 et
888 3866 1134 3923 historiae
1163 3869 1375 3939 fugiens
1407 3869 1693 3923 veritatem
1726 3867 1897 3923 inter-

285 3973 542 4033 pretatur
563 3962 632 4016 de
663 3961 873 4016 caelesti
895 3959 1223 4026 Jerusalem,
1261 3960 1472 4033 1032
1493 3960 1635 4031 quod
1659 3961 1898 4016 debeant

290 4055 635 4111 habitatores
655 4055 773 4126 ejus
795 4063 989 4122 SpOttle
1004 4070 1284 4111 assumere
1315 4071 1568 4125 corpora,
1594 4065 1648 4111 et
1669 4057 1898 4112 descen-

290 4148 426 4205 dere
455 4152 508 4203 in
537 4148 890 4220 Babylonem,
915 4146 967 4202 id
996 4159 1103 4216 est,
1128 4147 1505 4203 confusionem
1529 4149 1715 4203 mundi
1741 4149 1898 4204 istius

289 4241 381 4312 qui
406 4242 462 4296 in
486 4240 725 4308 maligno
748 4240 958 4307 positus
984 4250 1090 4305 est,
1114 4249 1170 4295 et
1197 4241 1405 4297 servire
1432 4242 1544 4311 regi
1570 4241 1895 4313 Babylonio,

294 4331 443 4388 haud
490 4330 715 4387 dubium
745 4333 879 4399 quin
908 4332 1147 4387 diabolo.
1185 4332 1343 4397 Quod
1373 4334 1418 4388 si
1446 4334 1549 4389 hoc
1591 4333 1774 4390 facere
1802 4349 1900 4389 no-

292 4427 525 4491 luerint,
557 4440 900 4495 nequaquam
933 4439 1029 4481 eos
1058 4426 1243 4494 gravia
1274 4440 1509 4496 corpora
1539 4436 1850 4497 portaturos
1879 4442 1896 4493 ;

293 4518 392 4574 sed
425 4515 700 4588 perituros
728 4515 912 4585 gladio
941 4558 957 4584 ,
986 4524 1043 4573 et
1072 4517 1217 4573 lame
1240 4558 1256 4583 ,
1288 4526 1345 4573 et
1371 4528 1524 4590 peste
1551 4535 1568 4585 ;
1609 4527 1664 4573 et
1697 4532 1900 4588 nequa-

2000 3319 2142 3374 mus,
2175 3305 2319 3375 quod
2349 3308 2509 3361 etiam
2536 3306 2641 3361 illic
2695 3307 2958 3375 serviant,
3010 3322 3133 3377 qua:
3187 3307 3344 3376 prius
3390 3305 3603 3361 servire

1999 3413 2108 3453 non
2132 3409 2420 3454 noverant.
2455 3397 2652 3455 Filium
2679 3410 2861 3455 autem
2881 3399 3024 3469 ejus,
3048 3408 3106 3455 et
3122 3400 3292 3454 lilium
3312 3398 3603 3466 tilii,juxta

1997 3488 2328 3545 Heln-nicum
2362 3490 2646 3546 Balibasar
2699 3499 2875 3558 vocat,
2930 3501 2985 3546 et
3037 3490 3483 3559 Evilmerndach,
3533 3488 3604 3546 de

1997 3582 2192 3651 quibus
2222 3582 2413 3637 seribit
2435 3580 2650 3636 Daniel.

2070 3670 2249 3726 Donec
2279 3672 2449 3726 veniat
2478 3681 2679 3745 tempus
2722 3682 2876 3728 terrae
2914 3673 3029 3742 ejus
3058 3682 3109 3728 et
3137 3673 3327 3745 ipsius.
3369 3671 3605 3729 Pulchre

2001 3780 2070 3821 ne
2092 3777 2414 3837 perpetuum
2443 3765 2956 3822 Nabuchodonosor
2978 3779 3267 3838 putaretur
3288 3767 3605 3837 imperium,

2000 3872 2054 3915 et
2081 3858 2258 3929 ipsum
2288 3859 2421 3914 dicit
2446 3877 2474 3913 a
2494 3860 2665 3915 Medis
2683 3859 2979 3931 Persisque
3000 3862 3351 3931 capiendum.
3378 3859 3493 3916 Hoc
3515 3872 3603 3915 est

2000 3956 2146 4013 enim
2177 3956 2320 4026 quod
2352 3955 2620 4025 significat
2651 3974 2664 4009 :
2697 3954 2870 4009 Donec
2888 3957 3063 4010 venint
3085 3964 3290 4027 tempus
3320 3965 3471 4010 terra:
3488 3956 3604 4028 ejus

2001 4058 2048 4102 et
2074 4048 2242 4117 ipsius
2273 4063 2292 4102 :
2314 4047 2409 4103 sed
2433 4062 2533 4103 nec
2562 4049 2667 4103 hoc
2693 4045 2929 4101 habetur
2956 4046 3012 4101 in
3042 4046 3447 4117 Septuaginta..

2075 4141 2143 4197 Et
2165 4144 2385 4198 servient
2412 4144 2460 4197 ei
2486 4154 2664 4215 gentes
2687 4142 2882 4208 multae,
2916 4152 2966 4196 et
2983 4158 3129 4216 reges
3160 4142 3358 4216 magni.
3389 4140 3504 4197 Non
3523 4141 3607 4197 di-

2005 4235 2106 4301 xit,
2139 4251 2312 4290 omnes
2334 4251 2353 4289 :
2385 4235 2490 4292 hoc
2517 4237 2662 4290 enim
2696 4235 2921 4305 praprie
2944 4235 3146 4291 CbriSti
3169 4236 3405 4292 debetur
3433 4236 3605 4305 impe-

2006 4329 2120 4398 rio,
2153 4342 2480 4399 quamquam
2525 4328 2678 4398 juxta
2726 4327 3120 4401 Symmachum
3171 4343 3281 4383 non
3332 4328 3597 4399 legatur:

2007 4420 2243 4477 Servient
2272 4420 2320 4475 ei
2348 4432 2523 4492 gentes
2549 4420 2750 4487 multae,
2775 4429 2825 4474 et
2864 4435 3010 4494 reges
3037 4420 3213 4494 magni
3235 4436 3255 4486 ;
3297 4418 3394 4475 sed
3435 4418 3606 4488 subiia

2004 4515 2277 4571 cienteum
2298 4516 2529 4571 servituti
2552 4523 2728 4589 gentes
2773 4512 2981 4580 multae,
3035 4524 3083 4568 et
3108 4528 3253 4586 reges
3296 4512 3513 4587 magni,
3544 4519 3608 4568 ut

294 4628 464 4684 quam
497 4610 742 4665 homines
765 4609 999 4676 futuros,
1034 4611 1128 4667 sed
1151 4612 1446 4667 daemones.
1482 4614 1594 4670 lloc
1625 4612 1718 4668 ille
1745 4612 1898 4667 dixe-
1925 4637 1982 4698 ι)
2006 4609 2125 4680 ipse
2149 4611 2575 4681 quaqueserviat
2596 4611 2766 4666 Medis
2791 4622 2845 4666 et
2875 4610 3058 4664 Persis
3091 4650 3106 4673 ,
3137 4611 3226 4666 cui
3256 4621 3386 4665 ante
3414 4622 3606 4665 omnes

297 4706 394 4775 rit,
441 4718 511 4760 ne
555 4701 876 4759 defensores
925 4704 1045 4772 ejus
1096 4705 1253 4759 nobis
1300 4704 1631 4760 calumniam
1674 4704 1898 4760 faciant.

297 4797 575 4855 Cancrum
608 4809 709 4849 nos
738 4795 1040 4864 simplicem
1071 4804 1128 4850 et
1166 4812 1350 4852 veram
1382 4813 1680 4867 sequamur
1730 4797 1905 4854 histo-

300 4891 467 4955 riam,
502 4902 570 4943 ne
600 4887 923 4958 quibusdam
952 4888 1185 4944 nubibus
1214 4901 1378 4961 atque
1406 4890 1701 4962 praestigiis
1726 4889 1905 4946 invol-

299 5000 516 5042 vamur.

373 5075 556 5149 (Vers.
580 5072 664 5143 5.)
690 5071 805 5147 Ego
828 5073 926 5146 feci
948 5082 1165 5143 terram,
1188 5076 1536 5143 ethominem,
1565 5088 1615 5134 et
1634 5081 1904 5152 jnmenta,

295 5183 416 5240 quia
437 5176 555 5221 sunt
584 5183 740 5238 super
763 5166 949 5237 [aciem
969 5177 1121 5222 terra:
1151 5170 1203 5223 in
1229 5169 1534 5240 fortitudine
1560 5187 1675 5225 mea
1694 5188 1905 5242 magna.

296 5271 343 5316 et
376 5262 433 5313 in
462 5258 670 5313 brachio
696 5276 807 5314 meo
828 5268 1056 5319 extento.
1088 5269 1137 5315 et
1166 5262 1287 5316 dedi
1307 5279 1421 5316 eam
1446 5263 1516 5330 ei,
1549 5265 1632 5317 cui
1655 5262 1766 5337 [AL
1793 5262 1905 5336 qui]

2005 4714 2198 4774 gentes
2215 4704 2541 4758 servierant.
2570 4702 2685 4759 lloc
2711 4702 2856 4772 quod
2886 4717 2954 4758 ex
2987 4701 3260 4759 llebraico
3282 4701 3604 4772 posuimus:

2008 4796 2142 4852 Dedi
2181 4798 2226 4853 ei
2258 4806 2314 4852 ut
2334 4798 2557 4853 serviant
2581 4775 2661 4850 illi
2680 4841 2695 4866 ,
2722 4807 2769 4850 et
2788 4796 3011 4851 sertient
3039 4797 3085 4852 ei
3113 4813 3292 4852 omnes
3317 4805 3491 4867 gentes
3510 4835 3527 4861 ,
3558 4803 3609 4848 et

2008 4891 2121 4961 ﬁlio
2150 4892 2294 4960 ejus,
2326 4900 2374 4943 et
2399 4889 2516 4960 ﬁlio
2542 4888 2642 4961 [iiii
2668 4890 2806 4962 ejus,
2846 4888 3011 4943 donec
3036 4890 3205 4943 veniat
3235 4896 3434 4959 tempus
3463 4896 3615 4942 terra:

2006 4989 2122 5059 ejus
2148 4994 2197 5039 et
2226 4984 2391 5055 ipsius
2412 4999 2432 5038 :
2461 4991 2509 5038 et
2530 4983 2762 5038 servituti
2793 4999 2911 5037 eum
2939 4983 3403 5052 subiicientgentes
3433 4976 3615 5034 nulla

2011 5088 2059 5134 et
2090 5094 2233 5151 reges
2263 5077 2472 5149 magni,
2501 5077 2555 5132 in
2592 5076 2949 5149 Septuaginta
2968 5074 3053 5146 (ut
3067 5076 3180 5146 jam
3211 5070 3471 5140 diximus)
3497 5071 3615 5127 edi-

2010 5172 2163 5228 tione
2189 5185 2296 5225 uon
2323 5170 2544 5241 legitur.

2079 5263 2265 5339 (vers.
2288 5261 2370 5336 8.)
2392 5261 2531 5319 Gens
2553 5271 2726 5319 autem
2751 5270 2799 5317 et
2828 5277 3064 5334 regnum,
3093 5256 3234 5332 quod
3249 5272 3354 5313 non
3380 5256 3615 5312 servierit

296 5345 497 5425 placuit
526 5355 580 5407 in
606 5354 770 5408 oculis
804 5354 946 5408 meis.
975 5353 1128 5411 Licet
1152 5358 1704 5435 dvepmronéewcbmc
1718 5357 1908 5427 Scrip-
2015 5356 2502 5413 Nabuchodonosor
2565 5358 2675 5431 regi
2706 5354 2989 5426 Babylonis
3017 5396 3032 5420 ,
3067 5363 3113 5407 et
3158 5353 3464 5420 quicumque
3509 5365 3618 5404 non

299 5460 428 5505 tura
471 5448 752 5516 loquatur,
796 5448 1075 5518 quomodo
1118 5465 1216 5505 nos
1255 5452 1510 5508 homines
1538 5453 1684 5523 loqui
1714 5468 1909 5521 possu-

296 5555 425 5598 mus
457 5549 511 5595 et
533 5541 834 5610 intelligere
861 5559 873 5595 :
910 5551 1090 5599 tamen
1125 5542 1391 5599 fortitudo
1423 5545 1515 5600 Dei
1545 5558 1599 5601 et
1626 5545 1906 5602 brachium

298 5636 422 5707 ejus
449 5634 546 5688 ille
571 5643 674 5699 est,
708 5633 778 5688 de
802 5649 911 5704 quo
938 5644 994 5690 et
1021 5639 1316 5708 Apostolus
1343 5640 1587 5709 loquitur
1620 5658 1634 5694 :
1667 5638 1909 5697 Christus

376 5763 405 5791 ι
447 5752 540 5807 Sic
562 5752 724 5815 κλοιὸς
748 5755 801 5808 in
829 5753 1036 5813 Glossis
1062 5759 1344 5815 votetibus
1376 5757 1620 5814 redditur
1644 5756 1778 5813 Boia
1804 5800 1818 5823 ,
1850 5767 1907 5814 et

301 5826 589 5897 equuleus.
626 5825 693 5878 Et
725 5824 924 5881 ibidem
961 5827 1015 5885 in
1049 5829 1184 5885 Boia
1214 5831 1378 5887 κλοιὸν
1409 5829 1722 5907 περιτίθημι.
1760 5834 1917 5901 Step0

2011 5452 2297 5507 curvavetit
2319 5451 2511 5507 collum
2540 5468 2690 5506 suum
2719 5448 2813 5503 sub
2836 5450 2960 5518 iugo
2979 5446 3116 5519 regis
3145 5443 3454 5516 Babylonis,
3486 5450 3535 5498 et
3558 5442 3615 5499 in

2010 5544 2197 5619 gladio
2220 5586 2237 5611 ,
2268 5552 2319 5600 et
2349 5545 2505 5615 (ante,
2529 5555 2576 5598 et
2607 5549 2750 5612 peste
2790 5540 3003 5593 visitabo
3031 5555 3185 5609 super
3214 5545 3415 5609 gentem
3441 5534 3614 5604 illam,

2012 5642 2087 5695 ait
2115 5639 2372 5695 Dominus
2396 5680 2411 5701 ,
2441 5640 2603 5693 donec
2630 5649 2930 5689 consumam
2954 5648 3039 5689 eos
3067 5633 3121 5687 in
3151 5647 3311 5686 manu
3338 5632 3471 5695 eius.
3494 5628 3615 5687 Non

2013 5732 2219 5885 ιῖιιριῐι
2247 5757 2351 5813 hac
2380 5756 2448 5812 de
2492 5768 2628 5810 voce
2670 5750 2930 5808 diximus.
2976 5748 3099 5806 για.
3142 5749 3263 5806 Lib.
3306 5746 3529 5807 Nomio.
3563 5748 3618 5802 in

2072 5845 2190 5885 usa:

2072 5845 2190 5885 usa.
