4080 6326
241 310 346 368 855

691 308 1347 369 COMMENTARIORUM
1388 309 1456 366 IN
1494 309 1850 372 JEBE‘MIAI
1890 311 2312 378 I’ROPHETAM
2355 315 2488 372 Llll.
2535 317 2596 373 ν.
2638 315 2794 375 CAP.
2838 318 3076 376 XXVIII.

3436 323 3542 380 85b

241 429 411 482 Iouem
437 428 825 498 transferentur
845 469 858 492 .
881 435 929 482 et
950 427 1020 482 ibi
1047 435 1194 484 erunt
1218 441 1378 496 usque
1398 426 1466 480 ad
1498 425 1634 486 diem
1656 427 1837 482 visita»
1868 432 1916 496 Α
1945 425 2362 486 buchodonosor
2400 430 2726 504 dimiserat,
2762 436 3136 492 transferenda
3183 436 3539 509 Babylonem.

239 521 396 586 tionis
417 535 526 576 sute
543 565 556 588 ,
575 521 700 574 dicit
725 518 983 576 Dominus
1007 537 1026 588 ;
1051 530 1101 578 et
1125 518 1304 586 afferri
1337 521 1532 591 faciam
1553 537 1614 576 ea
1631 561 1644 585 ,
1675 528 1722 576 et
1758 537 1839 576 re-

237 613 384 667 stitui
403 613 456 668 in
486 611 602 666 loco
629 613 748 668 isto.
781 613 939 679 εἰπερ,
986 623 1041 670 ut
1079 612 1346 677 diximus,
1395 611 1450 668 in
1481 612 1838 682 Septuaginta

239 723 346 762 non
404 706 709 775 habentur,
766 707 860 763 sed
909 709 974 764 de
1030 707 1298 762 Ilehraica
1347 707 1574 762 veritate
1629 705 1842 784 1036

239 799 634 856 translatasunt
663 817 789 870 :pro
809 800 1080 872 quoaliud
1107 799 1252 868 quod
1277 797 1540 869 scriptum
1567 815 1673 854 non
1697 808 1836 865 erat,

238 908 472 963 posuere
521 893 768 948 dicentes
802 912 813 946 :
849 902 875 930 ει
910 891 1044 948 Mihi
1069 893 1192 962 quia
1242 892 1320 946 sic
1370 892 1501 947 dixit
1533 889 1790 948 Dominus
1819 908 1840 946 :

235 983 303 1039 Et
324 983 526 1056 reliqua
553 1002 674 1040 vasa
715 1001 831 1056 quae
859 1002 959 1040 non
989 985 1107 1038 tulit
1142 1000 1235 1040 rex
1276 983 1559 1056 Babylonis
1582 1026 1597 1048 .
1631 983 1842 1054 quando

235 1079 504 1134 transtulit
530 1077 839 1134 Jecltoniam
870 1079 934 1134 de
961 1076 1251 1132 Jerusalem
1287 1079 1340 1132 in
1372 1077 1726 1148 Babylonem,
1759 1079 1842 1132 in-

235 1173 472 1240 trabunt,
497 1171 919 1241 dicitDominus,
945 1186 1164 1227 sensum
1189 1173 1360 1244 magis
1382 1187 1541 1244 quam
1559 1173 1721 1230 verba
1747 1187 1844 1246 po-

235 1275 427 1321 nentes
463 1282 476 1319 :
518 1264 745 1322 forsitan
794 1265 1114 1320 irrationale
1145 1265 1437 1330 arbitrati,
1471 1275 1527 1320 ut
1581 1265 1721 1320 Deus
1762 1264 1840 1320 lo-

233 1369 497 1432 queretur
529 1359 596 1414 ad
619 1360 906 1414 columnas
932 1400 946 1426 ,
983 1367 1036 1414 et
1065 1356 1132 1414 ad
1166 1373 1343 1420 mare,
1375 1368 1431 1413 et
1458 1357 1523 1412 ad
1555 1357 1717 1414 bases
1739 1397 1754 1426 ,
1784 1366 1840 1416 et

231 1450 297 1506 ad
313 1451 522 1522 reliqua
545 1466 668 1506 vasa
685 1466 806 1522 quae
835 1460 1217 1506 remanserant
1243 1449 1299 1504 in
1329 1449 1660 1515 Jerusalem,
1679 1449 1836 1520 quasi

232 1558 338 1600 non
368 1545 614 1616 legamus
637 1590 649 1614 ,
687 1555 740 1599 et
769 1543 937 1598 vermi
973 1543 1244 1598 matutino
1277 1541 1618 1611 increpuisse
1657 1539 1839 1596 Domi-

233 1656 359 1694 nutu
385 1681 399 1704 ,
452 1649 510 1694 et
539 1639 671 1694 mari
717 1638 958 1694 locutum
991 1653 1004 1690 :
1035 1635 1172 1692 Tace
1193 1677 1207 1700 ,
1245 1643 1291 1690 et
1329 1635 1618 1690 obmutesce
1661 1632 1838 1706 (Iona:

232 1739 328 1804 tv).
353 1733 622 1806 Quodque
636 1734 710 1787 ait
739 1749 751 1785 :
784 1731 1077 1788 Occurrant
1112 1730 1258 1794 mihi,
1284 1731 1401 1786 sive
1435 1727 1662 1783 Domino
1687 1743 1837 1783 exer-

1944 518 2043 574 Hic
2073 532 2256 577 autem
2294 539 2325 578 e
2367 527 2668 595 contrario,
2693 528 2855 584 etiam
2889 543 2949 584 ea
2982 545 3103 598 qua:
3135 530 3394 586 translata
3419 528 3540 586 lue-

1944 620 2101 678 rant,
2133 613 2417 674 referenda
2442 619 2731 687 promittit.

2017 706 2197 778 (Vers.
2234 709 2286 773 5,
2311 710 2394 781 4.)
2425 711 2554 778 Quae
2583 711 2608 750 ι)
2639 714 2904 768 transtulit
2938 713 3429 770 Nabuchodonosor
3450 730 3546 770 rea;

1943 797 2225 871 Babylonis
2255 802 2319 857 de
2349 807 2463 858 loco
2491 806 2614 871 isto,
2645 815 2694 862 et
2719 808 2983 864 transtulit
3015 824 3076 864 ea
3103 809 3156 861 in
3196 805 3536 878 Babylonem.

1945 892 2013 949 Et
2056 892 2362 950 lecboniatn
2392 896 2559 965 lilium
2590 897 2827 964 Joacim,
2859 915 3030 972 regem
3058 897 3221 961 Iuda.
3265 910 3312 956 et
3340 915 3541 956 omnem

1943 990 2452 1062 transmigrationem
2483 990 2656 1056 lude,
2684 993 2774 1063 qui
2801 993 3017 1062 ingressi
3045 1002 3167 1046 sunt
3195 991 3539 1064 Babylonem,

1944 1102 2036 1156 ego
2063 1096 2355 1140 convertam
2381 1086 2435 1140 in
2467 1090 2635 1140 locum
2667 1088 2840 1154 istum,
2868 1087 2940 1142 ait
2966 1086 3242 1141 Dominus.
3267 1085 3543 1142 Conteram

1945 1179 2080 1234 enim
2099 1181 2290 1250 jugum
2329 1179 2464 1252 regis
2489 1177 2795 1250 Babylonis.
2829 1179 2930 1236 Pro
2961 1180 3156 1250 quibus
3189 1179 3333 1236 LXX
3363 1192 3545 1238 trans-

1945 1271 2186 1328 tulerunt
2216 1289 2228 1325 :
2257 1269 2582 1335 Jecboniatn,
2611 1281 2658 1327 et
2681 1272 3183 1341 transmigrationem
3202 1269 3392 1338 ludes;
3421 1273 3544 1342 quia

1943 1373 2206 1418 conteram
2242 1366 2438 1436 jugum
2468 1364 2604 1435 regis
2632 1362 2945 1434 Babylonis,
2979 1364 3222 1420 breviter
3261 1365 3546 1422 Hebraica:

1942 1457 2186 1512 veritatis
2215 1470 2468 1523 sensum,
2502 1459 2672 1526 magis
2703 1472 2867 1522 quant
2899 1457 3063 1512 verba
3097 1466 3386 1526 ponentes.
3419 1457 3548 1514 Pol-

1940 1547 2136 1604 licetur
2166 1560 2345 1605 autem
2373 1549 2641 1618 Ananias,
2671 1561 2692 1588 ε
2734 1551 2825 1620 qui
2857 1549 3153 1622 prophetes
3192 1562 3323 1608 tunc
3345 1551 3546 1622 pottqu

1940 1641 2251 1707 videbatur,
2283 1658 2391 1697 non
2423 1643 2599 1700 solum
2625 1657 2778 1708 vasa,
2807 1643 2904 1699 sed
2931 1653 2986 1700 et
3018 1659 3203 1715 regem
3227 1644 3547 1700 Jecltoniam

1941 1735 2312 1790 reducendum
2345 1750 2468 1790 esse
2505 1735 2841 1796 Jerusalem;
2874 1747 2928 1792 et
2969 1736 3159 1808 jugum
3198 1739 3340 1807 regis
3371 1736 3549 1810 Baby-

232 1832 426 1883 cituum
453 1827 650 1900 (Marc.
685 1843 760 1892 tv,
795 1826 886 1898 59)
908 1866 924 1892 ,
961 1823 1094 1880 illud
1141 1823 1415 1890 ostendit,
1469 1838 1657 1878 verum
1710 1823 1841 1876 I’ro-
1871 1830 1918 1890 Β
1945 1826 2085 1884 Ionis
2113 1829 2531 1894 conterendutn,
2561 1828 2664 1884 hoc
2686 1837 2790 1894 est,
2816 1829 3204 1888 deetruenduut
3231 1830 3350 1899 ejus
3376 1830 3549 1901 impe-

235 1923 453 1993 pltetam
487 1936 650 1992 posse
674 1920 908 1976 Domino
932 1920 1189 1987 precibus
1219 1919 1504 1982 resistere,
1539 1915 1839 1972 secundum

229 2013 372 2086 quod
385 2021 441 2069 et
458 2013 674 2086 Moyses
689 2011 834 2066 stetit
862 2011 917 2068 in
935 2009 1292 2080 percussione
1313 2015 1500 2064 contra
1525 2006 1838 2075 Dominum,

229 2117 289 2164 ut
322 2117 598 2162 averteret
630 2108 765 2161 iram
793 2104 994 2160 luroris
1024 2104 1166 2174 ejus.
1193 2101 1413 2158 Samuel
1449 2116 1667 2174 quoque
1691 2101 1836 2157 idem

231 2202 356 2258 fecit
381 2201 426 2275 (Ι
458 2201 592 2276 Reg.
625 2209 766 2274 vut).
807 2201 868 2255 Et
905 2200 1170 2254 Dominus
1199 2197 1269 2255 ad
1302 2199 1522 2268 Moysen
1571 2214 1584 2252 :
1624 2195 1838 2252 Dimitte

225 2297 433 2363 me,ait
453 2339 471 2365 ,
498 2304 551 2350 ut
593 2296 880 2366 percutiam
909 2292 1160 2366 pupulum
1191 2293 1347 2347 istum
1385 2290 1580 2362 (Exod.
1631 2305 1782 2346 mm
1809 2331 1826 2357 ,

229 2392 346 2464 10).
381 2391 616 2462 Quando
646 2401 830 2446 autem
863 2391 1034 2453 dicit,
1084 2387 1300 2446 Dimitte
1334 2404 1414 2442 me
1439 2428 1454 2454 ,
1493 2387 1734 2443 ostendit
1775 2402 1836 2442 se

230 2487 485 2558 precibus
524 2495 836 2542 sanctorum
890 2499 1051 2555 posse
1096 2482 1344 2540 retineri.
1378 2481 1716 2546 Occurrant,
1753 2483 1835 2536 in-

228 2580 383 2656 quit,
421 2578 745 2648 Propltettn.
789 2586 844 2634 et
897 2591 1256 2648 quaecumque
1299 2574 1632 2645 pradicant,
1665 2589 1834 2643 apere

225 2673 498 2742 completa
525 2671 905 2727 demonstrent
947 2685 960 2722 :
995 2678 1050 2726 et
1095 2680 1225 2724 tunc
1256 2667 1486 2722 veritate
1518 2666 1832 2724 vaticinium

221 2766 692 2837 comprobabitur.
725 2765 1022 2820 Columnas
1061 2773 1246 2817 autem
1272 2803 1286 2824 ,
1319 2771 1372 2817 et
1407 2775 1559 2815 mare
1584 2800 1598 2825 ,
1633 2772 1686 2814 et
1735 2761 1830 2814 ba-

223 2873 310 2915 ses
334 2901 350 2925 ,
386 2871 440 2915 et
463 2858 672 2928 reliqua
704 2872 994 2921 vasorum,
1026 2853 1387 2910 inllalacbim
1419 2862 1474 2908 et
1506 2855 1557 2906 in
1581 2859 1831 2908 extremo

222 2954 382 3025 hujus
415 2955 696 3024 prophetas
729 2953 1010 3008 volumine
1041 2950 1276 3020 legimus
1296 2945 1389 3019 (IV
1421 2945 1551 3017 Reg.
1583 2946 1734 3018 ult.).
1762 2946 1829 3002 Et

221 3055 612 3103 enumerantur
643 3060 770 3101 vasa
791 3059 914 3115 quae
936 3043 1198 3099 translata
1231 3041 1342 3098 sint
1375 3041 1428 3094 in
1461 3038 1822 3110 Babylonem,

221 3140 441 3212 quando
462 3147 653 3210 captus
677 3149 758 3194 est
780 3136 1038 3195 Sedecias
1067 3175 1086 3204 ,
1107 3145 1165 3192 et
1187 3135 1410 3192 incensa
1433 3131 1622 3188 civitas
1647 3171 1664 3200 ,
1691 3143 1827 3190 tem-

223 3235 492 3302 piumque
513 3232 861 3286 subversum.

304 3325 462 3396 (Cap.
490 3322 728 3379 XXVIII.
758 3351 832 3364 —-
862 3322 1016 3378 Vers.
1062 3323 1083 3377 I
1131 3319 1312 3391 sequ.)
1340 3318 1403 3374 Et
1451 3324 1645 3390 factum
1671 3327 1746 3376 est
1774 3320 1831 3376 in

225 3435 364 3474 anno
394 3416 489 3472 illo
514 3459 530 3485 ,
554 3419 606 3472 in
648 3418 908 3489 principio
938 3417 1082 3486 regni
1127 3413 1362 3470 Sedecia:
1389 3416 1525 3486 regis
1561 3413 1706 3469 Iuda
1727 3455 1743 3480 ,
1776 3415 1829 3468 in

225 3529 362 3567 anno
385 3520 570 3582 quarto
588 3555 601 3575 .
630 3512 680 3566 in
704 3527 877 3566 mense
905 3513 1111 3582 quinto,
1135 3510 1270 3565 dixit
1295 3511 1362 3564 ad
1391 3526 1470 3564 me
1510 3510 1745 3564 Ananias
1767 3509 1832 3578 ﬁ—

227 3605 327 3659 lius
357 3603 502 3658 Asur
526 3644 542 3667 ,
573 3603 824 3674 prop/tcta
850 3603 914 3660 de
943 3601 1159 3658 Gabaon
1191 3604 1244 3656 in
1275 3602 1428 3658 domo
1453 3603 1693 3669 Domini,
1745 3618 1832 3655 cor.

221 3715 336 3753 ram
365 3697 720 3754 sacerdotibus
745 3705 791 3750 et
815 3699 955 3750 omni
985 3696 1183 3768 populo
1211 3738 1225 3763 ,
1265 3696 1443 3750 dicens
1467 3712 1486 3750 :
1530 3695 1659 3750 llaec
1707 3697 1830 3749 dicit

227 3793 485 3847 Dominus
505 3792 824 3846 exercituum
859 3791 993 3845 Deus
1027 3789 1234 3844 Israel:
1269 3788 1498 3844 Contrivi
1516 3793 1705 3863 jugum
1745 3807 1829 3848 re-

226 3889 306 3959 gis
337 3886 623 3957 Babylonis
646 3927 662 3952 ,
685 3884 858 3940 adhuc
888 3885 994 3938 duo
1023 3885 1148 3938 anni
1185 3884 1385 3938 dicrum
1406 3924 1421 3950 ,
1453 3893 1498 3936 et
1531 3899 1622 3954 ego
1651 3885 1833 3953 referri

227 3979 337 4052 [ΑΙ.
363 3977 567 4050 inferri]
589 3978 780 4048 faciam
802 3980 870 4033 ad
896 3978 1072 4038 locum
1091 3979 1250 4032 istum
1272 3979 1445 4032 omnia
1471 3995 1594 4033 vasa
1621 3977 1833 4033 Domini

229 4073 412 4147 (Vulg.
442 4073 628 4128 domus
676 4073 932 4145 Domini].
969 4074 1115 4142 Quos
1147 4073 1469 4129 IIebraicum
1502 4074 1784 4144 pt'0pltetas
1812 4111 1829 4138 ,

229 4169 333 4223 hoc
381 4176 511 4234 est,
567 4181 765 4238 NEBEII
807 4168 1037 4239 (arma:
1071 4166 1111 4236 ),
1166 4164 1309 4220 LXX
1358 4166 1833 4237 pseudoprophetas

228 4261 575 4328 interpretati
609 4266 737 4314 sunt
769 4301 784 4324 ,
818 4269 873 4314 ut
910 4256 1341 4314 manilestiorent
1365 4257 1610 4316 lacerent
1632 4257 1838 4313 intelli-

227 4354 492 4426 gentiam.
531 4354 774 4422 Deuique
803 4363 857 4408 et
889 4353 941 4406 in
977 4355 1237 4420 puteseuti
1274 4353 1396 4408 loco
1427 4352 1676 4424 propheta
1703 4351 1837 4407 dici-

229 4463 317 4506 tur
342 4494 356 4516 ,
392 4450 498 4506 hoc
541 4460 649 4515 est,
695 4465 853 4505 uesta
889 4447 1086 4518 (mea),
1120 4461 1173 4503 et
1220 4464 1327 4504 non
1361 4447 1828 4519 pseudoproplteta.

227 4546 314 4602 Fit
331 4555 512 4600 autem
540 4559 724 4599 sermo
748 4544 962 4598 Domini
989 4543 1091 4598 sub
1113 4558 1239 4614 rege
1261 4543 1489 4599 Sedecia
1511 4584 1527 4609 ,
1563 4544 1616 4597 in
1635 4553 1832 4612 quarto

1947 1921 2109 1990 rium,
2143 1931 2198 1976 et
2229 1921 2333 1978 hoc
2368 1922 2600 1980 necdum
2629 1923 2901 1993 completo
2926 1922 3169 1980 futurum
3200 1924 3457 1994 biennio,
3491 1935 3550 1982 ut

1942 2014 2122 2083 gaudii
2153 2014 2580 2086 magnitudinem
2601 2057 2614 2080 ,
2643 2015 2882 2072 vicinum
2923 2023 3136 2086 tempus
3167 2018 3551 2088 repromissio-

1943 2107 2028 2165 nis
2054 2121 2276 2180 augeret
2287 2149 2301 2163 .

2014 2201 2199 2274 (Vers.
2243 2201 2296 2270 5,
2331 2202 2414 2273 6.)
2447 2201 2514 2257 Et
2557 2203 2692 2258 diait
2717 2201 2972 2260 Jeremias
3003 2204 3258 2274 prOpheta
3287 2203 3356 2260 ad
3399 2204 3546 2258 Ana-

1939 2297 2080 2351 niant
2110 2295 2434 2366 prophetam,
2465 2299 2518 2352 in
2547 2299 2709 2355 oculis
2739 2298 3068 2354 sacerdotum
3098 2307 3146 2352 et
3167 2301 3222 2352 in
3249 2298 3414 2353 oculis
3447 2316 3550 2352 ont-

1942 2391 2021 2443 nis
2051 2391 2232 2460 populi
2263 2392 2351 2458 qui
2381 2392 2548 2448 stabat
2575 2393 2631 2450 in
2658 2393 2813 2448 domo
2843 2391 3073 2448 Domini.
3099 2391 3170 2445 Et
3189 2394 3263 2448 ait
3289 2393 3546 2448 Jeremias

1938 2486 2191 2552 prop/tcta
2221 2490 2246 2539 ,δ
2277 2485 2460 2552 Amen,
2493 2487 2570 2539 sic
2598 2485 2755 2555 faciat
2791 2487 3062 2540 Dominus.
3101 2485 3331 2540 Suscitet
3363 2486 3546 2540 Domi-

1935 2593 2030 2630 nus
2075 2575 2227 2631 t’erba
2277 2587 2368 2630 tua
2412 2593 2530 2648 qua
2560 2576 2668 2648 [AL
2703 2577 2923 2631 additur
2965 2575 3045 2648 tu]
3076 2575 3434 2649 prophetasti;
3486 2588 3543 2631 ut
3621 2615 3624 2618 .

1933 2671 2229 2738 referantur
2255 2683 2379 2726 vasa
2416 2669 2470 2723 in
2512 2670 2720 2722 domum
2744 2667 2978 2734 Domini,
3015 2678 3065 2722 et
3097 2669 3268 2723 omnis
3299 2671 3546 2724 transmi-

1931 2761 2097 2832 gratio
2126 2759 2406 2831 Babylonis
2452 2760 2562 2833 [ΔΙ.
2601 2761 2665 2814 de
2707 2759 3000 2834 Babylone]
3031 2760 3100 2814 ad
3146 2761 3316 2816 locum
3357 2773 3538 2817 istum.

1930 2857 2093 2924 Optat
2111 2854 2230 2912 ﬁeri
2258 2855 2402 2925 quod
2451 2856 2932 2926 pseudoproplteta
2960 2857 3238 2923 mentitur,
3267 2855 3372 2910 hoc
3394 2855 3541 2912 enim

1930 2947 2202 3019 signilieat
2228 2948 2389 3004 Amen
2420 2964 2438 3004 :
2469 2964 2575 3019 quo
2604 2948 2771 3004 verbo
2810 2962 2958 3018 saepe
2985 2947 3252 3006 Dominus
3282 2947 3456 3004 utitur
3486 2947 3540 3002 in

1931 3041 2224 3109 Evangelia
2252 3060 2264 3098 :
2295 3041 2488 3109 Amen,
2518 3057 2673 3096 amen
2705 3040 2824 3096 dico
2853 3040 2996 3095 vobis
3026 3038 3212 3113 (Ioatt.
3244 3056 3299 3105 v,
3326 3042 3439 3112 l9).
3479 3041 3544 3096 Et

1927 3135 2084 3204 cupit
2115 3148 2215 3204 pro
2245 3148 2428 3190 rerum
2481 3133 2868 3203 prosperitate,
2903 3133 3076 3204 magis
3105 3132 3260 3188 illum
3287 3147 3452 3205 quam
3482 3148 3543 3189 se

1856 3223 1902 3287 C
1935 3243 2059 3282 vera
2083 3226 2290 3288 dicere.
2327 3225 2477 3282 Unde
2498 3239 2551 3282 et
2578 3225 2717 3283 alius
2742 3227 3006 3296 propheta
3030 3233 3286 3290 testatur,
3311 3225 3500 3280 dicens
3526 3242 3540 3278 :

1937 3321 2151 3377 Utinam
2182 3338 2282 3376 non
2317 3337 2478 3377 essent
2502 3322 2580 3376 vir
2605 3319 2802 3376 habens
2836 3320 3105 3392 spiritum,
3137 3333 3186 3376 et
3213 3319 3542 3374 mendacium

1936 3417 2106 3488 potius
2135 3417 2376 3487 loquerer
2404 3414 2594 3488 (Mich.
2615 3431 2676 3482 II,
2701 3414 2814 3486 II).
2840 3415 2880 3468 E
2901 3415 3185 3469 contrario
3210 3413 3378 3469 Jonas
3407 3427 3540 3468 con-

1934 3514 2181 3568 tristatur
2208 3527 2378 3582 quare
2407 3512 2671 3568 mentitus
2702 3511 2805 3575 sit,
2838 3518 2894 3562 et
2927 3507 3173 3578 arguitur
3211 3522 3240 3560 a
3274 3507 3539 3572 Domino,

1934 3605 2192 3682 dfutilius
2236 3607 2519 3676 prophetat.
2573 3617 2696 3660 esse
2743 3602 3120 3670 mendacium,
3169 3616 3330 3671 quam
3374 3609 3542 3656 tanta:

1936 3705 2105 3760 ruinae
2122 3701 2520 3756 multitudinem
2537 3697 2594 3770 (1
2599 3716 2682 3753 οη.
2701 3695 2805 3768 ut).
2827 3696 2904 3756 Ac
2920 3713 2988 3751 ne
3001 3696 3283 3752 videretur
3304 3694 3540 3766 pseudo-

1937 3798 2220 3868 prophctte
2285 3793 2649 3862 comprobare
2711 3790 3070 3853 vaticinium,
3139 3788 3242 3844 sub
3307 3789 3536 3843 aliorum

1935 3888 2186 3958 exunplo
2243 3887 2450 3956 absque
2495 3884 2692 3955 injuria
2739 3883 3053 3944 mentientis
3093 3881 3292 3937 asserit
3335 3881 3542 3938 verita-

2027 3998 2066 4035 I.

2027 3998 2066 4035 ι.

1937 3992 2191 4145 lel(\lers.
2222 4072 2254 4125 7
2285 4071 2466 4141 seqq.)
2501 4067 2863 4123 Verumtamen
2885 4067 3236 4121 audiuerbum
3251 4065 3370 4134 hoc,
3400 4067 3539 4138 quod

1936 4184 2030 4240 ego
2061 4167 2241 4236 loquor
2282 4165 2335 4217 in
2362 4163 2575 4217 auribus
2608 4163 2708 4216 tuis
2728 4203 2740 4226 ,
2774 4170 2822 4216 et
2861 4161 2915 4214 in
2946 4159 3162 4214 auribus
3191 4161 3416 4214 universi
3446 4174 3542 4230 po-

1937 4260 2048 4332 puli
2075 4273 2093 4312 :
2124 4253 2400 4324 Propheta!
2434 4254 2523 4326 qui
2552 4259 2762 4325 fuerunt
2788 4264 2908 4306 ante
2950 4269 3028 4306 me
3051 4261 3099 4306 et
3127 4260 3175 4306 te
3201 4251 3267 4306 ab
3295 4253 3462 4316 initio,
3493 4262 3541 4307 et

1937 4353 2368 4428 prophetarerunt
2395 4365 2550 4421 super
2573 4359 2738 4404 terras
2759 4348 2966 4413 multas,
2989 4357 3038 4402 et
3068 4363 3222 4419 super
3239 4363 3400 4420 regna
3425 4363 3538 4400 ma-

1937 4465 2041 4521 gna
2067 4447 2130 4500 de
2157 4447 2359 4518 praelia,
2404 4456 2450 4498 et
2477 4445 2542 4499 de
2569 4443 2880 4514 afﬂictione,
2907 4450 2953 4496 et
2982 4442 3046 4496 de
3074 4444 3233 4512 fante.
3271 4439 3539 4510 Propheta

1937 4544 2025 4614 qui
2049 4541 2357 4595 vaticinatus
2382 4547 2456 4592 est
2483 4552 2697 4609 pacem,
2729 4552 2844 4589 cum
2894 4534 3090 4590 uenerit
3141 4534 3350 4592 verbum
3397 4535 3534 4599 eius,

226 4655 374 4695 anno
405 4638 555 4708 regni
586 4636 704 4706 ejus
737 4679 750 4702 ,
794 4649 847 4691 et
883 4635 936 4690 itt
969 4651 1159 4691 mense
1191 4636 1382 4702 quinto
1413 4635 1671 4704 (necdum
1706 4649 1830 4704 pro-
1859 4623 1913 4683 D
1935 4639 2127 4692 scietur
2171 4633 2425 4703 praplteta
2451 4648 2604 4703 quem
2635 4631 2828 4684 miserit
2861 4629 3076 4701 1038
3093 4628 3347 4684 Dominus
3377 4629 3432 4683 in
3457 4644 3541 4682 ve-

231 4733 396 4804 pbeta
433 4729 682 4786 Ezechiel
717 4730 1050 4784 vaticinante
1100 4728 1151 4782 iu
1196 4729 1472 4799 Ilabyloae
1517 4729 1582 4783 ad
1617 4743 1712 4783 eos
1743 4728 1833 4796 qui

230 4841 354 4880 cum
377 4822 640 4880 lectionis
674 4823 890 4876 fuerant
928 4820 1354 4889 transmigrati);
1391 4820 1661 4890 habetque
1693 4819 1834 4874 lidu-

231 4923 371 4978 ciam
416 4922 469 4974 iu
515 4919 720 4988 templo
761 4916 974 4972 Domini
1027 4915 1176 4985 loqui
1229 4926 1424 4972 contra
1456 4915 1789 4986 Pmphetam
1816 4956 1831 4980 ,

231 5017 356 5086 quia
383 5025 645 5083 prospera
671 5009 871 5080 popqu
896 5006 1184 5078 pollicetur
1211 5047 1225 5071 ,
1253 5015 1308 5062 et
1331 5005 1570 5062 libenter
1599 5006 1837 5060 audiun-

232 5119 320 5165 tur
367 5105 695 5170 ntendacja,
755 5101 1062 5174 praesertim
1122 5116 1245 5172 qua:
1294 5101 1416 5155 tanta
1469 5101 1814 5170 promittunt.

232 5201 504 5257 Jeremias
532 5197 744 5253 dixerat
764 5197 928 5252 etiaut
947 5204 1142 5250 czetera
1166 5209 1326 5259 vasa,
1355 5193 1562 5267 1031
1586 5194 1670 5249 vel
1700 5209 1834 5250 tem-

235 5297 305 5369 pIi
334 5341 348 5364 ,
386 5295 468 5351 rel
493 5293 692 5349 domus
723 5295 886 5364 regis:
912 5334 927 5358 ,
964 5301 1020 5348 et
1048 5291 1292 5347 universi
1325 5291 1546 5362 populi,
1577 5307 1699 5362 qua:
1727 5292 1834 5348 Na-

309 5449 332 5474 ⁸
379 5433 577 5501 νδιίο.,
605 5433 696 5488 Est
731 5434 860 5488 mihi
885 5435 1033 5504 quia,
1057 5444 1165 5486 etc.

307 5509 334 5550 ιι
367 5508 662 5570 Mss.,cum
689 5501 942 5574 Vulgata,
978 5504 1109 5570 Quae
1132 5502 1256 5557 tulit
1281 5501 1792 5574 Nabuchodonosor.

311 5593 331 5619 η
367 5577 560 5634 Iidem.
601 5572 832 5632 Ananias
852 5579 1141 5650 prophetes,
1168 5585 1221 5630 ut
1257 5585 1378 5628 tunc
1399 5573 1594 5645 populo
1629 5572 1837 5628 ridebav

236 5666 346 5762 ωτι.
377 5723 554 5778 Penes
576 5721 881 5783 Rahannm,
913 5721 1155 5790 arguitur
1182 5735 1213 5771 a
1246 5716 1488 5776 Domino.
1517 5716 1656 5782 quod
1693 5716 1841 5790 illius

239 5794 682 5871 prophetitenolit
708 5789 1034 5871 mendacium
1063 5808 1164 5871 non
1191 5807 1320 5871 esse,
1351 5803 1510 5856 quam
1542 5795 1699 5871 tanta:
1735 5789 1848 5871 rui-

243 5861 364 5926 nam
404 5863 772 5922 multitudinis.
794 5863 1165 5938 Espendeuda
1195 5864 1312 5919 haec
1335 5876 1549 5932 quoque
1573 5861 1847 5916 sententia

1936 4733 2107 4785 ritate.
2144 4728 2362 4782 Poterat
2389 4724 2658 4780 Jeremias
2683 4721 2911 4776 Ananiae
2940 4722 3127 4777 dicere
3154 4737 3166 4773 :
3194 4719 3412 4778 Falsum
3458 4721 3538 4773 lo-

1936 4824 2141 4894 queris,
2167 4818 2372 4889 decipis
2395 4815 2653 4885 populum
2676 4856 2690 4881 ,
2717 4831 2824 4868 non
2854 4829 2914 4868 es
2945 4812 3232 4881 propheta,
3261 4812 3356 4867 sed
3380 4825 3541 4880 pseu-

1938 4911 2299 4985 dopropheta.
2333 4907 2488 4976 Quod
2515 4907 2560 4961 si
2584 4906 2838 4972 dixisset,
2871 4914 3087 4977 poterat
3117 4915 3172 4961 et
3205 4903 3546 4974 pseudOpro.

1939 5009 2102 5079 pheta
2131 5005 2184 5059 in
2214 5001 2503 5059 Jeremiam
2531 4999 2725 5055 eadem
2758 5007 3098 5068 retorquere,
3128 5009 3258 5065 ergo
3288 5010 3393 5048 non
3421 4991 3546 5047 facit

1939 5099 2216 5171 injuriam.
2253 5095 2319 5150 Et
2349 5093 2504 5164 quasi
2533 5094 2599 5146 ad
2633 5093 2954 5163 prophetam
2997 5087 3261 5159 loquitur.
3294 5085 3411 5140 Non
3454 5099 3546 5140 so-

1943 5197 2072 5260 lum,
2121 5190 2316 5261 inquit,
2349 5203 2450 5258 ego
2497 5201 2619 5244 sum
2666 5183 2928 5255 propheta
2961 5193 3015 5237 et
3062 5189 3139 5247 tu,
3181 5178 3278 5234 sed
3323 5179 3544 5240 luerunt

1941 5297 2070 5343 ante
2100 5293 2154 5340 te
2183 5290 2240 5338 et
2266 5296 2353 5338 me
2399 5277 2550 5335 multi
2580 5277 2707 5345 alii,
2735 5290 2964 5348 quorum
2994 5272 3094 5330 fuit
3139 5269 3305 5332 Isaias
3324 5311 3340 5338 ,
3369 5268 3508 5324 Osee
3531 5311 3545 5334 ,

1939 5431 2010 5484 sit
2043 5427 2148 5490 his,
2180 5425 2272 5494 qui
2296 5424 2363 5478 de
2385 5421 2631 5476 uilicioso
2661 5417 2946 5496 mendacio
2974 5411 3543 5496 tarmmuIta-etOvaria

1940 5483 2222 5566 disnutant
2249 5498 2301 5551 itt
2326 5503 2615 5566 utramque
2648 5502 2878 5560 partem.
2901 5487 3026 5566 Nec,
3055 5483 3444 5566 ‘lissitnnlarim
3476 5483 3543 5534 ilo

1943 5554 2044 5628 Ind.
2067 5569 2126 5625 S.
2155 5568 2346 5622 Hilarii
2369 5569 2425 5621 in
2465 5554 2659 5634 psalmi
2692 5577 2804 5627 xw,
2839 5576 2989 5614 nutu.
3020 5559 3078 5612 ιι
3113 5574 3139 5634 :_
3161 5554 3259 5634 Est
3289 5570 3546 5610 ttounumv

1943 5659 2098 5715 quam
2121 5641 2325 5712 falsitas
2343 5629 2648 5715 utilis,_cutn
2667 5640 2757 5686 aut
2775 5645 3084 5715 percussus)
3105 5629 3168 5715 de
3195 5629 3385 5715 latente
3409 5641 3553 5715 men:

1945 5703 2132 5778 timur,
2150 5723 2238 5766 aut
2270 5708 2620 5778 testimonium
2641 5720 2734 5772 pro
2757 5703 3084 5778 periclitante
3107 5703 3441 5767 frustramur,
3459 5707 3551 5752 aut

1951 5775 2187 5860 fallimus
2207 5783 2270 5838 de
2295 5777 2611 5854 difﬁcultate
2638 5775 2926 5830 curationis
2945 5780 3219 5846 aegrotum.
