4080 6326
243 332 346 390 857

724 332 1377 394 ΩΟΜΜΕΝΤΛΒΙΟΒΙῙΜ
1419 335 1486 393 IN
1525 334 1844 394 JEREMIAI

1947 335 2335 397 ’ROPHETAM
2372 338 2505 396 LIB.
2544 337 2613 397 ν.
2651 337 2810 397 CAP.
2850 338 3050 397 XXIX.

3437 337 3544 396 διδ

242 447 298 505 id
325 448 469 520 quod
493 457 634 517 erat,
662 447 755 506 sed
773 449 927 520 juxta
962 448 1017 506 id
1042 450 1186 521 quod
1216 450 1314 507 illo
1341 458 1588 521 tempore
1614 450 1839 521 putaha-
1869 452 1920 511 A
1946 449 2076 506 dum
2105 452 2354 511 ordinem
2404 454 2607 523 atatis,
2655 454 2940 527 prophetae
2961 468 3181 527 quoque
3203 454 3272 511 ad
3296 470 3414 521 eos,
3448 453 3543 525 qui

245 553 348 600 tur.
398 543 695 616 Decepisti,
739 544 939 616 inquit,
967 549 1221 618 populum
1268 546 1571 617 mendacio,
1616 562 1685 603 ne
1741 546 1836 602 Dei

241 640 533 694 sententia;
561 640 961 709 acquiesceret.
989 639 1144 696 Unde
1163 639 1309 695 scias
1330 649 1383 696 te
1411 637 1515 695 hoc
1543 654 1686 695 anno
1713 652 1839 696 esse

240 731 585 786 moriturum.
620 731 678 789 Si
707 731 925 802 quando
965 732 1257 794 morimur.
1282 732 1352 788 de
1380 732 1692 788 carceribus
1717 747 1841 787 cor-

244 838 437 896 porum
468 824 1097 892 Iiberamur,secundum
1119 825 1249 880 illud
1285 827 1675 887 testimonium.
1694 823 1839 895 quod

241 918 389 974 male
435 918 869 988 interpretantur
897 918 1140 976 lucretici
1166 937 1181 973 :
1213 917 1366 974 Educ
1391 918 1457 975 de
1492 935 1696 976 carcere
1724 918 1841 973 ani-

241 1027 378 1067 mam
397 1026 567 1067 meam
588 1009 712 1082 (Ps.
741 1028 887 1079 cxu,
915 1013 973 1083 8)
998 1031 1012 1068 :
1043 1012 1315 1085 quomodo
1340 1028 1485 1069 nunc
1514 1011 1842 1084 pseudopro-

240 1104 416 1178 phetze
444 1121 546 1177 pro
586 1106 858 1177 supplicio
907 1122 1053 1163 mors
1105 1107 1413 1180 irrogaturi
1446 1108 1554 1167 Sed
1587 1109 1688 1164 hoc
1720 1109 1842 1163 loco

241 1201 543 1257 notandum
572 1201 721 1273 quod
764 1201 1033 1258 leremias
1062 1218 1093 1258 a
1142 1203 1619 1274 pseudopropheta
1652 1216 1840 1273 passus

240 1296 525 1368 injuriam,
550 1297 779 1353 necdum
801 1297 869 1352 ad
892 1313 953 1352 se
976 1295 1119 1353 facto
1137 1312 1390 1356 sermone
1412 1298 1651 1362 Domini,
1676 1298 1838 1363 silet;

240 1398 431 1463 postea
460 1406 590 1446 vero
617 1391 818 1447 missus
849 1406 876 1444 a
908 1390 1144 1446 Domino
1182 1392 1448 1448 audacter
1483 1391 1656 1463 arguit
1688 1406 1841 1446 men-

240 1484 492 1553 tientem,
523 1492 580 1539 et
627 1494 860 1539 mortem
907 1484 1265 1556 propinquam
1325 1481 1842 1554 nuntiat.Quodque

239 1577 293 1633 in
325 1591 517 1633 mense
542 1578 781 1647 septimo
802 1586 1049 1632 mortuus
1078 1585 1184 1643 est,
1216 1576 1307 1648 qui
1336 1592 1557 1647 semper
1575 1576 1843 1644 interpre-

238 1672 340 1727 tari
369 1672 572 1739 solent,
614 1672 855 1744 requiem
896 1671 997 1726 sub
1023 1670 1129 1728 hoc
1176 1686 1405 1726 numero
1446 1668 1841 1738 demonstrari,

239 1766 469 1821 forsitan
501 1780 629 1821 eum
671 1764 876 1820 idcirco
905 1780 1094 1821 mense
1120 1764 1354 1835 septimo
1383 1775 1658 1821 mortuum
1688 1777 1842 1818 men-

1938 546 2331 612 monebantur,
2390 547 2586 604 littera:
2624 548 2996 619 pervenirent.
3027 547 3211 604 Monet
3236 559 3420 603 autem
3450 559 3548 603 eos

1941 658 2049 699 non
2079 643 2198 699 suis
2223 643 2435 713 verbis,
2468 643 2564 700 sed
2592 643 2831 711 Domini,
2859 652 2915 699 ut
2956 642 3228 699 trdilicent
3258 642 3453 698 domos
3491 651 3549 695 et

1942 737 2187 794 habitent
2234 739 2289 793 in
2344 738 2463 807 eis,
2496 748 2552 795 et
2584 741 2833 811 plautent
2865 738 3084 807 hortos,
3125 739 3243 794 sive
3273 737 3543 809 pomaria,

1938 840 1994 887 et
2031 830 2326 887 comedam
2357 830 2594 887 fructum
2623 846 2839 898 eorum,
2895 831 3173 902 accipiant
3222 843 3449 894 uxores,
3488 835 3546 883 et

1942 935 2207 994 generem
2250 923 2393 979 Illius
2424 933 2479 980 et
2526 923 2689 991 ﬁlias,
2735 934 2791 980 et
2832 923 3268 993 multiplicentur
3320 923 3374 977 in
3424 921 3547 976 loco

1944 1015 2441 1088 transmigrationis
2474 1032 2487 1069 :
2522 1025 2577 1072 et
2608 1031 2716 1071 non
2746 1015 2859 1071 sint
2900 1015 3060 1087 pauci
3088 1030 3339 1082 numero,
3392 1026 3542 1084 quae-

1942 1118 2180 1181 rantque
2205 1123 2396 1181 pacem
2446 1108 2709 1177 civitatis,
2763 1109 2879 1165 sive
2931 1118 3121 1174 terrm,
3154 1107 3225 1164 ad
3253 1123 3415 1179 quam
3442 1120 3540 1162 eos

1943 1206 2281 1262 transmlerit
2314 1205 2595 1271 Dominus,
2639 1215 2693 1260 et
2743 1213 2904 1260 orent
2944 1218 3045 1276 pro
3073 1203 3157 1259 eis
3200 1200 3308 1277 [ΑΙ.
3333 1199 3425 1275 ea]
3465 1198 3534 1255 ad

1942 1299 2258 1355 Dominum.
2313 1296 2623 1369 Causasque
2671 1296 2928 1366 reddens,
2970 1298 3069 1366 ait,
3123 1299 3250 1369 quia
3296 1298 3349 1351 in
3399 1309 3535 1367 pace

1944 1395 2093 1452 illius
2120 1404 2283 1450 terrae
2311 1394 2419 1450 erit
2452 1408 2563 1464 pax
2591 1391 2765 1448 vobis.
2790 1391 3067 1457 Jcremias,
3100 1392 3233 1460 quia
3259 1400 3383 1460 post
3421 1389 3548 1445 bre-

1945 1505 2012 1546 ve
2041 1500 2254 1561 tempus
2298 1499 2417 1545 erat
2446 1488 2764 1545 Jerusalem
2794 1485 3007 1561 1042
3033 1495 3286 1542 secutura
3310 1485 3544 1554 captivi-

1945 1591 2050 1645 las,
2086 1584 2390 1651 imperatur
2408 1596 2476 1637 ne
2500 1581 2734 1650 accipiat
2758 1596 3010 1646 uxorem,
3046 1594 3148 1635 nec
3194 1577 3546 1634 faciatlilios.

1942 1671 2101 1729 Unde
2124 1683 2180 1729 et
2199 1674 2355 1730 nobis
2384 1688 2482 1744 per
2522 1671 2843 1744 Apostolum
2872 1672 3111 1727 dicitur:
3143 1669 3371 1740 Tempus
3397 1668 3545 1724 breve

1942 1763 2055 1838 [AL
2087 1765 2394 1840 breviatum]
2444 1775 2539 1834 est,
2596 1776 2851 1836 superest,
2904 1773 2963 1819 ut
3001 1764 3093 1835 qui
3119 1762 3309 1819 habent
3359 1777 3550 1817 ua'ores

240 1861 466 1925 tientur,
491 1868 551 1914 ut
579 1859 647 1915 de
678 1858 834 1914 malis
872 1860 1116 1930 corporis
1146 1858 1492 1925 liberaretur,
1519 1858 1671 1927 juxta
1702 1857 1833 1912 illud
1864 1849 1916 1912 B
1941 1870 2203 1931 tamquam
2216 1878 2317 1915 non
2331 1857 2886 1934 habentessint[Al.sic
2902 1858 3171 1930 sintquasi
3188 1873 3289 1911 non
3302 1852 3549 1927 habeant]

238 1952 380 2025 quod
412 1952 679 2023 scriptum
721 1949 1005 2022 proferunt
1034 1950 1141 2024 [ΑΙ.
1184 1949 1480 2023 profertur]
1510 1971 1521 2004 ;
1560 1947 1705 2005 Mors
1732 1951 1841 2003 uiro

241 2046 463 2118 requies.
510 2044 621 2101 Nos
675 2056 858 2102 autem
921 2045 1170 2099 novimus
1213 2059 1443 2114 corpora
1498 2042 1837 2098 credentium

240 2139 440 2208 templa
471 2153 598 2195 esse
624 2138 741 2206 Dei,
765 2138 811 2194 si
836 2148 1015 2193 tamen
1040 2135 1276 2209 Spiritus
1302 2146 1522 2193 sanctus
1552 2135 1762 2192 habitat
1784 2136 1836 2191 in

239 2231 349 2287 illis
372 2229 571 2305 (Eccli.
607 2247 740 2298 xm,
764 2229 880 2302 il).
1604 2246 1611 2253 '
1652 2274 1669 2283 -

309 2322 470 2399 (Cap.
528 2322 721 2379 XXIX.
749 2351 822 2365 -
865 2322 1017 2380 Vers.
1048 2323 1076 2379 i
1122 2322 1308 2395 seqq.)
1362 2321 1574 2397 1051
1609 2321 1672 2377 Et
1725 2323 1837 2378 haec

237 2426 357 2472 sunt
376 2416 527 2471 verba
567 2416 718 2483 libri,
745 2432 895 2487 quem
927 2416 1065 2471 misit
1092 2413 1350 2470 leremias
1377 2416 1634 2484 proplteta
1663 2416 1728 2469 de
1745 2414 1839 2469 Je-

239 2512 489 2576 rusalem,
519 2509 588 2565 ad
606 2509 854 2581 reliquias
882 2510 1146 2565 seniorum
1172 2509 1669 2580 transmigrationis,
1690 2517 1741 2562 et
1769 2507 1838 2562 ad

244 2603 560 2671 sacerdotes,
594 2612 641 2658 et
689 2603 758 2657 ad
799 2602 1099 2676 prophetas,
1139 2612 1188 2657 et
1216 2601 1286 2655 ad
1334 2618 1535 2655 omnem
1564 2603 1834 2675 populum,

240 2714 392 2771 quem
409 2699 718 2753 traduxerat
743 2694 1232 2751 Nabuchodonosor
1250 2696 1314 2750 de
1333 2693 1623 2749 Jerusalem
1651 2695 1704 2748 in
1732 2692 1839 2749 Ba.

245 2792 503 2865 bylonem.
534 2790 816 2864 Postquam
844 2807 1082 2860 egressus
1112 2799 1185 2844 est
1223 2788 1504 2844 Jechonias
1534 2805 1646 2854 rex,
1675 2799 1723 2843 et
1746 2789 1842 2843 do-

239 2885 383 2938 mina
406 2882 545 2955 (sive
570 2883 778 2954 regina)
809 2891 856 2936 et
883 2882 1126 2947 eunuchi,
1145 2889 1193 2934 et
1222 2881 1478 2953 principes
1498 2877 1654 2935 Jadte
1679 2889 1725 2933 et
1748 2877 1840 2933 Je-

238 2979 468 3037 rusalem
491 2979 630 3051 (sive
655 2975 952 3049 optimates)
979 2987 1028 3031 et
1071 2975 1298 3046 artiﬁces
1329 2974 1512 3048 [Vulg.
1545 2983 1593 3029 et
1623 2975 1768 3045 faber
1792 2983 1839 3028 et

240 3070 496 3145 iuclusor]
519 3073 581 3127 de
601 3069 897 3127 Jerusalem
933 3072 988 3125 in
1012 3086 1169 3124 manu
1197 3067 1388 3123 Elassa
1411 3067 1511 3139 ﬁlii
1534 3066 1771 3141 Saphtm,
1792 3077 1839 3121 et

244 3167 506 3224 Camarite
524 3165 622 3237 ﬁlii
659 3163 912 3227 Helchiw.
944 3179 1071 3236 quos
1110 3164 1249 3217 misit
1281 3162 1529 3217 Sedecias
1581 3177 1674 3215 rex
1693 3159 1838 3214 Iuda

240 3260 307 3316 ad
337 3236 827 3314 Nabuchodonosor
871 3273 1039 3331 regem
1064 3253 1371 3329 Babylonis,
1400 3255 1454 3309 in
1494 3253 1834 3326 Babylonem,
1863 3236 1913 3301 Ο

242 3356 417 3411 dicens
445 3370 466 3410 :
506 3351 629 3409 llth
660 3354 785 3408 dicit
826 3350 1084 3407 Dominus
1110 3350 1443 3412 exercituum,
1476 3347 1617 3403 Deus
1649 3346 1839 3411 Israel,

244 3448 385 3503 omni
415 3447 880 3518 transmigrationi,
905 3461 1061 3515 quam
1092 3443 1359 3500 transtulit
1376 3443 1441 3497 de
1464 3442 1761 3498 Jerusalem
1787 3441 1841 3495 in

245 3540 587 3614 Babylonem,
616 3539 873 3611 wdiﬁcate
909 3537 1092 3593 domos
1139 3547 1187 3592 et
1223 3536 1471 3601 habilate,
1494 3544 1518 3572 ἰ
1538 3546 1585 3591 et
1610 3535 1844 3609 plantate

242 3636 418 3692 hortos
438 3634 576 3707 (sive
588 3632 869 3708 pomaria,)
886 3643 933 3687 et
951 3632 1201 3688 comedi:e
1225 3633 1449 3704 fructum
1471 3647 1665 3685 eorum.
1693 3630 1842 3684 Acci-

245 3729 347 3801 pite'
369 3742 576 3795 uxores,
607 3737 660 3781 et
681 3732 920 3798 generate
940 3725 1076 3795 ﬁ'ios
1122 3731 1169 3778 et
1192 3723 1370 3792 ﬁlias;
1414 3721 1533 3777 date
1573 3719 1700 3792 ﬁliis
1731 3735 1842 3774 ves-

245 3823 339 3877 tris
383 3837 593 3887 uxores,
620 3830 669 3875 et
694 3817 834 3891 ﬁlias
864 3830 1060 3872 vestras
1086 3817 1205 3871 date
1236 3817 1378 3879 viris,
1401 3826 1448 3869 et
1471 3815 1680 3886 pariant
1699 3813 1842 3885 ﬁlios

243 3926 295 3973 et
306 3908 1666 3989 ﬁlias,etmultipliceminiwulg.multiplicamiui],et
1683 3909 1844 3964 nolite

244 4027 354 4066 esse
368 4011 521 4084 pauci
534 4025 764 4065 nuntzro.
778 4008 842 4064 Et
860 4007 1072 4080 qurerite
1081 4022 1260 4080 pacem
1274 4005 1498 4060 civitatis
1513 4006 1651 4074 (sive
1666 4004 1841 4077 term)

246 4106 317 4161 ad
339 4121 496 4178 quant
540 4104 780 4161 transtuli
801 4120 888 4159 vos
913 4100 1097 4175 [Vu|g.
1127 4099 1499 4173 transmigrare
1523 4114 1612 4153 vos
1644 4098 1845 4172 feci].et

248 4210 391 4257 orate
405 4217 500 4273 pro
518 4217 579 4255 ea
599 4198 668 4254 ad
692 4196 1120 4267 Dominum:quia
1140 4197 1191 4249 in
1209 4210 1338 4267 pace
1351 4192 1495 4248 illius
1513 4193 1609 4247 erit
1628 4209 1733 4262 pax
1758 4208 1847 4245 vo-

248 4295 481 4352 bis.ll:cc
499 4292 939 4362 Epistola,immo
954 4290 1168 4345 libellus
1180 4287 1434 4345 Ieremia:
1455 4288 1733 4358 prophetae
1748 4301 1848 4356 per

245 4388 463 4460 legatos
502 4384 749 4443 Sedecite
779 4383 1046 4438 Ellassam
1077 4391 1133 4437 et
1172 4381 1486 4438 Gamariam
1521 4379 1760 4436 mittitur
1789 4379 1844 4436 in

248 4480 616 4555 Babylonem,
646 4478 713 4534 ad
746 4493 843 4534 eos
872 4478 962 4549 qui
989 4491 1115 4532 cum
1144 4474 1411 4533 Icchonia
1441 4485 1495 4531 et
1529 4488 1704 4532 matre
1731 4474 1850 4545 ejus

252 4572 505 4629 translati
558 4571 772 4627 fuerant
802 4586 832 4625 a
861 4569 1407 4626 Nabuchodonosor:
1437 4580 1499 4625 ut
1542 4584 1639 4640 per
1691 4583 1851 4625 occa-

1945 1956 1986 2029 (l
2017 1953 2515 2028 Cor.vn,19).Quod
2532 1954 2575 2010 si
2606 1964 2831 2027 pmpter
2843 1954 3145 2025 angustiam
3164 1951 3427 2023 temporis
3451 1951 3548 2005 ha-

1942 2051 2195 2106 bentibus
2245 2065 2375 2106 usus
2422 2065 2652 2105 uxorum
2696 2049 2923 2115 tollitur,
2982 2059 3187 2119 quanto
3218 2048 3392 2118 magis
3433 2061 3540 2102 non

1943 2142 2276 2198 habentibus
2334 2159 2402 2198 ne
2450 2142 2724 2213 accipiant
2781 2141 3124 2211 imperatur!
3185 2140 3301 2196 Hoc
3366 2147 3548 2195 autem

1943 2245 2115 2291 totum
2146 2235 2388 2305 prmcipit
2437 2234 2761 2290 vaticinium
2811 2234 3153 2306 prophetale,
3180 2251 3250 2288 ne
3299 2234 3550 2304 acquies-

1940 2339 2065 2383 cant
2089 2327 2608 2400 pseudoprophetis,
2642 2327 2733 2398 qui
2766 2326 2847 2383 eis
2876 2337 2997 2395 post
3024 2327 3192 2382 breve
3238 2335 3458 2397 tempus
3489 2326 3543 2381 in

1937 2421 2247 2478 Jerusalem
2297 2422 2538 2477 reditum
2591 2420 3020 2490 promittebant;
3077 2420 3175 2475 sed
3233 2428 3293 2474 ut
3354 2422 3533 2475 sciant

1942 2515 2116 2570 multo
2164 2529 2225 2569 se
2262 2513 2317 2568 in
2375 2512 2651 2585 Babylone
2683 2522 2929 2585 tempore
2978 2522 3283 2569 moraturos
3334 2514 3447 2567 :ita
3490 2523 3545 2567 ut

1948 2619 2161 2661 uxores
2186 2606 2464 2675 accipere,
2497 2605 2742 2676 plantare
2783 2603 3051 2674 pomaria,
3112 2604 3414 2675 hortosque
3459 2618 3547 2659 se-

1941 2715 2087 2764 rere,
2119 2699 2393 2754 aedilicare
2414 2698 2638 2765 domos,
2665 2708 2723 2754 et
2776 2713 3048 2769 generare
3097 2698 3244 2754 lilios
3289 2698 3550 2753 debeant.

1940 2793 2206 2863 Quodque
2227 2793 2414 2871 intulit
2446 2810 2459 2847 :
2493 2791 2723 2859 Qutcrite
2752 2808 2932 2860 pacem
2958 2793 3206 2854 civitatis.
3232 2794 3352 2848 sive
3374 2802 3549 2846 terrte.

1945 2888 2011 2942 Iit
2041 2887 2238 2942 iterum
2272 2903 2286 2940 :
2323 2884 2461 2953 Quia
2484 2885 2538 2938 in
2571 2899 2699 2954 pace
2739 2883 2886 2937 illius
2914 2884 3011 2937 erit
3060 2899 3164 2956 pax
3209 2882 3372 2951 vobis,
3418 2884 3550 2939 illud

1941 2978 2320 3050 Apostolicum
2366 2976 2800 3047 comparabitur,
2858 2975 2911 3031 in
2943 2990 3052 3045 quo
3090 2975 3245 3045 jubet
3274 2992 3288 3030 :
3319 2975 3547 3030 Obsecro

1940 3073 2103 3145 igitur
2124 3071 2350 3144 primum
2395 3069 2650 3135 omnium,
2683 3069 2798 3137 ﬁeri
2826 3067 3226 3136 obsecrationes,
3264 3068 3547 3133 orationes,

1944 3167 2347 3236 postulationes,
2378 3164 2669 3239 gratiarum
2713 3162 2967 3227 actiones,
2998 3178 3093 3236 pro
3114 3161 3353 3217 omnibus
3380 3160 3549 3215 homi-

1944 3261 2120 3327 nibus,
2146 3277 2239 3330 pro
2266 3259 2475 3332 regibus
2499 3269 2546 3312 et
2568 3258 2768 3313 cunctis
2807 3257 2899 3329 qui
2951 3266 3072 3312 sunt
3101 3258 3155 3311 in
3198 3255 3550 3322 sublimitate,

1946 3365 2004 3410 ut
2054 3355 2282 3427 quietam
2345 3362 2395 3409 et
2434 3352 2777 3423 tranquillam
2828 3351 2988 3406 vitam
3039 3367 3255 3421 agamus
3304 3350 3358 3403 in
3406 3347 3551 3404 omni

1945 3441 2139 3522 pietate
2208 3457 2255 3502 et
2317 3447 2555 3501 castitate
2607 3444 2696 3517 (ll
2740 3442 2876 3498 Tim.
2930 3458 3019 3508 ιι,
3089 3444 3164 3507 1,
3218 3440 3317 3512 2).
3374 3440 3548 3495 Porro

1945 3542 2243 3599 secundum
2299 3539 2560 3613 mysticus
2614 3538 2962 3603 intellectus,
3005 3548 3287 3607 postquam
3333 3535 3401 3590 de
3455 3533 3547 3589 Je-

1948 3636 2210 3700 rusalem,
2266 3633 2321 3689 id
2373 3641 2478 3699 est,
2536 3630 2783 3687 Ecclesia
2832 3640 3056 3699 propter
3096 3634 3313 3696 peccata
3366 3636 3550 3681 nostra

1946 3727 2108 3799 ejecti
2132 3726 2419 3792 fuerimus,
2459 3736 2511 3781 et
2547 3722 2734 3779 traditi
2788 3721 3317 3787 Nabuchodonosor,
3346 3721 3415 3774 de
3444 3734 3554 3787 quo

1947 3820 2077 3876 dicit
2099 3818 2241 3874 idem
2260 3818 2554 3889 Apostolus
2578 3833 2593 3869 :
2618 3811 3215 3888 Tradidihnjuscemodi
3256 3811 3470 3868 Satanae
3498 3813 3553 3864 in

1947 3913 2215 3969 interitum
2254 3912 2446 3976 carnis,
2491 3919 2549 3964 ut
2576 3907 2792 3976 spiritus
2817 3904 2992 3961 saluus
3017 3905 3112 3976 ﬁat
3129 3905 3182 3958 in
3208 3904 3294 3959 die
3339 3902 3555 3957 Domini

1949 4007 1991 4079 (l
2020 4005 2143 4063 Cor.
2178 4022 2208 4059 v
2235 4048 2251 4068 ,
2282 4004 2359 4077 5).
2407 4005 2478 4060 Et
2531 4004 2768 4058 iterum:
2802 4000 2942 4068 Quos
2985 3998 3179 4053 tradidi
3220 3997 3453 4063 Saturne,
3498 4006 3551 4051 ut

1949 4101 2158 4156 discant
2206 4117 2309 4154 non
2358 4098 2718 4168 blasphemare
2768 4094 2839 4167 (I
2897 4092 3036 4148 Tim.
3093 4109 3154 4159 ι,
3214 4090 3284 4147 20
3314 4089 3358 4159 )⁹
3441 4105 3549 4145 non

1950 4194 2212 4250 debemus
2263 4207 2386 4248 esse
2436 4191 2611 4246 securi
2650 4231 2664 4254 ,
2711 4202 2812 4244 nec
2866 4192 3146 4256 torpentes
3203 4185 3314 4239 utin
3346 4225 3361 4250 ,
3407 4181 3554 4237 salu-

1955 4301 2068 4346 tem
2099 4290 2319 4360 penitus
2374 4287 2707 4357 desperare;
2760 4282 2855 4340 sed
2889 4281 3122 4352 primum
3151 4278 3423 4335 aediﬁcare
3451 4277 3549 4332 do-

1953 4399 2096 4451 mos,
2116 4397 2223 4437 non
2252 4395 2421 4450 super
2451 4394 2697 4443 arenam,
2751 4376 2845 4432 sed
2870 4390 3035 4445 super
3060 4384 3299 4446 petram,
3332 4380 3386 4426 et
3412 4370 3550 4424 tales

1952 4478 2169 4541 domos,
2202 4475 2392 4547 quales
2430 4471 2843 4529 :cdillcaveruut
2864 4469 3195 4524 obstetrices
3234 4466 3288 4521 in
3322 4463 3551 4521 Exodo:

1954 4573 2081 4644 quia
2107 4571 2373 4626 timebant
2415 4567 2701 4622 Dominum
2738 4561 3026 4635 (Exodi).
3058 4558 3261 4616 Deinde
3313 4561 3559 4628 plautare

249 4669 463 4727 sionem
494 4666 788 4737 legationis
810 4667 975 4736 regite
1004 4680 1161 4722 suum
1187 4680 1404 4736 quoque
1423 4635 1561 4736 opus
1599 4663 1848 4732 Propbe-
1875 4635 1934 4696 p
1959 4635 2173 4731 hortos,
2212 4667 2332 4719 sive
2361 4661 2624 4733 pomaria,
2654 4657 2877 4728 qualem
2909 4664 2963 4710 et
2992 4653 3260 4709 Dominus
3290 4650 3557 4723 plantavit

255 4774 306 4820 ta
335 4763 662 4832 compleret,
699 4769 756 4815 et
782 4769 1033 4817 moneret
1074 4760 1333 4830 populum
1379 4759 1846 4830 transmigratum,

1960 4759 2276 4831 paradisum
2303 4757 2356 4811 in
2387 4754 2565 4820 Eden,
2597 4766 2650 4808 et
2683 4752 2868 4821 posuit
2896 4748 2951 4803 in
2984 4762 3053 4804 eo
3074 4747 3288 4818 lignum
3310 4746 3458 4811 vitat,
3489 4744 3558 4797 de

252 4874 373 4929 qua:
421 4855 524 4911 sibi
573 4869 602 4908 a
652 4851 888 4908 Domino
930 4850 1145 4907 luerunt
1178 4851 1466 4922 imperata.
1508 4850 1855 4921 Pulchrcque
1956 4870 2068 4926 quo
2098 4850 2356 4920 scriptum
2379 4858 2462 4903 est
2496 4864 2510 4902 :
2539 4844 2764 4918 Lignum
2792 4844 2910 4898 rita:
2934 4853 3007 4897 est
3052 4840 3134 4895 his
3154 4842 3243 4909 qui
3265 4838 3560 4929 apprehen-

254 4925 396 5006 dixit
420 4969 434 5002 :
463 4946 719 5021 Egressus
756 4954 833 5000 est
857 4942 1141 4999 Jechonias
1161 4960 1253 4999 rea:
1283 4953 1330 4997 et
1355 4943 1589 5008 domina,
1613 4951 1662 4996 et
1687 4959 1857 4997 euuu-
1957 4925 2130 5001 derint
2160 4956 2272 4997 eum
2296 4957 2315 4995 :
2342 4948 2391 4994 et
2413 4940 2499 5009 qui
2534 4935 2754 4991 tenuerit
2779 4951 2913 5000 eam,
2932 4933 3110 4987 beatus
3136 4930 3413 5004 (PrOUJll,
3439 4925 3555 4996 18).

252 5042 356 5105 chi,
391 5049 439 5095 et
462 5038 726 5111 principes
744 5036 924 5101 Judw,
957 5044 1015 5091 et
1041 5036 1245 5092 caeteri.
1276 5035 1342 5091 Et
1373 5053 1387 5090 :
1424 5034 1552 5091 Htcc
1582 5036 1708 5090 dicit
1744 5034 1854 5089 Do-

255 5134 429 5189 minus
474 5131 840 5196 exercituum,
888 5125 1032 5182 Deus
1084 5125 1278 5195 Israel,
1322 5129 1464 5184 omni
1511 5129 1854 5202 transmigra-

255 5227 385 5283 tioni
420 5271 435 5291 ,
489 5241 643 5298 quam
674 5222 940 5280 transtulit
978 5221 1045 5277 de
1079 5220 1374 5278 Jerusalem
1426 5223 1480 5277 in
1514 5220 1852 5293 Babylonem,

256 5331 316 5377 ut
345 5335 456 5376 non
486 5320 729 5390 potentia
763 5320 913 5389 regis
941 5317 1258 5390 Babylonis,
1283 5317 1382 5374 sed
1406 5317 1623 5373 Domini
1647 5318 1842 5372 volun-

263 5405 377 5472 taie
427 5412 681 5469 translati
730 5426 861 5469 esse
900 5412 1211 5468 videantur.
1273 5411 1342 5468 Et
1370 5412 1549 5480 primo
1574 5411 1638 5467 ad
1671 5426 1856 5477 senes,

257 5507 465 5566 deinde
490 5505 560 5560 ad
587 5504 932 5572 sacerdotes,
977 5505 1153 5562 'tertio
1173 5503 1239 5560 ad
1286 5504 1615 5577 prophetas,
1662 5516 1859 5578 quarto

1957 5035 2154 5095 Tertio
2182 5035 2438 5102 accipere
2469 5042 2690 5095 uxores,
2725 5042 2952 5096 quarum
2984 5041 3091 5081 una
3137 5031 3221 5079 est
3267 5018 3558 5089 sapientia,

1964 5134 2033 5189 de
2057 5145 2162 5202 qua
2187 5124 2385 5183 scribit
2409 5123 2673 5182 Salomon
2698 5139 2717 5176 :
2748 5120 2879 5176 Ama
2908 5117 3078 5184 illam,
3127 5126 3174 5170 et
3217 5111 3441 5168 servabit
3470 5121 3518 5164 te
3542 5127 3560 5173 ;

1963 5236 2013 5283 et
2036 5220 2305 5279 circumda
2330 5217 2499 5284 illam,
2523 5224 2573 5272 et
2594 5213 2847 5271 exaltabit
2897 5223 2945 5268 te
2974 5210 3162 5280 (Prov.
3188 5221 3267 5270 tv,
3296 5202 3377 5275 6).
3411 5203 3477 5258 Et
3504 5202 3559 5256 in

1962 5321 2072 5376 alio
2098 5319 2221 5374 loco
2246 5332 2262 5369 :
2291 5312 2447 5369 Hanc
2487 5309 2737 5381 exquisivi
2781 5319 3026 5376 sponsam
3052 5301 3286 5368 accipere
3328 5295 3482 5362 mihi,
3514 5305 3564 5350 et

1963 5422 2169 5469 amator
2213 5411 2388 5478 {actus
2439 5420 2557 5461 sum
2584 5401 2787 5458 decoris
2834 5402 2950 5471 ejus
3004 5392 3188 5465 (Sap.
3252 5403 3390 5455 vnt,
3451 5388 3487 5442 2
3516 5385 3560 5459 ).

1965 5506 2078 5563 Nec
2126 5500 2328 5559 sul‘llcit
2375 5499 2538 5555 nobis
2584 5511 2688 5550 una
2742 5491 2942 5559 conjux
2992 5485 3287 5558 sapientia,
3339 5480 3439 5537 nisi
3468 5479 3565 5535 ba.

258 5605 328 5662 sd
357 5616 580 5660 omnem
611 5599 874 5671 populum
899 5599 997 5656 Dei
1025 5615 1211 5656 sermo
1230 5599 1487 5672 dirigitur
1521 5611 1626 5657 :ut
1661 5576 1863 5656 secun-
1964 5601 2198 5658 beamus
2243 5604 2301 5651 et
2346 5594 2557 5663 reliqua
2583 5629 2600 5655 ,
2663 5583 3065 5647 fortitudinem,
3117 5576 3570 5648 temperantiam,

270 5820 287 5835 ο
339 5796 481 5854 *Βία
511 5770 676 5847 habet
696 5766 880 5862 Vatia.
914 5784 1041 5862 me,
1077 5783 1269 5862 sicque
1306 5787 1438 5862 olim
1463 5784 1743 5862 Victorius
1773 5800 1860 5862 re:

268 5864 441 5925 stituit
476 5874 564 5929 et,
604 5874 703 5931 pro
733 5860 868 5923 sive.
902 5860 1043 5931 quod
1073 5858 1358 5933 perperam
1378 5858 1532 5935 juxta
1566 5858 1855 5917 Ernsmunl

1969 5782 2200 5842 retinuit
2250 5778 2637 5837 Martianwus,
2684 5766 3015 5842 Hieronymi
3063 5760 3307 5842 versioni
3350 5774 3584 5818 vernum

1971 5835 2316 5929 pio—eripiens,
2345 5860 2406 5905 ιιι
2434 5835 2953 5917 Septuagintavirali
2982 5835 3305 5894 ascriberet.
3377 5890 3398 5909 ,ο
