4080 6326
213 262 312 321 861

677 265 1344 331 [ΟΟΜΜΕΝΤΑΒΙΟΒΕΜ
1389 267 1450 322 ΙΝ
1488 267 1809 326 JEItEMI.\l

1911 268 2303 325 'ROPHETAM
2344 269 2474 325 LIB.
2524 271 2583 327 V.
2626 269 2781 328 CAP.
2825 269 3022 327 XXIX.

3408 269 3514 326 88!

214 405 336 444 nam
376 404 462 442 eos
499 387 649 458 quasi
674 388 806 458 ﬁcus
839 387 1004 442 malas
1031 403 1145 460 qua:
1183 386 1383 442 comedi
1421 401 1526 440 non
1568 396 1808 455 possunt,
1839 390 1890 450 Α
1917 399 2077 454 quam
2109 378 2333 442 Monere
2356 388 2589 454 cessavi,
2619 398 2676 442 ut
2717 389 3062 442 imitarentur
3102 402 3197 442 vos
3241 387 3329 456 qui
3371 397 3518 440 nunc

211 497 271 535 eo
311 481 454 550 quod
478 483 712 550 pessima:
731 481 854 533 sint.
887 477 954 532 Et
990 495 1270 550 persequar
1307 493 1394 531 eos
1433 478 1487 531 in
1515 478 1722 548 gladio,
1761 489 1814 534 et

213 574 266 628 in
297 576 456 644 (ante,
499 583 546 626 et
583 573 636 626 in
687 570 1003 641 pestilentia,
1051 585 1099 628 et
1137 570 1272 626 dabo
1316 587 1404 626 eos
1433 570 1554 644 [AL
1586 570 1713 642 vos]
1756 569 1812 628 itt

213 665 534 720 uexationem
575 666 826 719 universis
860 666 1033 738 regnis
1070 675 1244 732 terra,
1273 666 1328 720 in
1370 664 1808 729 ntaledictionem,

213 768 260 812 et
286 758 341 811 in
381 767 666 827 stuporem,
694 767 741 811 et
781 759 835 812 in
864 759 1100 826 sibilum,
1125 767 1172 812 et
1201 759 1256 812 in
1287 758 1624 829 opprobrium
1652 774 1811 812 cunc-

213 853 277 906 tis
303 851 564 923 gentibus,
603 853 671 905 ad
699 868 828 923 quas
868 868 960 923 ego
991 853 1203 925 ejiciam
1240 849 1361 922 [AL
1404 850 1575 922 ejeci]
1614 868 1724 918 eos,
1753 866 1811 904 eo

210 945 348 1012 quod
389 961 492 999 non
522 944 846 1017 audierunt[
873 945 1031 1015 Vulg.
1061 944 1359 1018 audierint]
1382 945 1534 1000 verba
1568 963 1699 1012 meo,
1732 944 1814 999 tli-

211 1040 281 1091 cit
309 1036 592 1102 Dominus;
618 1055 734 1110 qua:
761 1039 878 1092 misi
895 1039 963 1094 ad
991 1055 1078 1093 eos
1105 1055 1197 1111 per
1217 1055 1388 1094 servos
1423 1055 1561 1092 mros
1588 1039 1816 1110 prophe-

209 1144 289 1186 tas
318 1131 384 1186 de
409 1140 556 1186 nocte
586 1148 922 1204 consurgens,
951 1141 1004 1188 et
1031 1133 1240 1186 mittens
1273 1148 1292 1186 :
1337 1142 1384 1186 et
1416 1149 1517 1186 non
1549 1132 1808 1196 audistis,

209 1223 336 1278 dicit
357 1222 636 1280 Dominus.
676 1223 778 1279 Vos
808 1241 926 1296 ergo
949 1225 1126 1279 audite
1151 1224 1354 1279 verbum
1376 1223 1613 1290 Domini,
1647 1222 1815 1279 omnis

209 1317 622 1388 transmigratio,
651 1334 808 1390 quam
827 1318 976 1372 emisi
1004 1317 1068 1371 de
1083 1315 1373 1372 Jerusalem
1389 1319 1439 1371 in
1456 1315 1804 1388 Babylonem.

223 1409 337 1468 +l—Z~
363 1409 657 1480 Hucusque
697 1411 748 1464 in
776 1408 920 1464 LXX
950 1426 1055 1464 non
1095 1409 1352 1480 habetur,
1379 1426 1498 1480 qum
1527 1410 1834 1464 asteriscis.

209 1504 536 1573 prtenotavi.
579 1503 788 1559 Cmtera
827 1504 994 1573 enim,
1029 1505 1079 1558 in
1106 1503 1301 1574 quibus
1331 1504 1420 1558 vel
1462 1502 1664 1570 singuli
1689 1518 1810 1557 vcr-

208 1609 320 1660 sus,
365 1595 451 1651 vel
479 1609 646 1665 pauca
676 1596 745 1650 ab
765 1595 845 1652 eis
868 1597 1238 1666 praetermissa
1264 1606 1390 1652 sunt
1416 1597 1605 1662 verba,
1631 1596 1809 1649 victus

211 1685 390 1752 ta‘dio,
435 1697 702 1743 annotare
749 1687 914 1755 nolui,
960 1702 1027 1743 ne
1067 1687 1336 1742 fastidium
1380 1687 1680 1758 legentibus
1721 1689 1802 1742 la-

1916 480 1970 533 in
2025 481 2505 550 transmigratioue
2542 497 2740 536 securo
2770 483 2886 538 otio
2937 481 3303 551 perﬁuimiui,
3339 479 3517 536 donec

1915 575 2204 643 promissio
2237 575 2450 630 Domini
2493 577 2853 646 compleatur.
2897 574 3010 630 Vos
3045 584 3226 631 autem
3257 575 3349 645 qui
3377 585 3516 628 meat

1910 667 2175 721 obedistis
2201 667 2513 730 sententias,
2537 667 2714 739 οὺ·ρεὶ
2743 683 2837 722 vos
2863 667 3160 739 Babylonio
3183 663 3514 733 tradidistis,

1911 761 2096 815 audite
2119 776 2242 831 qua:
2289 761 2538 815 dicturus
2565 763 2688 816 sim.
2718 762 2786 816 Et
2815 761 2870 816 in
2903 762 3006 819 hoc
3037 760 3160 814 loco
3181 759 3387 816 delirus
3427 756 3519 812 ln-

1912 862 2124 922 terpres
2176 853 2415 905 somniat
2459 852 2668 906 ruinam
2708 853 2948 908 ctelestis
2982 852 3311 918 Jerusalem,
3343 862 3398 906 et
3441 847 3512 904 ad

1910 959 2007 1000 eos
2038 943 2376 1014 prophetiam
2399 943 2558 1014 dirigi
2589 945 2922 1014 suspicatur,
2948 944 3042 1015 qui
3073 945 3123 998 in
3145 943 3308 1014 hujus
3326 941 3518 998 mundi

1914 1038 2208 1109 Babylonia
2239 1039 2464 1109 regione
2503 1050 2795 1094 versantur
2823 1058 2836 1092 :
2866 1045 3010 1110 quod
3045 1038 3418 1094 benei'eceriut
3462 1037 3518 1092 in

1913 1133 2030 1188 haec
2081 1148 2316 1200 corpora
2345 1142 2544 1201 Sponte
2581 1132 2940 1201 descendere,
2969 1132 3110 1188 etin
3157 1141 3304 1187 terra
3349 1128 3516 1185 Chal.

1913 1228 2152 1282 dmorum
2192 1228 2467 1283 aediﬁcare
2510 1227 2724 1292 domos,
2765 1226 3013 1294 plantare
3046 1225 3310 1294 pomaria,
3354 1224 3503 1278 accio

1915 1338 2042 1393 pere
2083 1335 2312 1385 uxores,
2364 1321 2505 1374 ﬁlios
2551 1333 2821 1389 generare
2849 1359 2864 1383 ,
2923 1317 3192 1384 bonisque
3253 1315 3516 1383 cperibus

1913 1415 2124 1469 restitui
2149 1422 2268 1483 post
2299 1411 2641 1482 septuaginta
2671 1425 2846 1464 annos
2875 1411 2926 1462 in
2971 1409 3150 1462 locum
3185 1406 3498 1476 pristinum,

1913 1517 1966 1564 et
2007 1510 2058 1564 in
2098 1508 2376 1563 caelestem
2407 1505 2729 1562 Jerusalem.
2785 1504 2912 1560 Illos
2945 1516 3151 1566 autent,
3185 1502 3277 1573 qui
3317 1501 3509 1557 nolue-

1912 1606 2020 1660 rint
2049 1603 2265 1674 propria
2295 1602 2571 1658 voluntate
2607 1599 2675 1654 ad
2717 1609 2933 1654 terrena
2982 1598 3341 1663 descendere,
3381 1598 3501 1650 haac

1914 1693 2217 1766 passuros,
2274 1711 2396 1764 quat
2439 1694 2702 1749 Dominus
2738 1691 3006 1758 Sedcciaa,
3047 1700 3100 1744 et
3139 1689 3259 1758 ejus
3316 1686 3516 1758 populo

207 1796 412 1838 cerem.
456 1781 746 1838 Pollicetur
781 1792 960 1840 autem
1005 1782 1288 1851 Dominus,
1333 1782 1532 1852 bisqui
1569 1792 1732 1838 erant
1754 1783 1808 1837 in
1842 1780 1887 1840 Β
1914 1791 2300 1844 cnunnioatur.
2322 1788 2424 1854 Qui
2465 1787 2747 1842 noluerint
2769 1784 2976 1838 imitari
3005 1783 3205 1837 fratres
3227 1796 3380 1846 suos,
3415 1795 3517 1838 nec

209 1877 712 1948 transmigratione,
745 1877 889 1946 quod
928 1885 1054 1947 post
1090 1878 1428 1948 septuaginta
1461 1892 1639 1931 annos
1677 1892 1806 1946 cap-

210 1969 436 2023 tivitatis
478 1969 654 2024 redire
691 1984 788 2024 eos
827 1967 985 2024 faciat
1015 1969 1082 2024 de
1127 1971 1395 2026 universis
1434 1970 1710 2039 gentibus,
1751 1979 1806 2026 et

207 2061 274 2118 de
300 2062 514 2118 cunctis
551 2061 708 2128 locis,
741 2063 808 2119 ad
848 2080 969 2134 quas
1013 2065 1289 2134 expulerit
1326 2079 1443 2131 eos,
1487 2076 1541 2120 et
1581 2065 1806 2131 captivi-

210 2154 558 2220 tathaxata,
611 2155 898 2224 pristinum
931 2164 1133 2212 statum
1165 2164 1222 2211 et
1261 2158 1490 2224 patriam
1530 2157 1804 2226 recipere.

209 2231 274 2298 Et
303 2259 431 2300 cum
464 2259 566 2316 ego
615 2249 752 2310 hinc,
782 2247 976 2316 inquit,
1009 2263 1127 2304 mea
1169 2257 1364 2316 Sponte
1394 2246 1638 2303 facturus
1677 2249 1803 2317 sim,

205 2347 259 2392 ct
291 2346 450 2392 certo
493 2347 739 2409 tempore
787 2339 1062 2395 redituros
1108 2357 1207 2395 Vos
1257 2350 1306 2406 ι,
1347 2341 1551 2396 lrusua
1597 2342 1808 2411 decipi-

206 2428 362 2496 tnini,
393 2439 449 2486 et
476 2431 678 2500 putatis
715 2445 812 2485 vos
843 2431 1043 2488 habere
1071 2433 1366 2503 prophetas
1416 2435 1466 2486 in
1500 2435 1798 2504 Babylone,

207 2526 295 2593 qui
325 2524 485 2579 Vobis
516 2524 648 2578 falsa
679 2528 1025 2594 promittunt.
1059 2527 1132 2580 Ita
1161 2537 1345 2582 autem
1372 2528 1560 2584 sciatis
1604 2542 1810 2596 nequa-

203 2633 365 2688 quam
403 2633 506 2672 vos
539 2619 770 2676 reditum
812 2637 956 2676 nunc
999 2636 1224 2690 sperare
1254 2623 1494 2679 debere:
1544 2622 1641 2678 sed
1677 2622 1809 2676 ενᾱί-

204 2712 374 2770 licare
401 2713 618 2778 domos,
650 2715 897 2784 plantam
928 2719 1196 2784 pomaria,
1228 2716 1478 2786 accipere
1505 2731 1727 2784 uxores,
1751 2727 1812 2774 et

204 2820 478 2874 generare
534 2806 693 2874 lilios,
724 2820 779 2862 et
818 2807 1166 2878 multiplicari
1217 2823 1466 2871 numero,
1499 2821 1552 2862 et
1595 2819 1808 2878 tempus

201 2909 532 2966 cxsjzectare
565 2900 915 2968 promissum.
945 2899 1148 2954 Audite
1173 2899 1302 2970 quid
1334 2899 1596 2954 Donzitttts
1621 2900 1811 2970 loqua-

205 2999 288 3043 tur
310 2993 378 3042 ad
404 2988 710 3058 Sedeciatn,
735 2991 826 3059 qui
849 3007 992 3046 nunc
1015 3002 1200 3061 regnat
1228 2991 1279 3044 in
1309 2991 1635 3056 Jerusalem,
1665 3004 1718 3046 et
1741 2992 1810 3047 ad

201 3095 394 3136 onittes
423 3079 637 3153 1046
657 3083 992 3138 habitatores
1023 3083 1174 3138 urbis
1207 3083 1346 3152 ejus,
1384 3083 1432 3137 id
1467 3096 1573 3147 est,
1606 3084 1671 3137 ad
1703 3084 1810 3138 ira-

202 3181 312 3228 trcs
355 3189 590 3236 vesxros,
633 3176 723 3244 qui
750 3176 1036 3232 noluerant
1071 3192 1207 3231 ηιθειε
1237 3175 1463 3232 obedire
1495 3179 1804 3242 sementim,

200 3267 606 3339 etBabylouem
637 3269 870 3339 migrare
921 3271 1222 3336 vobiscum,
1268 3271 1412 3339 quod
1463 3283 1806 3340 nequaquam

199 3364 576 3431 captivitatem
605 3363 812 3431 possint
840 3361 1098 3433 cliogere,
1125 3363 1220 3418 sed
1245 3363 1449 3432 gladio,
1473 3373 1530 3418 et
1557 3364 1723 3425 l‘ame,
1754 3373 1806 3418 et

201 3465 356 3524 peste
395 3456 720 3512 moriantur.
761 3455 831 3512 Et
875 3474 1064 3527 ponam
1112 3475 1199 3512 eos
1237 3459 1385 3527 quod
1426 3458 1557 3528 ﬁcus
1605 3460 1805 3524 malas;

201 3562 339 3618 quas
362 3547 667 3604 Theodotio
695 3549 1082 3619 interpretatus
1105 3561 1192 3607 est
1207 3551 1449 3604 sndrintts
1467 3567 1486 3604 :
1511 3551 1534 3588 δ
1559 3551 1808 3606 Secunda

201 3643 494 3712 pessimos:
525 3641 908 3714 Symmachus,
961 3645 1317 3700 novissimos:
1363 3662 1485 3715 que
1539 3644 1807 3700 llebraice

200 3736 550 3806 appellantur
577 3737 792 3792 'suitnut
832 3737 1077 3809 (ειν-νῖυ)
1103 3780 1116 3798 .
1159 3739 1253 3793 sed
1301 3741 1630 3806 scriptorum
1674 3739 1808 3793 vitio

203 3844 303 3897 pro
329 3827 506 3884 media
536 3827 767 3898 syllaba,
795 3829 910 3884 sive
935 3830 1116 3884 littera
1148 3827 1342 3899 Alpini,
1377 3828 1628 3884 Graecum
1657 3827 1810 3884 Delta

203 3922 435 3978 inolevit
474 3942 488 3978 :
542 3932 600 3978 ut
641 3940 737 3994 pro
779 3939 975 3980 suanm
1015 3924 1227 3994 legatur
1263 3939 1478 3979 sunntu.
1521 3923 1808 3990 Quomodo

199 4029 389 4072 autem
439 4017 732 4087 cophinus,
793 4019 910 4073 sive
954 4018 1224 4081 calathus,
1257 4019 1347 4088 qui
1402 4017 1638 4073 habebat
1675 4019 1808 4074 licus

201 4109 403 4178 bonas,
455 4111 761 4180 primitivas
799 4110 1056 4166 hibuisse
1098 4111 1333 4168 dicitur:
1365 4112 1445 4166 sic
1475 4123 1496 4148 ο
1538 4112 1677 4165 alter
1716 4127 1810 4165 co.

199 4205 432 4279 phines,
460 4205 550 4275 qui
575 4205 814 4260 habebat
835 4207 968 4262 licus
1010 4204 1204 4269 malas,
1253 4205 1507 4260 habuisse
1548 4207 1682 4260 licus
1711 4221 1808 4259 no-

203 4301 463 4354 vissima;
508 4298 790 4356 scribitur.
829 4299 896 4356 Et
941 4315 1257 4370 persequar,
1308 4300 1498 4370 inquit,
1559 4314 1678 4365 eos,
1716 4301 1808 4371 qui

199 4408 352 4450 nunc
387 4391 444 4448 in
475 4391 786 4448 Jerusalem
819 4393 953 4449 urbe
982 4405 1293 4460 versantur,
1319 4393 1522 4464 gladio,
1557 4392 1720 4458 fatue,
1754 4402 1808 4448 et

199 4486 517 4560 pestilentia
547 4504 560 4540 :
605 4494 666 4541 ut
695 4487 932 4556 primum
964 4487 1268 4552 obsidione,
1303 4483 1328 4523 ἀ
1381 4486 1670 4542 confestim
1716 4488 1808 4557 qui

1909 1883 2095 1938 venire
2123 1882 2176 1935 in
2197 1881 2553 1952 Babylonem,
2583 1878 2731 1950 quod
2761 1878 2939 1932 mittat
2965 1877 3020 1932 in
3041 1891 3139 1932 eos
3169 1876 3429 1947 gladium,
3461 1885 3521 1932 et

1907 1975 2104 2029 famem
2131 1983 2188 2028 et
2214 1989 2444 2042 pestem,
2471 1972 2575 2028 hoc
2595 1983 2904 2038 est,rerum
2932 1971 3178 2024 omnium
3206 1972 3515 2040 penuriam,

1908 2080 1958 2124 et
1997 2081 2161 2136 ponat
2183 2069 2338 2137 quasi
2366 2066 2503 2121 ﬁcus
2533 2066 2823 2131 pessimas,
2879 2079 3002 2132 quze
3031 2065 3250 2137 penitus
3297 2065 3522 2120 comedi

1911 2178 2016 2218 non
2062 2173 2322 2231 possunt;
2355 2170 2410 2215 et
2442 2168 2801 2234 persequatur
2827 2172 2924 2212 eos
2945 2157 3126 2228 gladio
3155 2157 3519 2226 sempiterno,

1908 2263 1964 2309 et
1991 2254 2084 2309 det
2115 2254 2168 2308 in
2217 2252 2566 2310 venationem
2609 2251 2884 2305 universis
2935 2248 3123 2319 regnis
3166 2260 3327 2304 terra-
3361 2267 3374 2301 :
3409 2263 3521 2319 quo

1909 2348 2119 2402 scilicet
2159 2361 2499 2416 nequaquam
2547 2343 2757 2417 1M1
2793 2343 3068 2408 homines,
3101 2341 3197 2395 sed
3227 2342 3508 2395 (immunes

1913 2439 2040 2493 liant
2081 2438 2248 2493 aeria:
2295 2447 2593 2508 potestates
2634 2454 2647 2488 :
2696 2447 2750 2490 et
2789 2435 2898 2488 sint
2944 2433 3084 2502 apud
3125 2440 3354 2486 cunctos
3403 2435 3518 2485 An-

1911 2533 2082 2602 gelos,
2131 2533 2219 2601 qui
2256 2530 2472 2599 praesint
2517 2529 2748 2599 singulis
2805 2527 3104 2598 provinciis
3157 2528 3208 2580 in
3247 2525 3515 2580 maledic-

1911 2627 2136 2693 tinnem,
2164 2635 2218 2679 et
2248 2625 2300 2678 in
2325 2637 2635 2692 Stuporem,
2667 2632 2724 2676 et
2755 2621 2806 2675 in
2849 2621 3090 2687 sibilum,
3122 2630 3178 2674 et
3223 2619 3274 2672 in
3312 2632 3516 2688 oppro-

1912 2719 2086 2778 brium
2117 2719 2328 2774 eunctis
2351 2717 2627 2788 gentibus.
2655 2717 2720 2770 Et
2744 2719 2847 2770 hoc
2872 2728 2968 2770 eos
2994 2713 3199 2768 idcirco
3223 2726 3516 2783 pessumi,

1911 2814 2038 2882 quia
2068 2812 2226 2866 verba
2243 2809 2638 2880 l’t-Ophetarutn
2670 2809 2720 2862 in
2745 2805 2959 2862 cmlesti
2987 2805 3293 2860 Jerusalem
3319 2803 3512 2859 audire

1915 2906 2214 2971 noluerint,
2233 2901 2838 2973 quieoshortabantur,
2870 2909 2924 2952 nt
2949 2899 3016 2953 ad
3041 2911 3257 2953 terrena
3281 2897 3515 2951 descen-

1913 3000 2126 3064 derent,
2165 3011 2220 3052 et
2245 3010 2445 3066 corpus
2478 2993 2800 3048 humilitatis
2841 3001 3232 3056 assumerent;
3287 3000 3341 3043 et
3389 2997 3512 3044 acta

1916 3089 2234 3160 ptenitentia
2268 3099 2390 3158 post
2429 3102 2616 3142 verum
2675 3085 3095 3149 sabbatismum,
3144 3086 3322 3137 locum
3374 3083 3516 3152 pris-

1834 3168 1878 3228 (ἶ
1915 3187 2083 3240 tinum
2111 3181 2475 3253 possiderent.
2513 3180 2639 3234 Huic
2667 3179 2759 3234 ille
2805 3177 3026 3233 dixerit.
3074 3177 3208 3244 Quae
3251 3190 3378 3230 cum
3413 3189 3513 3228 an-

1911 3278 2070 3331 diunt
2095 3262 2350 3346 discipuli
2373 3274 2515 3344 ejus,
2539 3281 2594 3329 et
2623 3271 2960 3328 Grlllttliamﬁ
2986 3268 3205 3323 familitu
3232 3279 3508 3335 stercora,

1914 3378 2103 3439 putant
2157 3384 2215 3422 se
2246 3368 2423 3422 divina
2455 3367 2648 3420 audire
2681 3366 2966 3437 mysteria.
2996 3362 3218 3432 Nosque
3266 3362 3358 3430 qui
3411 3363 3512 3414 ista

1911 3463 2338 3528 contemnimus,
2375 3461 2530 3528 quasi
2563 3477 2660 3529 pro
2685 3459 2858 3513 brutis
2884 3457 3086 3513 habent
3105 3453 3505 3521 animantibus,

1911 3567 1966 3610 et
2006 3565 2206 3612 vocant
2234 3556 2619 3616 πηλουσιὼτας,
2649 3561 2672 3590 θ
2698 3567 2763 3607 t‘o
2792 3551 2937 3621 quod
2969 3553 3022 3603 in
3054 3550 3170 3604 luto
3205 3549 3366 3603 istius
3393 3563 3516 3602 cor-

1915 3649 2059 3720 poris
2087 3649 2377 3704 constituti
2411 3663 2520 3700 non
2552 3649 2825 3713 possimus
2857 3645 3064 3700 sentire
3093 3644 3363 3698 ctelestia.

1985 3741 2002 3810 (
2026 3739 2186 3796 Vers.
2217 3739 2282 3794 21
2317 3746 2522 3808 ξείνω.
2559 3737 2689 3792 Haec
2715 3736 2840 3790 dicit
2871 3735 3124 3789 Dominus
3155 3734 3474 3788 exercituum
3493 3774 3509 3800 ,

1910 3833 2052 3888 Deus
2077 3832 2268 3899 Israel,
2301 3833 2370 3885 ad
2413 3831 2588 3886 Achab
2625 3829 2796 3900 [ilium
2846 3828 3034 3896 Colice,
3060 3837 3106 3882 et
3132 3828 3200 3880 ad
3232 3826 3507 3881 Sedeciam

1912 3927 2081 3998 ﬁlium
2129 3925 2367 3992 Maasitc,
2399 3925 2490 3995 qui
2540 3925 2847 3996 prophetarit
2891 3921 3033 3975 vobis
3055 3921 3113 3974 in
3155 3921 3362 3974 nomine
3402 3935 3513 3976 meo

1912 4021 2232 4077 mendaciter
2260 4035 2277 4072 :
2305 4033 2419 4072 ecce
2443 4034 2535 4088 ego
2565 4018 2772 4071 tradam
2795 4032 2880 4070 eos
2901 4015 2956 4069 in
2982 4030 3136 4067 manu
3161 4009 3515 4066 Nabuchodo-

1913 4133 2069 4170 nosor
2095 4115 2230 4184 regis
2253 4111 2559 4183 Babylonis,
2587 4121 2631 4164 et
2657 4111 2906 4182 percutiet
2929 4125 3013 4162 eos
3042 4110 3092 4160 in
3121 4107 3288 4160 oculis
3311 4107 3510 4160 castris.

1913 4210 1980 4264 Et
2025 4219 2312 4263 assentetur
2361 4223 2425 4260 ea;
2453 4206 2524 4258 eis
2554 4203 2850 4258 maledictio
2880 4201 3019 4255 omni
3051 4199 3512 4272 transmigrationi

1909 4303 2082 4368 lude,
2115 4317 2232 4372 qua
2257 4309 2332 4354 est
2357 4299 2414 4352 in
2433 4296 2701 4368 Babylone
2724 4295 3045 4350 dicentium:
3077 4292 3248 4348 Ponat
3295 4301 3342 4348 te
3397 4289 3511 4344 Do-

1911 4397 2080 4452 minus
2105 4395 2238 4450 sicut
2263 4392 2560 4457 Sedeciam,
2591 4403 2640 4446 et
2670 4392 2798 4446 sicut
2828 4389 3027 4454 Achab,
3053 4406 3178 4458 quos
3210 4387 3359 4455 frixit
3405 4403 3501 4441 rea:

1917 4490 2191 4561 Babylonis
2222 4489 2276 4541 in
2307 4487 2447 4557 igne,
2480 4503 2574 4559 pro
2601 4503 2660 4540 eo
2703 4485 2844 4556 quod
2875 4485 3108 4551 fecerunt
3137 4480 3339 4554 [Vulg.
3373 4483 3508 4551 fere-

199 4596 490 4638 remanere
519 4587 574 4634 et
595 4579 840 4650 eﬂ‘ugere
870 4581 1167 4651 powerint,
1197 4582 1586 4652 dispergantur
1613 4583 1664 4635 in
1692 4584 1811 4636 uni-
1841 4562 1891 4624 Ῑ)
1916 4583 2042 4656 rint]
2069 4583 2344 4636 stultitiam
2372 4580 2528 4650 (sive
2555 4577 2917 4646 iniquitatem)
2959 4579 3010 4630 in
3051 4573 3241 4642 Israel,
3291 4585 3340 4629 et
3389 4590 3513 4628 nne-

201 4689 395 4732 ttersas
437 4686 612 4730 terras
639 4715 654 4738 ,
707 4685 758 4728 et
809 4675 1070 4744 exemplo
1109 4676 1503 4731 sintomnibus
1553 4677 1811 4732 maledic-

201 4769 394 4836 tionis,
420 4768 688 4838 stuporis,
733 4777 789 4823 et
815 4767 957 4822 sibili
1000 4778 1052 4822 et
1096 4768 1390 4839 opprobii:
1433 4769 1497 4823 ad
1547 4785 1686 4838 quos
1717 4786 1819 4838 ego

201 4862 421 4934 eiiciam
449 4877 546 4917 eos
569 4860 672 4934 [Alt
701 4861 846 4934 vos],
869 4861 996 4932 quia
1021 4877 1133 4916 non
1159 4862 1448 4917 audierunt
1485 4862 1645 4916 verba
1672 4878 1814 4932 mea,

199 4958 341 5014 dicit
372 4957 664 5022 Dominus,
692 4973 814 5027 quae
856 4972 951 5026 per
993 4971 1181 5013 servos
1240 4970 1390 5010 meos
1429 4956 1643 5010 loeutus
1695 4972 1815 5012 sum

198 5050 271 5106 ad
319 5064 422 5106 eos
457 5048 529 5104 de
569 5058 728 5106 nocte
776 5063 1138 5120 consurgens,
1167 5057 1222 5104 et
1260 5047 1485 5103 mittens
1516 5064 1530 5102 ε
1564 5058 1613 5103 et
1649 5064 1814 5103 num-

280 5229 307 5257 ει
342 5218 616 5273 Victorius
672 5217 828 5272 addit
879 5215 1104 5272 verbum
1165 5215 1602 5270 decreverirmet
1648 5214 1809 5284 paulo

203 5288 587 5363 postjtlisterc.
621 5307 722 5363 ms.
751 5287 1242 5363 desperarebabet.
1271 5302 1367 5363 pro
1397 5302 1629 5355 sperare.

277 5361 306 5402 δ
336 5361 444 5416 Pro
471 5361 721 5420 secunda.
753 5361 803 5414 itl
830 5357 935 5426 est,
967 5359 1148 5420 editio,
1185 5361 1528 5412 Martianazus
1557 5373 1626 5412 ex
1655 5357 1814 5426 iugem

208 5434 322 5499 nio,
355 5443 414 5486 ut
435 5431 672 5496 videtur,
709 5433 990 5500 rescripsit
1045 5431 1262 5484 scilicet.
1291 5434 1358 5483 :‘tt
1384 5430 1616 5482 secunda
1647 5439 1729 5481 est
1757 5429 1810 5483 in

205 5520 341 5560 mss.
373 5518 587 5573 quoque
619 5503 824 5573 noetris
851 5504 1132 5570 omnibus,
1163 5513 1220 5556 et
1257 5503 1308 5555 in
1341 5516 1450 5555 uno
1479 5501 1808 5564 Sani-eruta-

207 5571 405 5640 neusi,‘
423 5571 560 5628 teste
584 5571 1010 5644 Montfauconio.
1045 5592 1113 5629 ne
1143 5573 1390 5644 vulgatos
1428 5573 1636 5644 pridem
1661 5587 1808 5644 com-

205 5660 530 5711 memorem,
563 5660 594 5699 e
615 5645 814 5714 quibus
833 5643 1113 5701 Victorius
1132 5657 1192 5702 et
1221 5643 1411 5702 uocem
1443 5643 1604 5696 editio
1631 5643 1807 5698 addit.

206 5719 378 5775 Recte
423 5717 565 5788 adeo
591 5723 837 5788 notatum
885 5726 970 5771 est
1005 5717 1221 5788 Drusio,
1269 5715 1567 5773 secundam
1601 5714 1812 5788 Aquilae

169 5853 177 5859 ,
202 5792 504 5851 edilionem
535 5786 835 5856 designari.

1920 4677 2058 4732 citati
2087 4684 2206 4731 sunt
2243 4688 2429 4728 uxores
2463 4674 2753 4726 amicorum
2786 4669 2945 4742 (sive
2993 4670 3224 4737 civium)
3255 4681 3471 4723 tuorum
3496 4681 3517 4720 :

1920 4781 1968 4827 et
1990 4770 2146 4826 locuti
2165 4775 2286 4822 sunt
2314 4769 2517 4820 verbum
2546 4767 2598 4819 in
2629 4766 2838 4820 nomine
2865 4781 2976 4818 meo
3007 4763 3344 4829 mendaciter,
3374 4761 3514 4831 quod

1921 4880 2024 4918 non
2053 4860 2296 4916 mandavi
2325 4859 2396 4913 eis
2421 4876 2440 4914 :
2473 4875 2566 4930 ego
2596 4876 2709 4913 sum
2731 4858 2901 4930 judea:
2947 4868 2994 4913 et
3025 4858 3191 4922 testis,
3227 4856 3353 4908 dicit
3379 4851 3519 4923 ,Do-

1922 4956 2112 5009 minus.
2145 4952 2312 5008 Aiunt
2344 4950 2556 5006 Hebraei
2590 4951 2692 5005 hos
2723 4966 2846 5006 esse
2903 4950 3278 5020 presbyteros,
3311 4945 3402 5014 qui
3435 4943 3516 4997 τιυ-

1919 5050 2098 5106 ceriut
2124 5046 2414 5100 stultitiam
2465 5045 2517 5099 iu
2551 5044 2740 5110 Israel,
2787 5055 2844 5100 et
2893 5043 3148 5100 mmcbati
3220 5048 3349 5094 sunt
3384 5053 3518 5093 uxo-

1991 5226 2014 5287 ἢ
2063 5215 2166 5269 llic
2196 5211 2646 5287 rursutn_vitios_e_
2670 5211 2826 5266 Mart.
2862 5209 3034 5273 aliter,
3063 5220 3164 5287 pro
3194 5204 3330 5258 alter
3367 5205 3515 5286 legit.

1988 5283 2013 5322 ἀ
2048 5287 2318 5340 Laborare
2353 5283 2563 5338 viden-tr
2597 5284 2679 5338 hic
2709 5297 2906 5336 sensus
2935 5297 2948 5332 :
2999 5287 3054 5331 at
3079 5283 3222 5332 enim
3265 5283 3516 5346 suspicor

1917 5359 2142 5426 confecti
2168 5355 2474 5424 legentium.
2518 5371 2616 5426 pro
2651 5355 2949 5426 confestim.

1993 5417 2299 5482 ’Ἠοηιὶιῖθς
2322 5417 2576 5481 videlicet
2599 5417 2800 5480 crassae
2826 5425 3108 5483 minerva',
3133 5427 3188 5472 et
3207 5417 3517 5484 plumbeos,

1917 5500 2182 5554 abusione
2213 5501 2372 5565 facta,
2403 5513 2512 5553 non
2548 5500 2730 5551 minus
2769 5493 2836 5548 ad
2867 5503 3050 5545 moi-es
3075 5491 3377 5565 incolarum
3415 5489 3516 5543 Pe-

1921 5572 2064 5636 lusii,
2093 5587 2254 5641 quam
2286 5561 2614 5624 adnominis
2635 5566 3021 5641 etymologiam
3041 5578 3057 5641 ξ
3081 5570 3164 5613 est
3187 5561 3370 5641 enim,-
3392 5576 3520 5616 auc-

1921 5631 2358 5716 tore'St'tfalmnc,
2388 5642 2662 5716 Πηλούσιον
2684 5631 2828 5716 napi:
2852 5637 2912 5692 τὸ
2932 5634 3114 5700 πηλός,
3169 5642 3226 5686 ut
3273 5632 3320 5687 si
3351 5631 3517 5688 Lulcv

1921 5715 2052 5770 tiam
2085 5731 2112 5770 τι
2144 5714 2260 5770 .‘nto
2307 5712 2514 5769 dixeris
2541 5712 2812 5767 derivari.
