4080 6326
221 227 321 287 865

706 222 1361 286 COMMENTARIORUM
1403 222 1470 280 ιΝ
1504 220 1854 280 JEREMIAM
1893 222 2313 283 PROPHE'I‘AM
2352 225 2487 283 LIB.
2527 228 2618 286 Vl.
2656 227 2812 289 CAP.
2850 228 3026 288 XXX.

3410 226 3517 284 866

222 343 497 412 Nobisque
547 345 840 418 agentibus
889 346 1203 416 patienter,
1266 350 1324 396 et
1371 339 1820 409 exspectantibus
1843 339 2072 409 Acupit
2114 356 2241 397 eum
2295 343 2499 399 recludi
2547 360 2770 403 carcere
2823 345 2931 421 [AL
2964 345 3020 400 in
3068 343 3395 417 carcerem],
3448 358 3519 398 ne

224 438 549 495 miserorum
598 440 853 507 salutem,
904 438 1245 510 prmveniunt
1292 435 1567 502 haeretici,
1614 443 1671 490 et
1718 448 1816 489 nos

221 546 320 589 suo
362 532 649 603 appellant
691 534 934 599 nomine,
983 532 1250 587 ducentes
1284 530 1414 584 omni
1445 542 1626 583 etrcos
1647 526 1703 582 in
1729 525 1814 581 fo-

223 639 400 680 veam.
439 624 655 698 1050
683 624 854 691 Misit,
888 624 1087 693 inquit,
1134 622 1202 676 ad
1232 637 1327 675 nos
1372 620 1425 673 in
1470 617 1813 690 Babylonem,

222 718 395 773 dicens
423 734 443 772 :
474 718 652 791 Longe
678 730 774 773 est.
810 716 926 772 [loc
956 726 1044 771 est
1071 729 1234 769 omne
1264 712 1408 785 quod
1430 712 1579 768 dolet
1605 728 1618 764 :
1649 724 1819 781 quare

222 811 511 868 adversum
538 827 695 867 suum
738 810 1085 866 mendacium
1117 806 1385 864 Jeremias
1415 804 1696 875 scripserit
1728 818 1822 857 vc-

224 907 468 977 ritatem,
522 906 686 978 longe
730 921 856 963 esse
902 904 1164 969 reditum,
1213 910 1268 957 et
1310 909 1432 971 post
1472 898 1819 969 septuaginta

222 1017 395 1057 annos
443 1000 720 1057 redituros
766 1001 820 1056 in
870 998 1177 1055 Jerusalem
1222 1015 1237 1052 :
1278 995 1423 1052 unde
1481 993 1685 1049 debere
1724 1007 1820 1048 eos

223 1094 503 1151 mdilicarc
547 1094 761 1164 domos,
812 1093 1065 1164 plantare
1112 1091 1382 1163 pomaria,
1432 1096 1489 1144 et
1530 1086 1823 1144 comedere

222 1187 436 1244 fructus
486 1202 701 1254 eorum,
752 1185 1012 1254 accipere
1068 1199 1291 1251 uxores,
1342 1191 1398 1237 et
1444 1181 1627 1238 facere
1656 1180 1821 1244 lilios,

224 1298 342 1354 qua:
374 1280 695 1353 praeteritus
731 1294 915 1335 sermo
948 1277 1211 1333 narravit.
1244 1277 1388 1346 Quas
1418 1277 1653 1342 litteras,
1698 1288 1823 1330 cum

224 1375 533 1445 accepisset
556 1373 875 1444 Sopltonias
905 1370 1190 1431 sacerdos.
1215 1373 1282 1424 ad
1313 1369 1470 1440 cujus
1508 1367 1826 1438 specialiter

227 1481 425 1522 nomen
454 1467 677 1535 scripta:
706 1473 941 1531 etanta,
975 1463 1108 1534 legit
1132 1462 1387 1518 .leremia:
1423 1458 1827 1532 quodaminodo

225 1560 525 1632 suggillatis
553 1574 701 1627 eum,
734 1568 789 1614 et
817 1558 933 1627 ipsa
959 1556 1073 1631 [ΑΙ.
1106 1560 1281 1628 ipsam
1308 1554 1703 1628 ettlectionem]
1740 1555 1827 1610 in-

224 1666 463 1722 crepans
491 1650 748 1720 lectione,
787 1664 963 1721 quare
987 1650 1217 1706 auderet
1246 1649 1300 1706 in
1330 1647 1666 1721 Babylonem
1701 1646 1826 1702 talia

226 1744 494 1800 scribere.

297 1834 486 1907 (Vers.
522 1834 592 1892 50
623 1836 805 1905 seqq.)
837 1833 905 1890 Et
934 1835 1135 1906 factum
1170 1845 1243 1888 est
1270 1832 1476 1887 verbum
1503 1829 1721 1885 Domini
1765 1827 1834 1881 ad

225 1922 534 1990 Jeretniam,
595 1925 775 1981 dicens
808 1943 827 1980 :
871 1924 1023 1982 Mitte
1068 1924 1137 1980 ad
1175 1940 1376 1979 omnem
1422 1920 1837 1993 transmigratio-

226 2036 365 2085 nem,
394 2020 577 2076 dicens
600 2037 619 2075 :
640 2019 771 2075 Htcc
791 2020 922 2074 dicit
959 2017 1217 2074 Daminus
1242 2015 1321 2073 ad
1341 2017 1600 2074 Semeiam
1642 2013 1839 2069 Neela-

228 2113 580 2170 mitem:l’ro
624 2131 685 2168 eo
733 2114 872 2183 quod
915 2114 1243 2187 propltetavit
1298 2113 1440 2168 vobis
1488 2110 1747 2173 Semeias,
1791 2117 1837 2163 et

227 2226 321 2281 ego
348 2225 451 2262 non
480 2207 601 2262 misi
628 2223 763 2274 eum,
794 2219 843 2261 et
879 2208 999 2279 fecit
1027 2223 1114 2261 vos
1138 2206 1407 2276 conﬁdere
1434 2206 1488 2257 in
1520 2202 1788 2257 mendacio
1814 2216 1835 2257 :

228 2302 425 2358 idcirco
462 2300 574 2357 htec
613 2302 738 2356 dicit
779 2301 1039 2357 Dominus
1082 2316 1099 2356 :
1146 2299 1285 2355 Ecce
1310 2317 1402 2374 ego
1435 2298 1653 2354 uisitabo
1682 2313 1841 2366 super

232 2394 498 2452 Semeiam
530 2393 899 2457 Neelamitem,
931 2404 978 2447 et
1008 2408 1164 2465 super
1206 2408 1379 2447 semen
1407 2393 1543 2464 ejus.
1579 2389 1704 2444 Non
1742 2389 1840 2444 erit

230 2487 279 2542 ei
325 2488 403 2541 vir
442 2486 625 2541 sedens
671 2486 727 2539 in
772 2485 942 2539 medio
988 2485 1172 2558 populi
1212 2483 1394 2557 hujus,
1437 2493 1485 2538 et
1514 2499 1615 2536 non
1649 2481 1841 2535 videbit

233 2580 426 2635 bonum
453 2578 595 2647 quod
639 2595 734 2650 ego
781 2578 972 2650 [sciant
1020 2578 1215 2649 populo
1258 2592 1410 2639 utea,
1454 2575 1527 2627 ait
1560 2573 1838 2639 Dominus,

229 2677 351 2749 quia
396 2676 879 2745 prtevaricationem
906 2671 1109 2729 loculus
1151 2683 1224 2728 est
1251 2673 1499 2727 adversus
1530 2669 1837 2726 Dominum.

234 2767 722 2837 Pseud0pr0plteta
776 2766 1028 2823 Semeias
1065 2781 1196 2822 vere
1242 2765 1596 2829 Neelatnites,
1639 2762 1733 2835 qui
1773 2762 1843 2819 de

235 2871 484 2919 torrente
528 2862 746 2918 alienas
790 2872 848 2918 et
901 2861 1148 2918 turbidas
1175 2876 1347 2931 aquas
1376 2868 1706 2930 sumpserat,
1738 2859 1846 2914 ira-

1921 433 2200 504 loquatur.
2249 435 2557 507 Soliltonias
2603 456 2822 509 quoque
2886 439 3215 511 prophetam
3285 438 3523 492 latenter

1919 534 2167 592 accusat,
2199 527 2326 583 dum
2361 530 2488 599 legit
2518 531 2807 602 epistolam
2860 530 3201 596 mentientis,
3255 540 3313 587 et
3355 544 3523 587 accu-

1920 619 2190 674 sationem
2219 620 2339 691 ejus
2369 621 2573 679 ltabere
2599 639 2661 679 se
2694 625 2930 695 iactitat.
2959 623 3175 692 Quanto
3203 622 3376 695 magis
3408 635 3526 678 sce-

1921 710 2051 767 leris
2079 713 2157 767 rei
2198 724 2350 781 sunt,
2387 717 2481 786 qui
2527 716 2835 773 defendunt
2883 717 3423 789 pseudopropltetas,
3472 726 3534 773 et

1923 806 2255 862 mentientes
2283 806 2492 873 fovent,
2542 819 2598 864 et
2645 809 2883 867 aliorum
2934 810 3079 866 male
3128 810 3378 874 inventa,
3429 823 3527 864 sua

1924 900 2130 957 faciunt
2146 917 2270 959 esse
2298 905 2556 974 peccata!
2582 903 2786 960 Audiat
2810 905 2996 976 itaque
3021 903 3526 976 pseudOpropheta,

1926 996 2197 1067 intelligat
2220 996 2479 1053 sacerdos
2506 998 2637 1068 quid
2668 1013 2767 1067 per
2798 1014 2921 1053 eum
2962 1008 3015 1053 et
3049 998 3167 1068 ipse
3189 996 3379 1053 audire
3410 1011 3530 1051 me-

1926 1098 2151 1144 reatur:
2182 1087 2308 1145 Hac
2336 1089 2462 1143 dicit
2493 1088 2750 1146 Dominus
2781 1104 2799 1144 :
2833 1089 2965 1145 Ecce
2999 1106 3097 1163 ego
3122 1088 3343 1145 visitabo
3371 1103 3528 1158 super

1928 1182 2204 1239 Semeiam.
2258 1183 2372 1240 lloe
2417 1183 2685 1239 Dominus
2747 1184 3024 1254 loquitur,
3075 1201 3182 1238 non
3233 1182 3528 1255 propheta,

1924 1277 2071 1348 quod
2116 1279 2308 1334 visitet
2349 1292 2520 1348 super
2558 1276 2833 1334 Semeiam
2879 1275 3265 1343 Neelamitem,
3316 1290 3424 1332 non
3474 1272 3529 1329 in

1928 1370 2255 1436 remedium,
2306 1371 2405 1427 sed
2472 1370 2528 1425 iit
2578 1370 2908 1440 supplicium
2975 1370 3327 1435 mentientis,
3374 1368 3534 1440 juxta

1930 1461 2061 1519 illud
2093 1464 2236 1534 quod
2265 1466 2531 1536 scriptum
2563 1473 2649 1518 est
2679 1481 2693 1516 :
2738 1461 2969 1517 Visitabo
3008 1463 3062 1517 in
3087 1464 3232 1535 virga
3278 1461 3533 1532 iniquita-

1931 1568 2002 1614 tes
2031 1573 2239 1625 eorum,
2266 1567 2313 1612 et
2340 1558 2393 1612 in
2422 1555 2650 1629 ﬂagellis
2680 1566 2891 1625 peccata
2917 1573 3098 1612 eorum
3121 1555 3243 1627 (Ps.
3268 1570 3534 1623 Lxxxwtt,

1931 1651 2050 1720 55).
2116 1650 2227 1706 Nec
2290 1651 2467 1706 solum
2519 1665 2686 1720 super
2733 1648 3273 1727 pseudoprophetam
3322 1647 3533 1713 visitat,

1858 1744 1908 1806 B
1934 1742 2030 1798 sed
2062 1750 2119 1799 et
2140 1757 2307 1814 super
2333 1758 2522 1799 semen
2550 1743 2691 1811 ejus,
2725 1758 2916 1798 omnes
2943 1742 3240 1815 discipulos
3272 1755 3414 1814 quos
3435 1754 3538 1798 suo

1937 1838 2129 1893 errore
2176 1835 2416 1905 decepit.
2485 1834 2611 1891 Non
2664 1836 2785 1904 erit,
2852 1835 3052 1906 inquit,
3110 1836 3189 1890 vir
3247 1832 3433 1890 sedens
3483 1833 3542 1890 in

1935 1930 2107 1984 medio
2139 1930 2316 2002 populi
2358 1928 2540 2002 hujus.
2569 1929 2828 1985 Deleatur
2876 1928 2944 1984 de
2984 1939 3304 1984 sanctorum
3355 1927 3543 1983 conci-

1940 2021 2148 2079 liabqu
2177 2021 2347 2091 stirps
2373 2023 2634 2097 pessima,
2668 2035 2772 2078 nec
2799 2019 2990 2077 sedeat
3035 2020 3090 2076 in
3131 2020 3315 2075 medio
3354 2020 3542 2090 quies-

1937 2116 2202 2182 centium,
2245 2116 2496 2186 quicum
2527 2114 2803 2170 stantibus
2851 2125 3001 2170 stare
3049 2128 3160 2169 non
3214 2116 3412 2185 potuit,
3445 2128 3552 2170 nec

1939 2210 2147 2265 audivit
2198 2209 2372 2281 illud}:
2407 2207 2432 2248 δ
2464 2208 2527 2266 Si
2569 2210 2795 2265 stetisset
2843 2209 2898 2263 in
2938 2210 3227 2264 substantia
3262 2225 3376 2264 mea
3402 2206 3543 2279 (Jer.

1940 2303 2118 2374 mn).
2188 2304 2431 2373 Cumque
2490 2301 2758 2357 Dominus
2818 2301 3223 2372 perfectionem
3277 2302 3540 2357 virtutum

1940 2397 2183 2451 omnium
2229 2394 2382 2449 linito
2430 2394 2750 2461 septenario
2796 2403 3046 2463 tempore
3091 2396 3397 2464 promittat,
3447 2394 3542 2451 ille

1943 2505 2050 2544 non
2080 2486 2290 2544 videbit
2320 2487 2548 2554 bonum,
2579 2487 2726 2558 quod
2756 2488 2865 2543 sibi
2893 2488 2945 2542 itt
2980 2487 3245 2558 praesenti
3294 2497 3547 2558 tempore

1944 2580 2276 2637 vindicabat.
2310 2580 2423 2635 lluc
2454 2588 2636 2635 autem
2672 2588 2845 2636 totum
2892 2581 3020 2644 liet,
3049 2582 3180 2652 quia
3224 2579 3548 2651 praevarica-

1944 2675 2148 2730 tionem
2198 2673 2414 2729 locutus
2465 2681 2550 2729 est
2594 2671 2860 2728 adversus
2887 2672 3204 2740 Dominum,
3234 2680 3296 2728 ut
3336 2672 3550 2730 diceret

1940 2767 2053 2839 jam
2098 2767 2277 2823 soluta
2306 2777 2653 2835 peccatorum
2685 2766 3004 2838 captivitate
3047 2781 3374 2825 reversuros
3423 2781 3551 2825 esse

1947 2861 1999 2917 in
2029 2861 2368 2927 Jerusalem;
2399 2861 2604 2933 quibus
2651 2863 2953 2932 Apostolus
2982 2863 3393 2919 comminatur:
3424 2859 3550 2917 Jam

235 2955 414 3012 scitur
463 2964 656 3012 contra
699 2953 1050 3011 mendacium
1081 2970 1243 3011 suum
1276 2968 1406 3009 vera
1438 2954 1727 3023 scripsisse
1756 2951 1848 3008 Je—
1947 2955 2171 3009 saturati
2201 2956 2346 3020 estis,
2366 2957 2485 3024 jam
2507 2955 2695 3009 divites
2724 2955 2849 3026 facti
2878 2957 3021 3022 estis,
3052 2956 3166 3011 sine
3186 2954 3334 3011 nobis
3362 2971 3552 3029 regna-

235 3050 492 3118 remiam,
524 3059 582 3106 et
611 3050 678 3105 ad
708 3049 1044 3119 Sophoniam
1071 3048 1411 3106 sacerdotem
1444 3048 1609 3102 mittit
1640 3047 1846 3117 episto-

1948 3047 2081 3112 stis;
2111 3056 2157 3101 et
2190 3047 2385 3102 utinam
2410 3048 2720 3119 regnaretis,
2752 3056 2810 3103 ut
2834 3058 2884 3105 et
2912 3066 3007 3106 nos
3024 3065 3358 3124 regttaremus
3378 3048 3549 3106 vobis-

237 3146 343 3217 las,
390 3161 491 3203 cur
536 3161 705 3202 ausus
743 3144 818 3201 sit
846 3144 1120 3213 Propheta
1148 3144 1394 3200 scribere
1435 3143 1747 3205 veritatem,
1793 3149 1848 3195 et
1876 3131 1918 3193 C
1953 3155 2070 3193 cum
2096 3138 2265 3212 (lCor.
2293 3157 2368 3207 tv,
2393 3140 2485 3213 8)!

314 3306 341 3336 ιι
379 3290 639 3362 Cisterc.,
674 3289 883 3362 scripta:
909 3296 1054 3344 erant
1083 3288 1265 3362 (itte-rte
1283 3285 1547 3354 Jeremite,
1571 3293 1679 3341 etc.

312 3365 345 3408 δ
383 3360 574 3420 Graec
628 3364 672 3418 si
711 3354 940 3422 ἴσίιησαν
983 3364 1035 3417 ἐν
1072 3368 1138 3437 τῇ
1183 3361 1481 3417 ὑποστάσει
1524 3380 1644 3431 μου.
1694 3354 1852 3414 Unde

1953 3285 2162 3343 Victor.
2195 3284 2434 3357 plurium
2466 3298 2696 3341 numero
2736 3284 2842 3358 legi
2870 3284 2990 3341 vult
3022 3285 3299 3342 stetissent.

1281 3639 1763 3750 LIBER
1839 3636 2498 3752 SEXTUS.

322 3915 828 3992 1051-1052
891 3914 1183 3972 Prolixitas
1236 3914 1533 3970 voluminis
1595 3914 1851 3971 Jeremirc

245 4013 533 4082 prophetae
580 4012 749 4065 vincit
796 4016 1044 4064 nostrum
1094 4007 1460 4077 propositum,
1501 4015 1560 4063 ut
1601 4007 1850 4078 quamvis

133 4179 143 4187 κ
243 4103 512 4169 breviter,
564 4112 745 4158 tamen
778 4102 948 4156 multa
987 4100 1254 4156 dicamus.
1299 4098 1456 4156 Unde
1504 4110 1560 4155 ct
1605 4113 1851 4169 praesens

245 4206 438 4252 sextus
478 4194 621 4250 liber
658 4192 1197 4250 Commentariorum
1236 4190 1293 4246 in
1332 4191 1621 4248 Jercmiam
1662 4204 1851 4260 repro-

247 4291 544 4347 misstoucs
576 4289 837 4358 mysticae
882 4285 1207 4352 continebit,
1249 4299 1387 4356 quas
1428 4283 1600 4340 Judaei
1632 4290 1850 4352 putant,

1958 3914 2209 3977 braltam,
2259 3913 2329 3971 de
2359 3912 2557 3984 quibus
2600 3913 2869 3984 scriptum
2897 3924 2984 3973 est
3010 3933 3023 3970 :
3054 3916 3249 3975 Potens
3296 3930 3370 3976 est
3412 3919 3556 3980 Deus

1961 4010 2025 4065 de
2062 4008 2334 4075 lapidibus
2363 4010 2480 4064 istis
2504 4008 2760 4064 suscitare
2776 4009 2917 4081 [il'os
2940 4012 3202 4068 Abraham
3227 4013 3445 4088 (Matilt.
3471 4033 3556 4083 tit,

1958 4101 2124 4171 9),ad
2157 4114 2320 4170 quem
2355 4099 2496 4155 facta
2529 4110 2613 4155 est
2645 4103 3003 4171 repromissio
3030 4122 3042 4158 :
3075 4102 3148 4159 Et
3177 4106 3230 4160 in
3259 4107 3453 4163 semine
3473 4117 3565 4164 tuo

1960 4195 2325 4251 benedicentur
2370 4212 2546 4251 omnes
2596 4206 2773 4270 gentes
2830 4194 2988 4270 (Cen.
3034 4215 3177 4267 xm,
3229 4200 3344 4273 18).
3391 4202 3564 4270 Quam

1960 4287 2403 4346 benedictionem
2436 4304 2530 4342 vas
2582 4289 2872 4345 electionis
2925 4290 2980 4347 in
3027 4291 3246 4349 Christo
3294 4297 3567 4367 expletam

246 4392 306 4441 et
337 4383 515 4438 uosm
541 4379 887 4452 judaizantes
918 4380 971 4433 itt
1002 4377 1483 4434 consummatione
1512 4375 1704 4432 mundi
1731 4390 1855 4432 esse
1956 4384 2202 4440 docens:
2243 4382 2370 4439 Non
2415 4384 2570 4450 dixit,
2608 4383 2810 4453 inquit,
2847 4386 2903 4442 in
2928 4388 3235 4459 seminibus,
3272 4391 3365 4446 sed
3389 4392 3443 4447 ίη
3484 4409 3567 4448 δε-

248 4475 612 4548 complendas
637 4493 655 4529 :
686 4491 788 4530 nec
811 4475 939 4530 dum
968 4478 1113 4531 enim
1155 4473 1262 4530 sub
1290 4472 1596 4531 Zorobabel
1627 4478 1861 4543 possunt
1958 4479 2115 4538 mine.
2146 4479 2236 4552 qui
2266 4489 2340 4533 est
2367 4476 2608 4534 Christus
2633 4475 2779 4551 (Gal.
2820 4495 2903 4540 ιιι.
2932 4479 3046 4552 16).
3081 4482 3189 4539 Ora
3220 4484 3409 4554 igitur,
3453 4484 3566 4540 fra-

249 4571 504 4642 expletas
537 4568 889 4625 convincere.
925 4567 1035 4623 Nos
1060 4582 1244 4624 autem
1281 4579 1580 4640 sequentes
1619 4568 1860 4625 auctori-
1962 4578 2046 4626 ter
2096 4571 2316 4639 Eusebi,
2370 4571 2659 4626 Dominum
2692 4569 2883 4627 Jesum
2930 4572 3234 4644 Cltrismm,
3283 4587 3339 4633 ut
3380 4577 3570 4634 eodem

251 4673 425 4722 tatem
474 4663 867 4733 Apostolorum
900 4669 956 4716 ct
988 4663 1485 4732 Evangelistarum,
1516 4672 1573 4718 et
1619 4661 1858 4717 maxime
1962 4663 2154 4719 labore
2202 4672 2259 4719 ct;
2303 4665 2541 4734 Spiritus
2585 4665 2800 4733 gratia,
2850 4680 2960 4737 quo
3005 4668 3237 4724 aliorum
3272 4664 3573 4741 preplteta-

252 4758 492 4830 apostoli
554 4756 743 4822 Pauli,
791 4754 1056 4825 quidquid
1106 4754 1307 4824 populo
1352 4754 1522 4810 Israel
1567 4753 1863 4809 carnaliter
1889 4741 1940 4802 D
1967 4771 2111 4819 rum,
2148 4765 2201 4812 et
2234 4755 2514 4827 praecipue
2541 4755 2697 4812 Isaias
2729 4759 3193 4828 repromissiones
3225 4763 3582 4834 interpretati

252 4850 691 4921 repromittitur,
719 4848 775 4901 in
807 4846 966 4902 nobis
994 4846 1360 4916 spiritualiter
1388 4847 1723 4916 completum
1745 4860 1869 4902 esse
1970 4865 2181 4916 sumus,
2213 4850 2376 4906 etiam
2412 4850 2576 4922 hujus
2606 4851 2891 4923 propheta:
2921 4856 3220 4925 explanare
3264 4857 3570 4914 valeamus.

253 4954 655 5011 monstramus,
691 4939 969 5009 hodieque
991 4939 1259 5010 compleri
1291 4957 1305 4993 :
1341 4954 1442 4994 nec
1474 4941 1621 4994 inter
1648 4937 1871 4995 ludatis
1972 4945 2073 5014 Qui
2124 4952 2388 5013 quantum
2436 4943 2490 4999 in
2540 4944 2728 4999 verbis
2770 4945 3001 5015 simplex
3041 4949 3260 5004 videtur
3290 4956 3348 5004 et
3377 4947 3575 5015 facilis,

253 5047 313 5093 et
343 5033 690 5092 Christianos
721 5032 892 5088 ullum
916 5031 1065 5086 aliud
1096 5046 1220 5087 esse
1243 5040 1553 5097 certamen,
1585 5032 1690 5086 nisi
1727 5030 1869 5087 hoc:

257 5138 523 5185 ut‘cum
585 5127 662 5183 illi
703 5141 913 5198 nosque
974 5125 1267 5181 credamus
1304 5125 1584 5181 Christum
1634 5124 1732 5180 Dei
1782 5123 1877 5181 Fi-

258 5224 393 5281 lium
444 5224 875 5293 repromissum;
923 5230 981 5277 et
1030 5236 1133 5288 ea,
1182 5236 1304 5290 quae
1366 5230 1497 5276 sunt
1542 5219 1720 5276 futura
1770 5220 1872 5276 sub

256 5315 483 5372 Christo
511 5329 544 5370 a
577 5314 736 5370 nobis
763 5314 1005 5384 expleta.
1042 5313 1113 5368 ab
1157 5313 1265 5368 illis
1292 5313 1561 5383 exlulenda
1593 5313 1868 5370 dicantur.

258 5409 366 5477 Qui
417 5404 526 5481 [AL
562 5405 724 5480 Quia]
771 5405 936 5475 igitur
962 5404 1241 5462 Christum
1286 5391 1508 5462 venisse
1533 5406 1645 5471 jam
1693 5404 1872 5460 credi-

262 5516 412 5566 mus,
467 5510 692 5556 necesse
738 5505 825 5553 est
869 5506 930 5554 ut
973 5514 1061 5565 ea,
1109 5515 1230 5572 qua:
1274 5498 1377 5553 sub
1414 5495 1638 5553 Christo
1691 5496 1870 5553 futura

264 5594 548 5658 dicuntur,
581 5588 796 5663 expleta
832 5590 1166 5659 doceamus;
1200 5606 1411 5663 nosque
1436 5605 1559 5647 esse
1604 5589 1748 5646 ﬁlios
1793 5592 1867 5645 A-

1978 5045 2185 5093 tantum
2235 5036 2289 5092 in
2332 5035 2620 5106 majestate
2664 5051 2929 5096 sensuum
2979 5039 3440 5112 profundissimus
3470 5051 3579 5099 est.

2055 5215 2073 5288 (
2104 5212 2243 5285 Cap.
2295 5212 2468 5270 XXX.
2490 5214 2740 5271 -—‘Jers.
2775 5218 2798 5270 l
2838 5215 3019 5287 seqq.)
3047 5216 3160 5270 lloc
3190 5215 3419 5283 verbum,
3443 5218 3584 5285 quod

1981 5311 2180 5381 factum
2221 5317 2299 5364 est
2322 5309 2392 5364 ad
2440 5308 2725 5366 Jeremiam
2745 5327 2779 5364 a
2793 5308 3042 5375 Domino,
3064 5310 3240 5365 dicens
3263 5327 3281 5365 :
3304 5309 3435 5365 Hac
3456 5311 3585 5365 dicit

1984 5401 2255 5471 Dominus,
2282 5402 2424 5459 Deus
2438 5401 2634 5470 Israel,
2658 5404 2835 5458 dicens
2859 5418 2879 5456 :
2902 5401 3084 5458 Scribe
3101 5401 3193 5457 tibi
3224 5403 3396 5458 omnia
3411 5403 3587 5469 uerba,

1979 5513 2095 5569 qua:
2113 5497 2320 5553 locutus
2341 5514 2459 5553 sum
2479 5498 2549 5553 ad
2573 5506 2643 5565 te,
2669 5499 2722 5551 in
2739 5494 2893 5551 libro.
2909 5493 3193 5550 Ecceeuim
3211 5496 3327 5552 dies
3348 5497 3583 5566 ueniunt,

1979 5589 2109 5645 dicit
2140 5589 2417 5659 Dominus,
2448 5598 2496 5645 et
2517 5596 2814 5645 convertant
2836 5587 3221 5644 conversionem
3262 5586 3447 5661 populi
3486 5589 3588 5645 mei

347 5763 372 5795 ι
414 5749 661 5810 Cisterc.
704 5765 836 5819 ms.,
870 5760 924 5806 ut
953 5768 1071 5809 cum
1090 5752 1203 5810 illis
1229 5765 1322 5808 nos
1351 5747 1646 5818 credamus,
1675 5754 1784 5804 etc.
