4080 6326
591 273 697 332 867
1862 265 1919 322 s.
1965 261 2232 320 unseen
2261 243 2640 318 lllERONYMl
3715 283 3722 286 -
3789 251 3889 323 gos

587 391 756 448 Israel
787 401 833 446 et
860 389 1026 456 ludo,
1067 388 1142 442 ait
1176 386 1430 441 Dominus
1452 393 1502 450 ι,
1537 391 1584 439 et
1613 392 1908 438 convertam
1935 399 2021 437 eos
2043 381 2190 453 (sive
2219 391 2270 448 Α
2297 386 2516 447 tempus
2561 378 2764 449 gaudii.
2821 380 2995 446 Cum,
3045 378 3242 451 inquit,
3300 390 3450 436 tanta
3508 383 3888 453 praecesserint

584 487 761 542 sedere
779 483 1001 556 faciam)
1045 482 1098 534 in
1126 491 1286 544 terra,
1314 493 1471 549 quam
1502 477 1620 531 dedi
1654 477 1888 546 patribus
1915 491 2113 542 eorum,
2147 483 2196 527 et
2298 472 2462 536 mala,
2499 480 2558 525 ut
2584 471 2746 527 dolor
2767 473 3015 528 virorum
3041 473 3286 528 outniutn
3327 474 3505 530 dolori
3540 477 3887 546 parturientis

585 575 926 650 possidebunt
953 590 1082 628 eam.
1118 569 1578 627 Promitteutibus
1598 567 1651 624 in
1677 569 2006 640 Babylonem
2036 581 2195 637 pseu-
2299 562 2520 618 femina-
2541 577 2894 635 comparetur
2923 582 2938 620 :
2965 576 3149 620 tamen
3176 576 3390 638 tempus
3421 567 3890 626 tribulationisia-

583 669 953 740 doprophetis
988 665 1203 740 1053
1231 666 1342 721 cito
1376 667 1659 734 populum,
1703 663 1799 733 qui
1830 677 1954 716 tum
1999 659 2195 716 Jecho-
2294 658 2420 722 cob,
2451 657 2557 714 huc
2580 669 2690 726 est,
2721 661 2906 731 populi
2933 659 3035 716 Dei
3067 661 3366 716 mutabitur
3415 663 3471 717 in
3503 678 3810 734 pruspera;
3839 674 3892 722 et

582 762 668 818 nia
699 771 892 832 captus
922 760 1123 824 fuerat,
1161 773 1537 820 reversurum,
1567 765 1620 811 et
1649 756 1863 810 Anania
1895 755 2009 808 lilio
2045 756 2193 808 Azur
2303 764 2372 804 ex
2396 751 2517 820 ipso
2541 767 2760 823 quoque
2781 754 3108 818 salvabitur,
3141 755 3468 811 subauditur
3496 766 3780 829 tempore,
3823 757 3890 815 de

585 861 642 917 itt
670 859 980 916 Jerusalem
1006 858 1195 912 eadem
1223 855 1583 926 pradicante,
1611 851 1878 909 Jeremias
1905 851 2189 922 propheta,
2291 859 2404 913 quo
2430 859 2613 899 sermo
2639 855 3007 916 processerat.
3043 847 3216 904 Jacob
3254 860 3436 904 autem
3487 850 3777 906 duodecim
3800 852 3888 906 tri-

589 962 648 1010 et
673 952 806 1007 illud
838 951 1058 1022 quidem
1113 952 1356 1005 laturum
1403 948 1663 1012 asseruit,
1697 960 1804 1001 non
1851 946 1992 1000 intra
2038 945 2194 999 hien-
2293 935 2395 992 bus
2421 938 2697 1011 intelligo,
2731 956 2854 1011 quae
2893 957 3242 1013 nequaquam
3287 944 3390 997 sub
3433 943 3775 1009 Zorobabel,
3835 953 3887 999 ut

586 1047 760 1112 nium,
793 1055 854 1101 ut
881 1045 962 1100 illi
1012 1043 1447 1104 mentiebantur,
1489 1041 1586 1095 sed
1631 1042 1800 1095 Iinitis
1845 1039 2188 1109 septuaginta

586 1142 746 1197 annis
789 1157 803 1194 :
837 1150 894 1196 et
925 1150 1056 1195 tunc
1093 1139 1314 1209 jubetur
1340 1137 1395 1192 in
1425 1136 1572 1191 libro
1598 1135 1861 1199 scribere,
1887 1142 1943 1188 et
1983 1147 2192 1186 memo-

585 1235 684 1290 rite
715 1232 964 1300 tradere,
1009 1248 1131 1302 qua:
1163 1229 1431 1285 Dominus
1459 1239 1686 1283 ventura
1733 1225 2078 1296 praenuntiet.
2112 1223 2191 1279 Ex

582 1341 694 1397 quo
735 1325 1087 1380 manifestum
1136 1331 1244 1390 est,
1293 1336 1635 1393 nequaquam
1686 1320 1923 1374 vicinum
1977 1328 2189 1386 tempus

581 1433 708 1476 esse
732 1419 998 1483 vaticinii,
1030 1419 1126 1473 sed
1155 1418 1326 1472 multa
1352 1426 1472 1486 post
1489 1427 1736 1485 tempora
1764 1413 1882 1468 ha-c
1896 1412 2186 1482 explenda,

584 1512 809 1582 quando
858 1512 1026 1567 lsrael
1075 1519 1131 1565 et
1175 1509 1313 1565 Jnda
1375 1508 1654 1564 reversuri
1699 1515 1826 1561 sunt
1872 1507 1924 1560 in
1985 1515 2188 1560 terram

585 1618 765 1670 suam,
800 1615 856 1659 et
887 1603 1221 1673 implendum
1266 1601 1400 1657 illud
1434 1601 1580 1672 quod
1615 1599 1872 1654 Ezechiel
1900 1600 2191 1671 protllieta-

582 1699 658 1752 vit
689 1715 703 1752 :
739 1697 876 1752 duas
905 1698 1087 1766 virgas
1113 1695 1218 1750 sibi
1252 1694 1456 1764 pm'ter
1499 1692 1859 1763 copulandas,
1909 1701 1966 1746 et
2013 1691 2186 1761 impe-

2293 1036 2544 1090 nonnulli
2572 1035 2714 1092 falso
2745 1048 2970 1108 putant;
3005 1039 3101 1094 sed
3133 1038 3203 1094 de
3234 1040 3576 1111 Evangelica
3606 1041 3885 1098 vocatione

2292 1131 2516 1186 salvata
2537 1142 2690 1187 sunt.

2364 1222 2554 1295 (Vers.
2589 1227 2645 1293 8,
2678 1224 2762 1298 9.)
2791 1225 2856 1282 Et
2872 1227 2970 1283 erit
3001 1229 3053 1282 in
3073 1229 3156 1282 die
3185 1227 3305 1294 illa,
3334 1229 3409 1282 ait
3423 1227 3686 1283 Dominus
3704 1231 3886 1284 exerci-

2293 1329 2461 1387 tuum,
2495 1329 2763 1375 conteram
2781 1326 2977 1397 jugum
2998 1327 3112 1396 ejus
3145 1324 3210 1378 de
3230 1323 3368 1378 collo
3393 1334 3506 1391 tuo,
3531 1335 3579 1380 et
3603 1325 3804 1380 uincula
3821 1325 3886 1379 ii-

2292 1414 2393 1466 lius
2443 1413 2771 1485 disrumpunt
2796 1432 2814 1469 :
2837 1425 2884 1470 et
2935 1433 3037 1470 non
3086 1418 3493 1472 dominabuntur
3508 1417 3583 1472 eis
3611 1416 3792 1490 (Vulg.
3821 1418 3886 1491 ei]

2291 1508 2518 1578 amplius
2540 1507 2721 1574 alieni,
2752 1509 2842 1564 sed
2866 1512 3090 1564 servient
3109 1509 3254 1583 (sive
3274 1511 3651 1582 operubuntur)
3675 1510 3886 1566 Domino

2293 1599 2406 1655 Deo
2433 1617 2549 1668 suo,
2581 1610 2632 1655 et
2665 1600 2832 1655 David
2864 1603 2976 1674 regi
3003 1620 3119 1668 suo,
3148 1619 3298 1674 quem
3339 1605 3612 1658 suscitabo
3636 1607 3734 1658 eis.
3789 1604 3885 1660 Iste

2291 1703 2380 1748 est
2414 1693 2616 1760 Dawd,
2647 1694 2802 1765 cujus
2829 1705 2885 1751 et
2931 1696 3290 1766 Evangelium
3350 1696 3602 1752 meminit
3653 1693 3886 1769 (Luat),

581 1803 830 1849 ratorum
881 1791 1048 1845 David
1097 1804 1302 1860 regem,
1355 1789 1424 1844 de
1472 1803 1580 1858 quo
1627 1786 1823 1842 scribit
1853 1804 1866 1839 :
1907 1785 1977 1839 Et
2017 1801 2192 1840 servus
2222 1785 2269 1844 Β
2298 1788 2557 1843 daturum
2595 1805 2655 1845 se
2679 1790 2858 1855 nobis,
2886 1800 2943 1844 ut
2971 1792 3090 1846 sine
3119 1792 3316 1847 timore
3345 1792 3414 1848 de
3443 1808 3612 1847 manu
3651 1793 3890 1848 inimico-

582 1903 728 1942 nteus
771 1886 941 1939 David
989 1903 1082 1940 rex
1121 1901 1278 1953 super
1320 1900 1428 1947 eos,
1483 1894 1530 1937 et
1559 1892 1740 1951 pastor
1777 1899 1911 1936 unus
1939 1883 2036 1935 erit
2079 1897 2190 1936 om-

597 1980 743 2033 nium
808 1995 985 2033 eorum
1039 1976 1260 2049 (Bacch.
1311 1991 1536 2040 xxxvu,
1570 1977 1704 2045 $4).
1747 1977 1807 2031 Si
1852 1977 1982 2047 quid
2027 1977 2192 2046 igitur

591 2072 652 2126 in
686 2071 779 2126 illa
838 2071 1129 2140 prophetia
1157 2071 1402 2124 diximus
1429 2109 1444 2132 ,
1481 2069 1644 2123 etiam
1671 2069 1722 2123 in
1763 2070 2015 2138 prmsenti
2065 2068 2188 2122 loco

581 2163 1000 2233 intelligendum
1055 2171 1176 2226 est,
1233 2162 1540 2232 praesertim
1585 2177 1708 2215 cum
1739 2161 1969 2226 eadem,
2017 2172 2075 2216 et
2119 2175 2188 2215 eo

587 2265 842 2326 tempore
868 2255 1115 2311 Ezechiel
1145 2256 1196 2310 in
1231 2255 1532 2326 Babylone,
1561 2264 1617 2311 et
1639 2254 1912 2311 Jeremias
1945 2255 1998 2309 in
2029 2253 2190 2310 Jeru-

589 2349 762 2403 salem
819 2349 1292 2419 prophetaverint.

655 2443 844 2514 (Vers.
876 2442 912 2497 ι
945 2444 1132 2512 seqq.)
1161 2440 1231 2495 Et
1253 2444 1364 2496 hac
1393 2442 1569 2509 verba,
1601 2457 1716 2513 qua:
1737 2440 1942 2496 locutus
1975 2453 2051 2495 est
2079 2440 2189 2496 Do-

583 2537 758 2590 minus
785 2537 855 2589 ad
877 2533 1052 2590 Israel
1078 2544 1125 2589 et
1151 2537 1220 2588 ad
1241 2533 1276 2588 Ι
1281 2535 1460 2600 udam,
1495 2537 1744 2606 quoniam
1769 2533 1881 2589 lucc
1908 2534 2034 2588 dicit
2080 2534 2188 2589 Do-

581 2631 754 2683 minus
788 2645 807 2683 :
846 2628 1036 2682 Vocem
1066 2629 1280 2682 terroris
1306 2629 1443 2697 (sive
1477 2629 1700 2697 timoris)
1732 2628 2051 2694 audiuimus,
2075 2628 2187 2697 for-

581 2724 745 2788 mido,
777 2731 828 2777 et
868 2739 974 2777 non
999 2731 1072 2777 est
1105 2737 1228 2792 pax.
1263 2720 1595 2793 lnterrogate
1641 2731 1693 2775 et
1723 2721 1888 2774 ridete
1911 2723 1955 2775 si
1981 2729 2190 2792 generat

587 2817 875 2872 masculus.
904 2817 1078 2883 Quare
1112 2831 1235 2886 ergo
1281 2816 1388 2869 uidi
1416 2815 1584 2870 omnis
1631 2815 1729 2869 viri
1763 2830 1977 2868 rnanum
2033 2829 2189 2884 super

581 2909 785 2965 lumbos
815 2927 939 2964 suos
977 2911 1126 2980 quasi
1169 2910 1420 2981 parientis
1447 2908 1632 2981 (Vulg.
1686 2906 2087 2980 parturientis],
2140 2916 2186 2961 et

583 3021 849 3060 conuersa
894 3015 1015 3059 sunt
1061 3006 1318 3060 universe
1367 3004 1529 3073 [acies
1574 3005 1628 3058 in
1671 3005 2014 3073 auruqinem?
2069 3002 2192 3057 Pri-

583 3113 732 3153 mum
767 3099 948 3152 tristia
974 3097 1397 3162 annnntiantur,
1425 3105 1486 3150 ut
1519 3106 1642 3166 post
1671 3097 1942 3151 malorum
1975 3096 2187 3166 magni-

2293 1898 2414 1939 rum
2439 1894 2759 1939 nostrorum
2789 1884 3030 1952 liberati,
3069 1889 3380 1942 serviamus
3403 1887 3486 1941 illi
3525 1903 3541 1952 ;
3597 1888 3652 1943 in
3701 1888 3891 1943 sancti-

2293 1986 2405 2033 tate
2433 1985 2488 2032 et
2510 1978 2726 2049 justitia
2753 1993 2945 2034 coram
2977 1979 3096 2049 ipso
3127 1980 3392 2036 omnibus
3423 1981 3623 2038 diebus
3673 1983 3885 2039 nostris.

2291 2070 2580 2139 Qumuodo
2610 2073 2756 2126 enim
2786 2073 2997 2139 primus
3056 2073 3225 2129 Adam
3248 2116 3262 2138 ,
3296 2084 3353 2128 et
3393 2074 3675 2130 secundus
3724 2075 3882 2130 Adam

2289 2163 2605 2219 scribuntur
2644 2165 2800 2234 juxta
2852 2165 3104 2235 corporis
3155 2165 3483 2232 veritatem;
3518 2166 3600 2222 sic
3635 2179 3691 2223 et
3725 2167 3882 2222 David

2293 2260 2554 2315 Dominus
2578 2271 2738 2328 atque
2767 2259 3027 2317 Salvator
3053 2279 3065 2313 :
3095 2262 3222 2333 quia
3243 2264 3397 2329 juxta
3427 2277 3659 2317 carnem
3690 2277 3756 2318 ex
3786 2261 3881 2317 Da-

2291 2355 2404 2421 vid,
2444 2365 2622 2410 totnm
2657 2356 2709 2410 in
2737 2371 2804 2411 eo
2836 2367 3028 2410 sancta
3054 2356 3223 2410 Maria
3255 2353 3603 2423 cmtl‘ercnte,
3629 2353 3877 2427 quidquid

2291 2446 2394 2502 fuit
2419 2463 2486 2502 ex
2542 2449 2713 2519 stirpe
2745 2449 2915 2503 David
2946 2493 2959 2514 ,
3023 2457 3077 2503 et
3135 2447 3372 2504 habente
3415 2450 3687 2520 originem
3733 2460 3881 2519 atque

2287 2551 2617 2611 cOnceptum
2646 2542 2714 2596 de
2757 2541 2970 2612 Spiritu
3001 2552 3215 2596 sancto.
3257 2541 3532 2612 Quodque
3558 2543 3636 2596 ait
3668 2559 3679 2595 :
3710 2539 3881 2596 Conte-

2289 2653 2404 2690 ram
2427 2640 2620 2709 jugum
2641 2639 2753 2708 ejus
2781 2637 2842 2690 de
2882 2637 3014 2691 collo
3039 2647 3147 2702 tuo,
3198 2644 3244 2688 et
3271 2635 3478 2690 rincnla
3504 2635 3650 2691 illius
3672 2635 3880 2690 disrum-

2293 2745 2435 2796 pam,
2463 2745 2572 2783 non
2605 2729 2857 2790 dubium,
2893 2731 3025 2799 quin
3065 2729 3170 2783 sub
3199 2737 3334 2801 typo
3377 2727 3878 2784 Nabuchodonosor

2291 2822 2359 2877 de
2379 2821 2600 2876 diabolo
2631 2823 2984 2877 sentiendum
3019 2822 3112 2876 sit.

2362 2914 2546 2987 (Vers.
2579 2914 2810 2985 10,11.)
2845 2914 2922 2969 Tu
2947 2931 3068 2987 ergo
3090 2931 3152 2969 ne.
3186 2915 3390 2979 timeas,
3435 2931 3578 2969 serue
3619 2931 3756 2971 meus
3793 2913 3879 2970 Ja-

2291 3010 2406 3074 cob,
2437 3007 2508 3061 ait
2533 3005 2827 3074 Dominus;
2858 3024 3022 3077 neque
3046 3023 3256 3079 paveas,
3287 3005 3478 3061 Israel.
3510 3007 3646 3074 Quia
3667 3024 3775 3062 ecce
3795 3023 3877 3080 ego

2290 3101 2491 3154 salvum
2517 3109 2564 3153 te
2585 3098 2777 3162 faciam
2818 3101 2882 3155 de
2909 3113 3050 3154 terra
3077 3101 3365 3171 longinqua
3387 3140 3403 3166 ,
3434 3109 3481 3152 et
3527 3115 3702 3154 censen
3744 3109 3877 3153 luunt

590 3191 859 3257 tudinem,
889 3190 1008 3244 lzeta
1033 3189 1354 3245 succedant.
1387 3189 1610 3245 Gratior
1639 3191 1846 3260 quippe
1866 3190 2076 3244 sanitas
2101 3198 2186 3243 est
2211 3185 2255 3245 C
2291 3195 2354 3248 de
2379 3203 2520 3249 terra
2540 3196 2849 3267 captiuitatis
2877 3209 3088 3259 eorum;
3109 3203 3159 3248 et
3201 3204 3488 3248 revertetur
3513 3193 3680 3248 Iacob
3701 3237 3716 3260 ,
3733 3203 3779 3248 et
3803 3209 3877 3248 re-

586 3287 945 3354 mgrotatione
986 3283 1254 3352 depulsa;
1290 3295 1344 3338 et
1375 3284 1582 3338 doloris
1632 3284 1950 3355 magnitudo
1979 3288 2033 3338 in
2067 3299 2188 3339 ma-

584 3378 932 3450 gnitudinem
959 3375 1195 3432 vertitur
1220 3378 1570 3448 gaudiorum.
1611 3377 1767 3444 Quod
1820 3387 2002 3432 autem
2033 3377 2186 3444 dicit,

587 3472 695 3529 hoc
717 3481 801 3528 est
824 3514 838 3539 ,
891 3479 1074 3527 tantus
1101 3471 1207 3527 erit
1241 3472 1403 3525 timor
1428 3514 1442 3538 ,
1488 3481 1752 3542 tantaque
1807 3471 2045 3526 fortuido
2072 3511 2086 3535 ,
2131 3480 2190 3525 ut

584 3567 767 3638 fugata
802 3581 958 3638 pace,
981 3565 1147 3621 bellis
1168 3575 1226 3621 et
1264 3565 1533 3635 sanguine
1564 3565 1749 3619 omnia
1783 3565 2188 3635 compleantur,

584 3669 639 3715 et
669 3663 816 3714 viros
852 3675 1070 3730 quoque
1103 3659 1362 3729 (quorum
1399 3659 1681 3728 proprium
1709 3668 1798 3714 est
1843 3669 2034 3715 contra
2093 3658 2190 3713 ad-

585 3753 863 3808 versarios
894 3752 1186 3822 dimicare)
1221 3752 1504 3806 muliebris
1539 3753 1700 3807 timor
1754 3752 2039 3807 obtineat:
2075 3765 2192 3805 ma-

589 3863 802 3917 nusque
830 3861 1176 3918 nequaquam
1201 3846 1267 3901 ad
1294 3861 1474 3909 arma,
1504 3848 1599 3900 sed
1629 3845 1695 3900 ad
1729 3860 1892 3900 renes
1925 3845 2190 3900 tenendos

583 3939 894 4008 conferant,
927 3942 1083 4006 quasi
1129 3939 1173 3994 si
1203 3939 1406 3994 mulier
1442 3941 1664 4008 pariens
1717 3939 1808 3993 ilia
1853 3938 2187 4009 lumbosque

587 4038 895 4091 contineat.
939 4034 1095 4091 Unde
1135 4045 1189 4090 et
1225 4044 1552 4090 cunctorum
1595 4032 1764 4088 iacies
1805 4043 2089 4088 vertentur
2132 4032 2187 4088 in

583 4133 935 4201 anruginem,
970 4145 1232 4199 pavorem
1264 4130 1471 4198 cordis,
1500 4131 1680 4185 vultus
1715 4130 1924 4201 pallore
1977 4139 2188 4186 testan-

586 4233 689 4278 tes.
724 4223 955 4289 Quidam
983 4222 1129 4276 huuc
1165 4223 1345 4280 locum
1379 4222 1681 4277 secundum
1717 4222 2079 4292 tropologiam
2107 4221 2188 4277 sic

593 4317 1053 4386 interpretantur,
1078 4326 1134 4369 ut
1160 4324 1356 4386 putent
1399 4315 1531 4369 illud
1583 4317 1960 4371 testimonium
1987 4332 2002 4372 :
2029 4315 2075 4369 Α
2120 4316 2189 4369 li-

588 4427 752 4472 mare,
789 4419 901 4477 tuo,
935 4407 1182 4473 Domine,
1226 4410 1582 4478 concepimus,
1607 4417 1652 4462 et
1675 4410 2044 4479 parturioimus
2071 4451 2086 4475 ,
2137 4418 2186 4462 el

587 4504 881 4576 peperimus
913 4519 930 4556 :
957 4503 1200 4572 spiritum
1229 4500 1414 4557 salutis
1439 4512 1544 4558 tace
1569 4502 1784 4571 fecimus
1811 4521 1966 4576 super
1995 4515 2184 4558 terram

2292 3287 2553 3354 quiescet,
2600 3296 2644 3340 et
2675 3287 2878 3340 cunctis
2926 3287 3144 3356 afﬂuent
3191 3286 3361 3352 bonis,
3390 3296 3436 3340 el
3467 3302 3572 3340 non
3601 3289 3696 3342 erit
3741 3304 3876 3357 quem

2291 3380 2838 3450 formidet:quoniam
2875 3390 3045 3434 tecum
3087 3397 3181 3454 ego
3197 3398 3338 3448 sum,
3373 3382 3454 3436 ait
3509 3382 3783 3447 Dominus,
3826 3395 3873 3434 ut

2291 3470 2484 3523 salocm
2522 3482 2588 3525 te.
2617 3468 2836 3525 Faciam
2875 3472 3010 3525 enim
3048 3475 3543 3528 consummationem
3594 3477 3648 3528 in
3699 3473 3875 3528 cunctis

2291 3564 2548 3635 gentibus,
2580 3565 2632 3617 in
2654 3563 2838 3634 quibus
2862 3565 3084 3634 dispersi
3111 3575 3177 3619 le.
3210 3564 3280 3619 Te
3304 3579 3475 3623 autem
3499 3583 3604 3621 non
3627 3569 3810 3638 faciam
3827 3567 3873 3620 in

2291 3660 2788 3714 consummationem
2811 3675 2831 3714 :
2855 3660 2944 3713 sed
2965 3661 3230 3734 castigabo
3268 3660 3408 3733 (sive
3437 3660 3702 3732 erudiam)
3750 3671 3793 3715 te
3828 3660 3874 3714 in

2281 3751 2509 3823 judicio,
2537 3759 2590 3805 ut
2617 3769 2721 3805 non
2748 3751 2839 3806 tibi
2860 3751 3085 3806 uidearis
3123 3752 3364 3806 innoxius
3389 3751 3536 3822 (sive
3561 3761 3610 3806 et
3636 3752 3874 3805 mundam

2292 3861 2392 3900 non
2416 3847 2677 3901 mandabo
2702 3848 2795 3916 te).
2840 3847 2968 3902 Hzec
2990 3851 3243 3923 περικοπὴ
3289 3847 3339 3900 in
3384 3846 3738 3918 Septuaginta
3778 3861 3871 3901 non

2296 3938 2549 4004 habetur,
2581 3949 2636 3993 et
2659 3940 2711 3994 iu
2740 3938 3022 4010 plerisque
3039 3937 3324 3996 codicibus
3352 3938 3597 4012 Vuigatu:
3635 3939 3873 3998 editiOnis

2291 4031 2394 4086 sub
2423 4032 2702 4087 astt-riscis
2733 4030 2800 4086 de
2823 4030 3204 4088 Theodotione
3241 4031 3428 4088 addita
3456 4043 3566 4089 est.
3598 4032 3874 4090 Pollicetnr

2289 4131 2472 4180 autem
2504 4141 2691 4179 sermo
2729 4125 2946 4180 divinus
2969 4167 2988 4191 ,
3019 4135 3074 4180 et
3099 4124 3443 4182 familiariter
3494 4126 3604 4199 [AL
3653 4127 3873 4186 [attulis-

2291 4217 2432 4289 rem]
2466 4227 2626 4272 vocat
2657 4232 2880 4274 servum
2911 4233 3068 4274 suum
3119 4217 3330 4286 Jacob,
3387 4229 3444 4275 et
3486 4220 3656 4277 Israel
3682 4264 3698 4288 ,
3746 4221 3874 4276 sicut

2292 4312 2597 4376 Abraham.
2632 4313 2803 4382 Isaac,
2838 4323 2894 4368 et
2923 4313 3095 4370 Jacob
3129 4323 3396 4370 vocantur
3425 4315 3568 4370 servi
3597 4315 3698 4372 Dei
3719 4315 3872 4388 (loy-

2289 4421 2380 4466 608
2401 4421 2622 4477 quoque
2644 4449 2659 4474 ,
2687 4417 2744 4464 et
2787 4407 2882 4463 alii
2913 4407 3190 4478 prophetae
3215 4447 3233 4474 ,
3263 4417 3322 4464 et
3346 4409 3641 4477 apostolus
3689 4409 3870 4465 Paulus

2289 4501 2345 4556 in
2376 4502 2648 4571 principio
2679 4501 3050 4570 Epistolarum
3095 4516 3321 4557 suarum
3353 4503 3460 4557 hoc
3483 4503 3656 4559 titulo
3679 4503 3868 4574 gloria-

587 4595 748 4668 (lsai.
783 4611 934 4663 xxw,
962 4597 1052 4662 i7,
1075 4593 1166 4669 ιε)
1201 4638 1215 4664 ,
1261 4602 1317 4650 et
1365 4594 1497 4649 illud
1538 4594 1917 4664 Apostolicum
1974 4597 2026 4652 in
2076 4611 2184 4667 quo
2211 4583 2264 4644 D
2289 4595 2500 4666 tur);ut
2522 4596 2642 4650 dua:
2673 4608 2726 4651 et
2753 4596 2944 4652 decem
2965 4596 3158 4661 tribus,
3183 4595 3362 4668 id,est,
3387 4595 3866 4653 duodeciasciant

587 4689 719 4746 dicit
759 4706 773 4746 :
805 4687 992 4744 Filioli
1019 4689 1150 4755 mei,
1177 4705 1306 4760 quos
1339 4689 1527 4744 iterum
1557 4690 1818 4754 parturio,
1842 4689 2005 4743 donec
2032 4689 2183 4744 Chri-

581 4798 693 4843 stus
725 4790 979 4858 lormetur
1008 4787 1064 4840 in
1091 4786 1230 4841 vobis
1255 4784 1460 4854 (ὅσιαι.
1485 4801 1561 4850 tv,
1600 4786 1712 4856 l9),
1769 4784 1899 4841 huic
1927 4785 2184 4856 exemplo

581 4881 895 4950 comparari
929 4898 944 4935 :
973 4881 1117 4950 quod
1173 4880 1521 4934 manifestum
1546 4890 1634 4936 est
1664 4896 1772 4936 non
1797 4879 1864 4936 ad
1887 4888 2181 4947 terrorem,

582 4976 678 5032 sed
713 4975 779 5029 ad
811 4973 1071 5046 gaudium
1095 4975 1398 5043 pertinere,
1449 4988 1574 5029 cum
1607 4989 1853 5044 praesens
1897 4974 2183 5044 Scriptura

579 5069 910 5124 vastationis
936 5067 1126 5130 Israel,
1157 5076 1209 5119 et
1255 5067 1427 5121 ruina:
1457 5076 1676 5137 tempus
1705 5067 1999 5137 signiticet.

648 5161 836 5232 (Vers.
864 5161 944 5230 7.)
984 5158 1076 5214 Va:
1104 5160 1225 5227 quia
1252 5176 1438 5231 magna
1461 5160 1570 5213 dies
1601 5159 1731 5225 illa,
1765 5176 1858 5214 nec
1884 5170 1961 5214 est
1991 5158 2179 5214 similis

575 5258 710 5328 ejus,
753 5265 1057 5326 ternpusque
1082 5252 1433 5306 tribulationis
1459 5262 1534 5308 est
1553 5251 1741 5316 Iacob,
1772 5262 1818 5307 et
1847 5255 2045 5325 exipso
2069 5255 2178 5309 sal-

574 5349 800 5404 oabitnr.
820 5348 1082 5404 Prtedicit
1114 5357 1328 5417 tempus
1358 5346 1618 5414 miseriae,
1655 5346 1871 5420 1055
1891 5358 1950 5403 ut
1973 5347 2179 5406 inierat

647 5545 672 5572 οι
715 5534 770 5589 In
815 5533 943 5589 aliis
997 5532 1152 5588 libris
1191 5531 1411 5586 additur
1463 5529 1622 5586 Deus.
1677 5529 1849 5585 Porro
1894 5527 2170 5586 Victorius

571 5623 672 5680 pro
701 5607 756 5660 in
784 5617 945 5671 terra,
976 5603 1264 5674 legendum
1288 5618 1410 5658 cum
1439 5602 1672 5673 Vulgata
1704 5602 1774 5656 ad
1805 5611 1996 5680 terram
2037 5615 2169 5656 cou-

569 5677 768 5767 tendit,
796 5714 918 5754 cum
952 5707 1008 5752 et
1034 5698 1086 5752 in
1117 5697 1349 5752 Hebraeo
1381 5697 1590 5768 legatur
1616 5677 1910 5782 γπκΠ-Βκ,
1952 5705 2009 5751 et
2038 5709 2169 5750 con-

571 5804 765 5861 gruere
811 5790 972 5844 lectio
1022 5789 1212 5844 debeat
1257 5805 1378 5842 cum
1433 5789 1601 5845 verbo
1627 5797 1942 5844 convertam.
1979 5786 2166 5843 Addit-

2285 4705 2346 4744 se
2365 4688 2435 4743 de
2467 4697 2617 4744 terra
2651 4689 2951 4760 longinqua
2989 4704 3116 4746 esse
3139 4688 3456 4759 salvandas,
3479 4699 3540 4746 et
3559 4691 3868 4748 solvendam

2283 4782 2676 4853 captivitatem,
2703 4781 3151 4849 reddendamque
3173 4797 3387 4853 pacem,
3420 4792 3478 4839 et
3502 4785 3655 4840 omni
3679 4799 3770 4841 eas
3799 4800 3870 4839 re-

2288 4875 2521 4945 plendas
2543 4875 2904 4942 abundantia,
2931 4876 3083 4945 juxta
3105 4876 3237 4932 illud
3257 4875 3406 4946 quod
3439 4879 3491 4932 in
3513 4881 3731 4949 psalmo
3753 4877 3874 4934 dicic

2287 4980 2376 5026 tur
2404 4989 2418 5026 :
2451 4967 2573 5024 Fiat
2608 4971 2819 5044 1055
2842 4988 2949 5040 pax
2973 4973 3027 5026 in
3051 4972 3236 5026 uirtute
3256 4980 3383 5038 tua,
3419 4983 3469 5026 et
3491 4974 3810 5029 abundantia
3823 4975 3869 5026 is

2288 5064 2515 5118 turribus
2544 5065 2645 5118 tuis
2673 5062 2851 5135 (Psal.
2883 5080 3040 5130 csxt,
3073 5065 3152 5134 7).
3185 5063 3302 5120 Hoc
3345 5074 3532 5120 autem
3569 5067 3684 5122 erit
3713 5109 3727 5134 ,
3755 5067 3868 5136 quia

2288 5157 2578 5229 praesentia
2599 5157 2813 5212 Domini
2843 5157 3214 5229 perfruentur,
3239 5159 3460 5228 quando
3489 5171 3547 5215 et
3575 5172 3769 5232 gentes
3786 5161 3870 5216 ad-

2287 5253 2567 5318 versarius,
2599 5267 2720 5322 quae
2751 5267 2849 5306 eos
2875 5260 3160 5322 ceperant,
3203 5251 3582 5323 disperibunt,
3607 5265 3670 5312 et
3697 5257 3784 5310 isti
3807 5253 3867 5308 li-
3967 5263 3978 5288 ν

2285 5347 2621 5404 berahuntur
2651 5364 2718 5402 ex
2747 5347 3018 5418 gentibus.
3057 5346 3334 5417 Docetque
3377 5360 3478 5403 eos
3523 5363 3860 5422 nequaquam

2275 5544 2384 5598 que
2407 5528 2682 5584 diversam
2711 5529 3046 5594 versionem,
3079 5525 3133 5582 id
3171 5536 3276 5594 est,
3330 5537 3651 5591 costum,
3705 5538 3759 5586 et
3799 5546 3866 5583 sc-

2277 5601 2398 5672 (lere
2447 5601 2660 5671 faciam,
2717 5617 2878 5672 quam
2929 5599 3120 5670 genuit
3154 5614 3257 5672 vox
3300 5607 3550 5672 mmora.
3601 5610 3865 5668 utramque

2274 5669 2590 5797 (litieronymi
2660 5669 2817 5740 esse,
2879 5669 3002 5727 nam
3056 5679 3110 5727 et
3161 5671 3519 5741 Septuaginta
3583 5672 3864 5752 ἐπιστρέψω

2315 5755 2540 5799 ixerant.
