4080 6326
219 292 324 359 863

682 286 1334 357 couunurautonun
1376 297 1442 354 IN
1482 282 1832 355 mutantia
1870 296 2297 359 PROPHE'I‘AM
2336 303 2468 361 LIB.
2512 290 2598 363 vi.
2638 304 2794 363 CAP.
2835 294 3005 365 XXX.

3407 304 3512 368 870

218 431 411 489 poema,
443 405 541 471 sed
566 412 865 471 eruditioni
889 408 1145 482 traditos,
1175 412 1628 486 utjudicarentnr
1655 411 1810 484 quasi
1839 408 1894 472 Α
1917 411 1983 464 tis
2008 418 2140 481 tua,
2171 412 2225 467 in
2252 411 2603 486 Septuaginta
2630 431 2738 472 non
2761 415 3032 485 habetur;
3060 416 3314 475 videlicet
3337 417 3365 457 ι)
3387 419 3513 490 quia

216 508 448 583 preprii,
466 518 520 562 et
540 524 652 564 non
672 507 1035 579 perderentur
1055 502 1214 580 Quasi
1236 500 1422 562 alieni.
1441 494 1691 572 Quienim
1712 520 1817 559 non

220 601 398 669 credit,
418 604 536 676 jam
552 601 825 675 judicatus
849 609 929 657 est
949 597 1134 675 (Joan.
1151 594 1351 674 nt,l8).
1378 598 1481 655 hoc
1494 600 1821 671 est,lpr:eju-

219 688 425 752 dicatus
449 695 499 750 in
526 688 999 761 iutcritum.Quod
1019 703 1199 749 autem
1223 694 1405 749 intulit
1434 713 1447 748 :
1478 688 1546 748 Ut
1591 711 1693 749 non
1723 692 1817 748 tibi

217 787 435 843 videaris
458 788 728 856 innoxius,
744 784 859 843 sive
877 780 1030 856 initia
1046 785 1436 860 Symmachum
1454 831 1469 855 ,
1486 795 1533 842 et
1560 786 1819 840 mundam

214 891 317 935 non
342 876 601 934 mandabo
623 888 708 948 te;
731 879 818 935 vel
837 876 992 951 juxta
1025 876 1281 950 Aquilam
1301 923 1316 947 ,
1357 895 1476 934 cum
1504 889 1551 933 te
1580 878 1819 933 erudiero

214 982 305 1046 per
323 970 610 1045 judicium,
640 988 968 1046 nequaquam
994 972 1318 1027 innocentem
1345 972 1559 1043 faciam,
1586 972 1720 1027 illud
1746 973 1818 1026 si-

214 1062 462 1141 gniﬁcat,
494 1065 639 1139 quod
678 1068 861 1123 omnis
884 1064 1122 1123 mundus
1163 1064 1274 1140 [ΑΙ.
1298 1065 1635 1141 immundus]
1676 1066 1820 1123 indi-

216 1169 341 1235 geat
372 1158 754 1218 misericordia
792 1158 911 1228 Dei,
957 1170 1011 1217 et
1049 1155 1264 1227 nullus,
1298 1162 1552 1233 quamvis
1598 1170 1818 1217 sanctus

216 1252 309 1320 sit,
340 1264 568 1309 securus
595 1259 785 1325 pergat
814 1251 882 1308 ad
908 1248 1153 1325 Iudicem
1197 1273 1210 1308 :
1255 1252 1450 1310 contra
1494 1269 1692 1309 novam
1748 1268 1817 1310 ex

217 1346 387 1403 Veteri
418 1344 693 1414 haeresim,
723 1360 846 1417 quae
874 1352 1026 1417 putat
1050 1345 1105 1401 in
1135 1344 1242 1403 isto
1268 1347 1492 1412 saeculo,
1525 1354 1582 1403 et
1629 1347 1684 1402 in
1715 1347 1818 1402 ista

218 1446 387 1496 carne
434 1437 683 1505 mortali,
714 1448 1005 1511 antequam
1056 1440 1433 1510 corruptivum
1475 1438 1581 1496 hoc
1626 1439 1820 1495 induat

218 1528 690 1602 incorruptionem
709 1574 724 1597 ,
758 1540 816 1589 et
844 1533 1074 1589 murtale
1104 1532 1295 1589 induat
1325 1530 1818 1600 immortalitatem,

218 1626 617 1700 perfectionem
667 1638 789 1684 esse
851 1626 904 1682 in
956 1643 1272 1698 quoquam,
1313 1634 1370 1684 et
1413 1642 1605 1683 omnes
1654 1626 1817 1684 simul

214 1719 425 1793 justum
452 1734 619 1793 posse
646 1718 883 1795 intplere
912 1723 1162 1779 virtutes.

1919 505 2168 561 secundo
2197 504 2413 576 dicitur,
2440 519 2653 580 propter
2674 510 3058 565 multitudinem
3078 511 3362 583 iniquitatis
3384 521 3511 580 true,

1920 608 1967 653 et
1995 599 2130 654 dura
2162 609 2371 671 peccata
2400 611 2528 671 tua;
2568 611 2623 659 et
2664 603 2758 677 qui
2788 603 3100 661 scribebant
3147 619 3179 658 a
3216 603 3509 675 principio.

1918 691 2162 748 additum
2204 706 2554 763 putaverunt.
2601 697 2666 751 Et
2703 705 2790 752 est
2826 712 3021 753 sensus
3056 715 3068 751 :
3102 695 3174 753 Ut
3222 695 3431 752 inimici
3463 708 3517 751 te

1918 784 2074 856 plaga
2111 796 2481 855 perculerant,
2512 789 2862 845 etcwderem
2899 789 3259 860 castigatione
3278 789 3516 855 crudeli,

1920 877 2051 933 fecit
2082 877 2371 934 multitudo
2400 878 2707 951 iniquitatis
2738 891 2872 946 tute,
2905 891 2962 938 et
2988 882 3125 938 dura
3157 893 3378 954 peccata
3401 892 3516 949 tus,

1919 987 2039 1041 quae
2072 973 2256 1029 sanari
2280 989 2389 1028 non
2414 985 2687 1046 poterant,
2723 975 2830 1032 nisi
2872 978 3300 1034 mordacissimo
3331 979 3519 1049 pulve-

1921 1080 2005 1128 re.
2031 1073 2087 1121 et
2112 1065 2330 1121 ardenti
2353 1066 2623 1131 cauterio,
2656 1078 2709 1122 et
2740 1068 2890 1124 ferro
2912 1069 3263 1137 acutissimo,
3284 1084 3394 1141 quo
3426 1084 3526 1140 pu-

1921 1160 2093 1216 tridus
2123 1175 2345 1227 carnes,
2368 1171 2422 1215 et
2452 1159 2793 1218 insanabiles
2823 1171 3193 1235 amputarem.
3228 1165 3298 1219 Et
3338 1175 3516 1219 tamen

1926 1264 2150 1326 propter
2180 1252 2583 1311 multitudinem
2610 1253 2912 1327 iniquitatis
2949 1264 3054 1311 tua:
3079 1296 3096 1323 ,
3138 1265 3195 1313 et
3220 1256 3353 1312 dura
3395 1271 3525 1327 pec-

1919 1357 2037 1402 cata
2070 1355 2190 1412 tua,
2214 1346 2319 1404 feci
2349 1348 2467 1404 haec
2488 1347 2608 1415 tibi,
2633 1363 2741 1404 non
2769 1363 2887 1404 mea
2912 1349 3322 1421 voluntateﬁsed
3349 1349 3527 1406 medi-

1918 1439 2058 1495 citne
2088 1440 2302 1497 ratione
2331 1450 2585 1513 cogente.

1993 1533 2176 1607 (Vers.
2212 1534 2302 1603 16,
2330 1533 2446 1609 17.)
2470 1535 2761 1609 Propterea
2785 1553 2988 1603 omnes,
3040 1537 3131 1607 qui
3156 1537 3427 1593 comedunt
3454 1546 3525 1603 ια,

1920 1626 2310 1682 devorabuntnr
2358 1643 2376 1681 :
2417 1634 2466 1681 et
2507 1629 2734 1682 universi
2774 1628 2945 1684 hostes
2986 1630 3062 1682 tui
3091 1630 3147 1683 in
3177 1629 3526 1701 captivitatem

1922 1719 2180 1775 ducentur
2203 1736 2223 1775 :
2254 1730 2301 1777 et
2328 1722 2419 1795 qui
2452 1731 2500 1776 te
2520 1732 2759 1791 vastant,
2790 1722 3133 1778 vastabantur
3158 1740 3178 1778 :
3215 1733 3529 1793 cunctosque

287 1814 474 1891 (Vcrs.
510 1812 576 1872 l2
608 1816 792 1894 seqq.)
823 1817 958 1886 Quia
984 1815 1094 1873 hwc
1124 1814 1249 1874 dicit
1280 1815 1540 1874 Dominus
1561 1861 1577 1886 ,
1606 1818 1822 1872 insana-
1848 1796 1900 1864 Β
1924 1816 2239 1890 prcedatores
2270 1825 2385 1873 luas
2410 1817 2544 1872 dabo
2571 1819 2629 1873 in
2657 1819 2904 1885 prcedam.
2932 1817 3198 1873 Obducant
3222 1818 3361 1874 enim
3389 1819 3529 1873 cicao

218 1911 330 1967 bilis
359 1917 597 1984 [tactura
624 1914 735 1980 tua,
770 1911 993 1978 pessima
1021 1911 1178 1984 plaga
1209 1920 1320 1966 tua.
1359 1911 1482 1967 Non
1505 1922 1579 1967 est
1616 1912 1708 1978 qui
1728 1915 1823 1984 ju-

216 2006 347 2062 dice!
369 2006 639 2081 judicium
666 2016 813 2061 tuum
843 2005 913 2060 ad
943 2002 1291 2079 alligandum,
1322 2008 1651 2062 curationum
1680 2007 1827 2062 utili-

217 2111 293 2156 tas
321 2110 428 2156 non
458 2104 533 2157 e’s‘l
560 2101 672 2156 tibi.
709 2100 902 2157 Omnes
928 2112 1191 2156 amatores
1219 2104 1294 2156 tui
1324 2100 1470 2156 obliti
1498 2112 1621 2158 sunt
1648 2102 1748 2171 tui,
1776 2112 1826 2159 tc

218 2210 318 2252 non
345 2200 605 2269 qucerent.
636 2192 808 2269 Plaga
834 2196 971 2251 enim
998 2194 1200 2251 inimici
1232 2196 1462 2267 percussi
1482 2205 1549 2265 te,
1594 2196 1825 2269 castiga-

222 2291 354 2347 tione
391 2287 595 2345 crudeli
618 2289 757 2360 (sive
785 2286 935 2360 forti)
974 2294 1188 2361 propter
1217 2289 1603 2344 multitudinem
1629 2289 1822 2361 iniqui-

219 2382 338 2437 talii
369 2392 514 2451 tum,
567 2380 704 2436 dura
748 2382 889 2455 facta
935 2392 1056 2437 sunt
1089 2378 1233 2454 (sive
1272 2380 1625 2452 multiplicata
1677 2380 1824 2453 sunt)

219 2484 430 2547 peccata
451 2483 564 2530 tua.
600 2472 743 2544 Quid
766 2476 964 2531 clamas
995 2484 1021 2513 ει
1050 2492 1202 2549 super
1221 2476 1533 2531 contritione
1562 2486 1652 2528 tua
1678 2474 1703 2529 2
1732 2471 1829 2528 In-

217 2571 473 2628 sanabilis
502 2578 575 2626 est
602 2568 754 2625 dolor
780 2579 918 2634 tuus,
953 2580 1164 2643 propter
1193 2566 1591 2624 multitudinem
1632 2568 1824 2639 iniqui-

218 2667 336 2722 tatis
371 2674 477 2720 tate
500 2707 517 2732 ,
551 2670 601 2720 et
643 2671 858 2738 propter
894 2662 1032 2718 dura
1078 2668 1292 2736 peccata
1321 2672 1411 2716 tua
1438 2664 1539 2735 [cci
1571 2661 1682 2717 haec
1713 2660 1825 2714 libi.

219 2756 388 2829 Quasi
427 2754 496 2813 ad
538 2758 850 2826 Speciosam
885 2755 1176 2812 mulierem
1229 2752 1511 2827 loquitur,
1546 2754 1635 2810 cui
1662 2760 1828 2822 supra

220 2850 441 2909 dixerat
473 2848 786 2923 :Casligabo
812 2860 860 2906 te
884 2852 937 2904 in
967 2850 1199 2916 iudicio,
1237 2859 1417 2904 utnon
1465 2848 1558 2903 tibi
1606 2846 1832 2902 videaris

221 2943 493 3011 innoxius,
522 2945 640 2999 sive
669 2943 923 3009 innoxia;
947 2950 1005 2999 et
1043 2958 1142 3013 per
1166 2941 1550 3011 metaphoram
1581 2934 1693 3014 [ΑΙ.
1727 2936 1823 2993 ad-

222 3039 362 3094 ditur
394 3028 668 3107 loquitur]
695 3033 761 3089 ad
783 3030 1115 3099 Jerusalem,
1148 3030 1292 3105 quod
1332 3030 1427 3087 Dei
1464 3028 1676 3101 judicio
1707 3044 1832 3099 pes.

1932 1909 2112 1965 tricem
2137 1911 2252 1979 tibi,
2283 1919 2334 1965 et
2358 1927 2391 1964 a
2414 1910 2712 1966 uulneribus
2737 1913 2843 1967 tuis
2867 1912 3064 1968 sanabo
3092 1921 3168 1981 te,
3196 1910 3322 1966 dicit
3346 1908 3532 1965 Domi-

1926 2018 2044 2056 nus.
2073 2002 2211 2068 Quia
2233 2004 2446 2074 ejectum
2467 2002 2607 2077 (sive
2624 2002 2938 2077 dispersam)
2957 2012 3271 2059 vocaverunt
3300 2012 3348 2059 te
3371 2003 3529 2059 Sion.

1927 2094 2058 2151 Htec
2086 2103 2159 2151 est
2188 2112 2306 2168 qua
2334 2113 2437 2151 non
2467 2096 2681 2153 habebat
2708 2099 3079 2169 requirentem.
3108 2098 3174 2154 Et
3208 2099 3313 2156 sub
3361 2097 3535 2155 Zoro-

1932 2188 2092 2245 babel
2114 2187 2234 2245 haec
2267 2188 2406 2246 facta
2429 2193 2836 2262 cognoscimus,
2871 2193 3092 2265 quando
3126 2191 3407 2264 Assyrios,
3434 2191 3538 2272 ξος

1930 2292 2036 2352 est,
2069 2282 2305 2341 Niniveu
2331 2294 2618 2344 vastavere
2646 2286 2937 2359 Babylonii
2956 2298 3119 2358 atque
3157 2285 3436 2354 Cbalda-i,
3480 2295 3540 2343 et

1932 2394 2150 2434 rursum
2186 2379 2522 2453 Babylonius
2557 2393 2616 2438 et
2641 2380 2927 2438 Cbaldros
2956 2382 3098 2438 Medi
3126 2383 3419 2454 Persa-que
3449 2394 3540 2437 ce—

1934 2482 2155 2540 perunt,
2198 2482 2255 2527 et
2290 2472 2531 2544 Babylon
2552 2473 2831 2528 destructa
2870 2483 2977 2529 est.
3019 2473 3176 2531 Tunc
3204 2474 3339 2532 Sion
3362 2473 3537 2545 capit

1936 2558 2144 2617 habere
2165 2562 2453 2617 Dominunt
2482 2565 2852 2634 requirentem
2876 2604 2894 2632 ,
2923 2573 2980 2621 et
3018 2565 3256 2622 obducta
3282 2578 3369 2622 est
3390 2567 3541 2623 cica-

1934 2650 2043 2707 trix
2088 2653 2406 2711 vulneribus
2437 2655 2590 2711 illius
2614 2697 2632 2724 ,
2662 2668 2720 2712 et
2766 2665 2961 2713 sanata
2991 2668 3078 2714 est
3105 2675 3137 2712 ιι
3170 2659 3347 2732 plagis
3390 2660 3537 2729 suis,

1935 2744 2081 2815 quod
2105 2747 2327 2818 plenius
2367 2760 2532 2820 atque
2568 2749 2865 2822 periectius
2901 2753 3211 2824 completur
3238 2752 3349 2826 (At.
3384 2769 3543 2812 com-

1938 2841 2198 2915 plebitur]
2232 2845 2284 2897 in
2312 2841 2555 2899 Christo.

2013 2933 2196 3006 (Vers.
2244 2937 2315 2993 18
2347 2940 2532 3011 seqq.)
2578 2938 2711 2996 Hac
2759 2940 2883 2996 dicit
2933 2940 3191 2999 Dominus
3213 2942 3401 3008 tEoce
3447 2958 3540 3021 ego

1937 3038 2236 3083 convertam
2279 3033 2665 3089 conversionem
2723 3034 3175 3093 tabernaculorum
3224 3039 3388 3094 Iacob
3435 3055 3456 3096 :
3492 3049 3543 3096 et

224 3130 365 3187 sime
394 3128 679 3184 Vulnerata
708 3127 802 3194 sit,
826 3134 885 3183 et
913 3140 1254 3197 nequaquam
1282 3123 1415 3187 alio,
1441 3122 1550 3179 nisi
1594 3122 1713 3193 ipso
1744 3121 1835 3191 qui
1940 3124 2085 3178 tectis
2106 3123 2251 3194 (sive
2279 3127 2586 3198 captivitati)
2616 3145 2795 3184 eorum
2834 3128 3018 3203 [Vulg.
3077 3130 3216 3206 ejus]
3242 3135 3540 3191 miserebor.

224 3228 604 3296 percusserat,
633 3221 813 3289 possit
850 3225 1081 3275 curante
1110 3216 1318 3274 sanari.
1348 3212 1469 3270 Non
1499 3222 1595 3282 est,
1624 3213 1698 3269 ait
1733 3210 1838 3266 Do-
1864 3206 1911 3273 C
1945 3213 2012 3269 Et
2055 3215 2404 3286 aediﬁcabitur
2443 3220 2625 3275 civitas
2651 3220 2719 3293 gin
2744 3222 2949 3277 excelso
2992 3239 3087 3277 suo
3109 3264 3127 3293 ,
3176 3233 3227 3279 ct
3270 3223 3546 3296 Tentplum

228 3314 426 3381 minus,
468 3313 561 3387 qui
604 3312 811 3385 judicet
830 3312 1097 3384 judicium
1145 3318 1293 3365 tuum
1338 3325 1358 3364 :
1414 3323 1516 3364 nec
1560 3304 1836 3362 altissimo

225 3409 450 3468 vulneri
485 3408 675 3465 valeat
694 3416 873 3464 cutem
898 3405 1174 3463 cicatricis
1204 3400 1503 3461 obducere.
1560 3400 1835 3471 Quocum-

226 3518 335 3577 que
371 3511 426 3557 te
455 3498 818 3567 converteris,
856 3497 1068 3555 utilitas
1100 3512 1207 3553 non
1237 3506 1320 3552 est
1355 3492 1478 3564 tibi,
1499 3492 1626 3566 quia
1660 3490 1832 3549 offen-

227 3594 362 3653 disti
394 3607 519 3649 eum
549 3590 637 3661 qui
686 3602 883 3657 verus,
926 3598 984 3647 et
1023 3590 1177 3646 solus
1214 3594 1297 3645 est
1344 3586 1608 3643 medicus.
1647 3584 1838 3641 Omnes

229 3694 497 3743 amatores
526 3684 604 3739 tui
631 3684 782 3739 obliti
807 3691 925 3739 sunt
955 3683 1053 3750 tul,
1091 3680 1176 3738 vel
1207 3680 1550 3747 sacerdotes,
1576 3679 1659 3735 vel
1688 3678 1838 3749 priu-

228 3782 407 3853 cipes,
441 3785 535 3834 aut
557 3786 709 3834 certe
742 3778 1077 3847 Angelorum
1105 3774 1360 3846 pratsidia
1382 3815 1397 3841 ,
1428 3772 1624 3844 quibus
1666 3770 1842 3841 prius-

231 3888 402 3946 quam
428 3868 739 3928 oll‘enderes
772 3866 1086 3934 Dominum,
1116 3866 1430 3924 vallabaris.
1455 3864 1527 3922 Te
1566 3883 1670 3921 non
1700 3880 1845 3937 qna-

231 3976 376 4037 rent,
407 3960 674 4022 iacientes
719 3976 910 4021 contra
958 3963 1283 4035 Apostolum
1311 4004 1325 4029 ,
1373 3958 1467 4032 qui
1520 3960 1848 4034 qu:rrebant

234 4060 554 4127 credentes,
589 4067 779 4116 etnon
809 4073 871 4115 ea
896 4072 1021 4131 quae
1047 4064 1208 4114 erant
1227 4052 1572 4113 credentium
1615 4052 1683 4127 (ll
1718 4052 1840 4109 Cor.

240 4151 365 4226 xu).
398 4151 569 4225 Plaga
597 4152 735 4207 enim
759 4150 962 4205 inimici
980 4151 1215 4224 percussi
1243 4156 1312 4218 te,
1341 4149 1686 4223 castigatione
1728 4160 1844 4202 cru-

241 4246 374 4302 deli.
403 4243 581 4303 Allter
598 4246 831 4312 amicus,
872 4243 1035 4300 aliter
1088 4242 1341 4300 inimicus
1369 4242 1613 4316 percutit
1643 4260 1656 4296 :
1689 4238 1851 4296 aliter

247 4334 469 4416 1056
487 4346 663 4410 pater,
689 4339 846 4394 aliter
862 4338 1060 4393 hostis.
1081 4335 1179 4393 Ill'e
1196 4335 1358 4391 cmdit
1381 4345 1440 4391 ut
1461 4334 1723 4407 corrigat,
1747 4335 1851 4390 iste

240 4432 489 4506 percutit
530 4439 596 4487 ut
621 4430 839 4487 occidat
868 4425 1045 4497 (Psal.
1074 4427 1175 4502 vt).
1201 4426 1363 4487 Unde
1392 4437 1447 4484 et
1475 4424 1748 4499 Prdpltrta
1772 4426 1851 4481 la-

1931 3312 2093 3383 juata
2121 3313 2356 3368 ordinem
2384 3331 2537 3370 suum
2566 3316 2889 3387 laudabitur.
2924 3315 2995 3372 Et
3022 3319 3315 3389 egredietur
3364 3320 3432 3376 de
3468 3320 3547 3376 eis

1941 3403 2080 3473 laus,
2105 3421 2305 3478 voxque
2350 3405 2657 3463 ludentium.
2704 3407 2776 3464 Et
2832 3410 3188 3479 multiplicabo
3212 3427 3320 3479 eos,
3364 3422 3411 3466 et
3438 3428 3548 3468 non
3613 3479 3619 3487 I

1941 3500 2264 3556 minuentur.
2302 3499 2591 3572 (Quodque
2612 3502 2863 3571 sequitur
2893 3520 2908 3556 :
2931 3502 3003 3557 Et
3034 3505 3338 3576 gloriﬁcabo
3363 3521 3473 3573 cos,
3497 3516 3547 3563 et

1941 3608 2047 3647 non
2079 3605 2101 3632 ο
2132 3593 2562 3660 attenuabuntur,
2590 3596 2643 3650 in
2664 3594 2812 3651 LXX
2836 3612 2943 3653 non
2971 3597 3246 3670 habetur).
3274 3599 3341 3655 Et
3370 3611 3544 3667 mut,

1946 3684 2140 3755 inquit,
2164 3685 2264 3755 ﬁlii
2289 3686 2403 3757 ejus
2427 3686 2561 3742 sicut
2588 3704 2620 3742 a
2646 3688 2929 3760 principio,
2950 3698 3002 3744 et
3024 3699 3182 3745 castus
3218 3692 3332 3763 ejus
3366 3708 3548 3749 curarit

1945 3792 2027 3830 me
2046 3778 2379 3848 permanebit,
2405 3788 2453 3833 et
2481 3779 2700 3835 visitabo
2724 3779 3000 3837 adversum
3036 3798 3213 3839 omnes
3247 3784 3336 3855 qui
3376 3784 3546 3840 tribu-

1947 3866 2060 3924 lant
2091 3885 2230 3924 eum.
2256 3868 2324 3924 Et
2350 3871 2446 3925 erit
2474 3870 2586 3926 duo;
2613 3873 2728 3944 ejus
2750 3889 2813 3928 ea:
2842 3890 2923 3943 eo,
2949 3883 3000 3930 et
3028 3875 3271 3947 princeps
3295 3878 3362 3932 de
3378 3879 3550 3933 medio

1947 3967 2061 4039 ejus
2108 3962 2445 4035 producetur.
2470 3964 2541 4018 Et
2561 3965 2836 4037 applicabo
2866 3983 3008 4035 eum,
3046 3968 3257 4042 1057
3276 3978 3325 4024 et
3344 3969 3552 4026 accedet

1950 4056 2020 4111 ad
2047 4072 2147 4110 me.
2175 4056 2303 4124 Quis
2324 4056 2458 4109 enim
2486 4057 2582 4111 iste
2608 4058 2793 4128 estqui
2809 4056 3038 4131 applicet
3056 4075 3148 4115 cor
3172 4076 3349 4129 suum,
3373 4071 3431 4118 ut
3459 4080 3554 4136 ap-

1951 4150 2258 4224 pmpinquet
2282 4146 2433 4217 mihi,
2482 4151 2555 4203 ait
2586 4148 2878 4206 Dominus?
2906 4151 2926 4223 (
2953 4152 3295 4224 Rursumque
3315 4151 3342 4191 δ
3362 4163 3420 4211 et
3446 4155 3554 4214 hoc

1950 4244 2008 4299 in
2044 4241 2193 4299 LXX
2216 4257 2323 4298 non
2353 4240 2634 4315 habetur.)
2665 4240 2737 4297 Et
2757 4243 2902 4298 eritis
2950 4244 3079 4300 nti/ti
3108 4246 3164 4301 in
3200 4246 3471 4319 populum,
3503 4259 3553 4305 et

1954 4352 2049 4409 ego
2078 4351 2166 4391 ero
2192 4334 2334 4388 vobis
2360 4334 2416 4388 in
2445 4331 2640 4388 Deum.
2687 4337 2927 4402 Quorum
2977 4347 3134 4410 typus
3165 4340 3445 4408 praecessit
3498 4342 3552 4398 in

1955 4426 2259 4484 Zorobabel
2288 4435 2347 4482 et
2372 4425 2531 4491 Ezra,
2562 4427 2780 4499 quando
2811 4443 3066 4485 reversus
3087 4441 3173 4486 est
3214 4432 3472 4502 populus,
3500 4442 3559 4490 et

243 4523 626 4599 crymobiliter
646 4522 820 4579 dicit:
851 4521 1107 4593 Domine,
1137 4540 1202 4578 ne
1241 4522 1295 4578 in
1339 4525 1518 4596 furore
1547 4533 1636 4579 tuo
1665 4537 1854 4594 arguas
1958 4529 2138 4592 cmpta
2165 4528 2249 4575 est
2276 4516 2540 4575 aediﬁcari
2567 4517 2767 4574 civitas
2798 4519 2850 4575 in
2892 4520 3116 4577 excelso
3152 4536 3277 4589 suo,
3318 4523 3561 4596 Templi-

246 4634 354 4685 me,
379 4628 543 4685 neque
567 4614 621 4669 tn
649 4616 731 4669 ira
764 4624 855 4670 tua
883 4616 1137 4689 corripias
1169 4628 1249 4670 me
1271 4610 1449 4688 (Paul.
1503 4628 1712 4679 xxxvn,
1774 4609 1851 4684 1).
1879 4601 1933 4663 D
1959 4626 2067 4684 que
2105 4610 2387 4666 observari
2441 4608 2659 4681 religio,
2713 4620 2762 4664 ct
2798 4622 2997 4667 cratera
3026 4628 3148 4684 qua:
3184 4615 3354 4685 ipsius
3399 4615 3559 4674 Ezrte

249 4710 371 4767 Hoc
398 4716 579 4764 autem
609 4705 816 4763 factum
846 4714 960 4777 est,
1008 4708 1136 4780 quia
1169 4718 1396 4779 propter
1446 4706 1847 4764 multitudinem

252 4802 569 4876 iniquitatis
594 4812 724 4869 tute,
752 4802 886 4857 dura
923 4801 1065 4857 facta
1097 4809 1227 4857 sunt
1257 4812 1484 4873 peccata
1516 4811 1629 4856 tua.
1676 4798 1860 4869 ρηοδ-

250 4914 364 4974 que
394 4898 643 4972 sequitur
673 4912 691 4953 :
721 4892 862 4966 Quid
883 4896 1080 4952 clamas
1107 4913 1264 4970 super
1289 4895 1599 4953 contritione
1627 4904 1717 4949 tua
1735 4890 1762 4948 Ρ
1783 4894 1864 4949 in-

253 4991 510 5052 sanabilis
538 4998 615 5049 est
640 4992 790 5048 dolor
815 4999 935 5047 tuus
964 4998 1176 5065 propter
1204 4988 1587 5047 multitudinem
1611 4989 1860 5062 iniquita-

331 5121 358 5150 ι
380 5104 661 5169 lnterserit
682 5109 857 5166 Vatic.
891 5110 962 5163 ad
984 5126 1085 5164 nte.

328 5179 360 5222 ι’
384 5178 667 5253 Ejusmodi
698 5182 1054 5253 amissionem
1081 5180 1150 5236 ob
1180 5176 1496 5237 earumdem
1544 5174 1862 5253 litterarum

258 5250 547 5311 mensum
596 5266 768 5326 supra
821 5256 876 5309 in
936 5252 1095 5309 lsaite
1149 5253 1526 5309 Commentar.
1594 5252 1702 5309 col.
1758 5250 1867 5308 482

263 5335 437 5383 notat.

341 5408 365 5438 ο
389 5395 450 5452 ln
482 5393 740 5460 Cistet'c.,
769 5407 818 5451 et
847 5413 949 5452 non
979 5395 1256 5453 attenuabo
1286 5410 1393 5450 eos.

336 5466 371 5539 δέ
406 5467 638 5539 Legerat
668 5467 1012 5539 Martianatus
1038 5477 1168 5537 post
1214 5467 1526 5539 lirasmunt,
1570 5474 1628 5539 et
1661 5463 1863 5539 hocin

270 5532 532 5597 Πεύναὶἱο
582 5554 686 5610 non
730 5536 970 5610 habetur,
1028 5532 1190 5610 quam
1246 5532 1537 5594 lectionem
1569 5535 1862 5610 fictor-ius

271 5610 538 5678 mutavit,
598 5607 963 5684 substituens
995 5607 1343 5684 septuaginta
1385 5624 1504 5684 pro
1558 5607 1817 5664 Hebraico
1842 5625 1861 5663 :

269 5684 475 5754 quippe
502 5697 626 5735 cum
660 5682 710 5735 in
748 5680 1017 5754 llebraico
1041 5680 1349 5754 reperiatur
1384 5681 1716 5754 hic_ve_rsua,
1748 5694 1861 5754 non

269 5749 583 5824 reperiatur
607 5760 786 5824 autem
833 5753 885 5807 in
928 5752 1074 5811 LXX
1103 5749 1156 5810 in
1187 5766 1420 5824 quorum
1455 5749 1861 5824 Graecoqcotlicc

270 5821 450 5880 deest.
485 5821 710 5892 Locum,
745 5821 942 5897 inquit,
971 5821 1313 5896 corruptum,
1360 5837 1432 5879 es
1481 5822 1860 5894 superioribus

1958 4704 2240 4761 volumine
2270 4701 2648 4757 continentur.
2677 4701 2899 4759 Plenius
2927 4715 3110 4761 autem
3139 4716 3303 4779 atque
3340 4707 3556 4779 perfec-

1964 4800 2071 4854 tius
2098 4798 2152 4852 in
2185 4796 2416 4852 Domino
2444 4794 2762 4864 Salvatore,
2806 4796 3196 4872 Apostolisque
3224 4801 3557 4872 completum

1962 4901 2066 4957 est,
2095 4888 2316 4961 quando
2344 4887 2608 4944 aediﬁcata
2645 4899 2732 4945 est
2754 4889 2948 4947 civitas
2980 4892 3033 4947 in
3074 4893 3306 4949 excelso
3332 4907 3455 4961 suo,
3486 4897 3559 4954 de

1964 5000 2071 5060 qua
2097 4983 2364 5052 scriptum
2393 4988 2478 5038 est
2510 4999 2523 5036 :
2558 4980 2683 5038 Non
2705 4992 2870 5055 potest
2898 4984 3145 5042 abscondi
3168 4986 3347 5041 civitas
3359 5002 3477 5059 qua:
3505 4990 3562 5046 in

1966 5118 2186 5181 quoque
2230 5109 2476 5181 apparet.
2512 5100 2929 5181 Dise_rs1__enirn
2956 5118 3119 5177 supra
3170 5104 3558 5181 Hieronymus,

1965 5174 2203 5248 quodque
2224 5174 2487 5248 sequitur,
2519 5183 2573 5230 et
2600 5174 2921 5248 gloriﬁcabo
2943 5174 3061 5241 eos,
3092 5187 3148 5232 et
3170 5192 3277 5232 non
3306 5174 3563 5238 alienos;

1966 5240 2191 5310 buntur,
2216 5244 2273 5299 in
2301 5240 2449 5318 LXX
2468 5240 2808 5318 nonﬁabetur
2851 5260 2871 5302 :
2900 5248 3140 5303 subdens
3168 5257 3382 5318 postea,
3421 5252 3563 5309 [ζαν-

1965 5335 2181 5389 sumque
2201 5326 2248 5371 et
2275 5318 2374 5389 hoc
2393 5317 2447 5389 in
2469 5315 2610 5372 LXX
2633 5334 2734 5389 non
2757 5317 2995 5383 habetur,
3015 5315 3181 5374 verba
3190 5326 3560 5389 conveniunt.

1967 5393 2039 5447 At
2068 5386 2176 5446 non
2204 5389 2279 5443 ita
2303 5387 2354 5445 si
2397 5386 2634 5455 legatur,
2668 5387 2997 5460 Rursumque
3042 5391 3097 5443 in
3148 5388 3410 5447 Ηώταίτο
3457 5413 3564 5454 non

1964 5462 2180 5519 habetur
2206 5475 2224 5515 :
2251 5461 2630 5532 cumAaqunod
2658 5461 2855 5515 deesse
2882 5459 3234 5532 inueni-nico
3256 5476 3421 5532 supra
3448 5468 3567 5524 dic-

1970 5543 2084 5591 tum
2118 5548 2224 5587 non
2250 5531 2341 5587 sit.
2376 5530 2475 5586 Hic
2508 5530 2657 5587 locus
2682 5532 2904 5585 vitiatus
2926 5530 3018 5586 diu
3040 5530 3380 5590 eruditorum
3406 5542 3568 5597 torsit

1968 5606 2188 5677 ingenia
2214 5622 2228 5659 :
2251 5603 2627 5677 conﬁciebant
2648 5601 2799 5677 enim
2819 5616 2887 5677 es
2916 5616 3003 5669 eo,
3034 5613 3129 5677 aut
3154 5616 3263 5677 non
3290 5620 3415 5677 esse
3436 5610 3570 5667 llic-

1968 5673 2209 5750 ιιθὶῃαί,
2258 5673 2382 5751 (ιειῴ
2420 5673 2581 5745 vulgo
2618 5673 3237 5751 circugnigrturﬂeditio,
3289 5676 3342 5732 in
3374 5694 3483 5751 qua
3518 5684 3565 5741 is

1967 5742 2566 5826 versus-ptumus
2616 5745 2785 5826 ειιςεε
2831 5742 3194 5826 «suum
3222 5742 3565 5826 meum.

1968 5835 2092 5878 cum
2125 5815 2424 5874 llebraicus
2445 5815 2617 5872 codex
2640 5816 2851 5887 integer
2881 5815 2959 5873 illi
2983 5816 3242 5875 defuerit.
