4080 6326
199 340 307 400 875

673 341 1326 402 COMMENTARIORUM
1368 339 1432 398 IN
1471 340 1821 400 JEHEMIAM
1863 339 2285 400 PROPIIETMI
2327 342 2455 398 LIB.
2510 342 2592 398 γι.
2637 343 2784 400 CAP.
2832 341 3025 399 XXXI.

3395 345 3502 400 874

196 456 305 512 line
336 453 710 516 delebitur.Et
737 461 972 516 attraxit
1000 475 1123 517 eum
1148 461 1797 533 miserans.Nequaquam
1825 463 1876 524 Α
1906 459 2100 526 simus,
2137 462 2357 518 nomine
2395 471 2575 516 autem
2607 463 2787 518 dexter
2815 472 3065 530 vocatur,
3095 463 3162 518 de
3207 463 3501 519 increduli-

197 548 344 604 enim
373 551 596 617 merito,
622 553 715 607 sed
746 553 1039 609 clementia
1061 555 1301 608 salvatus
1331 564 1433 608 est.
1453 554 1796 624 Rursumque

197 641 316 697 ait:
361 643 666 715 .Ediﬁcabo
689 654 756 712 te,
789 655 835 701 et
872 647 1234 717 wdiﬁcaberis,
1277 649 1418 718 t'irgo
1452 646 1638 704 Israel.
1684 647 1796 702 Hoc

199 737 422 806 proprie
455 738 830 809 intelligamus
864 741 916 795 in
949 740 1215 795 Ecclesia.
1252 741 1497 796 Delii-ant
1533 739 1677 795 enim
1705 741 1794 809 qui

197 841 419 883 auream
450 839 616 900 atque
643 842 974 901 gemmatam
1005 832 1282 901 suspirant
1307 832 1794 898 Jerusalem,suam

197 921 486 976 avaritiam
512 923 566 977 in
619 923 884 994 mysterio
913 925 1064 980 urbis
1118 923 1337 980 Domini
1382 933 1793 980 consecrantes.

197 1014 391 1069 Adhuc
419 1015 708 1070 ornaberis
743 1017 1019 1087 tympanis
1051 1017 1182 1083 tuis,
1205 1025 1266 1072 ut
1287 1033 1454 1072 canas
1487 1017 1720 1072 Domino
1743 1017 1794 1071 in

199 1107 488 1176 Eeclcsiis,
520 1111 671 1165 omni
701 1113 753 1165 in
802 1120 854 1166 te
902 1111 1166 1166 malorum
1222 1127 1447 1180 operum
1475 1127 1638 1168 carne
1668 1126 1797 1168 con-

197 1211 435 1273 sumpta.
463 1203 534 1260 Et
569 1203 868 1276 egredieris
901 1205 953 1260 in
985 1207 1156 1262 choro
1189 1206 1490 1261 ludentium
1516 1221 1637 1261 cum
1666 1202 1801 1276 geu-

200 1295 335 1350 tium
364 1297 563 1364 turbis,
600 1297 871 1368 plautabis
892 1299 1084 1354 vineas
1112 1300 1165 1353 in
1209 1300 1482 1355 montibus
1514 1298 1794 1355 Samarim.

196 1389 554 1463 Nequaquam
585 1393 636 1447 in
666 1392 902 1448 vallibus
953 1401 1008 1448 et
1061 1393 1359 1447 humilibus
1409 1393 1572 1457 locis;
1621 1390 1717 1447 sed
1744 1391 1798 1444 in

199 1486 480 1541 montibus
511 1485 802 1552 Samaritc,
827 1486 918 1557 qui
951 1496 1072 1555 post
1101 1481 1468 1556 captivitatem
1493 1485 1676 1556 populi
1721 1483 1800 1538 Is-

199 1580 312 1636 rael
356 1581 428 1634 ab
477 1581 804 1652 alienigenis
853 1581 1092 1652 ροεςθεεί
1133 1589 1292 1645 sunt,
1322 1580 1518 1650 quibus
1549 1577 1796 1632 dicitur:

199 1671 450 1726 Plantate
480 1672 770 1742 plantaria,
820 1682 867 1726 et
898 1672 1234 1727 vindetniatr.
1267 1671 1424 1727 Tunc
1453 1671 1550 1726 fuit
1588 1670 1802 1744 1060

198 1767 317 1823 dies
348 1767 592 1834 Domini,
623 1768 675 1822 in
710 1781 815 1838 qua
845 1767 1222 1822 clamaverunt
1252 1765 1510 1821 custodes
1550 1764 1799 1836 Apostoli

1903 557 2032 618 tate,
2074 551 2141 606 de
2164 550 2364 621 frigore
2397 553 2697 608 Dominica:
2727 554 3016 609 charitatis
3041 570 3056 619 ;
3082 563 3135 608 et
3164 570 3500 626 congregare

1901 658 1996 699 eos
2028 643 2096 698 ab
2121 645 2388 699 extremis
2419 655 2604 713 terrae,
2638 663 2745 700 non
2801 647 2854 701 in
2882 647 2990 702 alio
3021 658 3287 718 tempore,
3322 647 3417 704 sed
3447 648 3500 702 in

1902 738 2248 793 solemnitate
2296 739 2489 804 Phase,
2526 740 2626 795 hoc
2679 749 2782 805 est,
2819 740 2964 795 feriis
3025 740 3322 796 DOIIIiIIiCiB
3370 757 3496 812 pas-

1900 833 2116 886 sionis:
2171 833 2388 903 quando
2440 835 2729 889 crucilixus
2790 835 3049 891 Dominus
3115 846 3218 900 est.
3309 837 3502 906 imple-

1900 933 2120 992 tumquc
2168 924 2296 978 illud
2341 925 2484 996 quad
2536 927 2649 996 ipse
2699 928 2751 981 in
2812 926 3102 998 Evangelia
3154 927 3492 998 repromisit.

1905 1019 2114 1092 1061
2170 1019 2297 1074 Cum
2349 1019 2608 1074 exaltatus
2662 1024 2811 1090 {uero
2863 1038 2896 1074 a
2942 1031 3103 1088 terra,
3162 1023 3337 1076 omnia
3391 1031 3500 1074 tra-

1901 1110 2022 1164 ham
2067 1111 2136 1165 ad
2185 1128 2264 1164 me
2309 1109 2490 1182 (Joan.
2519 1111 2750 1182 XII,25).
2777 1111 2928 1168 Tunc
2952 1115 3234 1183 generavit
3267 1113 3499 1168 multant

1903 1208 2183 1278 populum,
2233 1220 2286 1262 ut
2329 1209 2456 1263 illud
2491 1208 2808 1277 impleretur
2838 1207 2994 1262 Isaia:
3030 1226 3042 1260 :
3079 1208 3216 1275 Quia
3256 1217 3381 1262 nata
3426 1217 3498 1261 est

1901 1317 2062 1370 genus
2097 1312 2117 1339 ε
2151 1301 2308 1355 semel
2333 1300 2489 1369 (Isai.
2525 1316 2669 1365 LXVI,
2703 1317 2804 1355 sec.
2842 1298 3033 1367 LXX).
3067 1299 3191 1356 Uno
3223 1301 3365 1355 enim
3411 1299 3500 1354 die

1902 1396 2005 1446 tria
2037 1392 2223 1459 millia,
2259 1392 2430 1447 altero
2467 1393 2708 1462 quinque
2740 1390 2904 1444 i‘nillia
2941 1391 3223 1445 hominum
3251 1390 3498 1446 credide-

1903 1493 2028 1540 runt
2055 1483 2195 1557 (Act.
2228 1500 2265 1539 ιι
2296 1495 2344 1538 et
2378 1484 2475 1554 tv).
2515 1485 2781 1553 Quodque
2808 1483 2860 1538 in
2893 1481 3158 1538 Hebraico
3191 1483 3449 1538 scribitur
3487 1499 3500 1534 :

1903 1575 2051 1632 Inter
2079 1594 2209 1649 quos
2233 1588 2379 1632 erunt
2403 1593 2568 1632 ctecus
2587 1586 2636 1632 et
2663 1575 2904 1643 claudus,
2931 1585 2980 1629 et
3006 1591 3303 1648 praegnans,
3333 1587 3380 1630 et
3408 1592 3502 1645 pa-

1903 1671 2044 1724 riens
2074 1669 2251 1735 simul,
2281 1670 2500 1723 ecclesia
2527 1685 2715 1742 magna
2741 1669 3105 1722 revertentium
3141 1667 3241 1722 huc
3265 1684 3284 1722 :
3314 1684 3502 1738 quam‘

1903 1775 2065 1830 quam
2089 1770 2144 1815 et
2167 1760 2318 1829 juxta
2348 1761 2586 1815 litteram
2605 1761 2887 1830 impletum
2914 1761 3007 1827 sit,
3036 1761 3181 1831 quod
3201 1761 3499 1816 caecivide—

197 1859 477 1925 videlicet,
496 1867 554 1915 et
577 1858 863 1930 apoStolici
895 1861 997 1914 viri
1040 1859 1090 1913 in
1123 1868 1307 1913 monte
1325 1857 1616 1924 Samariae,
1666 1869 1716 1911 et
1744 1857 1797 1910 in
1830 1855 1876 1914 B
1906 1851 2032 1916 rint,
2064 1851 2242 1906 claudi
2285 1851 2717 1906 ambulaverint:
2751 1861 2928 1908 tamen
2966 1852 3163 1909 melius
3189 1855 3345 1924 juxta
3375 1868 3508 1909 ana-

200 1962 388 2010 monte
423 1953 939 2023 Epliraim,quorum
959 1951 1192 2008 alterum
1217 1952 1528 2021 custodiam,
1563 1953 1798 2006 alterum

201 2047 486 2102 ubertatem
516 2056 692 2102 sonat.
710 2045 850 2114 Quid
874 2060 1004 2102 vero
1025 2045 1213 2101 dicunt
1241 2048 1496 2102 custodes
1513 2045 1798 2112 Samariaa,

201 2138 370 2196 immo
395 2139 524 2210 quid
555 2140 796 2194 clamant
826 2139 878 2193 in
911 2150 1099 2195 monte
1141 2138 1438 2210 Ephraim?
1466 2137 1684 2209 Surgite
1709 2139 1800 2208 qui

199 2231 418 2302 jacetis,
454 2230 682 2285 humilia
707 2230 1024 2302 relinquite,
1051 2232 1394 2286 victimarum
1419 2230 1624 2286 hostias
1650 2245 1804 2300 sper—

203 2323 335 2380 nite.
375 2324 708 2393 Sacri/icium
735 2322 963 2378 Domino
985 2325 1198 2397 spiritus
1219 2325 1596 2380 contribulatus
1627 2323 1798 2397 (Psal.

203 2417 278 2491 ι).
313 2417 690 2474 Ascendamus
721 2421 774 2474 in
806 2419 962 2486 Sion,
995 2419 1098 2475 hoc
1113 2429 1218 2488 est,
1251 2421 1304 2476 in
1336 2419 1664 2485 Ecclesium,
1713 2417 1804 2472 ubi

203 2521 290 2568 est
317 2510 622 2581 speculatio
670 2521 725 2566 et
765 2511 997 2567 intuitus
1026 2511 1140 2566 Dei.
1172 2513 1418 2581 Cumque
1445 2509 1706 2566 fuerimus
1751 2509 1804 2563 in

206 2601 358 2667 Sion,
387 2604 556 2657 immo
581 2603 995 2659 ascenderimus
1013 2611 1040 2639 ει
1058 2602 1125 2658 ad
1157 2618 1304 2671 eam,
1337 2601 1700 2658 ascendamus
1714 2615 1810 2671 pa-

205 2696 340 2752 riter
368 2697 435 2752 ad
464 2695 751 2752 Dmninum
789 2697 956 2752 Deum
979 2704 1249 2752 nostrum.

282 2791 464 2863 (Vers.
497 2792 577 2862 7.)
610 2792 745 2859 Quia
777 2791 886 2845 haec
930 2791 1054 2844 dicit
1104 2789 1360 2844 Dominus
1393 2805 1412 2843 :
1449 2787 1728 2844 Exsultate
1756 2789 1810 2842 in

212 2882 394 2937 laetitia
414 2882 604 2948 Iacob,
627 2891 674 2937 et
707 2883 908 2937 hinnite
925 2892 1107 2936 contra
1135 2890 1294 2952 caput
1321 2883 1550 2952 gentium
1569 2897 1588 2935 :
1638 2897 1813 2954 perso-

210 2985 348 3040 nate,
384 2977 552 3029 canite
569 2974 620 3038 δ,
643 2983 692 3030 et
716 2975 911 3030 dicite:
939 2975 1155 3031 Salvum
1172 2975 1277 3044 (ac,
1300 2973 1544 3042 Domine,
1563 2975 1812 3045 populum

213 3075 384 3133 tuum,
427 3069 672 3139 reliquias
701 3067 893 3123 Israel.
922 3067 1316 3139 Signiﬁcanter
1335 3083 1442 3122 non
1472 3077 1618 3123 totus
1639 3067 1816 3121 salva-

213 3170 303 3218 tur
331 3162 522 3229 Israel,
555 3162 651 3217 sed
673 3161 921 3232 reliquias
969 3161 1157 3230 Israel,
1193 3162 1552 3233 praecipiente
1583 3159 1816 3216 Domino

214 3267 380 3328 atque
410 3256 631 3313 dicente
665 3274 678 3310 :
713 3256 989 3313 Exsultate
1014 3259 1068 3312 in
1103 3258 1304 3321 latitia,
1334 3258 1425 3328 qui
1465 3257 1586 3311 estis
1623 3257 1690 3311 de
1711 3254 1809 3310 Ja-
1843 3237 1890 3301 (ἶ

218 3349 331 3414 cob,
358 3360 405 3404 et
435 3350 658 3416 hinnite,
691 3350 758 3404 ad
791 3360 952 3421 caput
978 3353 1228 3422 gentium
1257 3349 1564 3406 referentes
1596 3361 1814 3417 cuneta,

218 3441 341 3512 quia
370 3442 545 3497 cauda
572 3442 848 3512 quondam
876 3458 1034 3498 versa
1069 3452 1154 3497 est
1186 3444 1238 3497 in
1279 3449 1468 3512 caput.
1511 3440 1816 3506 Personate,

221 3535 412 3599 canite,
442 3544 491 3589 et
513 3535 689 3589 dicite.
719 3533 861 3602 Quid
887 3535 1121 3590 estillud
1156 3533 1298 3604 quod
1313 3533 1578 3606 jubentur
1599 3530 1822 3587 dicere?

223 3627 437 3681 Salvum
463 3629 571 3695 fac,
602 3625 846 3692 Domine,
873 3625 1123 3700 populum
1151 3637 1316 3681 luunt.
1337 3627 1507 3692 Quem
1535 3623 1822 3695 pupulum?

223 3718 426 3790 Utique
445 3719 694 3790 reliquias
738 3717 928 3781 Israel,
960 3735 1081 3790 qua:
1136 3717 1443 3774 secundum
1496 3716 1820 3772 electionem

224 3813 391 3868 salva:
419 3814 572 3868 factae
597 3824 745 3868 sunt.
763 3813 1052 3883 Dequibus
1078 3811 1343 3868 etPaulus
1363 3825 1650 3866 assumens
1675 3808 1825 3863 testi-

225 3907 468 3963 monium
499 3906 652 3963 Isaiae
677 3907 957 3977 l0quitur:
989 3904 1111 3960 Nisi
1140 3905 1395 3960 Dominus
1447 3901 1659 3957 sabaotlt
1702 3899 1825 3956 reli-

227 4002 419 4072 quisset
440 4002 590 4056 nobis
609 4018 802 4068 semen,
822 4001 954 4056 sicut
983 4000 1213 4057 Sodoma
1231 4000 1356 4071 facti
1375 4015 1618 4064 essemus,
1636 4006 1682 4051 et
1695 3996 1825 4050 sicut

228 4093 525 4150 Gomorrlta
550 4095 746 4149 similes
775 4094 1051 4164 fuissemus
1079 4091 1213 4164 (Isa.
1247 4108 1288 4158 ι,
1318 4093 1384 4157 9;
1417 4089 1570 4144 Rom.
1596 4105 1672 4158 ιι,
1705 4087 1823 4158 29).

301 4191 321 4262 (
349 4189 510 4246 Vers.
539 4190 593 4245 8.
624 4192 644 4260 )
699 4186 833 4243 Ecce
860 4205 953 4262 ego
985 4189 1246 4241 adducam
1277 4202 1360 4241 eos
1392 4183 1458 4237 de
1492 4193 1630 4238 terra
1668 4182 1829 4252 Aqui-

231 4284 388 4352 lonis,
419 4293 466 4338 et
493 4284 810 4356 congreqabo
851 4298 936 4337 eos
964 4280 1026 4336 ab
1069 4280 1307 4335 extremis
1336 4289 1501 4334 torrat.
1527 4275 1683 4345 Quod
1736 4287 1827 4328 se-

231 4377 417 4447 quitur
441 4391 454 4428 :
486 4372 551 4427 In
576 4374 897 4428 solemnitate
923 4370 1115 4437 Phase,
1149 4379 1198 4424 ct
1235 4367 1502 4441 generabit
1524 4365 1664 4436 ﬁlios
1692 4364 1827 4418 mul-

236 4469 413 4535 tos,iu
455 4466 724 4522 Hebraico
752 4482 858 4521 non
899 4466 1155 4532 habetur,
1209 4462 1306 4520 sed
1359 4462 1411 4516 in
1470 4457 1830 4531 Septuaginta

1907 1959 2077 2015 gogen
2133 1944 2356 2016 intelligi
2408 1953 2608 2016 potest,
2647 1945 2793 2014 quod
2839 1945 2931 2016 qui
2978 1947 3127 2016 prius
3179 1957 3339 2004 erant
3374 1949 3510 2004 casei

1908 2038 2153 2107 perﬁdia,
2189 2049 2374 2108 postea
2403 2038 2740 2094 crediderint
2765 2038 3080 2106 Salvatori;
3109 2050 3166 2094 et
3195 2041 3286 2110 qui
3309 2040 3511 2109 claudi,

1905 2129 2103 2199 quibus
2135 2131 2407 2202 quondam
2436 2130 2760 2201 loquebatur
2791 2129 2967 2184 Elius:
3007 2129 3286 2201 Usquequo
3310 2133 3516 2187 claudi-

1907 2223 2034 2276 catis
2063 2234 2277 2290 utroque
2320 2224 2448 2292 pede
2475 2221 2567 2295 (III
2602 2223 2733 2295 Reg.
2763 2238 2920 2288 xvm,
2947 2222 3069 2294 ‘21)?
3105 2234 3292 2295 postea
3321 2226 3518 2282 ambu-

1907 2314 2140 2371 laverint
2171 2314 2278 2388 [Al.
2308 2314 2593 2388 viderint].
2630 2315 2728 2370 Et:
2763 2314 2999 2387 Populus
3023 2317 3113 2387 qui
3133 2317 3340 2372 sedebat
3362 2320 3414 2372 in
3444 2329 3517 2374 te-

1909 2406 2078 2460 nebris
2104 2416 2154 2460 et
2171 2408 2351 2461 umbra
2374 2409 2574 2471 mortis,
2606 2422 2856 2475 magnum
2887 2405 3060 2461 lumen
3083 2408 3514 2481 aspexeritUsai.

1910 2513 1987 2566 ιιι,
2015 2499 2097 2569 2);
2127 2498 2418 2568 claudique
2439 2497 2804 2563 cucurrerint,
2830 2505 2885 2552 et
2917 2513 3203 2567 praegnans
3239 2503 3522 2571 pepererit

1913 2590 2077 2655 ﬁlios,
2126 2590 2424 2645 Ecclesium
2470 2605 2718 2660 magnam
2772 2589 3160 2645 revertentium
3207 2592 3274 2646 ad
3328 2591 3514 2648 iidem.

1913 2683 2084 2739 Judaei
2118 2691 2305 2753 putant
2336 2682 2440 2739 hoc
2468 2697 2592 2739 esse
2615 2681 2972 2753 completum,
3002 2684 3221 2754 quando
3251 2685 3352 2739 sub
3381 2686 3515 2740 Ezra

1913 2785 2040 2848 post
2067 2775 2212 2831 diem
2240 2775 2417 2830 Phase
2445 2775 2650 2847 egressi
2680 2786 2809 2830 sunt
2839 2775 2906 2829 de
2939 2774 3216 2848 Babylone
3245 2788 3302 2831 ut
3334 2793 3520 2834 rever-

1913 2878 2162 2927 terentur
2181 2869 2508 2935 Jerusalem,
2538 2870 2592 2924 iu
2622 2877 2904 2942 quotypus
2919 2868 3042 2936 fuit,
3065 2878 3123 2926 et
3153 2887 3261 2925 non
3291 2873 3512 2927 veritas.

1915 2964 2104 3034 Neque
2134 2964 2279 3018 enim
2312 2962 2365 3016 in
2407 2963 2499 3018 illo
2532 2973 2780 3032 tempore
2812 2961 3089 3028 universa,
3131 2979 3255 3034 quae
3287 2965 3520 3036 legimus

1917 3064 1973 3111 et
2002 3053 2195 3110 lecturi
2222 3067 2431 3120 sumus,
2455 3052 2625 3108 fuisse
2647 3053 2918 3124 completa
2948 3062 3207 3126 poterunt
3230 3054 3337 3128 [Αι.
3369 3065 3520 3127 pote-

1920 3148 2067 3220 rant]
2098 3146 2424 3218 approbare.

1993 3240 2174 3312 (Vers.
2209 3240 2289 3310 9.)
2317 3238 2386 3295 In
2411 3241 2536 3311 fletu
2568 3239 2770 3294 uenient
2801 3239 2940 3312 (sive
2970 3240 3318 3313 egredientur)
3353 3260 3372 3297 .'
3401 3252 3450 3297 et
3473 3243 3526 3295 in

1921 3333 1947 3373 δ
1980 3335 2334 3390 misericordia
2362 3335 2606 3388 reducam
2632 3350 2718 3388 eos
2753 3376 2767 3400 ,
2797 3343 2844 3389 et
2887 3334 3144 3390 adducam
3169 3352 3255 3390 eos
3301 3353 3393 3407 per
3418 3347 3525 3391 tor-

1921 3440 2091 3486 rentes
2123 3444 2382 3500 aquarum
2417 3419 2470 3482 in
2508 3428 2591 3482 via
2631 3440 2802 3491 recta,
2843 3436 2890 3482 et
2927 3443 3028 3482 non
3069 3429 3351 3500 impingent
3387 3429 3526 3500 (sive

1924 3537 2028 3574 non
2053 3519 2320 3589 errabant)
2359 3519 2414 3573 in
2453 3534 2532 3572 ea.
2573 3517 2712 3585 Quia
2740 3523 2909 3587 factus
2938 3535 3050 3572 sunt
3083 3517 3253 3573 Israel
3279 3528 3445 3590 pater,
3481 3531 3528 3574 et

1927 3612 2180 3684 Ephraim
2218 3611 2588 3684 primogenitae
2625 3627 2770 3664 meus
2799 3621 2894 3666 est.
2934 3610 2992 3666 Si
3019 3610 3168 3682 juxta
3203 3611 3525 3667 lIebraicum

1927 3705 2240 3776 legerimus,
2282 3705 2336 3757 in
2374 3703 2498 3772 fletu
2538 3703 2736 3757 uenient
2777 3720 2798 3757 :
2840 3703 2943 3758 hoc
2982 3703 3128 3758 enim
3169 3703 3372 3758 indicat
3401 3720 3528 3759 usu

1934 3798 2139 3871 (mi);
2167 3797 2413 3853 dicemus
2442 3795 2585 3865 quod
2623 3794 2918 3859 interdum,
2951 3805 3006 3850 et
3036 3795 3185 3850 nimii
3215 3796 3398 3866 gaudii
3430 3797 3531 3852 tle-

1934 3903 2021 3950 tus
2051 3893 2310 3948 indicium
2340 3889 2433 3956 sit,
2458 3889 2610 3960 juxta
2645 3889 2775 3944 illud
2811 3909 2825 3946 :
2855 3887 3152 3960 Lacrymor
3174 3889 3392 3960 gaudio.
3431 3889 3527 3945 Sin

1931 3997 2110 4041 autem
2140 3984 2290 4056 justa
2317 3982 2668 4052 Septuaginta
2694 3982 2785 4051 qui
2814 3981 3066 4036 dixerunt
3095 3998 3108 4035 :
3141 3977 3208 4034 In
3231 3981 3357 4051 ﬂetu
3381 3997 3530 4053 egre-

1932 4078 2124 4143 dietur,
2155 4085 2202 4128 et
2229 4075 2284 4128 in
2309 4073 2689 4139 misericordia,
2717 4073 2834 4128 sive
2859 4074 2913 4126 in
2941 4073 3346 4128 consolationem
3375 4073 3534 4128 redu-

1933 4187 2050 4224 cam
2089 4185 2196 4233 eos,
2239 4167 2393 4223 illum
2434 4179 2598 4221 sensu
2641 4179 2936 4233 ponemus,
2983 4163 3078 4235 qui
3114 4175 3170 4221 et
3211 4165 3264 4220 in
3307 4166 3536 4236 psalmis

1934 4265 2133 4322 dicitur
2159 4281 2172 4318 :
2198 4260 2394 4316 Euntes
2419 4260 2562 4314 ibant
2584 4269 2630 4314 et
2654 4260 2866 4330 flebant,
2892 4260 3153 4314 mittentes
3179 4259 3375 4314 semina
3398 4276 3494 4313 sua
3518 4276 3536 4314 :

1945 4357 2214 4413 Venientes
2256 4364 2430 4408 autem
2471 4354 2672 4408 venient
2705 4369 2821 4406 cum
2866 4351 3236 4420 exsultatione,
3271 4362 3537 4424 portantes

1935 4451 2231 4521 manipulos
2270 4464 2392 4503 suos
2419 4446 2594 4520 (Psol.
2637 4462 2798 4514 cuv,
2841 4447 2896 4513 7,
2927 4447 3005 4518 8).
3035 4445 3332 4502 Fleverunt
3361 4451 3534 4515 enim,

234 4571 446 4617 tantum
499 4559 720 4629 legitur,
754 4574 852 4631 pro
898 4573 1007 4630 quo
1060 4557 1201 4629 apud
1251 4555 1512 4611 Hebraeos
1561 4550 1829 4621 scriptum
1864 4624 1902 4631 ξ
1936 4546 2156 4618 quando
2193 4542 2392 4614 captivi
2432 4541 2579 4598 ducti
2611 4551 2742 4597 sunt
2769 4557 2785 4596 :
2817 4549 2872 4596 et
2900 4540 3332 4631 consolationem
3365 4542 3540 4597 maxi-

235 4669 318 4714 est
343 4675 357 4712 ε

309 4749 458 4804 Inter
481 4763 611 4817 quos
642 4755 788 4800 erunt
821 4761 1007 4811 circus,
1032 4753 1081 4800 et
1111 4743 1350 4810 claudus,
1383 4752 1430 4796 et
1458 4754 1756 4814 prwgnans,
1789 4746 1837 4791 et

239 4844 450 4915 pariens
489 4839 647 4895 simul
695 4855 714 4894 :
762 4837 1000 4893 Ecclesia
1052 4853 1242 4908 magna
1281 4834 1654 4900 ,revertentium
1711 4831 1833 4884 huc.

239 4936 657 5007 Congri-gantur
690 4933 934 5002 reliquiae
965 4931 1144 5000 populi
1176 4927 1338 4983 Israel
1372 4942 1472 4997 per
1516 4922 1836 4996 Apostolos,

244 5039 300 5087 et
329 5027 662 5100 apostolicos
695 5027 863 5092 viros,
895 5025 962 5079 de
985 5023 1180 5094 quibus
1212 5035 1374 5090 supra
1415 5019 1688 5090 legimus:
1717 5013 1839 5069 Cla-

241 5121 454 5176 mabunt
484 5119 725 5174 custodes
782 5119 835 5171 in
881 5126 1071 5180 monte,
1119 5123 1177 5168 et
1224 5111 1424 5183 quibus
1476 5106 1835 5180 praecipitur:

243 5213 550 5282 Personate,
579 5215 769 5279 canite,
814 5220 858 5265 et
885 5209 1068 5274 dicite,
1103 5214 1160 5261 ut
1206 5205 1370 5260 salva:
1420 5203 1553 5258 ﬁant
1593 5197 1842 5270 reliquiae

246 5308 437 5364 Israel.
471 5307 594 5377 Ipse
622 5319 839 5376 quoque
867 5303 1136 5358 Dominus
1167 5299 1456 5370 pollicetur
1497 5309 1558 5351 se
1588 5291 1846 5349 reductu-

246 5419 366 5460 rum
395 5417 491 5458 eos
519 5401 589 5457 de
629 5408 774 5457 terra
797 5395 1108 5470 Aquilonis,
1140 5394 1234 5466 qui
1284 5402 1370 5448 est
1419 5401 1616 5446 ventus
1663 5385 1847 5443 duris-

324 5601 350 5629 α
379 5590 584 5656 Vatic.,
615 5588 992 5644 ascenderimus
1014 5583 1206 5658 pariter
1229 5581 1298 5637 ad
1325 5596 1460 5647 eam,
1509 5573 1841 5632 ascendemus

253 5664 321 5718 ad
351 5663 647 5724 Dominum,
684 5672 790 5714 etc.

323 5733 351 5774 δ
385 5733 552 5806 Idem,
573 5734 741 5806 canite
771 5731 914 5806 tuba,
953 5738 1000 5783 et
1030 5729 1211 5806 dicit_c_._
1453 5793 1466 5806 θ
1708 5787 1737 5806 γε

328 5817 350 5845 ο
380 5805 486 5860 Prn
515 5801 691 5863 semel,
717 5802 771 5856 in
801 5801 1050 5870 Vulgata,
1070 5809 1126 5854 et
1152 5799 1850 5870 Hieronymianayetlsione

257 5888 340 5935 σει
364 5876 520 5931 simul
535 5889 554 5939 ;
582 5861 813 5929 ιιοιινίιιο
839 5861 961 5932 nn}:
993 5861 1137 5937 Dim,
1155 5878 1211 5926 et
1229 5861 1426 5926 Grae'eo
1451 5868 1522 5928 εἰς
1550 5861 1700 5926 sine
1719 5872 1853 5914 con-

546 5969 828 6030 PATROL.
884 5965 1117 6026 XXIV.

1861 4624 1913 4686 D
1941 4653 2084 4694 mam
2125 4643 2479 4706 receperunt,
2507 4634 2728 4704 quando
2755 4630 3133 4687 misericordia
3167 4631 3380 4709 Domini
3409 4641 3539 4687 sunt

1938 4730 2172 4786 reducti.
2219 4728 2285 4782 Et
2321 4725 2544 4781 adduxit
2585 4739 2684 4780 eos
2725 4723 2990 4778 Domin‘us
3029 4736 3126 4793 per
3155 4723 3451 4794 apostolos,
3484 4732 3540 4778 et

1939 4823 2272 4897 apostolicos
2313 4820 2483 4886 viros,
2517 4819 2706 4888 plenos
2737 4830 3001 4887 aquarum
3028 4827 3084 4872 et
3115 4815 3406 4886 largissimi
3439 4815 3530 4869 ηυι

1941 4919 2128 4985 minis,
2175 4915 2228 4970 in
2268 4913 2356 4968 via
2394 4921 2541 4968 recta
2577 4909 2683 4982 [ΑΙ.
2718 4906 2928 4980 rectm],
2957 4907 3216 4964 videlicet
3245 4906 3394 4972 Iidei,
3429 4921 3537 4959 non

1941 5015 1995 5071 in
2036 5009 2262 5084 perﬁdia
2303 5005 2640 5062 Iudaeorum.
2687 5003 2752 5058 Et
2783 5019 2904 5068 non,
2938 5003 3133 5073 inquit,
3167 5001 3454 5072 impingent
3483 5001 3539 5053 in

1943 5123 2026 5173 ea,
2071 5103 2195 5174 quia
2237 5099 2366 5154 czeei
2403 5113 2528 5154 esse
2559 5105 2870 5162 cessarunt,
2903 5095 3098 5164 quibus
3126 5092 3396 5162 quondam
3427 5090 3546 5146 dicv

1947 5207 2058 5253 tum
2101 5204 2186 5252 est
2229 5211 2244 5247 :
2289 5191 2351 5247 Si
2395 5191 2516 5247 eieci
2561 5189 2736 5246 essetis
2759 5229 2774 5253 ,
2815 5203 2919 5240 non
2958 5185 3211 5239 haberetis
3256 5191 3544 5252 peccaturus

1949 5290 2109 5346 Nunc
2147 5302 2266 5342 vero
2301 5285 2423 5356 quia
2461 5284 2638 5338 dicitis
2679 5297 2699 5338 :
2735 5281 2987 5341 uidemus.
3029 5288 3297 5349 peccatum
3324 5285 3545 5330 vestrum

1947 5392 2120 5438 manet
2149 5376 2330 5452 (Joan.
2373 5393 2450 5445 ts,
2494 5377 2611 5448 41).
2657 5375 2953 5431 Possumus
2989 5371 3134 5425 viam
3177 5367 3388 5441 1062
3423 5383 3546 5424 rec.

1948 5561 2367 5624 tradicentibus.
2392 5559 2532 5616 Vide
2555 5572 2676 5630 quae
2703 5554 2770 5610 ad
2799 5551 2946 5607 hunc
2969 5549 3146 5606 locum
3179 5548 3232 5603 in
3259 5547 3554 5606 Commen-

1950 5649 2054 5696 tar.
2088 5638 2157 5693 ad
2188 5634 2314 5690 Isai.
2347 5647 2510 5700 supra
2545 5633 2924 5700 observamus.

2024 5691 2052 5747 ά
2084 5691 2142 5765 In
2174 5691 2600 5776 Hieronymiana
2629 5695 2922 5760 Versioue,
2950 5701 3007 5750 et
3036 5692 3216 5764 Vulg.,
3239 5692 3296 5745 in
3315 5691 3553 5763 precibus

1956 5781 2208 5838 deducam
2237 5793 2343 5842 eos,
2375 5783 2482 5832 etc.

2995 5934 3078 5998 28
