4080 6326
551 329 657 388 879

553 442 835 510 capiamus
885 439 1248 496 memoriam?
1298 434 1566 503 Quodque
1625 432 1819 487 dixere
1869 430 2038 498 LXX,
2103 439 2151 484 et
2182 437 2224 494 Α

555 535 753 588 ostendi
801 545 868 594 te.
905 533 1200 602 signiﬁcat,
1252 529 1398 601 quod
1441 534 1725 598 postquam
1762 526 2056 596 ingemuit,
2091 533 2145 579 et

553 641 649 681 Sila
674 625 866 681 delicta
896 626 1175 694 cognovit,
1225 631 1354 678 tunc
1383 622 1436 676 in
1468 631 1678 675 tantum
1713 622 2016 690 proleCtum
2060 633 2149 672 ve-

555 721 717 783 tterit,
751 731 806 772 ut
839 720 1002 773 etiam
1033 716 1155 771 aliis
1193 714 1579 786 ignorantibus
1619 714 1786 767 Deum
1819 711 2147 774 ostenderit,

548 817 703 885 juxta
740 814 792 868 id
819 813 961 884 quod
996 812 1161 867 David
1198 811 1468 882 paenitens
1505 809 1717 881 1067
1749 803 2152 877 loquiturzDo-

553 910 674 962 cebo
711 907 912 978 iniquos
955 907 1064 960 vias
1110 917 1250 972 tuas,
1306 915 1352 958 et
1398 905 1548 969 impii
1591 904 1659 955 ad
1701 913 1746 955 te
1789 909 2151 955 convertentur

547 999 731 1068 (Psal.
757 1015 812 1062 ι,
847 998 973 1069 13).
1015 997 1080 1051 Ει
1121 995 1265 1066 quod
1297 994 1469 1050 dicit:
1502 993 1761 1059 Quoniam
1787 991 2012 1044 sustinui
2049 1006 2145 1059 op-

547 1093 814 1164 probrium
851 1089 1213 1144 adolescentia
1238 1103 1385 1153 mete,
1423 1103 1519 1154 per
1551 1085 1730 1140 aetatis
1777 1082 2145 1154 ignorantiam

544 1201 809 1257 peccasse
852 1200 913 1241 se
941 1186 1096 1249 dicit,
1133 1197 1191 1237 ut
1228 1182 1444 1237 facilius
1484 1181 1700 1235 veniam
1749 1186 2145 1247 consequatur,

540 1283 696 1351 juxta
723 1279 856 1335 illud
883 1279 1028 1350 quod
1059 1277 1230 1332 David
1253 1276 1401 1332 canit
1428 1293 1440 1327 :
1463 1273 1670 1330 Delicta
1684 1272 1976 1345 juventutis
1993 1284 2142 1337 mea,

545 1385 594 1428 et
625 1374 952 1448 ignorantias
998 1387 1139 1426 meas
1187 1386 1250 1424 ne
1280 1367 1574 1424 memineris
1619 1364 1810 1439 (Psal.
1850 1379 2000 1429 xxtv,
2045 1363 2142 1432 7).

542 1467 702 1522 Unde
726 1476 783 1521 et
816 1468 869 1520 in
901 1463 1374 1535 consequentibus
1407 1463 1551 1516 Deus
1574 1458 1861 1529 parvulum
1891 1473 2016 1512 eum
2043 1471 2145 1510 vo-

538 1572 628 1618 eat
655 1572 710 1616 et
737 1561 953 1616 deliciis
996 1557 1334 1613 afﬂuentem.
1385 1555 1502 1610 Hoc
1541 1566 1723 1609 autem
1757 1552 1894 1606 dicit
1923 1559 2148 1622 propter

538 1653 857 1709 divitiarum
891 1650 1325 1720 magnitudinem
1349 1657 1404 1703 et
1436 1656 1601 1702 terra:
1644 1645 2006 1708 fertilitatem,
2041 1656 2144 1712 qua

540 1746 806 1816 Epltraitn
842 1745 1016 1799 tribus
1051 1759 1226 1813 usque
1260 1742 1426 1796 hodie
1451 1741 1715 1795 luxuriat.

1796 315 1855 372 S.
1899 312 2165 374 EUSEBII
2207 310 2585 370 HIERONYMI

3743 303 3837 362 880

2330 429 2524 498 (Vers.
2565 427 2661 492 2|,
2701 424 2841 497 22.)
2882 425 3070 482 Statue
3098 433 3123 462 ι
3167 423 3257 478 tibi
3279 423 3539 494 speculas.
3585 434 3714 491 pone
3759 418 3838 472 tibi

2257 522 2635 576 amaritudines
2666 537 2684 574 :
2716 520 2886 591 dirige
2931 536 3022 574 cor
3067 529 3210 572 tuum
3243 519 3295 570 in
3350 517 3486 570 viam
3517 515 3766 567 directam
3789 511 3837 564 in

2253 631 2357 684 qua
2383 613 2680 668 ambulasti.
2713 612 3008 677 Revertere,
3025 611 3168 681 virgo
3190 607 3379 672 Israel,
3408 618 3664 660 revertere
3687 606 3752 658 ad
3775 603 3836 657 ci-

2253 710 2432 764 vitates
2474 717 2592 762 tuas
2622 711 2770 763 istas.
2823 708 3103 778 Usquequo
3135 705 3335 759 deliciis
3367 699 3686 764 dissolveris,
3739 697 3838 766 [ilia

2254 805 2421 877 roga?
2449 805 2569 873 quia
2602 803 2788 857 creavit
2816 802 3072 873 Dominus
3101 817 3285 854 novum
3316 813 3474 867 super
3500 806 3691 850 terram
3720 808 3736 846 :
3766 796 3837 862 fe-

2253 898 2392 950 mina
2423 896 2766 951 circumdabit
2805 899 2990 950 rirum.
3027 894 3170 950 LXX
3199 911 3213 946 :
3247 893 3434 949 Statue
3491 889 3582 942 tibi
3616 885 3839 959 specula-

2251 997 2422 1043 tores:
2444 992 2530 1058 [ac
2550 1005 2753 1058 pinnam
2773 1005 2791 1044 :
2813 991 2882 1042 da
2903 1006 2993 1043 cor
3017 999 3162 1042 tuum
3193 988 3246 1040 in
3272 987 3513 1040 humeros
3545 992 3660 1036 tuos
3679 997 3697 1034 :
3718 981 3838 1034 viam

2248 1083 2303 1137 in
2327 1100 2428 1153 qua
2461 1083 2760 1137 ambulasti.
2803 1082 3092 1147 Revertere,
3121 1085 3265 1150 rirgo
3299 1075 3492 1144 Israel,
3522 1084 3767 1130 revertere
3790 1073 3839 1126 in

2249 1178 2479 1231 civitates
2516 1186 2632 1232 tuas
2667 1179 2864 1249 lugens.
2919 1175 3197 1247 Usquequo
3228 1172 3564 1239 converteris,
3609 1168 3719 1239 [ilia
3759 1167 3842 1221 de-

2250 1272 2468 1340 specta?
2489 1271 2736 1341 quoniam
2763 1269 2955 1323 creavit
2987 1278 3035 1321 te
3067 1266 3318 1321 Dominus
3354 1265 3524 1320 salute
3563 1265 3617 1316 in
3650 1262 3841 1330 planta-

2251 1363 2438 1417 tionem
2471 1380 2653 1416 novam
2679 1363 2770 1417 :in
2799 1361 2969 1416 salute
2997 1369 3086 1415 tua
3117 1359 3409 1414 circuibunt
3456 1358 3713 1411 homines.
3742 1351 3841 1410 Ubi

2249 1473 2352 1513 nos
2383 1456 2643 1520 diximus,
2674 1472 2938 1527 usquequo
2973 1455 3174 1510 deliciis
3219 1453 3542 1517 dissolveris,
3593 1450 3834 1522 Symma-

2246 1551 2384 1606 chus
2439 1550 2641 1620 posuit,
2691 1549 2966 1621 Usquequo
3015 1549 3328 1621 demergeris
3382 1549 3437 1601 in
3487 1543 3840 1619 profundum?

2250 1644 2553 1714 Utramque
2583 1655 2765 1700 autem
2798 1644 3098 1700 editionem
3130 1658 3196 1699 ex
3233 1653 3349 1698 toto
3382 1643 3567 1713 posui,
3606 1653 3663 1697 ut
3690 1655 3842 1712 caput

2247 1739 2720 1806 obscurissimum,
2753 1749 2811 1794 et
2855 1737 3125 1795 Ecclesiae
3154 1739 3447 1794 continens
3478 1748 3838 1807 sacramenta,

615 1839 810 1912 (Vers.
855 1837 984 1905 20.)
1036 1836 1100 1892 Si
1136 1837 1276 1904 ﬁlius
1314 1832 1640 1887 honorabilis
1680 1831 1826 1902 (sive
1879 1826 2142 1900 dilectus)
2173 1831 2220 1892 Β
2249 1848 2276 1886 a
2303 1833 2662 1904 Septuaginta
2698 1832 2848 1904 (sive
2879 1832 3002 1902 quis
3045 1832 3187 1887 alius
3216 1831 3361 1886 hunc
3405 1830 3728 1902 prapbetam
3761 1833 3842 1888 in.

541 1934 671 1988 mihi
700 1931 951 2005 Ephraim
976 1931 1058 1985 :st'
1086 1947 1213 2002 puer
1244 1927 1521 1988 delicatus,
1549 1927 1671 1998 quia
1698 1942 1764 1980 ea:
1800 1942 1900 1995 quo
1939 1925 2144 1978 locutus

540 2043 656 2080 sum
677 2026 740 2078 de
766 2040 825 2077 eo
843 2027 862 2095 (
882 2023 997 2078 sive
1019 2022 1172 2077 verba
1199 2037 1313 2074 mea
1337 2021 1390 2073 in
1414 2019 1536 2091 eo),
1569 2017 1848 2072 recordans
1875 2016 1955 2088 [A
1981 2015 2139 2085 Vttlg.

539 2116 699 2169 abest
725 2113 1029 2186 recordans]
1065 2111 1375 2166 recordabar
1404 2114 1515 2184 ejus
1545 2111 1717 2164 adhuc
1756 2110 1988 2162 :idcirco
2020 2124 2144 2161 con-

538 2208 746 2262 turbata
775 2216 892 2260 sunt
921 2208 1118 2260 viscera
1146 2221 1259 2258 mea
1283 2220 1438 2275 super
1459 2219 1517 2256 eo
1547 2203 1835 2256 :miserans
1865 2201 2144 2256 miserebor

538 2305 677 2374 ejus,
709 2301 786 2354 ait
810 2297 1088 2353 Dominus.
1125 2297 1516 2353 Paenitentiam
1541 2306 1741 2366 agente
1771 2294 2058 2364 Ephraint,
2089 2301 2144 2348 et

537 2395 764 2450 dicente
793 2411 808 2446 :
841 2393 896 2448 In
935 2393 1210 2464 principio
1237 2391 1471 2446 crudisti
1504 2405 1612 2457 me,
1648 2397 1704 2444 et
1734 2390 1987 2444 eruditus
2019 2404 2140 2443 sum

533 2487 692 2557 quasi
717 2485 986 2554 juvenCus
1019 2483 1350 2547 indomitus;
1377 2490 1434 2537 et
1461 2482 1513 2534 in
1539 2483 1648 2536 line
1676 2499 1688 2534 :
1714 2481 1980 2548 Quoniam
2016 2495 2136 2535 sus-

536 2578 754 2634 tinuisti
794 2577 1157 2647 opprobrium
1197 2573 1590 2629 adolescentia:
1638 2587 1806 2636 mete;
1851 2572 2142 2642 respondit

533 2673 826 2738 Dominus,
847 2681 904 2726 et
933 2672 1092 2742 plena
1121 2669 1188 2724 ad
1217 2683 1276 2724 se
1308 2679 1496 2723 mente
1522 2681 1876 2730 conversum,
1903 2667 1999 2720 tali
2021 2682 2135 2720 sus-

535 2775 714 2821 tentat
743 2764 1012 2819 oraculo:
1053 2761 1230 2816 Filius
1261 2761 1486 2816 dilectus
1530 2761 1658 2814 mihi
1703 2758 1961 2828 Ephraim
2004 2757 2140 2830 (Ge-

534 2875 648 2914 nes.
696 2865 921 2928 nvttt),
955 2872 1119 2928 quem
1169 2857 1223 2911 in
1257 2865 1468 2910 tantum
1519 2854 1688 2908 dilexi
1743 2855 1812 2908 ab
1870 2853 2047 2918 initio,
2084 2859 2142 2906 ut

533 2951 693 3007 fratri
746 2951 1066 3020 prmlerretu
1102 2950 1376 3004 Manasse.
1435 2945 1608 3001 Filius
1648 2944 1994 3008 honorabilis,
2046 2943 2140 3014 qui

532 3053 725 3098 contra
775 3051 984 3097 natura:
1011 3042 1289 3109 ordinem,
1341 3041 1603 3095 honorem
1653 3037 2000 3109 primogeniti
2029 3041 2138 3091 Do.

534 3136 670 3191 mitti
717 3135 1036 3203 dignatione
1085 3133 1348 3202 suscepit.
1408 3131 1552 3186 Puer
1604 3130 1877 3195 delicatus,
1933 3131 2138 3200 dequo

2251 1936 2594 1991 terpretatus
2642 1925 2757 1996 est)
2813 1934 2907 1979 aut
2972 1925 3284 1994 ignoratum
3322 1970 3335 1992 ,
3402 1935 3498 1978 aut
3583 1925 3838 1982 omissum

2247 2017 2618 2072 ostenderem.
2669 2017 2907 2072 Verbum
2959 2017 3289 2072 Hebraicum
3335 2031 3514 2073 sromu
3559 2018 3834 2088 (ῠνένῖ),

2246 2113 2334 2168 vel
2355 2113 2408 2166 in
2426 2100 2898 2182 speculatores,vel
2925 2110 2978 2164 in
3003 2109 3244 2183 speculas
3263 2112 3522 2176 vertitur;
3552 2121 3611 2165 ut
3633 2112 3836 2182 Aquila,

2246 2214 2302 2261 et
2328 2204 2694 2275 Symmachus
2721 2203 3070 2274 interpretati
3099 2211 3246 2257 sunt.
3288 2202 3448 2259 Unde
3477 2203 3672 2270 miror,
3715 2204 3836 2274 quid

2246 2299 2352 2353 sibi
2385 2298 2624 2353 voluerit
2664 2297 2896 2368 Vulgata
2933 2297 3128 2364 editio,
3161 2308 3212 2351 ut
3249 2313 3350 2367 pro
3379 2313 3582 2364 stoutu,
3614 2297 3720 2354 hoc
3741 2309 3838 2363 est,

2246 2406 2349 2462 pro
2374 2390 2816 2461 speculatoribus,
2850 2391 2980 2444 Sion
3013 2402 3265 2461 poneret,
3295 2390 3654 2457 turbaretque
3678 2391 3839 2446 lecto-

2249 2485 2327 2540 ris
2381 2484 2829 2553 intelligentiam,
2864 2498 2974 2553 quo
3021 2491 3243 2553 putaret
3295 2495 3422 2554 post
3471 2482 3742 2552 Ephraim
3777 2483 3838 2539 ad

2247 2577 2405 2646 Sion,
2438 2589 2492 2633 et
2538 2578 2604 2632 ad
2637 2577 2839 2632 tribum
2871 2577 3010 2632 .luda
3053 2584 3283 2647 repente
3325 2575 3427 2631 Dei
3474 2576 3682 2631 factum
3729 2591 3842 2632 esse

2245 2687 2585 2738 sermonem,
2629 2687 2751 2728 cum
2811 2682 3072 2741 perpetua
3129 2671 3310 2726 oratio
3341 2671 3414 2726 sit
3450 2671 3732 2741 Ephraim,
3763 2672 3840 2726 cui

2245 2781 2409 2835 supra
2444 2767 2659 2820 locutus
2688 2773 2772 2820 est
2797 2782 2810 2818 :
2840 2765 3068 2820 Audiens
3098 2765 3274 2818 audivi
3307 2763 3583 2837 Ephraim.
3620 2764 3689 2820 Et
3717 2781 3733 2818 :
3764 2762 3843 2818 Fi-

2245 2859 2348 2913 lius
2380 2859 2698 2913 honorabilis
2715 2859 2841 2911 mihi
2865 2855 3142 2928 Ephraim,
3168 2858 3291 2912 sive
3303 2874 3433 2929 puer
3460 2858 3743 2922 delicatus,
3762 2857 3841 2911 cui

2245 2964 2299 3008 et
2328 2967 2473 3007 nunc
2505 2953 2749 3022 loquitur
2776 2967 2789 3004 :
2817 2950 3003 3006 Statue
3041 2951 3132 3005 tibi
3162 2951 3425 3018 speculas,
3462 2953 3581 3007 sive
3610 2947 3841 3023 sp'ecula-

2244 3057 2398 3111 tores,
2429 3046 2520 3117 qui
2570 3046 2666 3100 tibi
2714 3043 3086 3114 praznuntient
3121 3044 3389 3100 advenire
3421 3055 3632 3100 tantam
3668 3060 3840 3100 rerum

2243 3142 2490 3195 omnium
2513 3138 2854 3195 felicitatem.
2881 3139 3148 3207 Quodque
3169 3140 3442 3206 sequitur,
3458 3139 3839 3203 amaritudines,

533 3229 834 3282 scribitur:
880 3223 1014 3279 Filii
1044 3224 1302 3294 Ephraim
1331 3222 1656 3276 intendentes
1691 3233 1738 3274 et
1767 3223 2019 3274 mittentes
2049 3235 2138 3273 ar-
2167 3224 2212 3288 C
2247 3252 2367 3305 qum
2413 3235 2680 3290 Hebraice
2721 3233 2981 3289 dicunt“,
3015 3248 3335 3289 τηηυκιι
3378 3231 3723 3303 (ny-mm),
3755 3247 3842 3300 pro

541 3339 681 3385 cuin,
711 3319 946 3374 conversi
972 3327 1094 3371 sunt
1121 3319 1177 3369 in
1205 3317 1290 3371 die
1311 3314 1430 3368 belli
1455 3313 1634 3384 (Psol.
1663 3329 1862 3374 Lxxvlt.
1882 3313 1972 3384 9).
1996 3313 2141 3367 (Jon-

541 3423 625 3469 tra
650 3428 809 3483 quem
839 3422 894 3467 et
914 3411 985 3466 ad
1011 3425 1197 3480 quem,
1227 3417 1373 3464 totus
1398 3410 1537 3463 Osee
1570 3408 1708 3462 liber
1735 3415 1819 3462 est
1840 3408 2138 3477 prophetae,

536 3510 625 3562 cui
676 3504 964 3560 benedtxit
991 3503 1182 3559 Jacob.
1227 3502 1465 3556 Delicias
1516 3508 1698 3554 autem
1754 3501 1806 3554 in
1864 3498 1969 3554 hoc
2018 3498 2142 3553 loco

534 3599 689 3669 juxta
745 3597 882 3652 illud
915 3597 1272 3665 accipiamus,
1320 3594 1464 3665 quod
1517 3594 1571 3648 in
1625 3594 1836 3663 psalmo
1889 3593 2138 3648 dicitur:

540 3692 820 3746 Delectare
841 3691 896 3744 in
931 3689 1183 3757 Domino,
1214 3697 1263 3743 et
1283 3687 1427 3742 dabit
1451 3687 1542 3740 tibi
1574 3687 1844 3754 petitiones
1875 3686 2046 3738 cordis
2068 3684 2144 3737 tui

537 3783 724 3854 (Psal.
749 3798 937 3843 xxxvt.
962 3781 1051 3852 4).
1085 3782 1192 3836 Pro
1218 3797 1331 3851 quo
1373 3782 1425 3834 in
1455 3779 1671 3845 Graeco,
1704 3789 1760 3834 et
1788 3780 1840 3832 itt
1871 3777 2144 3832 llebraico

537 3877 798 3943 habetur,
833 3875 1034 3930 deliciis
1061 3877 1245 3947 amite.
1281 3873 1435 3930 Unde
1472 3881 1528 3928 et
1566 3873 1852 3942 paradisus
1885 3873 1936 3926 in
1967 3871 2141 3939 Eden,

539 3970 860 4026 deliciarum
904 3969 1188 4040 paradisus
1223 3967 1555 4038 appellatur.
1608 3967 1768 4034 Quia,
1805 3965 2000 4036 inquit,
2032 3967 2147 4020 lue-

539 4076 671 4122 runt
699 4065 869 4121 verba
903 4079 1023 4118 mea
1053 4063 1106 4117 in
1129 4077 1218 4127 eo,
1250 4063 1636 4118 recordatione
1668 4075 1877 4116 memor
1907 4076 2004 4115 ero
2029 4061 2148 4130 ejus

545 4166 746 4222 adhuc.
781 4164 861 4220 Ne
893 4174 1180 4234 putaretur
1223 4163 1460 4233 gratuita
1504 4159 1834 4225 benedictio,
1875 4170 1931 4214 et
1961 4174 2027 4215 ex
2061 4160 2145 4214 in-

545 4259 823 4327 dulgt-ntia
874 4258 1051 4322 potius
1083 4254 1383 4326 largitoris,
1431 4269 1595 4324 quam
1649 4253 1847 4307 merito
1893 4252 2036 4322 ejus,
2095 4253 2146 4306 in

544 4367 707 4422 quem
741 4349 1148 4411 conferebatur,
1181 4363 1307 4404 esse
1335 4348 1550 4413 collata,
1585 4346 1708 4401 ideo
1732 4347 1808 4401 ait
1840 4363 1852 4399 :
1884 4345 2151 4400 Recorda-

549 4445 642 4499 bor
671 4449 804 4518 ejus,
837 4446 966 4514 quia
999 4443 1166 4499 verba
1200 4458 1317 4497 mea
1356 4442 1577 4496 fuerunt
1613 4443 1665 4495 in
1694 4457 1781 4496 eo.
1819 4441 1937 4496 Non
1969 4442 2021 4495 in
2051 4456 2150 4496 ore

552 4537 695 4606 ejus,
730 4554 837 4592 non
863 4539 915 4591 in
950 4537 1130 4604 labiis,
1163 4537 1260 4592 sed
1312 4536 1367 4590 in
1407 4538 1516 4590 imo
1541 4535 1725 4590 cordis
1756 4534 1973 4590 ati‘ectu.
2011 4536 2147 4590 Pro-

2243 3329 2444 3400 quibus
2475 3326 2839 3399 Symmachus
2882 3327 3277 3396 interpretatus
3309 3335 3415 3392 est,
3451 3324 3840 3378 transmutatio-

2245 3438 2354 3488 nes,
2391 3421 2495 3475 hoc
2524 3419 2753 3485 indicat,
2784 3419 2932 3489 quod
2965 3420 3094 3475 llere
3125 3418 3324 3474 debeat
3350 3417 3435 3472 vel
3466 3417 3695 3488 antiqua
3725 3431 3841 3486 pec-

2245 3527 2392 3583 cata,
2435 3515 2521 3571 vel
2559 3515 2742 3584 gaudii
2785 3515 3181 3585 magnitudine,
3219 3522 3275 3569 et
3305 3524 3416 3568 tota
3455 3513 3524 3569 ad
3557 3514 3844 3569 Dominum

2247 3620 2433 3664 mente
2463 3607 2735 3672 converti,
2769 3618 2822 3662 et
2854 3622 3084 3678 ponere,
3117 3607 3235 3662 sive
3278 3599 3523 3677 dirigere
3551 3621 3649 3661 τοι·
3692 3622 3842 3662 suum

2247 3706 2302 3757 in
2331 3703 2500 3765 viam,
2527 3717 2804 3773 perquam
2837 3701 3077 3772 profecta
3107 3711 3211 3769 εει,
3233 3699 3360 3755 inde
3380 3701 3530 3755 enim
3555 3699 3702 3754 illam
3730 3713 3844 3755 esse

2248 3797 2569 3878 redituram.
2613 3796 2882 3866 Quodque
2925 3811 3026 3867 pro
3058 3795 3162 3850 hoc
3201 3794 3395 3849 dixere
3437 3794 3797 3864 Septuaginta
3830 3811 3840 3846 :

2247 3888 2333 3942 Da
2383 3905 2472 3943 cor
2523 3898 2668 3943 tuum
2719 3890 2772 3943 in
2831 3889 3091 3955 humeros,
3152 3888 3286 3942 illud
3354 3886 3650 3958 signillcat,
3705 3884 3842 3956 quod

2249 3981 2616 4051 cogitationes
2642 3981 2839 4036 debeat
2863 3981 3127 4051 operibus
3149 3979 3402 4050 iungere,
3437 3979 3554 4034 sive
3586 3977 3840 4034 humeros

2248 4074 2607 4143 contemplari
2654 4075 2992 4143 portantium
3040 4089 3122 4137 se,
3155 4073 3222 4128 de
3269 4072 3587 4142 captivitate
3634 4072 3840 4145 1069

2251 4166 2652 4222 reducentium.
2683 4165 2842 4234 Quod
2866 4165 3040 4221 Isaias
3068 4165 3285 4235 plenius
3313 4164 3644 4234 exsequitur
3681 4166 3734 4218 in
3764 4179 3849 4219 ca-

2253 4257 2432 4324 melis,
2457 4265 2512 4312 et
2531 4257 2786 4312 curribus
2809 4273 2871 4312 ac
2895 4257 3168 4313 basternis
3189 4271 3286 4313 eos
3308 4270 3563 4312 asserens
3584 4258 3846 4311 reducen-

2253 4351 2352 4407 dos
2377 4349 2541 4423 (Isai.
2567 4353 2694 4422 ιι).
2731 4350 3028 4417 Revertere,
3058 4351 3256 4421 inquit,
3282 4355 3426 4421 virgo
3458 4347 3657 4416 Israel,
3684 4365 3846 4405 rever.

2254 4456 2359 4500 tere
2416 4445 2483 4498 ad
2532 4445 2763 4500 civitates
2823 4453 2960 4512 tuas,
3023 4459 3158 4516 quas
3210 4446 3456 4513 captivus
3516 4443 3844 4498 deseruisti:

2239 4529 2537 4610 "usquequo
2568 4540 2894 4610 negligentia
2925 4539 3266 4603 dissolveris,
3294 4547 3350 4593 et
3370 4536 3642 4608 profundo
3670 4551 3850 4592 errore

552 4640 675 4700 pter
702 4647 864 4702 quam
897 4645 1120 4685 causam
1164 4640 1221 4687 et
1253 4631 1583 4685 conturbata
1631 4638 1756 4685 sunt
1785 4631 1994 4684 viscera
2027 4644 2149 4685 mea
2176 4619 2229 4680 Ῑ)
2256 4633 2579 4704 vagaberis?
2607 4633 2842 4704 Respice
2874 4633 3004 4704 quid
3035 4632 3284 4689 dicturus
3313 4647 3459 4697 sum,
3493 4639 3552 4686 et
3581 4631 3732 4686 unde
3761 4631 3850 4686 tibi

545 4741 713 4796 Super
733 4740 822 4781 eo.
851 4723 950 4782 Cui
984 4725 1224 4795 loquitur
1253 4734 1308 4780 et
1335 4741 1429 4794 per
1448 4724 1589 4781 Osee
1615 4744 1625 4780 :
1651 4725 1791 4792 Quid
1813 4724 1903 4778 tibi
1933 4724 2149 4794 faciam,

553 4817 816 4888 Ephraim
832 4819 856 4872 ?
873 4818 1001 4888 quid
1019 4817 1110 4872 tibi
1136 4819 1347 4888 faciam,
1366 4816 1576 4872 Israel?
1597 4819 1744 4887 quasi
1765 4819 2021 4872 Adamam
2054 4834 2151 4889 po-

551 4930 672 4968 nam
701 4925 769 4980 te,
797 4922 846 4967 et
874 4913 1026 4982 quasi
1059 4912 1269 4968 Seboim
1297 4911 1452 4984 (Ose.
1486 4929 1560 4978 vr,
1586 4916 1614 4967 4
1639 4930 1652 4978 ;
1688 4929 1763 4980 xt,
1787 4913 1876 4986 8).
1906 4913 2155 4969 Conver-

550 5023 673 5062 sum
705 5017 792 5060 ρει
824 5008 876 5058 in
910 5020 998 5060 me
1027 5019 1125 5059 cor
1147 5019 1327 5058 meum
1360 5022 1372 5059 :
1404 5005 1729 5060 conturbata
1763 5014 1890 5059 sunt
1937 5006 2152 5059 viscera

553 5113 697 5153 mea.
721 5097 837 5152 Non
853 5098 1047 5152 faciam
1073 5097 1312 5152 furorem
1338 5099 1432 5152 irae
1458 5114 1613 5153 meae.
1633 5109 1689 5152 et
1709 5114 1816 5153 non
1840 5097 2150 5166 disiierdam

552 5188 838 5259 Ephraitn.
866 5189 1124 5244 Miserans
1151 5189 1431 5242 miserebor
1458 5189 1674 5261 1068
1703 5191 1838 5260 ejus,
1871 5191 1944 5243 ait
1972 5190 2157 5243 Denti-

551 5297 672 5336 nus.
710 5280 954 5336 Fuerunt
978 5282 1198 5351 quidem
1223 5295 1510 5336 sermones
1542 5285 1647 5336 mei
1683 5283 1736 5335 in
1768 5297 1856 5345 eo,
1887 5294 1942 5336 et
1971 5281 2151 5336 omnia

553 5374 814 5430 mandata
849 5391 967 5430 mea
1001 5375 1164 5428 avido
1195 5375 1435 5444 suscepit
1463 5378 1670 5442 animo,
1697 5385 1751 5431 et
1780 5375 1835 5430 in
1865 5391 1964 5431 suo
1984 5377 2152 5432 corde

551 5472 795 5523 servavit
819 5486 833 5522 :
857 5469 950 5524 sed
985 5480 1161 5524 tamen
1189 5470 1438 5523 miserans
1467 5469 1746 5523 miserebor
1783 5474 1918 5542 ejus,
1939 5473 2012 5523 ait
2037 5470 2150 5524 Do-

553 5561 748 5627 minus,
781 5572 839 5616 ut
864 5564 1180 5618 ostenderet
1206 5579 1426 5619 omnem
1458 5564 1741 5618 hominum
1768 5563 2037 5634 justitiam
2067 5564 2150 5620 in-

553 5653 744 5724 digere
773 5654 1153 5709 misericordia
1179 5655 1300 5710 Dei.

609 5774 644 5846 .°
690 5768 878 5846 Maluit
903 5769 1210 5846 _V_i_c_t_orius.
1265 5770 1457 5826 Statue
1487 5782 1533 5827 te
1575 5773 1747 5842 ipsam
1779 5772 1931 5846 Sion,
1977 5775 2143 5846 idque

548 5839 712 5894 etiam
737 5840 878 5908 apud
902 5839 1066 5907 LXX,
1098 5849 1292 5900 στῆσον
1316 5849 1540 5902 σεαυτήν
1563 5839 1721 5900 Sicini:
1752 5845 1898 5916 quod
1924 5860 1994 5902 ex
2015 5839 2146 5904 sub-

2258 4736 2406 4784 tanta
2443 4726 2722 4782 beatitudo
2741 4727 3112 4796 exspectanda
3140 4724 3250 4798 [Αι.
3280 4723 3579 4796 speranda]
3606 4727 3701 4789 sit,
3729 4724 3849 4779 dili-

2256 4828 2448 4892 genter
2485 4818 2722 4875 attende.
2755 4817 2898 4874 Audi
2946 4818 3091 4888 quod
3135 4832 3434 4886 numqttam
3484 4830 3616 4872 ante
3646 4831 3849 4887 cogno-

2255 4928 2435 4968 veras.
2481 4913 2684 4966 Novam
2717 4927 2832 4966 rem
2873 4912 3088 4966 creavit
3122 4911 3384 4964 Dominus
3419 4924 3589 4979 super
3625 4918 3848 4964 terram.

2257 5004 2477 5074 Absque
2505 5004 2610 5058 viri
2637 5003 2872 5065 semine.
2904 5002 3114 5072 absque
3142 5002 3251 5056 ullo
3279 5001 3428 5056 coitu
3471 5011 3638 5071 atque
3664 5015 3854 5056 conce-

2256 5111 2373 5168 ptu,
2401 5097 2595 5154 letnina
2622 5096 2981 5153 circumdabit
3008 5098 3182 5151 virum
3208 5095 3419 5165 gremio
3449 5097 3592 5150 uteri
3625 5096 3735 5160 sui,
3765 5093 3852 5165 qui

2251 5192 2405 5263 juxta
2449 5195 2784 5248 incrementa
2813 5191 3032 5263 quidem
3072 5191 3249 5246 aetatis
3280 5204 3378 5260 per
3409 5191 3647 5260 vagitus,
3679 5200 3734 5246 et
3772 5187 3854 5243 in-

2254 5284 2478 5340 fantiam
2523 5286 2794 5356 prolicere
2822 5285 3098 5340 videbitur
3128 5285 3396 5354 sapientia
3422 5291 3481 5338 et
3508 5294 3715 5349 aetate;
3761 5281 3852 5338 sed

2257 5380 2527 5449 perfectus
2549 5379 2632 5434 vir
2657 5381 2712 5435 in
2739 5391 2930 5434 ventre
2951 5378 3192 5434 femineo
3215 5379 3396 5433 solitis
3419 5380 3708 5436 mensibus
3728 5393 3854 5434 coa-

2259 5473 2534 5528 tineb'ttur.
2576 5472 2730 5528 Unde
2757 5474 3115 5545 Symmachus
3133 5473 3398 5542 etAquila
3429 5475 3582 5541 juxta
3611 5485 3851 5529 nostram

2257 5566 2556 5620 editionem
2590 5564 2933 5637 interpretati
2964 5577 3110 5621 sunt.
3142 5564 3282 5635 Quid
3309 5565 3415 5621 Stbi
3447 5576 3632 5621 autem
3658 5567 3712 5620 in
3740 5567 3856 5622 loco

2256 5660 2363 5718 hoc
2392 5661 2630 5716 voluerit
2660 5662 2832 5718 editio
2869 5661 3127 5733 Vulgata,
3157 5676 3375 5732 possem
3404 5661 3615 5728 dicere,
3651 5672 3708 5718 et
3735 5677 3856 5718 sen-

2248 5792 2391 5834 nexa
2430 5778 2748 5849 Hieronymi
2781 5780 3133 5850 expositione
3159 5779 3391 5850 probare
3418 5777 3639 5834 nititur.
