4080 6326
200 349 298 407 881

666 344 1326 406 COMMENTARIORUM
1366 347 1432 402 IN
1470 347 1815 405 JEREMIAM
1852 347 2280 406 PROPHETAM
2311 351 2443 407 LIB.
2490 351 2576 406 Vl.
2618 351 2772 410 CAP.
2817 351 3012 408 XXXI.

3394 349 3501 406 833

201 482 320 522 sum
367 466 599 538 aliquem
655 465 923 536 reperire,
968 463 1074 518 nisi
1111 463 1180 517 de
1208 463 1395 519 verbis
1424 463 1522 518 Dei
1553 462 1798 519 humano
1826 463 1875 527 Α
1902 464 2019 518 bum
2044 466 2185 520 istud
2205 468 2260 522 in
2283 477 2420 522 terra
2445 467 2588 522 Juda
2611 477 2655 524 et
2679 471 2734 522 in
2765 469 2971 523 urbibus
2993 472 3129 542 ejus,
3153 486 3270 523 cum
3296 484 3507 525 conver-

201 572 365 614 sensu
389 559 761 629 argumentari
792 563 938 612 esset
963 553 1321 622 sacrilegum;
1352 553 1667 610 Tbeodotio
1697 570 1796 609 au-

204 660 332 716 tem,
367 660 422 706 et
449 653 570 723 ipse
590 650 833 721 Vulgati-
859 648 1084 705 editioni
1108 650 1487 714 consentiens,
1522 650 1796 718 interpre-

202 751 344 797 tatus
366 750 488 798 est:
515 741 719 797 Creavit
753 741 1009 795 Dominus
1047 741 1270 795 salutem
1299 757 1505 809 novam,
1539 741 1594 794 in
1629 739 1800 794 salute

201 835 435 890 circuibit
482 837 656 902 homo,
702 835 976 906 singulare
1034 849 1243 899 ponens
1297 850 1394 900 pro
1445 833 1668 903 plurali.
1709 834 1796 889 Si-

199 928 420 998 mulque
438 937 494 984 et
517 928 618 983 hoc
645 927 968 993 notandum,
1000 926 1144 996 quod
1181 926 1440 981 nativitas
1473 927 1798 995 Salvatoris,

198 1033 360 1091 atque
407 1031 709 1089 conceptus
739 1020 860 1088 Dei,
893 1021 1104 1076 creatio
1139 1029 1512 1090 nuncupetur.

273 1115 468 1186 (Vers.
516 1115 608 1181 25,
653 1114 782 1184 ει.)
834 1114 962 1170 Haec
992 1115 1118 1170 dicit
1159 1114 1413 1170 Dominus
1459 1116 1798 1184 exercituum,

196 1204 338 1261 Deus
365 1206 580 1262 Israel:
603 1205 787 1262 Adhuc
815 1207 984 1262 dicent
1012 1207 1220 1260 verbum
1239 1207 1380 1262 istud
1396 1208 1448 1260 in
1479 1220 1617 1262 terra
1634 1205 1799 1274 Iuda,

193 1300 313 1355 etin
341 1300 552 1356 urbibus
573 1304 706 1374 ejus,
737 1319 854 1356 cum
885 1310 1184 1355 conuertero
1211 1304 1556 1374 captivitatem
1580 1319 1758 1356 eorum
1785 1321 1797 1358 :

193 1393 461 1448 benedicat
505 1395 598 1449 tibi
657 1395 933 1459 Dominus,
990 1394 1326 1466 pulchritudo
1365 1398 1606 1470 justitite,
1653 1413 1801 1453 mons

190 1495 421 1540 sanctus.
451 1483 519 1539 Et
543 1485 846 1540 habitabunt
871 1488 927 1541 in
953 1504 1013 1542 eo
1051 1485 1243 1554 Iudas,
1290 1497 1337 1544 et
1367 1504 1542 1543 omnes
1571 1489 1802 1546 civitates

191 1581 306 1650 ejus
329 1580 512 1644 simul,
536 1581 782 1649 agricola:
806 1590 853 1635 et
877 1581 1131 1635 minantes
1151 1597 1350 1654 greges.
1374 1581 1545 1636 LXX:
1565 1582 1656 1638 Sic
1668 1581 1803 1636 dixit

193 1669 449 1724 Dominus
469 1672 737 1732 virtutum.
770 1669 912 1726 Deus
944 1669 1114 1727 Israel
1142 1672 1366 1727 :Adltuc
1407 1672 1577 1727 dicent
1607 1689 1803 1727 sermo-

191 1778 303 1816 nem
333 1762 494 1816 istum
524 1763 576 1816 in
621 1773 759 1818 terra
781 1762 949 1832 Juda,
991 1774 1039 1818 et
1067 1765 1121 1818 in
1168 1763 1380 1818 urbibus
1411 1768 1546 1837 ejus,
1593 1764 1802 1834 quando

1905 567 2012 610 tero
2037 559 2379 630 captivitatem
2398 577 2597 615 eorum.
2616 559 2758 628 Quid
2787 572 2966 616 autem
2991 561 3216 616 dicent?
3239 559 3382 616 haud
3405 559 3505 615 du—

1904 651 2052 707 bium
2077 653 2205 722 quin
2233 655 2332 709 hoc
2347 654 2488 725 quod
2509 657 2753 726 sequitur
2781 674 2793 708 :
2815 654 3092 709 Bcnedicat
3114 655 3202 709 tibi
3227 655 3502 724 Dominus,

1903 741 2236 811 pulchritudo
2275 746 2516 815 justitiw,
2559 763 2704 801 mons
2741 759 2969 809 sanctus,
2997 757 3106 801 etc.
3157 746 3506 814 Rursumque

1905 835 2014 890 illis
2059 836 2159 890 ista
2208 836 2518 894 dieentibus
2563 839 2848 909 res‘pondit
2896 840 3188 896 Dominus:
3224 841 3360 906 Quia
3395 843 3508 894 ine-

1904 927 2064 983 briavi
2085 930 2308 984 animam
2329 932 2538 998 lassam,
2563 935 2680 988 sive
2696 934 2964 996 sitientem,
2979 945 3028 990 et
3051 951 3251 989 onmem
3270 935 3502 989 animant

1903 1023 2209 1076 esurientem
2256 1025 2497 1078 saturavi.
2546 1024 2755 1096 Illoque
2801 1027 2900 1081 ista
2930 1027 3169 1094 dicente,
3221 1026 3506 1096 reSpnndit

1902 1116 2158 1186 populus,
2201 1115 2290 1186 qui
2332 1114 2400 1170 de
2425 1117 2748 1186 captivitate
2788 1129 3049 1173 venerat:
3094 1117 3224 1173 Ideo
3252 1134 3504 1191 experge-

1905 1211 2076 1278 factus
2098 1225 2232 1275 sum,
2265 1219 2310 1262 et
2340 1210 2466 1278 vidi,
2497 1221 2544 1263 et
2584 1227 2792 1265 somnus
2834 1228 2977 1266 meus
3003 1212 3171 1266 dulcis
3202 1213 3301 1281 fuit
3351 1210 3497 1265 mihi.

1903 1302 2037 1369 Quia
2067 1301 2330 1357 Dominus
2359 1303 2590 1358 inebriat
2620 1306 2855 1359 animam
2883 1305 3104 1370 lassam,
3155 1307 3272 1360 sive
3305 1305 3500 1359 sitien-

1905 1405 2034 1463 tem,
2065 1408 2116 1452 et
2147 1397 2276 1452 dicit
2305 1401 2356 1452 in
2385 1399 2679 1468 Evangelia
2704 1417 2717 1452 :
2744 1399 2846 1467 Qui
2871 1399 3001 1464 sitit,
3029 1399 3194 1454 veniat
3219 1399 3287 1452 ad
3327 1415 3429 1460 me,
3452 1405 3502 1451 et

1904 1489 2041 1544 bibat
2066 1489 2258 1556 (Joan.
2295 1509 2385 1561 vn,
2416 1493 2537 1562 37).
2566 1493 2665 1548 Et:
2698 1495 2800 1562 Qui
2823 1494 2986 1547 credit
3011 1495 3065 1548 in
3094 1509 3196 1562 me,
3220 1495 3351 1548 sicut
3373 1493 3498 1546 dicit

1907 1583 2206 1652 Scriptura.
2251 1587 2472 1655 [lumina
2511 1587 2574 1640 de
2613 1598 2784 1642 ventre
2825 1591 2938 1658 ejus
2977 1590 3144 1656 ﬂuent
3188 1604 3336 1660 aqua:
3372 1589 3500 1642 uit-a3

1905 1675 2108 1749 (lbid.,
2157 1677 2278 1748 '58).
2319 1678 2388 1732 Et
2423 1694 2639 1734 onmem
2673 1681 2910 1734 animam
2953 1681 3285 1736 esurientem
3315 1681 3498 1744 Satiat,

1905 1779 2069 1840 atque
2099 1771 2394 1826 sitientem.
2431 1773 2505 1828 De
2529 1789 2635 1844 qua
2665 1775 2750 1830 siti
2783 1783 2840 1828 et
2865 1777 3047 1829 esurie
3073 1775 3215 1830 idem
3243 1775 3296 1828 in
3327 1774 3502 1828 Evan-

188 1854 445 1909 reduxero
497 1859 995 1928 transmigrationem
1023 1860 1133 1928 ejus
1152 1873 1171 1910 :
1212 1856 1507 1912 benedictus
1539 1856 1792 1911 Dominus
1823 1869 1870 1929 Β
1896 1866 2041 1935 gelin
2077 1874 2345 1920 testatur:
2376 1866 2527 1922 Beati
2552 1869 2640 1938 qui
2669 1870 2898 1924 esuriant
2926 1878 2973 1923 et
2998 1870 3180 1923 sitiunt
3196 1867 3458 1942 justitiam
3485 1883 3504 1922 :

189 1964 343 2016 super
358 1952 569 2021 justum
601 1961 820 2004 montem
849 1959 1087 2005 sanctum
1128 1955 1263 2024 ejus,
1289 1960 1338 2005 et
1365 1953 1454 2022 qui
1478 1951 1710 2006 habitant
1741 1953 1796 2006 in

186 2050 322 2094 terra
347 2039 562 2107 ludam,
594 2051 644 2096 et
672 2043 726 2096 in
757 2044 895 2096 omni
921 2044 1127 2097 civitate
1156 2047 1291 2117 ejus,
1320 2061 1435 2098 cum
1461 2045 1716 2116 agricola,
1747 2052 1796 2100 et

184 2133 471 2188 elevabitur
492 2136 545 2188 in
568 2152 740 2206 grege.
769 2135 933 2192 Juxta
961 2136 1284 2192 Hebraicum
1312 2136 1656 2192 manifestum
1687 2145 1790 2202 est,

185 2228 325 2298 quod
361 2230 417 2283 in
450 2228 628 2284 reditu
659 2229 847 2298 Israel,
892 2231 1027 2285 etin
1059 2240 1258 2285 terram
1293 2246 1445 2284 suam
1478 2231 1794 2300 captivitate

183 2337 478 2389 conversa,
511 2322 761 2378 habitent
812 2324 976 2379 urbes
1020 2323 1180 2390 Juda,
1231 2332 1286 2380 et
1315 2323 1528 2379 dicatur
1571 2325 1650 2379 eis
1696 2338 1794 2394 per

180 2416 397 2488 singula
425 2434 439 2472 :
487 2417 782 2473 Bcnedicat
819 2419 912 2473 tibi
959 2419 1246 2483 Dominus,
1275 2418 1369 2489 qui
1400 2425 1486 2474 est
1512 2432 1640 2473 vere
1673 2417 1792 2486 pul-

179 2509 439 2566 clrritudo
464 2511 712 2580 iustitiae,
737 2520 794 2566 et
818 2527 977 2566 mons
998 2523 1240 2577 sanctus,
1266 2513 1317 2565 in
1344 2525 1452 2581 quo
1473 2513 1561 2580 qui
1582 2509 1794 2564 habita-

180 2605 336 2671 verit,
387 2604 568 2658 nullas
616 2606 828 2660 timebit
869 2603 1116 2658 insidias.
1169 2604 1236 2658 Et
1267 2603 1538 2658 habitabit
1587 2603 1794 2672 absque

181 2695 472 2764 iniquitate
512 2694 682 2752 Iudas
711 2695 764 2750 in
797 2696 1116 2750 civitatibus
1161 2695 1275 2750 suis
1303 2712 1316 2748 :
1348 2704 1615 2765 eruntque
1645 2693 1790 2764 agri-

180 2788 336 2853 colas,
385 2796 441 2842 et
489 2803 749 2856 pecorum
779 2787 1093 2852 multitudo,
1121 2786 1264 2856 quod
1294 2802 1356 2840 ex
1389 2797 1545 2856 parte
1575 2786 1794 2840 videtur

178 2880 277 2934 sub
317 2878 632 2934 Zurobabel
662 2889 719 2934 et
766 2878 902 2932 Ezra
929 2893 1054 2934 esse
1095 2877 1450 2948 completum.
1502 2878 1794 2933 Plenitudo

181 2983 365 3028 autem
399 2973 643 3028 vaticinii
671 2972 736 3026 ad
765 2971 969 3026 Christi
1003 2982 1248 3039 tempora
1279 2971 1590 3025 referatur:
1623 2970 1708 3024 vel
1739 2971 1790 3024 in

182 3067 361 3136 primo
428 3067 694 3132 adventu,
753 3063 970 3132 quando
1016 3061 1370 3131 spiritualiter
1423 3061 1634 3132 1070
1676 3060 1793 3116 hinc

183 3159 320 3228 facta
345 3169 477 3214 sunt
500 3175 514 3224 ;
541 3157 626 3213 vel
645 3159 697 3211 in
721 3155 962 3212 secundo
982 3154 1233 3210 universa
1255 3157 1623 3225 complentur,
1638 3155 1792 3224 juxta

183 3272 282 3312 nos
303 3254 690 3326 spiritualiter,
709 3251 864 3322 juxta
889 3249 1107 3305 Judznns
1134 3257 1189 3303 et
1215 3258 1436 3304 nostrOs
1452 3248 1794 3319 judaizantes
1823 3263 1868 3326 ρ

185 3350 512 3407 carnaliter.
541 3347 716 3402 Porro
741 3349 894 3414 juxta
941 3345 1292 3414 Septuaginta
1325 3343 1411 3398 bic
1441 3357 1636 3399 sensus
1668 3352 1788 3399 est:

184 3443 384 3498 Adhuc
413 3454 595 3496 sermo
616 3438 719 3496 iste
749 3437 960 3493 dicetur
987 3437 1041 3491 in
1070 3444 1216 3491 terra
1246 3435 1406 3504 Juda,
1435 3445 1492 3492 et
1521 3437 1572 3491 in
1604 3438 1792 3491 civita-

185 3537 329 3592 tibus
344 3535 492 3606 ejus,
523 3531 740 3603 quando
757 3541 1080 3588 convertero
1101 3529 1473 3600 captivitatem
1496 3530 1634 3600 ejus.
1651 3529 1790 3598 Quid

186 3628 448 3687 dicetur?
493 3627 799 3684 Benedictus
841 3625 1095 3680 Dominus
1141 3640 1294 3695 super
1336 3627 1533 3691 iustum
1570 3635 1794 3678 montem

185 3733 430 3778 sanctum
461 3724 592 3792 ejus.
621 3719 774 3774 Mons
793 3719 885 3788 qui
906 3716 1147 3784 justitiie,
1174 3725 1231 3770 et
1256 3716 1561 3772 sanctitatis
1585 3730 1796 3771 merea-

188 3823 274 3867 tur
324 3810 780 3881 signilicationem
831 3809 1102 3874 accipere,
1149 3808 1331 3864 nullus
1360 3818 1446 3864 est
1474 3808 1635 3876 alius,
1691 3807 1797 3864 nisi

186 3904 469 3961 Salvator.
517 3900 784 3957 Caeterum
823 3901 1042 3956 stultum
1079 3908 1182 3961 est,
1215 3901 1585 3955 irrationalem
1619 3910 1671 3954 et
1719 3901 1800 3954 in-

190 3996 513 4053 sensibilem
547 4004 787 4050 montem
835 4008 1022 4048 errore
1050 3992 1276 4047 Judaico
1316 3992 1522 4062 justum
1553 4001 1608 4048 et
1637 4008 1798 4047 sanc-

191 4101 305 4146 tum
340 4089 590 4146 credere.
622 4087 743 4159 ipse
780 4095 888 4151 est,
930 4087 997 4141 de
1027 4102 1133 4156 quo
1174 4094 1227 4140 et
1257 4087 1310 4140 in
1338 4087 1800 4157 consequentibus

190 4186 496 4242 scribitur:
528 4183 596 4237 Et
626 4185 680 4236 in
707 4183 845 4237 omni
871 4183 1076 4235 rivitate
1099 4186 1232 4253 ejus,
1259 4181 1578 4236 subauditur
1614 4181 1802 4238 Salva-

193 4281 334 4334 toris
361 4295 375 4331 :
410 4294 526 4332 cum
567 4277 820 4348 agricola,
850 4291 954 4330 non
986 4275 1210 4330 dubium
1239 4277 1368 4346 quin
1417 4277 1700 4330 Dominum
1732 4277 1805 4330 si-

193 4372 440 4443 gniﬁcet,
473 4369 541 4424 de
568 4385 674 4438 quo
705 4369 756 4423 in
791 4367 1082 4436 Evangelio
1111 4369 1373 4436 scriptum
1405 4377 1520 4423 est:
1554 4366 1668 4439 Ego
1691 4383 1805 4423 sum

195 4466 336 4531 i-itis,
361 4479 448 4516 vos
465 4463 739 4532 palmites:
769 4459 930 4514 Pater
951 4476 1090 4515 meus
1111 4461 1342 4533 agricola
1366 4460 1560 4532 (Joan.
1594 4477 1682 4523 xv,
1715 4460 1802 4530 1).

202 4556 360 4613 Unde
393 4565 448 4609 el.
495 4555 788 4623 Apostolus
824 4555 1060 4624 loquitur
1089 4570 1103 4608 :
1139 4553 1236 4608 Dei
1277 4556 1602 4626 agricultura
1645 4555 1807 4609 estis:

1897 1956 2140 2027 quoniam
2170 1957 2272 2025 ipsi
2301 1959 2667 2013 saturabuntur
2688 1959 2912 2030 (Matth.
2945 1976 2997 2026 v,
3033 1959 3120 2031 6).
3163 1959 3505 2015 Notandum-

1898 2062 2026 2118 que,
2055 2047 2200 2117 quod
2227 2048 2466 2104 ebrietas
2492 2050 2542 2104 in
2575 2049 2678 2106 boc
2705 2051 2826 2106 loco
2859 2051 2910 2105 in
2938 2051 3137 2106 bonam
3171 2061 3378 2120 partem
3409 2064 3504 2119 po-

1900 2148 2086 2207 natur,
2141 2140 2210 2194 de
2253 2155 2359 2210 qua
2393 2141 2445 2196 in
2477 2142 2702 2199 Cantica
2731 2143 2974 2198 dicitur:
3009 2143 3290 2208 Comedite.
3322 2143 3500 2208 amici,

1899 2233 2072 2301 bibite,
2125 2243 2172 2288 et
2213 2234 2562 2306 inebriamini,
2602 2237 2893 2290 charissimi
2923 2234 3111 2308 (Cant.
3158 2252 3211 2304 v,
3262 2235 3346 2307 1).
3384 2235 3503 2303 Qua

1898 2327 2166 2382 ebrietate
2207 2338 2262 2382 et
2287 2329 2488 2396 Josepb
2523 2329 2730 2401 1071
2763 2329 3064 2385 inebriatus
3107 2337 3192 2384 est
3220 2343 3344 2382 cum
3389 2326 3501 2381 fra-

1899 2419 2074 2474 tribus
2099 2420 2212 2474 suis
2241 2422 2293 2474 in
2321 2419 2550 2476 meridie
2580 2419 2750 2492 (Gen.
2789 2420 2970 2492 xuii).
3004 2419 3260 2476 inebriati
3291 2430 3494 2487 autem,

1897 2523 2064 2584 atque
2086 2517 2312 2570 saturati
2343 2516 2422 2583 hi,
2451 2516 2543 2585 qui
2565 2515 2692 2570 lassi
2723 2515 2957 2582 fuerant,
2981 2525 3143 2586 atque
3165 2515 3497 2581 esurierant,

1897 2618 2067 2678 agunt
2094 2609 2318 2679 gratias,
2360 2608 2794 2680 respondentes:
2838 2608 3255 2680 Expergefactus
3282 2624 3416 2675 sum,
3449 2616 3499 2660 et

1896 2703 2003 2756 vidi
2032 2701 2336 2767 Dominum,
2379 2704 2589 2760 scilicet
2614 2702 2964 2760 suscitantem
2993 2713 3156 2772 atque
3185 2701 3453 2756 dicentem
3483 2718 3498 2754 :

1900 2795 2090 2868 Surge,
2125 2797 2212 2856 qui
2232 2797 2445 2864 dormis,
2479 2808 2526 2851 et
2555 2795 2752 2852 elevare
2780 2813 2812 2850 a
2841 2797 3075 2862 mortuis,
3107 2805 3156 2850 et
3183 2793 3500 2850 illuminabit

1898 2897 1947 2940 te
1976 2887 2208 2942 Christus
2237 2887 2470 2957 (Ephes.
2521 2906 2572 2950 v,
2609 2888 2730 2962 M).
2779 2889 2848 2942 Et
2869 2905 3101 2956 somnus,
3133 2888 3322 2959 inquit,
3358 2905 3500 2942 meus

1897 2977 2066 3032 dulcis
2091 2980 2188 3048 fuit
2215 2980 2363 3046 mihi,
2393 2991 2449 3035 ut
2479 2980 2718 3037 imitarer
2749 2981 2962 3036 Domini
2989 2982 3094 3036 mei
3123 2981 3288 3036 verba
3312 2981 3502 3037 dicen-

1898 3071 1968 3125 tis
1995 3089 2007 3124 :
2035 3071 2150 3141 Ego
2175 3071 2415 3138 dormivi,
2441 3082 2490 3127 et
2520 3084 2793 3143 soporatus
2813 3092 2950 3140 sum,
2982 3085 3028 3128 et
3053 3077 3342 3139 exsurrexi,
3371 3093 3499 3146 quo-

1898 3165 2038 3218 niam
2057 3162 2316 3221 Dominus
2336 3168 2558 3237 suscepit
2580 3167 2689 3242 [ΑΙ.
2715 3172 2959 3240 suscipiet
2984 3171 3085 3244 me]
3109 3170 3286 3244 (Psal.
3309 3189 3390 3237 ιιι,
3414 3175 3495 3242 ti).

1970 3257 2165 3330 (Vers.
2197 3259 2266 3314 27
2298 3260 2492 3334 seqq.)
2529 3261 2658 3318 Ecce
2681 3264 2788 3318 dies
2814 3265 3040 3327 veniunt,
3067 3265 3194 3319 dicit
3223 3266 3497 3334 Dominus,

1892 3359 1942 3405 et
1971 3351 2230 3407 seminabo
2257 3356 2466 3408 domum
2499 3353 2687 3422 Israel,
2715 3367 2765 3411 et
2791 3358 3001 3412 domum
3019 3357 3162 3413 Iuda
3182 3361 3373 3415 semine
3401 3361 3497 3416 ho-

1895 3445 2095 3500 minum
2117 3445 2300 3518 [Vulg.
2326 3448 2596 3521 hominis],
2626 3460 2674 3504 et
2693 3452 2886 3505 semine
2900 3455 3275 3524 jumentorum.
3306 3454 3373 3508 Et
3391 3456 3497 3509 sic-

1896 3547 1952 3592 ut
1996 3537 2204 3608 uigiluvi
2247 3556 2403 3606 super
2445 3556 2549 3599 cos.
2586 3551 2640 3594 ut
2690 3542 2977 3609 evellerem,
3025 3554 3075 3599 et
3120 3546 3413 3606 demolirer.
3452 3558 3500 3602 et

1899 3635 2226 3704 dissiparem,
2260 3642 2306 3689 et
2334 3635 2705 3704 disperderem,
2743 3646 2788 3690 et
2807 3637 3098 3708 afﬂigerem
3126 3656 3138 3691 :
3171 3639 3246 3691 sic
3273 3640 3498 3709 vigilabo

1898 3743 2053 3798 super
2077 3743 2183 3796 eos,
2202 3735 2260 3780 ut
2279 3726 2528 3796 aediﬁcem
2547 3737 2597 3782 et
2621 3729 2870 3796 plantam,
2898 3731 2971 3782 ait
2995 3729 3268 3784 Dominus.
3299 3729 3366 3786 In
3391 3733 3503 3786 dien

1901 3819 1994 3874 bus
2025 3818 2133 3873 illis
2175 3836 2278 3874 non
2321 3819 2491 3873 dicent
2538 3819 2703 3886 ultra,
2737 3819 2921 3874 Patres
2971 3821 3302 3876 comederunt
3350 3840 3502 3878 uvam

1901 3913 2161 3979 acerbam,
2205 3921 2250 3967 et
2279 3915 2452 3967 dentes
2483 3914 2712 3981 ﬁliorum
2739 3913 2767 3952 δ
2798 3915 3175 3985 obstupesccnt,
3225 3917 3315 3971 sed
3345 3934 3505 3973 unus-

1903 4005 2118 4076 quisque
2169 4005 2220 4059 in
2250 4006 2522 4076 iniquitate
2567 4023 2666 4059 sua
2711 4009 2977 4061 morietur.
3025 4006 3205 4063 Omnis
3233 4009 3388 4064 homo
3416 4014 3505 4081 qui

1905 4097 2182 4152 comederit
2229 4114 2382 4151 uvam
2437 4098 2695 4164 acerbam,
2753 4097 3108 4168 obstupesceut
3144 4103 3322 4156 dentes
3369 4104 3504 4164 eius.

1909 4189 2137 4244 Domum
2167 4199 2221 4244 et
2247 4191 2492 4255 domum,
2524 4189 2577 4244 id
2609 4199 2714 4256 est,
2744 4191 2951 4245 domum
2988 4192 3180 4258 Israel,
3206 4204 3255 4248 et
3297 4193 3510 4249 domum

1905 4279 2068 4348 Iuda,
2103 4281 2153 4334 in
2197 4279 2550 4350 Septuaginta
2583 4296 2687 4335 non
2718 4280 2988 4336 habetur:
3038 4285 3132 4337 sed
3179 4293 3387 4340 tantum
3435 4287 3508 4340 Is-

1910 4373 2017 4428 rael
2047 4382 2102 4427 et
2128 4372 2344 4435 ludam,
2379 4381 2436 4428 ut
2465 4375 2577 4427 sit:
2611 4383 2658 4427 et
2696 4375 2955 4430 seminabo
2985 4375 3157 4432 Israel
3204 4387 3251 4432 et
3293 4377 3509 4435 Iudam.

1909 4464 2175 4533 Qutidque
2216 4465 2436 4521 intulit:
2483 4465 2693 4522 Semine
2739 4465 3003 4522 hominum
3051 4479 3098 4524 et
3131 4471 3510 4540 jumentorum,

1911 4555 1978 4609 ad
2029 4558 2322 4612 rationales
2380 4568 2434 4612 et
2500 4561 2780 4629 simplices
2846 4559 3054 4616 referre
3111 4563 3396 4619 debemus.
3449 4566 3520 4620 Et

200 4647 300 4702 Dei
325 4645 604 4716 tediﬁcatio
627 4646 746 4698 estis
776 4644 828 4718 (l
851 4646 970 4699 (lor.
997 4661 1074 4709 ιιι,
1107 4645 1196 4716 9).
1231 4645 1498 4718 Quodque
1521 4631 1801 4718 sequitur:
1834 4655 1888 4714 D
1913 4651 2052 4706 sicut
2081 4651 2132 4704 in
2165 4653 2438 4722 principio
2465 4651 2720 4724 Jeremia:
2749 4653 2950 4707 dictum
2984 4665 3069 4710 est
3096 4656 3160 4710 ad
3187 4673 3310 4712 eum
3341 4676 3354 4713 :
3386 4657 3523 4714 Ecce

204 4739 270 4793 Et
300 4739 582 4792 elevabitur
607 4738 658 4790 in
685 4753 853 4808 grege,
886 4736 990 4791 hoc
1026 4737 1285 4807 ostendit,
1319 4741 1466 4810 quod
1497 4742 1548 4795 in
1580 4741 1810 4810 singulis

200 4833 460 4902 gregibus
484 4829 686 4900 justus,
721 4842 773 4883 et
801 4838 1043 4895 sanctus,
1065 4843 1120 4883 et
1141 4829 1377 4900 agricola
1405 4835 1521 4903 ipse
1548 4834 1811 4891 Dominus

205 4927 478 4988 eleu-tnr,
510 4933 561 4979 et
593 4925 646 4978 in
679 4925 856 4979 servis
903 4925 1016 4978 suis
1053 4933 1216 4994 atque
1247 4926 1592 4983 credentibus
1621 4927 1688 4982 ad
1717 4943 1812 4982 ex-

205 5033 252 5073 co.
275 5020 353 5072 lsa
376 5018 730 5074 conscendat.

284 5113 303 5178 (
327 5111 481 5167 Vers.
500 5111 591 5174 ‘25,
615 5110 703 5166 26.
724 5109 744 5182 )
778 5109 914 5175 Quia
936 5109 1185 5164 inebriari
1206 5111 1432 5166 animam
1457 5110 1647 5166 lassam
1664 5112 1816 5184 (sive

206 5205 336 5276 quia
359 5204 601 5258 inebriavi
633 5217 835 5257 omnem
856 5203 1082 5255 animum
1109 5202 1392 5273 sitientem)
1420 5213 1467 5258 et
1487 5220 1687 5258 omnem
1710 5205 1826 5258 ani-

213 5315 356 5352 mant
387 5298 695 5352 esurientem
734 5297 962 5350 saturavi
993 5295 1131 5368 (sive
1161 5294 1373 5367 replevi)
1400 5313 1418 5351 :
1444 5297 1561 5351 ideo
1594 5305 1618 5333 ἰ
1646 5313 1826 5370 exper-

212 5390 451 5462 gefactus
479 5405 616 5453 sum,
643 5399 688 5443 et
710 5391 812 5444 vidi
835 5405 854 5444 :
875 5399 924 5443 et
954 5406 1163 5444 somnus
1190 5407 1332 5444 meus
1362 5389 1532 5445 dulcis
1554 5391 1653 5459 [uit
1677 5389 1822 5444 mihi.

213 5482 448 5538 Mutatio
495 5495 850 5550 personarum
894 5480 1022 5535 facit
1065 5484 1356 5536 obscuram
1408 5482 1822 5552 intelligentiam

215 5573 641 5644 Prophetarum.
678 5572 894 5627 Dixerat
944 5575 1226 5644 Dominus,
1285 5574 1470 5630 Adhuc
1505 5575 1674 5630 dicent
1701 5593 1824 5650 (ver-

301 5785 326 5812 ⁸
358 5775 581 5852 ‘Versio
600 5775 823 5830 Hieron.
847 5792 911 5833 ac
937 5779 1189 5852 Vulgata,
1225 5778 1354 5837 Ideo
1377 5783 1528 5850 quasi
1568 5783 1632 5836 dc
1661 5798 1842 5838 somno

224 5834 513 5902 institutus
543 5847 676 5911 sum.
703 5852 839 5917 etei;

1911 4743 2152 4795 constitui
2176 4753 2223 4796 te
2250 4741 2405 4796 hodie
2433 4759 2590 4810 super
2617 4753 2808 4813 gentes,
2841 4753 2890 4798 et
2918 4761 3074 4811 super
3102 4764 3280 4818 regna,
3308 4761 3363 4802 ut
3391 4751 3527 4804 evel-

1917 4835 2018 4899 las,
2061 4843 2108 4886 et
2136 4835 2390 4902 destruas,
2424 4843 2471 4887 et
2500 4835 2794 4903 disperdas,
2826 4847 2874 4890 ct
2900 4839 3138 4909 dissipes,
3189 4850 3234 4893 et
3272 4842 3523 4910 uadi/ires,

1917 4938 1966 4982 et
2000 4928 2237 4998 plantes;
2263 4937 2319 4984 et
2348 4928 2563 4998 vigilavi
2592 4945 2754 5000 super
2783 4945 2878 4986 eos
2903 4941 2960 4986 ut
2985 4931 3218 4988 iacerem
3251 4933 3394 5002 quod
3421 4935 3529 4988 mi-

1923 5031 2087 5075 natus
2114 5035 2233 5074 sunt
2262 5039 2275 5074 :
2310 5020 2411 5084 sic,
2448 5021 2643 5091 inquit,
2677 5022 2917 5092 vigilabo
2950 5038 3094 5078 nunc
3123 5038 3289 5094 super
3319 5040 3436 5092 eos,
3471 5037 3532 5082 ut

1923 5113 2186 5168 aediﬁcem
2213 5126 2265 5166 et
2298 5113 2562 5182 plantem.
2600 5115 2692 5170 Dei
2725 5115 2870 5170 enim
2901 5117 3253 5183 agricultura,
3280 5118 3371 5172 Dei
3401 5120 3535 5174 mdi-

1931 5210 2115 5264 licatio
2169 5208 2300 5264 eSIis
2347 5207 2556 5280 (lCor.
2609 5210 2838 5282 nt,9).
2895 5211 3097 5266 Omnes
3154 5212 3538 5283 hujuscemodi

1931 5303 2394 5373 repromissiones
2417 5304 2570 5374 juxta
2619 5303 2838 5360 Juda'os
2879 5315 2933 5358 et
2979 5315 3200 5360 nostros
3249 5307 3542 5364 Judaizan-

1932 5405 2035 5463 tes,
2095 5395 2147 5448 in
2200 5394 2352 5449 mille
2405 5408 2676 5450 annorum
2715 5409 2884 5465 regno
2931 5401 3192 5463 putantur
3221 5411 3344 5454 esse
3386 5414 3544 5455 com-

1933 5486 2163 5556 pleudaz.
2187 5484 2297 5540 Nos
2327 5497 2532 5554 autem,
2559 5487 2781 5541 dicente
2809 5486 3075 5555 Apostnlo
3105 5503 3118 5539 :
3152 5486 3266 5560 Ego
3293 5493 3548 5561 plantavi,

1935 5577 2123 5649 Apollo
2143 5579 2354 5651 rigavit,
2384 5579 2474 5633 sed
2503 5577 2642 5634 Deus
2665 5579 3032 5632 incrementum
3058 5579 3197 5634 dedit
3227 5580 3416 5654 (Ibid.,
3445 5584 3504 5656 6)
3530 5602 3546 5640 :

2023 5783 2060 5858 ι’,
2089 5784 2570 5860 Constanter‘cnm
2601 5783 3011 5860 llieronymian.
3041 5795 3096 5839 et
3125 5784 3284 5860 Vulg.
3310 5788 3438 5845 edit.
3473 5791 3560 5848 bid

1958 5851 2119 5926 atque
2147 5850 2372 5912 inferius
2399 5847 2628 5910 Cisterc.
2672 5847 3223 5925 ms.,'obstupuerunt.
