4080 6326
220 331 337 392 885

701 330 1353 391 COMMENTARIORUM
1390 331 1458 390 IN
1494 330 1848 391 JEREMIAM
1890 331 2316 394 PROPIIETAM
2356 336 2485 394 LIB.
2527 337 2619 394 Vl.
2661 336 2818 396 CAP.
2858 337 3052 397 XXXI.

3432 337 3537 396 ssc
3576 309 3583 317 ’

221 464 335 503 non
390 445 683 511 transibunt
709 492 725 516 ,
776 462 944 520 neque
991 456 1347 505 convertentur
1400 447 1604 521 aperire
1647 457 1834 505 terram
1863 448 1913 509 Δ
1938 462 2099 509 suum
2128 449 2414 506 auxilium.
2441 451 2578 519 Huic
2606 452 2791 509 sensui
2819 452 3165 535 Septuaginta
3195 453 3532 523 contrarium

223 536 414 611 (Psat.
445 553 560 607 cut,
591 537 670 608 9),:
704 538 809 603 sic,
861 538 1070 607 inquit,
1114 552 1303 596 semen
1335 547 1389 594 et
1414 554 1588 611 genus
1628 539 1792 597 lsrael
1814 577 1839 613 ε

226 631 458 687 Domini
503 632 612 687 erit
656 630 945 695 voluntate
996 641 1351 700 perpetuum,
1390 647 1492 688 nec
1542 632 1838 705 aliquando

223 723 474 781 deﬁciet.
496 723 672 794 Leges
697 733 878 779 autem
906 722 1027 790 hic,
1064 724 1319 783 Mosaicae
1349 740 1456 781 non
1480 733 1610 785 sunt
1632 725 1833 781 intelli-

221 815 451 888 genda,
472 816 568 872 sed
593 816 914 871 constitutio
937 825 991 871 et
1014 816 1152 871 ordo
1178 828 1406 877 naturae.
1430 817 1838 889 lnterrogemus

222 906 487 976 Iudaeos,
518 909 715 977 sicmli
750 909 1025 978 peribunt,
1058 918 1115 965 et
1144 924 1336 966 omnes
1360 912 1513 983 quasi
1547 911 1839 967 vestimen-

222 1009 346 1058 tum
370 1013 721 1060 veterascent
742 1018 758 1069 ;
782 1012 837 1059 et
865 1005 932 1058 ad
965 1002 1256 1058 Dominum
1284 1003 1518 1059 dicitur:
1553 1002 1633 1057 Tu
1658 1013 1834 1058 autem

223 1096 374 1151 idem
399 1098 512 1173 ipse
536 1113 609 1162 es,
643 1104 695 1152 et
727 1098 854 1151 anni
878 1098 952 1151 tui
974 1112 1078 1151 non
1101 1095 1346 1167 deficient
1379 1096 1561 1168 (Psal.
1584 1112 1660 1165 Ct,
1693 1097 1790 1167 28)
1818 1138 1834 1165 ,

223 1187 513 1257 quomodo
537 1202 726 1253 semen
760 1188 923 1244 Israel
948 1197 1130 1259 potest
1172 1202 1296 1244 esse
1333 1190 1697 1260 perpetuum?
1726 1191 1837 1243 Aut

222 1280 380 1335 enim
413 1281 769 1350 pereuntibus
797 1282 978 1349 etatis,
1010 1280 1211 1352 peribit
1238 1290 1294 1336 et
1314 1297 1501 1338 semen
1529 1278 1837 1348 Israel-,aut

222 1373 269 1429 si
302 1371 472 1429 fuerit
504 1382 851 1444 perpetuum,
877 1360 1128 1444 ergonec
1153 1374 1281 1432 ρωιί
1311 1374 1757 1446 perihnut.Quod
1787 1375 1833 1431 si

223 1467 520 1538 Scriptura
553 1469 771 1524 mentiri
804 1485 911 1524 non
940 1477 1159 1549 potest,
1184 1479 1239 1524 et
1269 1469 1495 1539 perituri
1526 1480 1654 1524 sunt
1681 1469 1831 1539 cteli,

223 1563 441 1633 peribit
491 1565 656 1634 igitur
704 1574 759 1621 et
789 1580 975 1621 semen
1018 1565 1215 1635 Israel,
1246 1566 1482 1621 maxime
1510 1580 1632 1621 cum
1663 1576 1717 1631 et
1745 1566 1834 1623 Ja-

221 1658 333 1713 cob
382 1657 639 1725 loquatur
684 1657 753 1714 ad
785 1658 965 1714 ﬁlios:
1007 1657 1206 1723 Venite,
1235 1668 1286 1720 et
1329 1659 1649 1723 annuntiabo
1694 1659 1835 1725 vobis

220 1751 361 1824 quid
389 1753 627 1823 futurum
656 1753 723 1807 sit
748 1752 803 1807 in
842 1753 1136 1817 novissimis
1175 1753 1357 1817 diebus
1380 1751 1537 1828 (Gen.
1569 1769 1717 1823 χιιι,
1752 1753 1825 1826 1).

1942 542 2363 607 transtulerunt,
2423 544 2705 601 dicentes:
2740 544 2801 603 Si
2832 545 3119 607 exaltatum
3150 547 3308 621 fuerit
3350 547 3537 615 ctelunt

1922 631 2233 700 sublimius,
2261 643 2309 699 et
2338 632 2669 693 humiliatuat
2700 638 3047 708 pavimentum
3076 647 3224 694 terra:
3253 637 3538 706 deorsum;

1937 734 1990 781 et
2016 742 2129 797 ego,
2157 727 2375 797 inquit,
2398 744 2501 782 non
2531 729 2818 805 reprobabo
2849 747 3019 785 semen
3050 729 3240 797 Israel,
3275 732 3401 789 dicit
3431 730 3537 797 Do—

1938 819 2129 887 minus,
2160 828 2375 893 propter
2399 823 2573 876 omnia
2601 839 2717 895 qua:
2742 824 2994 895 fecerunt.
3042 823 3198 895 Quod
3230 828 3275 880 si
3307 824 3378 878 ita
3407 833 3490 893 est
3515 866 3532 893 ,

1938 916 2325 986 reprobabitur
2353 931 2528 991 genus
2586 916 2777 975 Israel.
2825 917 3112 997 Quomodo
3139 919 3287 973 enim
3335 918 3533 981 coelum

1939 1023 2048 1064 non
2078 1016 2258 1079 potest
2287 1024 2353 1064 eo
2383 1009 2528 1081 quod
2557 1021 2671 1077 est,
2714 1025 2837 1065 esse
2883 1010 3203 1079 sublimius,
3259 1025 3361 1067 nec
3387 1021 3539 1079 terra.

1939 1099 2199 1157 humilior
2223 1117 2347 1159 esse
2376 1117 2446 1158 eo
2491 1102 2642 1173 quod
2668 1111 2787 1159 est:
2814 1103 2895 1167 sic
2941 1113 3193 1175 etgenus.
3230 1101 3400 1167 Israel
3441 1118 3537 1160 ne.

1937 1209 2207 1267 quaquam
2254 1194 2455 1266 poterit
2476 1192 2504 1232 ι)
2537 1195 2843 1265 reprobari.
2878 1193 2935 1250 Si
2967 1194 3266 1251 viderimus
3315 1194 3535 1251 Judaaos

1933 1287 2085 1359 juxta
2118 1287 2445 1353 llebrajcum
2483 1286 2588 1342 hoc
2631 1286 2943 1345 testimonio
2971 1288 3225 1361 gloriari,
3261 1286 3535 1343 assentia-

1939 1394 2060 1433 mur
2083 1379 2164 1434 eis
2189 1378 2335 1448 quod
2392 1392 2499 1435 nou
2534 1379 2606 1433 sit
2647 1378 2925 1461 abjecum
2980 1377 3298 1435 universum
3346 1394 3533 1437 semen

1937 1472 2128 1529 Israel.
2151 1472 2273 1531 Non
2291 1474 2437 1529 enim
2462 1486 2657 1528 omnes
2678 1472 2875 1543 abjecti
2896 1481 3057 1540 sunt,
3089 1472 3185 1529 sed
3217 1472 3272 1529 bi
3297 1482 3530 1541 tantum,

1937 1564 2028 1636 qui
2054 1564 2274 1620 fuerunt
2298 1564 2585 1620 increduli.

2009 1656 2189 1729 (Vcrs.
2233 1656 2351 1726 58).
2388 1655 2520 1721 Ecce
2546 1656 2661 1712 dies
2710 1658 2941 1727 veniunt,
2974 1657 3101 1721 dicit
3154 1655 3439 1731 Dominus,
3487 1664 3536 1710 et

1935 1750 2281 1820 (edi/icabitur
2306 1750 2483 1804 civitas
2514 1748 2758 1819 Domino,
2784 1767 2817 1804 a
2848 1759 2990 1804 turre
3011 1748 3363 1822 Anan_eel[Al.
3392 1749 3536 1802 Ana-

222 1843 479 1919 Quando'
516 1854 696 1901 autem
747 1845 966 1913 dicitur,
996 1846 1049 1901 in
1107 1849 1398 1903 novissimis
1441 1848 1644 1915 diebus,
1695 1863 1826 1920 ergo
1857 1840 1906 1901 B
1932 1840 2119 1914 meltel]
2149 1859 2310 1915 usque
2340 1841 2409 1895 ad
2435 1853 2641 1914 portam
2669 1841 2876 1915 anguli,
2908 1851 2955 1896 et
2982 1842 3139 1897 exibit
3184 1842 3325 1899 ultra
3348 1856 3535 1895 norma

222 1937 471 1994 mundus
511 1953 634 1995 esse
663 1939 930 2004 cessabit,
973 1947 1028 1994 et
1061 1939 1166 1995 alia
1199 1939 1292 1994 ﬁet
1330 1954 1512 1996 rerum
1542 1939 1829 2009 dispositio

220 2028 341 2104 [ΑΙ.
362 2028 743 2103 diSpeusatio].
774 2030 888 2086 Hoc
912 2033 1202 2088 adversum
1232 2031 1379 2087 illos.
1400 2030 1677 2097 Caeterum
1707 2046 1830 2087 nos-

1934 1937 2072 2006 (sive
2097 1939 2249 2005 juxta
2278 1933 2690 2008 Symmachum)
2714 1934 2978 2007 funiculus
3000 1950 3253 1990 mensura:
3273 1935 3386 2006 ejus
3407 1951 3532 1988 cono

1929 2041 2011 2087 tra
2043 2048 2154 2087 eam
2185 2049 2341 2103 super
2369 2031 2554 2086 collem
2585 2028 2775 2096 Gareb,
2814 2039 2861 2084 et
2889 2029 3128 2084 circuibit
3154 2025 3361 2083 Goatha
3393 2027 3533 2111 (sive

224 2122 330 2176 tris
377 2121 641 2176 mundum
701 2123 861 2178 istum
922 2138 1028 2178 non
1087 2138 1207 2179 esse
1261 2136 1615 2195 perpetuum,
1658 2123 1824 2178 etiam
1924 2126 2078 2197 juxta
2126 2125 2518 2197 Septuaginta,
2563 2124 2628 2178 de
2657 2124 2832 2178 electis
2877 2122 3189 2195 lapidibus).
3225 2121 3291 2176 Et
3331 2138 3532 2189 omnem

223 2214 585 2285 Evangelium
635 2215 1010 2284 demonstrat,
1059 2216 1285 2273 dicens:
1337 2214 1533 2271 Caelum
1580 2225 1630 2272 et
1690 2226 1828 2270 terra

126 2317 131 2325 '
225 2306 527 2361 transibunt
558 2304 778 2382 (Matth.
807 2323 956 2377 xxtv,
986 2310 1101 2376 35).
1138 2309 1244 2377 Et:
1278 2307 1411 2375 Ecce
1444 2324 1538 2379 ego
1564 2307 1828 2362 vobiscum

223 2415 350 2452 sum
381 2401 622 2455 omnibus
656 2401 835 2457 diebus
860 2418 1023 2474 usque
1037 2402 1107 2457 ad
1122 2403 1619 2457 consummationem
1649 2399 1827 2455 saeculi

229 2488 459 2562 (Matth.
519 2507 713 2560 xxvm,
754 2492 872 2565 20).
923 2492 1180 2549 Dicamus
1231 2501 1289 2549 et
1336 2491 1827 2559 aliteeruamdiu

227 2582 474 2637 mundus
505 2584 610 2639 iste
648 2583 855 2661 fuerit,
879 2601 1066 2641 semen
1111 2586 1275 2642 Israel
1305 2595 1361 2641 et
1391 2594 1608 2656 gentem
1645 2583 1832 2639 Judai-

229 2687 359 2730 cam
408 2689 852 2747 permansurum,
883 2693 988 2733 non
1034 2679 1087 2732 in
1135 2678 1220 2731 his
1243 2677 1334 2747 qui
1368 2691 1510 2731 nunc
1559 2673 1829 2729 increduli

232 2774 406 2835 sunt,
437 2766 534 2822 sed
558 2768 610 2824 in
641 2767 726 2823 his
753 2768 846 2839 qui
871 2784 994 2823 cum
1026 2766 1301 2839 Apostolis
1323 2774 1382 2823 et
1411 2781 1508 2851 per
1537 2764 1833 2835 Apostolos

232 2859 600 2915 crediderunt
619 2903 634 2925 .
663 2871 722 2917 ut
744 2864 989 2932 reliquiae
1010 2863 1174 2917 salva:
1204 2863 1421 2916 tierent.

304 2950 497 3025 (Vers.
520 2952 632 3025 31).
670 2952 797 3008 Ηωε
840 2955 963 3008 dicit
1012 2953 1305 3009 Dominus:
1334 2953 1397 3011 Si
1426 2955 1716 3010 mensurari
1735 2969 1831 3025 p0—

232 3049 432 3104 tuerint
471 3048 585 3102 coeli
627 3064 854 3114 sursum,
889 3059 935 3103 et
980 3049 1282 3123 investigari
1311 3049 1651 3119 fundamenta
1684 3058 1835 3103 terrm

233 3140 511 3211 deorsum,
541 3151 589 3197 et
633 3142 726 3215 ego
782 3144 1025 3214 abjiciam
1076 3145 1372 3199 universum
1420 3160 1593 3199 semen
1637 3142 1831 3209 Israel,

1929 2219 2115 2274 vallem
2159 2219 2431 2281 ruinarum
2456 2219 2580 2291 (pro
2603 2217 2806 2287 quibus
2835 2215 3150 2273 Theodolio
3200 2214 3375 2286 ipsum
3401 2229 3532 2268 ver-

1932 2312 2059 2379 bum
2094 2311 2423 2375 Hebraicum
2471 2309 2655 2396 posuit
2684 2325 2955 2379 raserunt
2982 2305 3211 2380 (D9139),
3244 2317 3294 2362 et
3336 2308 3536 2363 cineres

1931 2413 1982 2459 et
2009 2419 2212 2458 omnem
2247 2402 2553 2456 Asaremoth
2583 2401 2749 2472 (quod
2780 2400 2974 2471 melius
3007 2401 3238 2473 legimus
3263 2408 3285 2436 ο
3334 2413 3533 2452 assus-

1931 2511 2080 2555 ποτε
2111 2496 2423 2565 (nm-nm),
2453 2508 2552 2564 pro
2577 2508 2687 2562 quo
2720 2491 2909 2563 Aquila
2944 2489 3239 2545 suburbana
3270 2489 3534 2559 interpre-

1932 2597 2080 2647 tatus
2110 2588 2213 2655 est)
2244 2604 2407 2657 usque
2434 2585 2504 2640 ad
2529 2595 2810 2653 torrentem
2856 2584 3084 2648 Cedron,
3122 2600 3283 2654 usque
3319 2581 3391 2647 ad
3435 2600 3531 2637 an-

1931 2685 2109 2754 gulum
2132 2691 2296 2757 porta
2318 2660 2567 2751 equorum
2600 2678 2907 2741 Orientalis,
2930 2687 3165 2731 sanctum
3190 2670 3404 2735 Domini
3428 2691 3531 2729 non

1932 2777 2177 2833 evelletur
2217 2785 2264 2843 et
2296 2791 2397 2829 non
2448 2774 2742 2839 destruetur
2771 2790 2935 2844 usque
2984 2773 3037 2826 in
3068 2779 3401 2851 perpetuum.
3428 2767 3534 2851 Qui

1935 2870 2082 2924 mille
2106 2882 2371 2925 annorum
2401 2867 2453 2921 in
2486 2874 2630 2922 terra
2662 2865 2847 2937 iudica
2880 2879 3105 2932 regnum
3133 2861 3338 2925 Christi
3390 2860 3530 2931 reci-

1934 2962 2121 3032 piunt,
2149 2959 2320 3015 Judaei
2348 2958 2600 3015 videlicet
2626 2968 2680 3013 et
2712 2959 2882 3013 nostri
2917 2956 3297 3029 jndaizantes,
3320 2968 3529 3009 conan-

1937 3062 2026 3109 tur
2067 3054 2356 3109 ostendere
2386 3061 2594 3109 turrem
2630 3052 2871 3108 Ananeel
2899 3060 2953 3106 et
2980 3064 3195 3123 portam
3227 3048 3447 3121 anguli,
3476 3058 3531 3104 et

1937 3147 2129 3207 Collent
2170 3147 2368 3205 Gareb.
2403 3154 2454 3202 et
2502 3144 2747 3212 Goatha,
2796 3156 2851 3201 et
2875 3145 3068 3200 vallem
3113 3142 3436 3219 Phagarim,
3475 3149 3533 3197 et

158 3284 163 3291 .
231 3243 449 3306 propter
494 3236 666 3288 omnia
719 3251 835 3308 quae
887 3237 1140 3305 fecerunt,
1172 3237 1297 3292 dicit
1325 3235 1600 3291 Dominus.
1646 3235 1789 3292 LXX
1815 3254 1828 3291 :
1861 3227 1907 3291 C
1939 3253 2155 3301 omnem
2182 3237 2514 3293 Asademotb
2535 3280 2551 3304 ,
2577 3244 2632 3292 et
2663 3247 2962 3305 torrentem
2987 3235 3201 3309 Cedron
3224 3277 3239 3301 ,
3267 3244 3322 3289 et
3353 3233 3531 3288 locum

236 3324 372 3380 Hac
390 3325 517 3381 dicit
552 3326 803 3383 Dominus
825 3345 844 3384 :
871 3330 932 3385 Si
981 3328 1233 3385 eleuatum
1264 3332 1420 3402 fuerit
1463 3331 1647 3386 malum
1667 3331 1832 3385 subli-

235 3420 401 3487 mius,
425 3429 473 3474 et
506 3420 552 3475 si
578 3421 907 3476 humiliatum
932 3423 1280 3495 pavimentum
1309 3433 1460 3479 terra:
1488 3425 1751 3492 deorsum,
1785 3434 1834 3480 et

237 3529 336 3586 ego
365 3530 469 3569 non
495 3514 778 3587 reprobabo
819 3534 979 3587 genus
1010 3516 1181 3573 Israel
1205 3558 1222 3585 ,
1269 3519 1397 3572 dicit
1432 3517 1707 3587 Dominus,
1738 3536 1832 3589 pro

240 3609 483 3664 omnibus
503 3625 618 3680 qua:
637 3610 888 3681 fecerunt.
914 3612 1135 3685 Multum
1168 3614 1221 3667 in
1255 3596 1502 3668 hocﬂloco
1530 3614 1697 3668 distat
1724 3613 1828 3669 He-

240 3701 488 3757 braicum
513 3702 582 3756 ab
608 3702 853 3759 editione
873 3703 1126 3774 Vulgata.
1155 3706 1403 3760 Dicamus
1428 3704 1662 3779 primum
1679 3705 1834 3776 juxta

244 3792 617 3848 llebraicum:
651 3794 712 3850 Si
742 3797 1029 3850 mensurari
1066 3799 1326 3869 potuerint
1367 3799 1478 3852 εωιί
1524 3814 1750 3866 sursum,
1782 3807 1839 3854 et

242 3901 439 3943 eorum
471 3886 703 3944 altitudo
748 3892 1040 3961 cognosci,
1072 3892 1152 3946 vel
1174 3893 1477 3968 investigari
1501 3893 1839 3973 [undamenta

246 3990 420 4048 term,
461 3990 518 4039 et
554 3992 801 4045 extrema
850 4001 1045 4042 eorum
1088 3987 1308 4045 ratione
1335 3990 1765 4075 comprehendi,
1792 3999 1839 4046 et

245 4091 365 4148 ego,
398 4076 598 4147 inquit,
626 4079 872 4152 abjiciam
897 4082 1190 4136 universum
1215 4098 1385 4138 semen
1410 4081 1599 4147 Israel,
1630 4094 1841 4155 propter

248 4170 426 4223 omnia
445 4185 559 4261 qua
582 4169 832 4240 fecerunt,
857 4173 984 4231 dicit
1012 4172 1282 4231 Dominus.
1311 4175 1599 4247 Quomodo

247 4268 435 4315 autem
466 4260 601 4316 illud
630 4262 972 4337 impossibile
1003 4273 1122 4327 est,
1154 4275 1214 4323 ut
1243 4267 1510 4323 eualorum
1557 4260 1846 4325 suuimita-

252 4360 364 4408 tem
393 4364 450 4409 et
482 4365 640 4411 terra:
668 4356 1020 4413 fundamenta
1055 4373 1382 4428 noscamus,
1414 4359 1496 4416 sic
1528 4369 1581 4415 et
1615 4361 1721 4421 hoc
1744 4360 1848 4415 im-

254 4448 520 4525 possibile
545 4450 680 4515 erit,
716 4461 779 4516 ut
803 4452 1055 4523 abjiciam
1088 4434 1404 4513 universum
1437 4470 1624 4524 semen
1653 4455 1843 4512 Israel.

257 4539 354 4597 Sin
381 4551 571 4608 autem
613 4528 1222 4613 abiecero‘universum
1255 4562 1442 4611 semen
1480 4545 1648 4603 Israel
1672 4590 1689 4625 η
1718 4564 1849 4620 ergo

1942 3334 2155 3419 1076
2177 3333 2357 3404 θηευιί
2394 3343 2564 3404 Ρονιθβ
2597 3347 2862 3403 equorum
2914 3330 3238 3385 orientalis:
3269 3336 3325 3383 et
3353 3326 3428 3382 ibi
3451 3326 3535 3383 di-

1935 3439 2067 3485 cunt
2117 3427 2486 3495 sanctuarium
2537 3424 2787 3493 Doutini,
2823 3425 2876 3480 id
2927 3435 3039 3489 est,
3092 3422 3354 3505 templum
3408 3436 3534 3477 esse

1936 3518 2278 3575 condeudnm
2309 3560 2325 3593 ,
2382 3532 2806 3587 mansurumque
2870 3516 2923 3570 in
2978 3523 3319 3593 perpetuum.
3378 3512 3531 3593 Quod

1936 3613 2060 3684 quia
2115 3622 2235 3681 post
2283 3592 2663 3682 captivitatem
2722 3607 3065 3680 temporibus
3111 3592 3421 3677 Zorobabel
3478 3614 3536 3663 et

1941 3705 2093 3760 Ezrzc
2121 3720 2228 3759 non
2262 3711 2492 3775 possunt
2522 3714 2834 3759 monStrare
2864 3701 3538 3779 cttmpletum,transeunt

1938 3797 2005 3852 ad
2072 3796 2274 3851 Christi
2334 3806 2578 3865 tempora
2629 3835 2644 3860 ,
2718 3809 2878 3864 quem
2946 3795 2998 3848 in
3063 3791 3535 3848 consummatione

1941 3891 2127 3949 mundi
2168 3893 2356 3959 dicunt
2385 3904 2513 3959 esse
2534 3868 2857 3955 venturum,
2897 3896 2955 3943 ut
2983 3902 3151 3955 aurea
3181 3895 3344 3961 atque
3383 3900 3536 3957 geru-

1942 3994 2083 4041 mata
2116 3984 2276 4057 juxta
2308 3983 2697 4055 Apocalypsim
2721 3980 2949 4049 Joannis
2989 3979 3289 4037 descendat
3318 3978 3538 4035 Jerusa-

1941 4081 2081 4147 lem,
2112 4089 2164 4135 et
2196 4079 2299 4134 huc
2332 4087 2492 4133 terra:
2523 4075 2700 4146 Spalio
2722 4118 2737 4143 ,
2763 4077 2813 4131 id
2837 4087 2915 4133 est
2938 4117 2953 4143 ,
2986 4075 3057 4131 ab
3096 4074 3190 4129 illo
3222 4073 3344 4129 loco
3364 4089 3539 4155 usque

1943 4173 2009 4228 ad
2035 4172 2186 4227 illum
2212 4173 2392 4225 locum
2429 4168 2731 4229 aediﬁcetur
2753 4184 2850 4243 per
2870 4168 3160 4223 circuitum
3184 4164 3373 4251 (Apoc.
3398 4167 3539 4234 χιι).

1945 4268 2395 4341 Suspiciouisque
2439 4266 2716 4341 sumlianc
2752 4266 3003 4337 aurulam
3044 4264 3293 4343 capiunt,
3326 4264 3470 4336 quod
3511 4279 3540 4318 a

1945 4368 2099 4417 turre
2154 4359 2471 4433 Anatltotb,
2518 4374 2638 4443 quae
2688 4357 2852 4415 hodie
2900 4357 3207 4443 appellatur
3252 4357 3542 4439 Jeretniae,

1950 4454 2123 4515 tribus
2151 4470 2178 4507 a
2206 4452 2507 4509 Jerusalem
2530 4453 2772 4508 millibus
2799 4460 3087 4529 separata,
3106 4466 3279 4522 usque
3327 4451 3397 4521 ad
3429 4460 3544 4521 tor-

1953 4556 2165 4604 rentem
2190 4547 2409 4609 Cedron
2434 4588 2451 4615 ,
2482 4547 2573 4619 qui
2605 4545 2867 4615 scribitur
2908 4546 2964 4613 in,
3002 4545 3295 4615 Evangelio
3341 4542 3544 4624 (Joan.

256 4631 668 4697 mensurabitur
705 4636 973 4697 caelorum
1019 4639 1341 4709 summitas,
1375 4648 1433 4695 et
1462 4613 1703 4701 extrema
1740 4613 1851 4696 ter-
1874 4613 1929 4675 D
1954 4640 2134 4713 nm),
2166 4649 2223 4697 et
2251 4651 2336 4698 est
2377 4613 2603 4707 lli-Yillle
2644 4613 2911 4713 lost—pilai
2931 4680 2945 4704 .
2968 4613 3059 4705 ulli
3098 4613 3292 4707 hortus
3315 4613 3431 4695 εἰν
3452 4680 3468 4706 ν
3493 4637 3551 4695 iu

255 4741 465 4781 rarum.
519 4725 616 4781 Hic
658 4727 1009 4813 syllogismus
1060 4740 1116 4792 et
1164 4731 1215 4783 in
1274 4731 1575 4801 Evangelio
1611 4734 1848 4788 texitur:

253 4819 515 4889 quandou
546 4819 888 4889 impossibile
914 4820 1243 4893 impossilnli
1269 4832 1654 4892 comparatur:
1690 4824 1850 4879 Faci-

260 4912 364 4966 lius
388 4894 886 4969 eamelus'intrabit
912 4930 1009 4981 per
1036 4916 1283 4970 foramen
1316 4930 1477 4985 acus,
1509 4931 1670 4986 quam
1700 4916 1858 4972 dives

258 5003 467 5059 intrare
500 5003 678 5073 possit
706 5005 759 5059 iu
793 5008 1252 5077 regna’ctelurum
1283 5006 1501 5079 (Matth.
1532 5006 1667 5079 xix).
1709 5008 1856 5076 Quo-

260 5095 425 5152 modo
452 5097 598 5152 enim
636 5096 767 5151 illud
797 5084 905 5169 [Αὶ.
930 5097 1293 5171 impossibile]
1323 5099 1440 5154 ﬁeri
1485 5115 1591 5165 non
1639 5110 1852 5179 potest,

1953 4749 2062 4809 quo
2093 4744 2147 4787 et
2166 4732 2337 4789 Judas
2377 4732 2624 4803 proditor
2653 4730 2877 4789 tradidit
2904 4730 3241 4795 Salvatorem
3260 4772 3279 4801 ι
3310 4729 3555 4799 civitatis

1953 4825 2307 4889 fundamenta
2351 4823 2643 4895 jaciantur.
2678 4821 2930 4891 Lecturi,
2961 4821 3243 4895 inquiunt,
3275 4835 3467 4889 sumus
3499 4821 3555 4885 in

1955 4918 2420 4993 consequentibus
2454 4917 2718 4989 Anameel
2756 4918 2928 4987 lilium
2987 4915 3192 4973 Sallum
3254 4912 3555 4983 patruelem

1957 5014 2127 5070 fuisse
2145 5011 2433 5089 Jeremizc,
2455 5010 2611 5079 cujus
2647 5011 2782 5081 emit
2801 5026 2992 5084 agrum
3011 5051 3026 5074 ,
3050 5016 3109 5075 et
3127 5006 3247 5077 haec
3281 5016 3364 5075 est
3396 5006 3563 5075 turris

1966 5105 2209 5173 Ananeel
2229 5103 2590 5181 ..ignorantes
2614 5103 2935 5171 Ilebraicam
2960 5104 3270 5171 veritatem.
3296 5097 3392 5181 llic
3412 5097 3561 5169 enim

261 5189 341 5244 sic
376 5203 477 5243 nec
506 5190 611 5244 huc
637 5189 750 5246 ﬂeri
784 5192 1021 5261 poterit;
1049 5191 1191 5263 quod
1223 5192 1271 5246 si
1302 5192 1404 5261 hoc
1434 5190 1636 5255 factum
1661 5174 1861 5275 fuerit,
1956 5171 2111 5269 juxta
2147 5171 2470 5250 Hebraicum
2494 5194 2775 5267 scribitur,
2808 5212 2833 5247 a
2868 5205 3023 5263 turre
3054 5205 3302 5265 quassat,
3345 5171 3563 5267 (Suam)

264 5297 395 5353 ergo
426 5281 522 5337 fiet
568 5282 699 5339 illud
724 5326 739 5350 ,
763 5285 911 5356 quod
946 5283 1286 5363 impossibile
1318 5285 1628 5363 putabatur.
1660 5285 1863 5341 Errant
1960 5306 2060 5363 per
2080 5303 2185 5343 non
2217 5288 2474 5343 videlicet
2497 5289 2730 5343 mediam
2756 5290 3025 5353 litteram;
3065 5283 3141 5355 ibi
3176 5294 3397 5353 autem:
3426 5281 3561 5353 Ecce

265 5390 396 5444 ergo
433 5375 531 5454 qui
556 5374 699 5431 hunc
726 5379 902 5434 locum
943 5360 1103 5434 aliter
1130 5358 1472 5448 edisserunt,
1508 5388 1775 5447 ponentes
1812 5389 1868 5436 et
1964 5358 2214 5437 saltuum.
2237 5363 2473 5454 (ἥκω-ι)
2499 5380 2640 5448 ﬁlius
2664 5378 2872 5435 Sallum
2895 5374 3147 5447 patruelis
3175 5384 3294 5431 tuus
3314 5374 3474 5428 veniet
3497 5374 3565 5427 ad

269 5469 402 5525 illud
432 5450 809 5525 testimonium
829 5514 844 5537 ,
867 5473 1011 5543 quod
1050 5474 1281 5547 potuerit
1313 5483 1501 5543 petere
1529 5472 1744 5528 Patrem
1772 5472 1864 5543 Fio
1966 5482 2037 5542 te,
2060 5488 2158 5559 per
2184 5450 2419 5541 mediam
2449 5486 2562 5527 usu
2602 5471 2863 5539 litteram.
2904 5468 3222 5537 Invocantes
3262 5466 3428 5553 igitur
3460 5465 3567 5520 Do-

269 5561 415 5633 lilii.
444 5570 502 5627 et
527 5560 816 5625 duodecim
850 5564 1094 5649 legiones
1133 5566 1468 5637 Angelorum
1511 5564 1784 5633 adducere
1810 5567 1865 5625 in
1971 5557 2179 5641 mittunt
2217 5561 2591 5631 Salvatoretn,
2626 5561 2718 5632 qui
2770 5559 2932 5629 habet
2973 5559 3185 5627 clavem
3238 5557 3405 5630 [inid
3428 5601 3442 5626 ι
3475 5560 3568 5629 qui

346 5750 372 5816 ξι
412 5738 642 5816 βξειιδη.
662 5781 678 5805 ,
705 5742 1024 5816 impossibile
1052 5746 1285 5816 possibili
1313 5755 1664 5814 comparatur.

1932 5732 1948 5741 ’
2041 5755 2064 5783 ο
2095 5743 2153 5799 In
2185 5743 2472 5801 Nomiuum
2509 5756 2723 5815 quoque
2751 5742 2924 5808 libro,
2958 5741 3301 5815 Asedemoth,
3329 5757 3453 5801 arva
3491 5742 3570 5803 vel

344 5811 372 5851 δ
414 5812 560 5892 idem
590 5826 715 5868 cum
751 5811 920 5871 Valle.
940 5856 958 5884 ,
988 5811 1176 5888 poterit
1201 5811 1548 5890 comprobari.
1970 5816 2288 5873 suburbana.
2528 5811 2538 5813 ἡ
2637 5811 2651 5815 “
3296 5812 3301 5821 ·

1970 5816 2288 5873 suburbana.
