4080 6326
510 264 615 321 887

1766 265 1825 321 5.
1868 262 2133 322 EUSEBII
2171 256 2550 316 HIERONYMI

3701 257 3797 318 888

513 382 719 454 aperit,
750 390 809 439 et
829 398 990 439 nemo
1033 383 1267 450 claudit;
1299 383 1390 456 qui
1418 382 1619 440 claudit
1639 423 1655 447 ,
1683 391 1738 439 et
1766 397 1929 439 nemo
1975 396 2108 453 ape-
2138 380 2191 443 Α
2216 386 2343 434 tur:
2373 385 2433 433 ut
2458 375 2707 451 indigere
2736 393 2836 435 nos
2864 378 3063 435 doceat
3090 392 3251 435 cursu
3274 388 3437 450 atque
3462 377 3759 435 certamine
3779 420 3795 446 ,

514 480 615 543 rit;
646 479 738 550 qui
779 478 1051 550 signatum
1096 494 1314 552 quoque
1359 477 1512 534 Isaia:
1547 477 1745 534 librum
1789 486 1847 533 et
1865 476 2108 533 omnium

510 571 907 643 Prophetarum
935 573 1149 646 aperuit
1169 571 1328 646 (Isai.
1354 571 1526 645 uti);
1555 582 1610 629 et
1629 571 2000 629 adoraverunt
2027 569 2109 627 vi-

512 665 647 734 ginti
673 673 909 735 quatuor
945 667 1195 723 seniores
1217 673 1464 721 tenentes
1506 663 1743 719 citharas
1772 662 1955 737 (Apoc.
2002 660 2105 737 ιιι),

509 756 656 830 quod
701 757 854 812 solus
905 760 1145 829 potuerit
1169 758 1353 814 divina
1394 771 1644 814 reserare
1686 756 1981 830 mysteria,
2014 771 2111 827 ag-

511 852 825 925 grediamur
857 853 1147 909 tedilicium
1182 853 1422 909 civitatis
1450 852 1516 909 ad
1551 868 1714 924 quam
1759 851 2111 922 propheticus

511 959 696 1000 sermo
723 944 976 1016 dirigitur
1011 963 1025 999 :
1057 943 1301 1002 Gloriosa
1321 945 1462 999 dicta
1480 957 1599 1000 sunt
1620 944 1685 1000 de
1704 953 1774 1011 te,
1798 944 1975 999 ciritas
2012 941 2112 999 Dei

512 1037 690 1109 (Psal.
715 1056 919 1107 Lxxxv,
941 1038 1032 1114 2);
1054 1052 1110 1096 et
1134 1060 1148 1096 :
1174 1039 1442 1097 Fluminis
1470 1041 1689 1107 impetus
1723 1040 1953 1108 laztiﬁcat
1988 1039 2112 1094 civi-

511 1140 669 1187 tatem
712 1132 808 1189 Dei
839 1133 1019 1203 (Psal.
1044 1149 1169 1196 xcv,
1196 1132 1274 1206 4).
1304 1132 1632 1190 ιΕιΙὶίῐεθιιιιι
1659 1133 1841 1203 itaque
1867 1131 2109 1188 Ecclesia

512 1242 544 1280 a
575 1234 725 1281 turre
748 1224 1079 1293 obedientite,
1113 1227 1229 1283 sive
1251 1228 1456 1297 gratiae,
1489 1236 1544 1282 et
1559 1225 1815 1281 donorum
1843 1220 1945 1278 Dei
1981 1222 2111 1296 (hoc

511 1317 658 1372 enim
683 1318 1078 1387 interpretatur
1098 1319 1374 1391 Anaueel).
1394 1334 1563 1390 usque
1581 1318 1648 1374 ad
1672 1327 1883 1386 portam
1903 1316 2114 1387 anguli,

506 1425 628 1480 quae
660 1409 787 1465 licet
810 1411 1063 1467 videatur
1094 1413 1310 1468 initium
1340 1412 1546 1469 habere
1573 1412 1830 1479 sublime,
1849 1408 2109 1482 quamdiu

512 1504 567 1559 in
602 1503 706 1559 ista
738 1520 904 1561 carne
950 1506 1345 1573 subsistimus,
1376 1516 1581 1563 rectam
1614 1505 1863 1562 veritatis
1907 1502 2109 1558 lineam

516 1613 624 1653 non
662 1612 955 1668 possumus
992 1600 1313 1669 possidere:
1342 1600 1438 1655 sed
1471 1600 1525 1655 in
1562 1598 1760 1670 angulo
1800 1606 2008 1653 stamus
2056 1606 2112 1653 et

516 1687 705 1744 fractis
754 1687 862 1763 [ΑΙ.
916 1689 1066 1764 facti]
1123 1691 1319 1757 lineis,
1374 1692 1597 1762 exitque
1650 1691 1789 1745 ultra
1840 1688 2112 1746 funiculus

2215 480 2272 527 et
2296 469 2511 526 tandem
2562 486 2685 526 cum
2730 470 2963 527 Domino
3005 469 3194 526 audire
3233 484 3579 527 mereamur:
3616 469 3800 525 Ascen-

2215 563 2341 618 disti
2378 578 2536 635 equos
2577 572 2712 631 tuos,
2741 574 2789 619 et
2830 563 3083 636 equitatio
3110 571 3201 617 tua
3228 563 3371 618 salus
3394 561 3579 635 (Abac.
3612 578 3692 628 tn,
3722 564 3795 632 8).

2218 655 2278 711 in
2311 667 2465 726 porta
2495 656 2758 712 Orientali
2780 697 2797 724 ,
2828 657 2881 712 in
2916 666 3069 728 porta
3117 657 3533 729 quadrigarum.
3566 658 3800 714 sanctiﬁ-

2211 751 2355 807 catio
2390 751 2600 808 Domini
2624 762 2729 809 est.
2773 753 2837 809 Et
2864 751 2976 827 [ΑΙ.
3007 751 3095 826 Ut]
3124 764 3253 808 tunc
3286 770 3385 808 nos
3414 751 3682 823 perfectos
3718 769 3803 808 ar-

2212 846 2508 913 bitremur,
2555 846 2776 917 quando
2805 848 3110 903 dixerimus
3153 848 3217 902 ad
3261 846 3801 904 DominunnCurrus

2213 936 2314 994 Dei
2342 938 2517 993 decem
2568 939 2791 994 millium
2832 939 3108 1012 multiplex
3144 940 3317 995 millia
3344 940 3670 995 latantium:
3694 938 3798 995 Do-

2213 1036 2384 1092 minus
2410 1037 2463 1090 in
2484 1037 2559 1093 eis
2585 1037 2638 1092 in
2670 1035 2800 1093 Sina
2818 1038 2873 1091 in
2895 1048 3075 1092 sancto
3093 1035 3267 1109 (Psal.
3294 1050 3461 1100 uvtt,
3493 1033 3606 1105 18).
3631 1032 3804 1089 Istius-

2213 1127 2363 1184 modi
2406 1126 2724 1194 :cdilicatio,
2775 1144 2897 1199 quae
2941 1144 3111 1198 super
3151 1127 3567 1183 fundamentum
3613 1125 3803 1182 Christi

2214 1222 2388 1294 posita
2417 1230 2533 1289 est,
2565 1222 2635 1277 de
2665 1237 2769 1291 qua
2799 1222 3041 1293 loquitur
3067 1231 3124 1277 et
3156 1221 3489 1289 Apostolus:
3527 1217 3598 1276 Ut
3611 1218 3805 1288 sapiens

2213 1317 2521 1372 architectus
2548 1316 2946 1387 fundamentum
2973 1316 3122 1387 posui
3167 1316 3213 1387 (Ι
3241 1314 3364 1370 Cor.
3395 1330 3476 1378 ut,
3501 1312 3617 1381 l0),
3658 1330 3806 1367 nunt-

2212 1424 2376 1480 quam
2422 1408 2761 1476 destruetur,
2811 1408 2909 1464 sed
2963 1408 3304 1477 permanebit
3350 1406 3407 1462 in
3465 1415 3800 1476 perpetuum.

2215 1501 2457 1558 Obscura
2485 1509 2542 1558 et
2568 1500 2810 1557 difﬁcilia
2838 1501 3004 1556 latius
3032 1498 3350 1556 disserenda
3379 1508 3530 1568 sunt,
3561 1507 3620 1553 ut
3645 1499 3809 1554 mani-

2216 1595 2352 1652 festa
2381 1595 2596 1650 brevius
2626 1610 3034 1666 percurramus.

2292 1686 2673 1761 1078(Cap.
2691 1685 2993 1743 XXXII.—
3005 1684 3158 1742 Vers.
3184 1687 3207 1741 l
3233 1682 3412 1757 seqq.)
3432 1683 3659 1740 Verbum
3678 1686 3806 1749 quod

519 1796 791 1837 mensura:
816 1791 1009 1838 contra
1050 1798 1170 1840 eam
1186 1826 1204 1854 ,
1239 1784 1292 1840 id
1318 1793 1427 1848 est,
1459 1793 1670 1855 portam
1695 1781 1910 1853 anguli,
1946 1796 2112 1852 super
2141 1776 2191 1837 B
2215 1781 2407 1837 dictum
2425 1790 2499 1838 est
2518 1783 2587 1836 ad
2607 1782 2890 1838 Jeremiam
2909 1800 2941 1836 a
2962 1781 3181 1836 Domino
3207 1784 3260 1837 in
3284 1798 3422 1836 anno
3442 1782 3640 1836 decimo
3659 1781 3809 1838 Sedc-

517 1874 713 1930 collem
746 1874 934 1943 ϐαι·εὸ,
976 1879 1066 1948 qui
1117 1878 1169 1932 in
1211 1877 1395 1949 lingua
1439 1887 1624 1932 nostra
1668 1874 1900 1930 vertitur
1925 1885 2015 1929 aut
2042 1875 2117 1928 in-

515 1965 739 2035 colatus,
778 1976 873 2023 aut
900 1968 1095 2024 scabies
1115 1986 1135 2024 :
1165 1978 1225 2024 ut
1250 1969 1451 2026 doceat
1479 1984 1579 2024 nos
1606 1967 1844 2024 advenas
1873 1981 1995 2022 esse
2033 1975 2116 2021 at-

517 2073 625 2129 que
652 2061 1008 2131 peregrinos,
1040 2069 1098 2118 et
1142 2078 1250 2119 non
1301 2063 1526 2118 auribus
1575 2061 1921 2132 prurientes,
1963 2070 2020 2117 et
2048 2059 2116 2115 ad

525 2153 820 2208 novitatem
868 2153 1184 2226 dogmatum
1228 2157 1592 2228 pessimorum
1637 2154 1795 2211 facile
1839 2169 1946 2210 non
1977 2169 2118 2227 prae-

524 2248 655 2306 bere
703 2264 1058 2310 consensum.
1104 2250 1170 2306 Et
1214 2251 1472 2320 circuibit,
1513 2250 1716 2322 inquit,
1759 2248 1988 2319 Goatha,
2024 2265 2120 2319 pro

524 2356 635 2413 quo
657 2343 1009 2412 interpretati
1039 2355 1168 2401 sunt
1197 2343 1345 2401 LXX
1363 2361 1456 2416 per
1472 2361 1680 2417 gyrum,
1717 2343 1910 2399 electis
1934 2342 2124 2414 lapidi-

525 2435 659 2503 bus,
692 2436 788 2506 qui
815 2436 1113 2493 volvuntur
1148 2437 1359 2510 1077
1389 2450 1554 2508 super
1602 2435 1795 2491 faciem
1844 2444 2037 2499 terrm,
2067 2442 2124 2489 et

523 2529 773 2600 angulari
802 2530 984 2601 lapide
1007 2531 1489 2600 constringuntur,
1512 2529 1733 2584 dicente
1753 2529 2004 2599 apostolo
2025 2526 2124 2584 Pe-

525 2631 649 2680 tro:
684 2620 753 2675 Et
774 2632 800 2661 ι
829 2625 930 2692 ipsi
976 2632 1240 2695 tamquam
1270 2621 1469 2696 lapides
1506 2622 1605 2677 vivi
1633 2621 2124 2693 superwdiﬁcamini

524 2711 710 2767 domus
729 2712 1039 2783 spiritualis,
1063 2713 1411 2768 sacerdotium
1430 2722 1684 2777 sanctum,
1720 2712 1993 2781 ollerentes
2019 2712 2127 2786 spi-

524 2804 748 2860 rituales
768 2803 968 2860 hostias
998 2814 1049 2860 et
1067 2805 1409 2878 acceptabiles
1428 2803 1540 2859 Deo
1561 2821 1651 2878 per
1670 2803 1703 2859 .l
1709 2821 1853 2860 esum
1863 2802 2127 2860 Christum

532 2895 743 2968 (lPetr.
788 2913 851 2966 tt,
887 2898 966 2970 5).
1012 2897 1081 2953 Et
1122 2913 1376 2966 omnem,
1419 2897 1624 2969 inquit,
1660 2899 1859 2954 vallem
1911 2897 2126 2974 Phaga-

527 2990 648 3058 rim,
678 2990 822 3062 quod
848 2992 1241 3062 interpretatur
1258 2992 1566 3059 ruinarum;
1588 3001 1641 3047 ct
1669 2994 1908 3059 cineres,
1923 2992 2128 3050 subau-

530 3081 681 3138 ditur
729 3082 1015 3151 circuibit,
1046 3095 1104 3139 ut
1152 3099 1480 3153 quamquam
1524 3084 1683 3142 nobis
1738 3085 2027 3142 videamur
2073 3086 2126 3141 in

2217 1882 2312 1935 cite
2333 1881 2471 1954 regis
2494 1878 2659 1942 Iuda,
2699 1880 2810 1952 ipse
2840 1888 2914 1933 est
2943 1895 3111 1935 annus
3137 1885 3343 1933 octavus
3369 1877 3601 1931 decimus
3633 1875 3810 1931 Nabu-

2218 1974 2563 2030 chodonosor.
2611 1972 2757 2029 Tunc
2797 1974 3048 2028 exercitus
3083 1973 3217 2045 regis
3238 1970 3522 2042 Babylonis
3563 1969 3813 2025 obsidebat

2218 2068 2536 2135 Jerusalem,
2560 2077 2607 2125 et
2633 2067 2890 2124 Jeremias
2918 2066 3181 2137 Pr0plteta
3212 2066 3423 2122 clausus
3451 2072 3563 2121 erat
3600 2065 3653 2119 in
3690 2067 3813 2119 atrio

2220 2162 2465 2229 carceris,
2491 2163 2581 2228 qui
2621 2170 2731 2216 erat
2758 2161 2812 2215 in
2838 2161 2994 2214 iz'omo
3019 2160 3154 2230 regis
3185 2156 3349 2213 Iuda.
3390 2153 3661 2211 Clauserat
3690 2157 3813 2211 enim

2222 2271 2339 2311 eum
2378 2252 2626 2310 Sedecias
2654 2267 2747 2309 rea:
2773 2249 2948 2317 Iuda,
2999 2252 3173 2305 dicens
3214 2265 3235 2305 :
3285 2249 3458 2316 Quare
3484 2249 3775 2303 vaticinaris
3797 2293 3811 2316 ,

2222 2348 2397 2402 dicens
2426 2362 2445 2402 :
2477 2345 2609 2401 Hazc
2637 2345 2760 2400 dicit
2784 2343 3059 2400 Dominus.
3089 2343 3206 2399 Non
3234 2341 3411 2398 solum
3436 2342 3604 2398 verba
3624 2349 3680 2398 et
3696 2355 3817 2414 ope-

2225 2454 2286 2496 ra
2315 2438 2712 2510 Prophetarum
2763 2437 2920 2495 nobis
2965 2435 3216 2506 exemplo
3264 2442 3392 2491 sunt
3442 2432 3509 2489 ad
3550 2433 3811 2489 virtutem.

2229 2532 2450 2588 Poterat
2478 2530 2749 2588 Jeremias
2781 2544 3041 2601 prospera
3071 2530 3325 2586 nuntiare
3348 2569 3364 2594 .
3414 2537 3469 2583 et
3498 2526 3645 2599 regis
3662 2526 3820 2584 Sede-

2226 2625 2327 2682 cim
2358 2624 2461 2681 frui
2492 2624 2772 2691 amicitia;
2821 2623 2918 2680 sed
2967 2623 3201 2679 malebat
3242 2622 3358 2680 Deo
3405 2622 3580 2693 magis
3609 2620 3818 2677 obedire

2227 2735 2389 2791 quam
2412 2716 2725 2775 hominibus
2754 2717 2895 2788 (Act.
2929 2712 3004 2789 v),
3037 2725 3093 2772 et
3112 2717 3162 2772 ci
3188 2717 3279 2788 qui
3305 2723 3487 2787 potest
3509 2723 3565 2770 et
3592 2714 3817 2770 animam

2229 2822 2286 2870 et
2312 2828 2512 2883 corpus
2558 2811 2787 2883 perdere
2820 2810 2876 2867 in
2902 2811 3206 2883 gehennam
3228 2850 3244 2875 ,
3285 2825 3448 2880 quam
3482 2808 3562 2864 illi
3592 2808 3683 2879 qui
3712 2817 3821 2863 tan-

2233 2916 2345 2963 tum
2378 2907 2429 2961 in
2450 2919 2650 2976 corpus
2671 2903 2876 2960 habere
2908 2911 3117 2975 poterat
3147 2909 3467 2972 potestatem
3502 2899 3716 2972 (Matth.
3745 2901 3816 2967 ι).

2232 3001 2300 3057 Et
2328 3000 2432 3056 hoc
2478 2995 2932 3055 considerandum
2956 3037 2972 3063 ,
3020 2994 3163 3065 qttod
3205 2993 3451 3050 decimus
3492 3008 3668 3049 annus
3708 3000 3818 3049 erat

2233 3094 2385 3165 regni
2426 3090 2675 3150 Sedeciae
2694 3130 2709 3155 ,
2762 3089 2982 3145 obsessa
3008 3087 3121 3159 jam
3147 3086 3451 3143 Jerusalem
3474 3126 3491 3153 ,
3524 3095 3580 3142 et
3609 3084 3780 3155 gladio
3801 3125 3818 3152 ,

531 3177 802 3232 collibus:
828 3185 1012 3233 tamen
1043 3193 1266 3248 semper
1298 3179 1589 3235 timeamus
1625 3179 1810 3235 ruinas
1848 3188 1905 3235 et
1949 3180 2131 3235 consi-
2156 3166 2206 3230 C
2238 3188 2381 3245 fame
2401 3194 2458 3242 ει
2487 3190 2642 3255 peste
2679 3191 3001 3252 consumpta
3027 3223 3042 3249 ,
3077 3188 3134 3235 et
3165 3179 3479 3250 captivitate
3520 3175 3696 3232 vicina
3720 3216 3735 3239 ,
3771 3183 3821 3229 et

530 3267 797 3324 deremus
817 3268 1066 3336 cineres;
1087 3278 1143 3325 et
1163 3269 1497 3341 pmoitentcs
1518 3269 1763 3326 dicamus
1789 3286 1912 3326 cum
1940 3271 2130 3327 David:

537 3358 674 3426 Quia
720 3360 945 3416 cinerem
992 3360 1141 3430 quasi
1183 3377 1369 3432 panem
1413 3362 1743 3429 manducavi,
1800 3372 1845 3417 et
1890 3361 2135 3435 poculum

537 3469 707 3508 meum
731 3471 851 3509 cum
881 3456 1007 3526 fletu
1028 3455 1303 3510 miscebant
1330 3453 1505 3526 (Psal.
1528 3470 1605 3523 c1,
1643 3454 1752 3526 l0).
1780 3454 1938 3512 Unde
1963 3464 2018 3511 et
2051 3455 2136 3527 ja-

536 3551 795 3607 centibus
824 3551 1028 3607 dicitur
1059 3570 1071 3606 :
1104 3550 1375 3624 Numquid
1419 3553 1509 3623 qui
1556 3552 1695 3607 cadit
1745 3568 1847 3607 non
1874 3552 2136 3624 resurgit?

542 3641 669 3697 dicit
703 3639 961 3698 Dominus
1000 3641 1222 3713 (Jerem.
1274 3658 1393 3709 vui,
1437 3641 1519 3714 4).
1550 3643 1618 3699 Et
1666 3643 2012 3712 universam,
2055 3645 2138 3698 in-

536 3736 684 3805 quit,
717 3736 1009 3804 sademoth,
1033 3735 1181 3807 quod
1213 3751 1313 3792 nos
1337 3736 1598 3792 vertimus
1621 3736 1676 3791 in
1706 3737 1968 3808 regionem
1995 3752 2139 3791 mor-

538 3828 837 3883 tis:unum
894 3844 1094 3885 nomen
1151 3830 1204 3884 in
1259 3829 1368 3886 duo
1416 3831 1584 3886 verba
1637 3830 2139 3898 dividentes;ssoe

542 3921 695 3996 (τω),
725 3923 870 3994 quod
898 3921 1100 3979 dicitur
1125 3925 1290 3998 regio,
1319 3933 1376 3980 ct
1396 3939 1544 3981 I011!
1580 3924 1765 3998 (rma),
1795 3924 1941 3997 quod
1970 3927 2139 3982 inter-

544 4025 788 4086 pretatur
831 4018 1051 4073 mortis:
1081 4034 1179 4089 pro
1216 4030 1326 4090 quo
1365 4018 1561 4088 Aquila
1603 4021 1770 4076 vertit
1821 4020 2139 4087 suburbana,

544 4110 660 4166 sive
684 4127 834 4178 arva,
865 4121 921 4168 et
965 4128 1112 4166 rura.
1147 4111 1314 4183 Regio
1343 4123 1522 4168 autem
1552 4113 1743 4169 mortis
1775 4115 1926 4185 regio
1954 4130 2142 4185 pecca-

542 4211 724 4259 torum
776 4212 892 4270 est;
948 4212 1005 4259 ct
1059 4204 1370 4260 suburbana
1418 4205 1570 4277 regio
1618 4206 1989 4277 voluptatum,
2019 4222 2143 4272 qua:

546 4294 726 4364 pergit
771 4310 943 4365 usque
970 4295 1037 4350 ad
1072 4305 1368 4351 torrentem
1398 4296 1625 4364 Cedron,
1656 4299 1747 4354 ubi
1777 4298 2010 4355 traditus
2057 4307 2145 4356 est

544 4385 845 4449 Dominus,
897 4385 988 4454 qui
1042 4385 1432 4456 interpretatur
1480 4388 1704 4445 tenebra:
1746 4389 1930 4463 (Joan.
1959 4392 2141 4463 xvut).

545 4473 684 4529 Vide
705 4485 903 4546 quanta
937 4476 1135 4532 habeat
1162 4476 1282 4532 loca
1311 4477 1587 4541 Ecclesia.
1618 4490 1673 4535 ct
1697 4482 1974 4550 quomodo
2008 4482 2140 4538 illud

2238 3288 2419 3333 tamen
2451 3274 2710 3332 Sedecias
2737 3281 2943 3344 perstat
2969 3271 3021 3328 in
3044 3270 3338 3337 sententia,
3366 3279 3423 3326 et
3450 3285 3519 3324 ex
3555 3278 3704 3339 parte
3727 3266 3821 3323 ali-

2236 3386 2342 3444 qua
2371 3370 2518 3426 illius
2537 3367 2830 3425 clementia
2860 3366 3293 3429 demonstratur,
3325 3362 3470 3434 quod
3495 3375 3823 3433 nequaquam

2237 3481 2364 3523 eum
2388 3464 2443 3520 in
2472 3477 2714 3531 carcere,
2748 3460 2844 3518 sed
2879 3460 2932 3516 in
2956 3457 3222 3517 vestibulo
3239 3456 3444 3513 recludi
3467 3454 3823 3527 jusseritcar-

2237 3559 2384 3615 ceris
2416 3577 2430 3613 :
2460 3557 2630 3614 libera
2660 3554 2915 3612 videlicet
2941 3553 3208 3619 custodia,
3246 3566 3319 3608 ne
3348 3560 3537 3622 posset
3574 3549 3821 3617 eﬂ'ugere.

2239 3650 2395 3721 quasi
2424 3665 2532 3706 non
2554 3645 3043 3704 omnislerusalem
3066 3645 3246 3701 clausa
3270 3642 3665 3700 munitionibus
3689 3657 3825 3698 com-

2242 3743 2421 3798 munis
2450 3755 2640 3796 carcer
2669 3737 2832 3795 fuerit
2854 3737 3234 3793 habitantium.
3270 3735 3388 3807 Ipse
3410 3751 3585 3790 annus
3607 3744 3686 3790 est
3704 3734 3826 3788 duo-

2242 3834 2609 3906 devigesimus
2633 3831 2789 3903 regni
2810 3829 3334 3895 Nabuchodonosor,
3365 3829 3457 3900 qui
3482 3837 3675 3898 quarto
3697 3840 3827 3880 anno

2244 3929 2387 3999 regis
2423 3925 2632 3982 Joacim
2671 3926 2819 3993 cepit
2849 3922 3159 3992 imperium.
3216 3919 3411 3976 Omnis
3449 3929 3630 3975 autem
3677 3932 3826 3974 causa

2245 4023 2341 4077 ira:
2369 4021 2511 4090 regis
2542 4020 2644 4075 ista
2674 4027 2779 4085 est,
2805 4030 2904 4071 cur
2928 4014 3182 4086 loquatur
3210 4029 3277 4070 ex
3311 4013 3407 4069 Dei
3430 4011 3651 4068 nomine
3674 4054 3691 4080 ,
3720 4024 3827 4080 qu:c

2243 4118 2294 4174 ei
2327 4115 2539 4173 fuerant
2573 4113 2836 4181 imperata
2861 4127 2875 4164 :

2318 4208 2497 4280 (Vers.
2520 4207 2577 4273 4,
2609 4203 2689 4276 5.)
2726 4202 2856 4257 Ecce
2881 4217 2976 4272 ego
2995 4200 3128 4255 dabo
3148 4200 3401 4254 civitatem
3427 4199 3581 4252 istam
3605 4199 3659 4252 in
3689 4212 3829 4251 manu

2246 4303 2381 4375 regis
2407 4297 2713 4370 Babylonis,
2739 4303 2786 4348 et
2826 4295 2990 4365 capiet
3021 4308 3153 4348 eam.
3197 4290 3265 4345 Et
3297 4291 3541 4348 Sedecias
3574 4305 3669 4344 res:
3701 4287 3831 4342 ludo

2246 4413 2349 4452 non
2378 4392 2588 4463 eﬂ'ugiet
2627 4391 2692 4445 de
2731 4405 2889 4443 manu
2924 4385 3284 4442 Chaldarorunt
3310 4428 3324 4453 ,
3379 4383 3472 4439 sed
3516 4382 3747 4436 tradetur
3785 4381 3832 4434 in

2249 4505 2405 4543 manu
2429 4487 2563 4557 regis
2583 4480 2889 4555 Babylonis,
2902 4490 2951 4537 et
2971 4479 3207 4550 loquetur
3228 4493 3287 4532 os
3306 4479 3417 4551 ejus
3438 4491 3557 4530 cum
3576 4491 3666 4530 ore
3682 4476 3832 4539 illius,

548 4568 925 4637 Apostolicum
954 4587 967 4625 :
1002 4567 1070 4625 Ut
1096 4570 1164 4625 sit
1189 4571 1300 4625 sine
1339 4571 1546 4627 macula
1582 4580 1631 4626 et
1677 4590 1805 4646 ruga
1833 4572 2052 4649 (Ephes.
2086 4592 2128 4629 v.

2248 4595 2294 4635 et
2325 4576 2463 4633 oculi
2493 4579 2606 4650 ejus
2638 4573 2812 4629 oculos
2848 4572 2995 4628 illius
3024 4570 3283 4626 videbunt.
3332 4568 3399 4623 Et
3428 4571 3481 4623 in
3530 4566 3835 4640 Babylonem

545 4658 662 4731 27),
693 4659 748 4715 in
800 4660 983 4716 futuro
1023 4669 1079 4717 et
1120 4660 1175 4719 in
1198 4663 1515 4720 ctelestibus
1546 4674 1817 4721 servetur.
1847 4667 2018 4723 Audis
2048 4683 2147 4723 an-

2248 4674 2399 4728 ducet
2427 4669 2719 4737 Sedeciam,
2744 4674 2790 4722 et
2810 4666 2881 4720 ibi
2901 4666 2996 4721 erit
3015 4666 3179 4719 donec
3206 4664 3403 4717 oisitem
3429 4678 3570 4731 eum,
3592 4662 3717 4717 dicit
3744 4660 3837 4714 Do-

548 4754 739 4825 gulos.
770 4753 928 4810 audis
966 4755 1242 4825 scabiem,
1277 4757 1431 4813 audis
1477 4758 1666 4815 ruinas
1713 4768 1769 4816 et
1812 4759 2065 4824 cineres,
2096 4772 2152 4816 et
2252 4768 2438 4823 minus.
2494 4763 2643 4831 Quod
2684 4764 2730 4817 si
2773 4759 3121 4832 pugnaveritis
3156 4765 3336 4812 contra
3365 4753 3678 4824 Chaldteos,
3720 4752 3837 4809 nihil

549 4846 830 4918 regionem
857 4848 1050 4903 mortis
1070 4887 1086 4913 ,
1119 4858 1177 4904 et
1207 4850 1493 4931 tenebras,
1521 4861 1575 4906 et
1603 4851 1673 4908 de
1700 4860 1788 4906 tua
1810 4851 1839 4891 ι)
1869 4853 2072 4909 virtute
2093 4864 2150 4909 et

550 4940 913 5010 impeccantia
956 4941 1228 5014 gloriaris.
1284 4943 1526 5014 Denique
1572 4946 1857 5017 sequitur:
1888 4957 1935 5001 et
1984 4964 2146 5020 usque

549 5036 620 5091 ad
647 5036 893 5108 angulum
921 5046 1104 5107 portw.
1132 5036 1197 5091 Et
1226 5036 1313 5093 bic
1337 5040 1597 5109 angulus,
1629 5055 1698 5096 ne
1726 5040 1834 5096 ulla
1857 5057 1988 5097 vera
2029 5041 2150 5113 jus-

553 5127 670 5183 titia
690 5171 704 5195 ,
730 5143 799 5183 ne
823 5138 975 5184 certa
1012 5127 1243 5184 victoria
1273 5129 1325 5184 in
1358 5131 1464 5185 isto
1491 5132 1690 5188 strculo
1712 5134 2142 5191 demonstretur.

550 5220 669 5290 Ipse
700 5235 923 5291 quoque
950 5222 1180 5293 angulus
1222 5233 1393 5291 portae
1422 5237 1748 5294 quamquam
1794 5228 1865 5281 sit
1893 5226 2147 5284 Orienta-

547 5315 639 5381 lis,
672 5313 817 5370 unde
844 5314 1027 5371 lumen
1055 5314 1366 5386 egreditur;
1399 5324 1578 5371 tamen
1608 5332 1874 5388 equorum
1903 5320 2145 5392 appella-

622 5504 650 5534 ι
678 5493 883 5551 Confer
909 5494 1280 5551 Commentar.
1311 5496 1364 5551 in
1394 5494 1666 5554 Ezechiel.
1696 5510 1819 5560 cap.
1849 5514 1941 5563 XL,
1971 5499 2025 5554 in
2040 5497 2145 5554 Za-

555 5568 794 5624 chariam
828 5581 909 5625 ιχ,
933 5574 988 5621 et
1012 5567 1333 5638 Malacbiam
1363 5582 1442 5626 Ill.
1469 5566 1670 5638 quibus
1692 5568 1745 5622 in
1774 5568 1905 5623 locis
1926 5570 2144 5626 tametsi

551 5637 743 5692 eodem
768 5650 957 5696 sensu.
990 5637 1223 5693 diversis
1251 5647 1428 5693 tamen
1460 5637 1642 5696 verbis
1669 5638 1774 5695 hoc
1800 5641 1967 5695 utitur
1992 5643 2146 5696 testi-

554 5705 1173 5778 monioliieronymusu
1312 5776 1316 5778 ἓ
1826 5770 1833 5778 ,
1916 5729 1925 5747 ι
2030 5740 2072 5771 ,.

614 5772 651 5817 λι
684 5774 894 5830 Dictum
922 5768 1108 5833 contra
1139 5768 1493 5849 Pelagianos;
1531 5778 1725 5852 quibus
1754 5770 1999 5839 solentne
2026 5768 2145 5839 erat

2248 4872 2555 4932 prosperum
2581 4853 2850 4909 habebitis.
2882 4851 3008 4907 Haec
3029 4858 3150 4907 erat
3168 4864 3327 4906 causa
3357 4851 3454 4904 ira:
3472 4848 3661 4919 regine,
3680 4861 3836 4918 quare

2251 4951 2533 5023 praeferret
2574 4943 2862 5003 mendacio
2893 4945 3176 5000 veritatem
3198 4986 3212 5009 ,
3245 4951 3304 4999 et
3324 4952 3431 4997 tam
3465 4942 3655 4998 urbem
3696 4940 3838 4998 Jeru-

2252 5046 2446 5111 salem,
2481 5059 2641 5113 quam
2679 5042 2960 5100 Sedeciam
2994 5055 3181 5113 regem
3219 5040 3428 5095 diceret
3455 5052 3578 5096 esse
3627 5038 3834 5108 capien-

2252 5136 2383 5192 dum
2413 5151 2426 5187 :
2457 5133 2708 5204 quodque
2734 5133 2952 5203 gravius
2979 5142 3103 5197 est,
3135 5131 3374 5185 visurum
3405 5144 3532 5185 eum
3571 5144 3671 5185 ora
3709 5128 3836 5199 regis

2253 5226 2575 5300 Babylonii,
2620 5234 2678 5281 et
2719 5225 3023 5281 locuturum
3072 5222 3329 5278 humilem
3362 5232 3527 5292 atque
3571 5213 3835 5293 captivum

2252 5336 2377 5378 cum
2402 5332 2422 5360 ο
2438 5318 2805 5391 potentissimi
2825 5316 2970 5388 regis
2994 5316 3226 5372 insania.
3251 5313 3479 5372 Gravior
3504 5315 3651 5371 enim
3675 5323 3838 5371 terror

2246 5499 2317 5555 ad
2344 5513 2496 5553 suam
2523 5498 2592 5553 de
2621 5497 2976 5568 impeccantia
3018 5496 3271 5552 haeresim
3303 5496 3663 5568 astruendam
3699 5494 3838 5551 abuti

2249 5572 2345 5626 illo
2374 5569 2622 5638 Apostoli
2672 5566 2739 5623 ad
2769 5567 3037 5639 Ephesios
3068 5583 3226 5623 versu
3252 5608 3268 5633 ,
3300 5582 3409 5639 quo
3436 5566 3680 5624 Ecclesia
3717 5568 3840 5623 dici-

2250 5652 2340 5698 tur
2369 5642 2487 5715 sine
2516 5640 2723 5696 macula
2750 5649 2988 5715 etruga.
3093 5712 3103 5715 _
3339 5709 3352 5715 _
3412 5709 3426 5715 _
3487 5708 3501 5715 _
3583 5708 3597 5715 _
3898 5658 3902 5673 τ

2252 5739 2257 5745 ~
2326 5723 2349 5752 ε
2380 5710 2654 5781 Fortasse.
2679 5711 2881 5771 rectius
2908 5708 3060 5781 ansa,
3086 5708 3519 5781 impotentissimi;
3547 5708 3667 5781 ejus
3704 5708 3837 5766 sciit“-

2252 5739 2257 5745 η
2326 5729 2349 5752 ε
2380 5729 2455 5768 ro
2487 5729 2654 5768 ωηο.
2679 5729 2881 5771 rectius
2919 5729 3060 5773 mss.
3086 5729 3309 5778 impono
3353 5729 3519 5780 suam
3547 5729 3667 5781 qua
3704 5729 3837 5766 scm-

2248 5791 2356 5849 σει,
2386 5729 2483 5852 qui
2507 5777 2730 5839 nlmittm
2762 5774 3048 5852 impotenti
3077 5782 3221 5839 esset
3248 5729 3455 5839 nullum
3854 5840 3867 5849 θ
3898 5778 3905 5795 ⁵
