4080 6326
260 319 361 377 889

715 314 1368 374 COMMENTARIORUM
1407 315 1474 373 IN
1511 315 1863 374 JEREMIAM
1903 317 2323 377 PROPHETAM
2367 322 2495 382 LIB.
2541 323 2628 383 VI.
2670 322 2826 382 CAP.
2866 325 3086 385 XXXII.

3448 329 3555 387 890

259 450 361 507 est,
385 437 572 493 videre
603 450 766 507 quem
795 435 1010 498 timeas,
1039 445 1092 490 et
1123 443 1252 490 ante
1281 435 1704 505 increpationem
1737 450 1859 491 ver—
1885 435 1939 498 Α
1963 439 2241 494 secundum
2276 439 2497 496 Verbum
2519 441 2752 511 Domini,
2776 443 2848 496 ad
2868 444 3169 500 vestibulum
3189 444 3553 521 (sivcatrium)

259 532 472 594 borum,
503 543 662 600 quam
695 543 976 600 poenarum
1018 531 1292 583 sustinere
1330 529 1649 583 cruciatum.
1685 525 1753 581 Et
1799 529 1852 582 in

255 623 591 694 Babylonem,
623 622 817 692 inquit,
851 621 1005 675 ducet
1047 621 1349 686 Sedeciam,
1380 628 1428 676 et
1467 620 1536 674 ibi
1581 621 1695 675 erit.
1749 620 1854 675 Pro

254 733 358 788 quo
387 713 525 769 LXX
574 713 966 770 transtulerunt
993 753 1008 778 ,
1060 723 1107 766 et
1151 711 1469 783 Babylonem
1497 713 1852 785 ingredietur;

253 824 478 880 quorttm
502 806 732 862 alterum
767 805 990 861 invitum
1026 805 1240 878 1079
1268 804 1439 874 trahi,
1481 805 1712 860 alterum
1750 819 1845 860 vo-

252 901 451 957 luutate
491 915 718 971 pergere
763 898 1054 971 significat.
1095 899 1161 952 Et
1195 898 1286 964 ibi,
1320 898 1516 969 inquit,
1551 900 1663 953 erit.
1719 899 1848 954 Ver-

249 995 371 1050 bum
408 997 558 1066 ponit
592 993 902 1066 ambiguum
927 1035 942 1059 ,
973 1007 1039 1048 ne
1073 992 1326 1047 videatur
1353 993 1628 1046 cruciatus
1658 1001 1714 1046 et
1743 993 1846 1047 mi-

246 1089 413 1144 serias
446 1088 794 1156 prophetare.
826 1086 1092 1156 Quodque
1120 1086 1404 1156 sequitur:
1437 1085 1609 1141 Donec
1646 1086 1843 1141 visitem

246 1199 357 1238 eum
382 1227 397 1250 ,
428 1185 498 1237 ait
531 1181 782 1237 Dominus
813 1197 832 1236 :
874 1189 921 1236 et
949 1181 996 1234 si
1023 1181 1368 1253 pugnaveritis
1397 1180 1660 1235 adrersum
1683 1178 1842 1235 Chal-

246 1277 402 1339 dteos,
427 1273 557 1328 nihil
585 1290 884 1346 prosperum
913 1272 1181 1339 habebitis,
1208 1273 1260 1325 in
1285 1271 1428 1327 LXX
1453 1288 1556 1326 non
1585 1272 1835 1326 habetur.

244 1366 650 1437 Prudenterqne
681 1363 1009 1421 sententiam
1054 1366 1406 1433 temperavit,
1456 1380 1575 1434 qua!
1625 1363 1691 1418 ad
1743 1365 1834 1418 bo-

242 1477 361 1516 nam
408 1469 463 1516 et
510 1462 575 1516 ad
627 1461 820 1515 malam
874 1469 1080 1530 partem
1129 1458 1321 1514 referri
1355 1469 1554 1531 potest.
1587 1459 1834 1514 Visitatio

240 1554 414 1620 enim,
449 1563 507 1610 ιιι
536 1569 681 1624 Su'pe
714 1553 822 1609 dixi
847 1595 860 1620 ,
894 1560 950 1608 et
977 1552 1406 1608 cumulationem
1440 1551 1702 1623 signiﬁcat
1730 1592 1744 1616 ,
1777 1562 1831 1608 ct

237 1650 584 1720 supplicium.

307 1743 485 1816 (Vers.
524 1744 576 1808 6,
609 1744 691 1811 7.)
725 1741 790 1797 Et
814 1741 945 1797 dixit
976 1739 1230 1795 Jeremias
1264 1741 1501 1812 :factum
1521 1749 1594 1795 est
1622 1739 1828 1794 t'erbum

1958 533 2262 602 carceris,et
2289 536 2360 588 ait
2385 537 2454 588 ad
2480 553 2589 592 me:
2617 535 2839 614 Posside
2863 535 3000 609 (sive
3015 536 3145 610 eme)
3158 555 3342 613 agrum
3359 557 3550 608 meum,

1953 623 2042 693 qui
2063 631 2134 676 est
2165 626 2214 677 in
2244 624 2504 680 Anathoth
2550 629 2602 681 in
2641 637 2775 682 terra
2800 627 3097 702 Benjamin,
3139 632 3260 701 quia
3290 632 3381 686 tibi
3411 648 3552 686 cont-

1953 717 2077 785 petit
2114 716 2411 786 hereditas,
2445 731 2490 773 et
2531 728 2584 772 tu
2611 737 2663 774 es
2690 722 3010 792 pr0pinquus
3041 730 3098 774 ut
3122 723 3386 790 possideas
3409 722 3548 794 (sive

1950 809 2135 883 emas).
2167 811 2319 879 Quod
2347 813 2585 868 futurum
2609 813 2896 884 Pr0phetze
2913 815 3140 869 verbum
3170 815 3386 870 Domini
3413 831 3551 870 nun-

1952 904 2130 971 tiarat,
2159 905 2339 960 statim
2372 921 2537 978 apere
2565 907 2891 970 completum
2913 915 3017 964 est.
3061 907 3234 973 Venit,
3260 911 3453 980 inquit,
3477 910 3544 962 ad

1947 1013 2026 1052 me
2058 997 2325 1060 Anameel.
2356 998 2524 1068 gratia
2549 999 2668 1065 Dei,
2701 999 2844 1069 ﬁlius
2873 1001 3048 1072 patrui
3073 1001 3174 1055 mei
3198 1010 3248 1066 ει,
3291 1000 3396 1056 hoc
3435 1009 3540 1066 est,

1944 1087 2085 1158 ﬁlius
2108 1091 2270 1162 pacis.
2308 1089 2461 1146 Venit
2492 1100 2669 1146 autem
2707 1091 2759 1146 in
2793 1093 3060 1146 vestibulo
3089 1092 3347 1156 careeris,
3377 1093 3542 1148 dixit-

1942 1198 2048 1252 que
2076 1184 2142 1239 ad
2184 1200 2269 1239 me
2298 1200 2359 1240 ea
2387 1228 2401 1253 ,
2435 1201 2554 1255 quae
2584 1184 2850 1240 Dominus
2881 1185 2948 1241 ab
2980 1201 3046 1241 eo
3082 1186 3310 1242 dicenda
3343 1187 3543 1258 prtrdi-

1941 1285 2112 1330 xetat.
2162 1277 2306 1348 Ager
2345 1291 2522 1332 autem
2558 1279 2660 1334 iste
2705 1279 3098 1344 sacerdotalis,
3148 1283 3302 1348 cujus
3331 1279 3536 1346 emptio

1938 1381 2100 1440 atque
2139 1370 2410 1439 possessio
2455 1371 2702 1427 Ieremia:
2743 1371 3120 1435 deferebatur,
3173 1371 3224 1426 in
3269 1370 3533 1425 Anathoth

1936 1471 2038 1529 est,
2093 1463 2146 1517 in
2190 1472 2331 1518 terra
2362 1462 2657 1530 Beniamin,
2708 1478 2938 1534 quorum
2986 1463 3132 1533 prius
3171 1463 3532 1528 obedientiam,

1934 1554 2232 1610 secundum
2287 1553 2454 1623 filium
2497 1556 2724 1611 dextera:
2769 1565 2946 1610 sonat.
3009 1553 3074 1608 Et
3129 1564 3530 1624 consequenter

1932 1649 2049 1719 ejus
2076 1649 2279 1719 appetit
2306 1650 2657 1718 emptionem,
2694 1649 2746 1702 in
2778 1663 2886 1718 quo
2915 1646 3223 1702 obedientia
3264 1656 3320 1700 et
3356 1646 3529 1700 virtus

1934 1740 2146 1796 Domini
2176 1741 2554 1796 versabantur.
2604 1741 2709 1795 Pro
2737 1755 2842 1809 quo
2874 1739 3016 1796 LXX
3044 1741 3422 1820 πρεσϐύτερον,
3471 1738 3524 1792 id

239 1837 446 1891 Domini
476 1837 545 1890 ad
572 1853 650 1891 me
675 1836 847 1889 dicens
881 1849 898 1889 :
933 1834 1062 1888 Ecce
1088 1833 1333 1889 Anameel
1365 1832 1544 1905 [Vulg.
1570 1830 1832 1903 Anemeel]
1868 1830 1908 1888 Β
1938 1842 2040 1901 est,
2071 1837 2320 1889 seniorem
2352 1832 2689 1906 interpretati
2729 1844 2894 1900 sunt,
2927 1834 3072 1905 quod
3116 1834 3233 1889 loco
3265 1833 3389 1889 huic
3416 1847 3526 1889 non

234 1931 372 1999 [ilius
401 1929 604 1987 Sellum
644 1930 784 2000 (sive
826 1926 1052 2000 Sullam)
1087 1927 1336 1997 patruelis
1367 1937 1486 1981 tuus
1518 1926 1681 1998 (quod
1725 1925 1832 1980 lle-

234 2023 412 2080 braice
451 2023 651 2079 dicitur
694 2037 902 2078 nomen
927 2022 945 2094 (
971 2021 1141 2104 Tm)
1175 2021 1304 2074 renit
1334 2019 1512 2092 [ναις.
1537 2019 1721 2094 ιέηἰει]
1762 2020 1830 2073 ad

233 2127 279 2172 te
300 2119 475 2174 dicens
507 2135 524 2174 :
557 2117 685 2172 Eme
705 2117 794 2170 tibi
815 2131 999 2189 agrum
1019 2131 1210 2182 meum,
1251 2115 1338 2185 qui
1365 2121 1438 2168 est
1466 2116 1519 2167 in
1541 2111 1827 2179 Anathotlt,

233 2209 321 2263 tibi
359 2213 496 2264 enim
541 2209 779 2277 competit
823 2224 885 2262 ea:
916 2207 1297 2276 propinquitate
1339 2207 1530 2275 emptio
1561 2204 1742 2278 [Vulg.
1774 2213 1829 2257 ut

231 2304 414 2376 emas].
448 2304 733 2360 Occultum
767 2301 833 2357 ad
863 2302 1156 2357 .Icremiant
1191 2301 1286 2354 Dei
1331 2301 1526 2354 factum
1558 2315 1678 2354 esse.
1707 2314 1825 2354 ser-

231 2412 471 2463 monem,
518 2412 678 2453 nemo
709 2397 849 2451 scire
885 2406 1114 2465 poterat,
1141 2393 1242 2448 nisi
1275 2393 1391 2464 ipso
1431 2393 1722 2460 indicante,
1757 2392 1825 2446 ad

231 2508 390 2562 quem
424 2493 601 2548 lactus
630 2492 801 2548 fuerat
837 2509 850 2548 :
882 2501 935 2547 et
967 2490 1278 2561 praedicitur
1309 2492 1356 2544 ei
1390 2489 1531 2560 quod
1565 2497 1825 2544 venturus

231 2585 383 2640 sitad
413 2602 540 2641 eum
572 2584 830 2640 Anameel
862 2585 1124 2653 patruelis
1151 2597 1302 2650 suus,
1335 2591 1391 2636 et
1423 2582 1822 2650 possessionem

229 2680 340 2746 agri
383 2680 475 2746 qui
506 2692 637 2733 suus
685 2677 861 2732 fuerat
890 2674 1205 2737 delaturus;
1259 2687 1380 2727 esse
1430 2681 1608 2728 autem
1650 2672 1821 2740 ipsum

230 2769 405 2826 locum
439 2771 494 2825 in
519 2768 816 2834 Anathoth,
848 2767 914 2821 de
935 2764 1259 2820 suburbanis
1288 2778 1408 2834 quae
1453 2762 1823 2818 sacerdotibus

232 2877 324 2933 per
373 2861 615 2933 singulas
667 2861 837 2915 tribus
887 2869 940 2914 et
981 2857 1230 2912 civitates
1269 2855 1535 2909 dabantur
1563 2870 1630 2910 ex
1662 2855 1777 2924 lege
1809 2873 1823 2909 :

231 2971 328 3012 nec
361 2955 571 3011 licitum
603 2961 722 3008 erat
752 2950 1150 3021 possessionem
1185 2949 1252 3003 de
1290 2947 1431 3003 tribu
1474 2947 1708 3002 transire
1757 2945 1822 3000 ad

231 3046 432 3102 tribum
461 3089 473 3109 ,
515 3063 614 3100 nec
639 3045 708 3100 de
739 3045 938 3099 familia
968 3042 1034 3097 ad
1065 3042 1224 3096 aliam
1257 3041 1511 3096 familiam
1554 3042 1571 3113 (
1600 3040 1744 3095 unde
1771 3049 1825 3094 et

230 3141 355 3198 tiliae
387 3139 663 3210 Sulphaad
690 3139 964 3209 accipiunt
1000 3148 1202 3192 sortem
1245 3137 1388 3192 inter
1417 3136 1609 3192 fratres
1631 3137 1820 3204 suos),

1933 1929 2212 1983 Convenit.

2006 2022 2184 2092 (Vers.
2207 2022 2239 2076 9
2259 2020 2439 2094 seqq.)
2466 2021 2709 2076 Intellexi
2730 2030 2924 2089 autem,
2943 2024 3080 2093 quod
3097 2023 3300 2077 verbum
3318 2021 3528 2077 Domini

1933 2122 2082 2180 esset,
2109 2123 2155 2168 et
2186 2117 2284 2167 emi
2313 2131 2500 2186 agrum
2543 2113 2605 2166 ab
2648 2113 2894 2169 Anameel
2920 2113 3033 2183 ﬁlio
3074 2117 3251 2184 patrui
3289 2117 3411 2184 mei,
3441 2117 3530 2182 qui

1931 2215 2004 2261 est
2034 2207 2087 2260 in
2117 2206 2400 2272 Anathoth,
2441 2215 2488 2261 et
2517 2207 2742 2280 appendi
2772 2209 2818 2262 ei
2843 2216 3118 2279 argentum
3139 2250 3153 2272 ,
3203 2217 3417 2263 statores
3441 2225 3525 2262 se-

1929 2311 2086 2372 ptem,
2113 2310 2160 2355 et
2182 2301 2354 2354 decem
2383 2311 2668 2374 argenteos.
2704 2300 2772 2354 Et
2793 2303 2976 2374 scripsi
3011 2303 3064 2356 in
3087 2303 3240 2369 libro,
3282 2313 3331 2357 et
3352 2305 3530 2370 signa-

1929 2396 1996 2458 vi,
2039 2404 2086 2448 et
2116 2393 2330 2448 adhibui
2359 2404 2510 2448 testes
2532 2437 2546 2462 ,
2576 2404 2625 2448 et
2665 2395 2887 2466 appcndi
2918 2404 3183 2465 argentum
3222 2395 3275 2449 in
3309 2404 3524 2452 statera.

1934 2485 1998 2540 Et
2024 2488 2198 2557 accepi
2224 2485 2414 2540 librant
2460 2487 2798 2556 possessionis
2823 2489 3105 2557 signatum,
3137 2487 3520 2557 stipulationes,

1927 2590 1977 2632 et
2004 2589 2116 2635 rata
2141 2579 2248 2651 [ΑΙ.
2274 2577 2607 2651 stipulatione
2632 2577 2795 2652 rata],
2828 2589 2874 2633 et
2904 2581 3051 2650 signa
3075 2581 3380 2650 forinsecus.
3419 2579 3526 2634 Du-

1927 2687 2047 2726 rum
2091 2671 2305 2740 quidem
2349 2683 2465 2726 erat
2512 2679 2567 2726 et
2613 2689 2779 2741 prepc
2821 2672 3258 2742 inconsequens,
3303 2674 3524 2744 risuque

1927 2762 2172 2834 dignum,
2221 2779 2344 2818 eum
2389 2765 2478 2834 qui
2504 2763 2615 2834 jam
2640 2765 2860 2835 jamque
2886 2765 3200 2832 capiendam
3237 2765 3526 2836 propheta-

1927 2858 2020 2912 bat
2066 2859 2365 2914 Jerusalem
2391 2899 2406 2924 ,
2456 2870 2511 2914 et
2541 2874 2732 2914 omnes
2771 2861 3046 2915 ducendos
3091 2875 3213 2916 esse
3253 2862 3521 2931 captivos,

1930 2951 2012 3006 vel
2042 2952 2243 3021 gladio,
2279 2951 2420 3008 fame
2447 2961 2500 3008 et
2543 2963 2696 3023 peste
2725 2956 2995 3023 perituros
3020 2997 3034 3022 ,
3067 2969 3258 3024 agrum
3305 2955 3357 3010 in
3385 2954 3531 3010 Ana-

1929 3044 2084 3098 thotlt
2115 3060 2321 3112 emere,
2352 3061 2510 3113 quem
2540 3061 2645 3100 non
2675 3057 2794 3102 erat
2825 3061 3192 3117 possessurus.
3236 3049 3345 3104 Sed
3377 3047 3528 3103 intel-

1929 3139 2051 3198 lexi.
2075 3137 2269 3208 inquit,
2287 3137 2494 3192 verbum
2514 3137 2720 3194 Domini
2747 3156 2876 3206 esse,
2909 3151 2961 3194 et
2990 3141 3324 3210 emptionem
3351 3155 3525 3195 meam

228 3236 616 3306 praecipueque
645 3231 953 3286 suburbana
995 3231 1340 3284 sacerdotum
1382 3228 1516 3282 nulli
1550 3228 1645 3284 alii
1677 3237 1826 3298 pole-
1857 3218 1902 3281 C
1931 3241 2250 3302 argumento
2280 3243 2332 3285 et
2364 3233 2618 3286 vaticinio
2649 3232 2860 3286 Domini
2889 3233 3244 3300 coaptandam
3274 3250 3286 3285 :
3321 3241 3377 3288 et
3403 3232 3524 3288 ideo

229 3339 349 3383 rant
390 3325 690 3382 venundari
722 3340 890 3396 usque
927 3323 992 3379 ad
1026 3339 1223 3378 annum
1269 3323 1601 3379 remissionis
1634 3322 1823 3395 (Num.

231 3421 423 3492 xxvn),
471 3420 570 3475 nisi
601 3419 649 3474 ei
679 3434 836 3488 quem
872 3418 1244 3489 propinquitas
1271 3418 1551 3487 sanguinis
1604 3425 1825 3486 expete-

231 3516 320 3572 bat
351 3517 542 3590 (Lerit.
573 3514 726 3588 xxv).
760 3515 915 3568 Venit
947 3529 1077 3584 ergo
1097 3513 1160 3567 ad
1194 3527 1316 3568 eum
1361 3512 1620 3581 patruelis
1659 3511 1829 3567 frater

231 3607 338 3681 [ΑΙ.
382 3609 655 3665 fratruelis
691 3617 739 3663 et
779 3607 952 3680 pater]
985 3621 1136 3668 suus.
1187 3616 1239 3661 et
1284 3604 1440 3661 offert
1470 3605 1824 3674 emptionem,

230 3720 352 3771 qua:
385 3705 464 3759 illi
498 3720 565 3759 ex
588 3703 990 3773 propinquitate
1015 3701 1263 3757 debetur.
1300 3700 1512 3756 lielcias
1540 3710 1590 3754 ct
1618 3699 1826 3755 Sellum

231 3796 432 3854 fratres
455 3797 606 3853 fuere
637 3795 901 3868 germani.
938 3795 1138 3850 llcleia:
1168 3795 1328 3856 filius,
1358 3793 1623 3849 Jeremias
1665 3811 1677 3847 :
1711 3791 1829 3847 Sel-

231 3891 365 3958 lum,
401 3891 684 3946 Anameel.
732 3889 942 3944 Helcias
973 3889 1381 3956 interpretatur,
1426 3904 1546 3956 pars
1581 3886 1828 3940 Domini:

229 3983 508 4048 Jeremias,
535 3984 822 4038 sublimitas
847 3980 1074 4035 Domini.
1101 3981 1370 4050 Recteque
1391 3978 1618 4034 altitudo
1645 3978 1830 4032 Domi-

230 4080 283 4134 ni
316 4081 384 4136 de
414 4087 565 4148 parte
581 4077 790 4132 Domini
825 4076 1086 4130 nascitur.
1119 4073 1322 4130 Sellum
1352 4089 1481 4129 vero
1507 4074 1557 4127 itt
1588 4072 1825 4141 linguam

230 4183 476 4229 nostram
508 4171 869 4241 vertiturpax,
894 4169 1008 4222 sive
1021 4168 1289 4240 paciﬁcus.
1313 4165 1577 4225 Anameel.
1613 4165 1824 4234 donum,

229 4269 312 4323 vel
335 4266 509 4338 gratia
543 4265 660 4320 Dei.
691 4263 798 4318 Nec
831 4261 1170 4327 mirabimur,
1203 4259 1346 4330 quod
1374 4260 1474 4314 sibi
1511 4275 1611 4326 pax
1638 4262 1827 4326 junga-

230 4367 319 4413 tur
345 4369 400 4415 et
427 4358 621 4428 gratia,
649 4370 772 4410 cum
803 4354 967 4410 etiam
1003 4351 1364 4421 Epistolarum
1391 4350 1824 4420 Apostolicarum

230 4448 334 4504 hoc
364 4446 684 4520 principium
712 4446 782 4500 sit
815 4465 828 4501 :
855 4443 1039 4500 Gratia
1062 4443 1198 4497 vobis
1244 4453 1289 4496 et
1321 4442 1466 4514 pax(
1495 4442 1643 4496 Rom.
1679 4456 1719 4506 ι,
1744 4439 1823 4512 7).

231 4540 472 4596 Primum
514 4553 645 4609 ergo
690 4553 874 4608 pacem
908 4550 1214 4591 mereamur
1253 4533 1378 4601 Dei,
1410 4541 1465 4588 et
1494 4541 1613 4603 post
1643 4546 1825 4602 pacem

1931 3324 2176 3395 acquievi
2211 3333 2483 3394 prmcepto
2511 3323 2630 3394 ejus
2661 3334 2720 3378 ut
2765 3340 3041 3390 eruerent;
3090 3340 3192 3380 nec
3230 3325 3427 3381 frustra
3459 3324 3527 3379 ad

1932 3431 2020 3471 me
2047 3431 2212 3486 super
2233 3415 2608 3486 Itujmcemndi
2635 3431 2693 3472 re
2714 3416 2808 3470 Dei
2837 3417 3172 3473 factumesse
3186 3432 3525 3472 sermonem:

1930 3516 1986 3562 et
2009 3507 2240 3576 appendi
2275 3508 2482 3577 argenti
2516 3507 2704 3562 decem
2731 3516 2783 3561 et
2813 3519 3019 3576 septem
3047 3508 3233 3573 siclos,
3269 3523 3403 3577 quos
3428 3523 3526 3562 nos

1932 3601 1984 3655 in
2019 3607 2247 3654 stateres
2276 3601 2556 3653 vertimus.
2580 3598 2758 3654 Siclus
2785 3609 2965 3653 autem
2995 3598 3180 3667 viginti
3215 3599 3374 3654 habet
3396 3599 3529 3653 obo-

1932 3694 2054 3755 los,
2109 3703 2164 3746 ut
2213 3692 2266 3746 in
2313 3691 2616 3746 Ezechielis
2660 3703 2905 3746 extremo
2955 3691 3228 3746 volumine
3276 3692 3531 3747 scribitur

1933 3787 1952 3854 (
1973 3783 2164 3838 Ezech.
2201 3801 2301 3840 xu
2325 3784 2367 3855 ).
2415 3784 2666 3855 Emitquc
2693 3785 2958 3854 Propheta
3003 3784 3188 3840 decem
3221 3795 3276 3840 et
3317 3800 3524 3855 septem

1931 3877 2102 3942 sielis,
2155 3877 2208 3932 in
2241 3892 2349 3947 quo
2382 3893 2609 3932 numero
2636 3877 2872 3932 cantavit
2922 3893 3054 3948 puer
3083 3878 3292 3933 Domini
3340 3880 3528 3942 David,

1935 3971 1985 4024 in
2033 3969 2122 4024 die
2168 3985 2272 4040 qua
2314 3969 2456 4023 eruit
2507 3984 2630 4024 eum
2664 3968 2922 4023 Dominus
2963 3968 3031 4023 de
3073 3984 3232 4023 manu
3286 3972 3525 4024 omnium

1934 4061 2270 4117 inimicorum
2297 4061 2436 4130 ejus,
2470 4071 2523 4114 et
2544 4061 2610 4116 de
2636 4076 2796 4114 manu
2831 4060 2980 4125 Sattl,
3005 4071 3056 4114 et
3085 4060 3219 4115 dixit
3252 4078 3264 4110 :
3298 4059 3528 4133 Diligam

1935 4167 2020 4223 te,
2071 4154 2290 4208 Domine
2334 4155 2584 4226 fortitudo
2633 4169 2789 4218 mea;
2848 4151 3103 4206 Dominus
3152 4153 3530 4222 ﬁrmamentum

1933 4263 2099 4300 meum
2125 4286 2140 4310 ,
2183 4257 2230 4300 et
2267 4245 2524 4318 refugium
2570 4261 2768 4312 nteum,
2823 4253 2868 4296 et
2896 4243 3139 4297 liberator
3181 4260 3344 4313 meus.
3393 4244 3532 4298 Dens

1935 4354 2096 4403 meus,
2147 4339 2356 4402 adiutor
2401 4352 2574 4404 meus,
2618 4349 2664 4390 et
2695 4335 2912 4406 sperabo
2958 4337 3009 4388 in
3050 4351 3166 4389 eum
3215 4352 3234 4391 :
3275 4346 3533 4404 protector

1933 4449 2098 4495 meus,
2119 4440 2166 4484 et
2193 4447 2352 4485 cornu
2382 4433 2565 4484 salutis
2590 4448 2712 4483 metu
2735 4429 2910 4501 (Psal.
2944 4445 3072 4496 xvlt,
3115 4428 3188 4502 1).
3237 4430 3528 4486 Denarinnt

1939 4524 2148 4596 1081
2173 4539 2294 4578 esse
2321 4524 2610 4594 mysticum
2641 4536 2943 4585 numerum,
2970 4520 3211 4576 ostendit
3237 4521 3533 4591 Deeah-gus

231 4633 391 4687 nobis
411 4630 581 4703 gratia
615 4630 877 4694 nascitur,
911 4643 1030 4697 qua;
1060 4643 1166 4682 non
1198 4627 1249 4679 in
1280 4624 1626 4696 possidentis,
1661 4623 1752 4678 sed
1773 4623 1826 4676 in
1861 4613 1909 4671 D
1934 4621 2025 4689 qui
2056 4621 2290 4688 Scriptus
2321 4617 2422 4672 fuit
2449 4618 2500 4670 in
2526 4617 2720 4670 tabulis
2749 4617 2976 4684 lapideis
3005 4617 3172 4686 digito
3197 4615 3310 4681 Dei,
3340 4628 3393 4670 et
3416 4615 3534 4668 dies

230 4727 461 4782 arbitrio
484 4725 736 4779 d0nantis
763 4731 866 4776 est.
915 4722 1096 4774 Defert
1126 4727 1304 4774 autem
1349 4720 1681 4785 emptionem
1711 4733 1834 4786 gra-

231 4819 305 4873 tia
327 4818 420 4872 Dei
451 4817 551 4880 illi,
574 4815 666 4886 qtti
699 4815 750 4868 in
779 4811 1101 4866 sublimibus
1123 4811 1420 4866 collocatus
1438 4819 1540 4875 est,
1567 4819 1623 4863 ut
1645 4823 1834 4878 qnam-

231 4908 315 4964 vis
347 4909 593 4962 videatur
633 4905 925 4969 excelsus,
984 4912 1162 4957 tamen
1207 4901 1375 4970 gratia
1425 4899 1520 4954 Dei
1573 4901 1826 4969 indigeat.

233 5001 368 5056 Illud
393 4999 538 5071 quod
562 4999 612 5054 in
645 4997 870 5053 Cantieo
895 5008 1039 5063 saepe
1066 5002 1314 5048 cantatur
1343 5007 1371 5044 a
1413 5007 1609 5061 sponsa
1653 5010 1664 5044 :
1704 4990 1835 5044 Fra-

233 5094 416 5149 truelis
457 5109 599 5148 meus
625 5134 640 5157 ,
689 5091 740 5146 id
772 5097 888 5154 est,
923 5086 950 5143 ὅ
976 5084 1274 5158 ἀδελφιδοῦς
1301 5106 1402 5159 μου
1431 5127 1445 5151 ,
1484 5086 1535 5139 in
1570 5083 1834 5138 Hebraico

235 5202 357 5244 νοω
375 5186 534 5258 (ἺἾΊΊ)
564 5185 791 5248 dicitur;
816 5196 945 5251 ergo
977 5195 1082 5233 non
1107 5179 1391 5250 fratruelis,
1420 5175 1513 5229 sed
1542 5173 1832 5253 πατράδελ-

233 5301 346 5354 pag,
381 5280 431 5334 id
463 5287 568 5344 est,
620 5273 872 5345 patruelis
915 5270 1173 5328 dicendus
1222 5280 1324 5323 est.
1378 5267 1568 5322 Fuisse
1621 5265 1834 5339 1080

231 5381 415 5429 autem
439 5372 734 5428 Jeremiatn
772 5368 934 5424 lilium
968 5365 1170 5421 Neleia:
1201 5364 1268 5418 de
1293 5360 1711 5425 Sacerdotibus,
1741 5358 1832 5428 qui

231 5477 394 5523 erant
425 5468 478 5521 in
506 5463 785 5520 Anathmh
818 5464 870 5518 in
909 5473 1051 5518 terra
1085 5459 1365 5530 Benjamin
1394 5498 1408 5524 ,
1440 5464 1496 5510 et
1537 5453 1835 5510 voluminis

234 5561 400 5631 hujus
429 5567 656 5615 testatur
676 5557 982 5614 exordium.

309 5654 494 5726 (Vers.
522 5653 601 5724 8.)
630 5649 695 5704 Et
722 5651 854 5706 venit
879 5652 945 5704 ad
973 5666 1053 5704 me
1082 5644 1328 5704 Anameel
1355 5645 1496 5716 ﬁlius
1518 5644 1690 5717 patrui
1713 5646 1832 5713 mei,

1932 4712 2126 4783 jejunii
2151 4721 2205 4764 et
2237 4711 2638 4780 prepitiationis
2672 4711 2875 4764 mensis
2906 4711 3120 4780 septimi
3152 4708 3356 4782 (Exod.
3389 4708 3528 4775 xm).

1937 4810 2158 4879 Septem
2186 4823 2422 4878 quoque,
2458 4808 2510 4862 in
2538 4823 2643 4878 quo
2673 4822 2832 4862 verus
2862 4820 2943 4862 est
2971 4807 3338 4865 saitbﬁiismlls
3369 4817 3418 4860 et
3449 4819 3534 4858 re-

1936 4901 2109 4973 quies,
2135 4915 2256 4956 esse
2275 4911 2544 4966 sanetum,
2573 4901 2755 4954 multis
2775 4900 3181 4970 Scripturarum
3208 4897 3535 4954 testimoniis

1937 4996 2378 5066 comprobamus,
2407 4996 2474 5050 de
2516 4996 2714 5067 quibus
2763 4998 2953 5050 saltem
3003 5011 3169 5066 pauca
3202 4993 3532 5064 posuissem,

1942 5089 2044 5143 nisi
2068 5090 2300 5142 otiosum
2333 5097 2480 5142 esset
2510 5090 2704 5142 docere
2733 5102 2857 5158 quae
2889 5097 3014 5141 nota
3040 5094 3184 5139 sunt.
3213 5085 3267 5138 In
3303 5084 3405 5137 hoc
3432 5082 3534 5150 igi-

1941 5191 2028 5234 tur
2057 5196 2282 5234 numero
2307 5196 2336 5233 a
2363 5182 2623 5251 propheta
2640 5191 2693 5236 et
2715 5181 2996 5235 sacerdote
3019 5179 3217 5234 emitur
3238 5175 3532 5244 possessio,

1937 5272 2299 5342 scribitnrque
2332 5273 2382 5325 in
2417 5273 2558 5327 libro
2585 5284 2745 5339 atque
2773 5274 3016 5342 signatur
3047 5310 3060 5329 .
3113 5276 3169 5323 et
3208 5268 3537 5322 adhibentur

1940 5376 2126 5423 tcSIes.
2152 5375 2545 5435 argentumque
2574 5365 2866 5434 diligenter
2893 5361 3234 5430 nppt'lltillltl‘,
3269 5371 3324 5412 ut
3357 5357 3535 5410 omnia

1937 5457 2264 5513 venditionis
2293 5468 2346 5512 et
2375 5459 2670 5528 emptionis
2691 5457 2810 5526 jura
2843 5462 3132 5510 serventur
3157 5495 3168 5513 .
3212 5462 3264 5506 et
3293 5453 3365 5504 sit
3389 5458 3535 5505 certa

1937 5552 2212 5622 possessio
2240 5594 2252 5616 ,
2285 5552 2724 5621 stipulationilnts
2752 5559 2804 5604 et
2836 5547 3220 5617 sponsionibus
3261 5547 3534 5600 roborata.

1940 5643 2037 5701 Vel
2065 5645 2165 5701 hoc
2192 5646 2417 5701 audiant
2444 5688 2458 5713 ,
2488 5645 2577 5716 qui
2607 5644 2734 5698 falsa
2765 5650 3086 5696 testatttenta
3109 5681 3124 5708 ,
3159 5650 3213 5694 ct
3263 5637 3532 5694 interdum

239 5887 246 5907 ,
314 5795 338 5869 Α
366 5825 532 5894 Addit
559 5809 831 5892 Vlelorius
865 5818 1086 5898 bellum,
1117 5839 1222 5904 quo
1247 5805 1443 5887 ciaiitn‘
1476 5820 1591 5900 eius
1635 5821 1702 5886 sit
1730 5818 1964 5887 nominis
1997 5822 2400 5892 Interpretatur.
