4080 6326
247 398 351 457 895

250 522 318 578 de
360 530 470 599 quo
521 512 691 573 Isaias
718 510 959 585 loquitur
995 526 1013 571 ξ

250 588 529 672 revelatum
577 615 655 665 est
706 603 869 680 (Isai.
898 597 1142 674 sunt)?
1187 596 1303 657 Non
1347 593 1453 657 erit.
1499 591 1594 649 tibi
1625 588 1847 651 difﬁcile

252 720 411 769 omne
435 700 683 759 verbum.
705 696 836 773 Qua:
854 695 997 757 enim
1016 690 1158 764 apud
1186 686 1435 744 homines
1464 680 1849 755 impossibilia,

256 796 395 873 apud
450 794 618 849 Deum
677 785 958 861 possibilia
1010 792 1184 849 sunt;
1260 780 1377 839 sive
1430 776 1519 835 cui
1573 775 1710 831 nihil
1765 781 1850 829 est

255 864 632 947 absconditum
657 880 853 952 (Mich.
886 877 1035 950 six),
1058 878 1210 946 juxta
1247 871 1381 929 illud
1413 864 1848 943 Psalmographi,

259 980 526 1045 dicentis:
562 976 701 1047 Quia
749 971 971 1033 tenebra'
1010 985 1111 1025 non
1153 963 1566 1027 obscurabuntur
1602 978 1634 1017 a
1685 969 1769 1027 te,
1801 966 1851 1017 et

257 1092 364 1135 nos:
405 1076 539 1129 sicut
582 1069 692 1125 dies
737 1062 1119 1122 illuminabitur
1163 1056 1359 1133 (Psal.
1403 1068 1685 1120 cxxxvm,
1719 1050 1850 1122 η).

260 1167 359 1243 Qui
387 1165 522 1227 lacis
561 1157 996 1219 misericordiam
1026 1155 1081 1212 in
1125 1151 1399 1218 millibus;
1442 1159 1497 1206 et
1531 1147 1715 1204 reddis
1743 1144 1849 1203 ini-

261 1261 521 1333 quitatem
570 1262 780 1327 patrum
826 1253 881 1306 in
907 1249 1035 1305 sinu
1065 1247 1301 1305 liliorum
1338 1259 1527 1301 eorum
1577 1250 1701 1315 post
1733 1253 1855 1297 eos.

261 1332 493 1412 Grandis
522 1344 817 1409 clementia
839 1343 1139 1415 Creatoris,
1167 1337 1596 1399 miscricordiam
1623 1349 1775 1389 suam
1798 1332 1855 1389 in

263 1445 408 1503 mille
446 1440 833 1517 generationes
862 1436 1181 1504 extendere,
1212 1442 1267 1491 et
1289 1431 1554 1503 justitiam
1585 1428 1768 1513 statim
1799 1425 1853 1485 in

263 1540 428 1596 altera
451 1535 809 1612 generatione
836 1543 1167 1597 monstrare,
1195 1544 1317 1600 qua:
1341 1538 1521 1587 tamen
1549 1534 1607 1583 et
1632 1506 1747 1593 ipsa
1771 1529 1859 1583 est

262 1631 427 1691 mixta
464 1611 883 1687 misericordiae.
916 1623 1034 1683 Non
1082 1621 1229 1683 enim
1262 1618 1448 1683 statim
1498 1615 1653 1691 punit
1682 1611 1858 1673 detin-

262 1734 544 1801 quentem,
567 1721 663 1779 sed
683 1726 964 1790 exspecmt
983 1715 1473 1795 ptenitudinem,ut
1495 1709 1539 1769 si
1558 1708 1715 1767 liberi
1739 1706 1859 1763 imi-

264 1818 362 1875 tati
395 1817 598 1874 iuerint
631 1822 912 1889 parentum
952 1810 1115 1879 vitia,
1137 1810 1231 1871 diu
1257 1807 1424 1867 dilata
1458 1802 1675 1885 1m
1693 1816 1859 1879 ptena

263 1909 542 1971 reddatur.
574 1904 897 1973 Fortissime,
920 1920 1129 1977 magne,
1159 1912 1361 1973 potens,
1386 1898 1641 1957 Dominus
1667 1895 1865 1953 exerci-

266 2014 427 2071 tuum,
462 2002 580 2057 sive
619 1999 889 2067 virtutum,
918 2013 1104 2055 nomen
1129 1995 1245 2057 tibi,
1274 1993 1381 2053 Ista
1416 1993 1635 2053 nomina
1670 1996 1863 2061 pOIEIh

269 2096 394 2150 tiam
443 2093 690 2153 indicant
735 2088 1042 2146 Creatoris.
1072 2088 1343 2145 Ca'terum
1388 2083 1612 2163 proprie
1662 2096 1861 2139 nomen

269 2186 364 2243 Dei
397 2185 563 2243 Pater
592 2194 701 2255 est,
730 2183 873 2265 quod
906 2184 962 2243 in
992 2181 1291 2255 Evangelio
1328 2195 1428 2257 per
1458 2178 1747 2237 Dominum
1778 2189 1865 2233 re-

268 2280 480 2339 velatur
529 2279 832 2337 dicentem:
888 2275 1064 2341 Pater.
1124 2274 1447 2347 manifestavi
1486 2287 1675 2331 nomen
1717 2277 1865 2327 tuum

271 2371 565 2427 hominibus
593 2370 778 2446 (Joan.
815 2386 951 2433 xvu.
984 2368 1062 2443 6).
1098 2368 1323 2449 Magnus
1343 2365 1581 2423 consilio.
1608 2365 1672 2425 Et
1702 2363 1869 2423 audet

271 2477 330 2520 se
360 2465 654 2536 quisquam
704 2463 916 2519 Domini
957 2462 1204 2521 inserere
1254 2467 1488 2523 secreto,
1520 2466 1575 2515 et
1605 2455 1673 2513 de
1723 2454 1871 2515 illius

265 2556 490 2630 iudiciis
506 2555 771 2633 judicare.
795 2551 1413 2629 Etincomprehensibilis
1424 2550 1671 2622 cogitatu.
1694 2544 1866 2619 Quem

274 2665 380 2707 non
410 2646 830 2725 comprehendit
858 2645 1144 2717 cogitatio,
1175 2640 1449 2717 quomodo
1482 2646 1663 2710 potest
1687 2650 1869 2691 sermo

273 2738 783 2817 comprehendere?
814 2739 974 2815 Cujus
1003 2737 1141 2795 oculi
1167 2735 1333 2811 aperti
1362 2741 1480 2791 sunt
1509 2746 1667 2801 super
1694 2743 1873 2791 omnes

273 2837 382 2890 eius
411 2835 645 2909 ﬁliorum
675 2835 860 2891 Adam.
896 2831 1119 2891 Frustra
1149 2845 1281 2903 ergo
1310 2827 1476 2884 homo
1504 2841 1565 2882 se
1595 2836 1747 2897 putat
1774 2825 1875 2887 Dei

277 2928 456 2985 celare
490 2927 763 2983 notitiam.
798 2922 1062 2997 Quodque
1082 2919 1250 2976 infert
1271 2939 1283 2973 τ
1308 2918 1582 2976 Ulrt’ddas
1598 2919 1874 2988 unicuique

274 3019 564 3073 secundum
593 3019 701 3072 nias
729 3033 873 3086 suas,
906 3025 951 3071 et
980 3015 1264 3069 secundum
1302 3011 1528 3085 fructum
1556 3011 1877 3065 adinventio-

278 3131 405 3169 unm
436 3130 676 3180 suarum,
719 3115 823 3169 hoc
852 3110 1055 3166 indicat
1083 3108 1232 3181 quod
1282 3106 1554 3169 interdum
1589 3121 1686 3175 pro
1715 3105 1881 3167 nimia

281 3218 305 3246 ι·
342 3208 628 3280 patientia,
654 3206 856 3278 judicia
890 3204 1011 3280 ejus
1032 3203 1318 3258 vidi-antur
1348 3200 1566 3275 injusta.
1595 3198 1765 3277 Quem
1799 3199 1881 3253 Io-

721 383 1365 448 COMMENTARIORUM
1408 381 1471 438 IN
1511 374 1857 437 IEREMIAM
1897 371 2315 431 PBUPHETAH
2355 369 2483 426 LIB.
2524 367 2616 425 VI.
2654 365 2811 424 CAP.
2850 361 3073 420 XXXII.

1066 504 1131 563 Et
1169 500 1439 561 brachium
1490 495 1703 552 Domini
1756 493 1840 549 cui
1868 493 1917 554 A
1944 501 2002 549 ut
2033 489 2300 565 legamus,
2336 494 2395 549 et
2430 486 2483 541 in
2515 483 2711 551 Israel,
2756 492 2810 537 et
2852 481 2904 535 iu
2952 478 3169 539 eunetis
3220 468 3546 539 mortalibus

3432 348 3539 408 894

1951 561 2194 656 quotidie
2243 592 2335 641 tua
2379 579 2535 669 signa
2565 575 2937 646 complentur.
2985 569 3114 628 Sive
3159 566 3345 631 aliter,
3389 561 3546 639 signa

1949 651 2114 750 atque
2160 683 2412 748 portenta
2443 651 2556 733 Inoo
2606 668 2781 733 solum
2827 666 2880 721 in
2913 662 3153 745 Egypto
3198 651 3551 731 perpetrasti,

1951 745 2046 829 sed
2090 745 2262 847 usqtte
2295 765 2456 823 hodie
2485 762 2677 823 eadem
2710 770 2816 815 tua!
2848 752 3241 813 misericordia:
3285 745 3549 805 fortitudo

1952 838 2191 919 saltavit
2222 857 2484 938 pupulum
2518 864 2692 918 tuum,
2726 861 2781 911 et
2807 851 3066 907 universo
3110 843 3325 925 1085
3359 838 3551 913 generi

1954 957 2192 1015 humano
2222 950 2502 1011 Creatoris
2533 945 2795 1005 subvenis
2822 949 3114 1023 potestate.
3144 939 3211 993 Et
3232 937 3335 991 huc
3359 941 3556 988 notan-

1953 1048 2107 1115 dum,
2135 1045 2278 1119 quod
2309 1040 2482 1097 Israel
2512 1039 2580 1099 ab
2623 1035 2931 1093 hominibus
2985 1037 3207 1104 separat
3249 1036 3415 1096 atque
3446 1034 3555 1103 ter-7

1952 1115 2181 1215 rigenis‘,
2209 1136 2361 1213 juxta
2393 1132 2555 1195 illud:
2589 1128 2766 1184 Filius
2791 1143 2936 1185 meus
2961 1121 3333 1198 primogenitus
3362 1115 3555 1175 Israel.

1956 1207 2028 1286 Et
2068 1207 2234 1303 fecisti
2262 1227 2357 1285 tibi
2379 1241 2565 1280 nomen
2596 1222 2727 1279 sicut
2759 1221 2866 1275 dies
2906 1216 3016 1275 lucc
3068 1212 3269 1291 (Exod.
3309 1225 3390 1278 tv,
3433 1207 3553 1278 ἦ).

1956 1324 2195 1390 Laudes,
2238 1322 2434 1397 inquit,
2470 1329 2577 1373 tua:
2607 1316 2781 1373 totius
2802 1312 2951 1373 orbis
2993 1322 3248 1365 sermone
3274 1303 3559 1363 celebran-

1956 1426 2065 1475 tur.
2092 1418 2158 1472 Et
2179 1394 2404 1475 eduxisti
2428 1411 2677 1483 populum
2700 1418 2847 1462 tuum
2869 1401 3041 1460 Israel
3069 1400 3134 1456 de
3153 1408 3293 1456 terra
3313 1394 3555 1469 Egypti.

1958 1512 2194 1571 Pulchre
2222 1510 2378 1575 dixit,
2400 1506 2664 1582 pupulum
2696 1512 2875 1571 tuum,
2908 1514 2973 1552 eo
3003 1498 3148 1561 enim
3178 1504 3423 1563 tempore
3451 1500 3561 1560 quo

1959 1607 2189 1664 eductus
2213 1614 2319 1671 est,
2353 1599 2567 1659 honuni
2596 1595 2831 1667 imperio
2859 1591 3157 1653 serviebat.
3188 1584 3439 1645 Edusisti
3468 1598 3562 1637 au-

1962 1708 2073 1756 tem
2092 1698 2148 1751 in
2175 1695 2339 1769 signis
2354 1702 2399 1749 et
2413 1689 2683 1767 portentis,
2704 1686 2903 1765 quibus
2929 1677 3342 1757 pereutiebatur
3363 1673 3565 1747 Egyp-

1963 1801 2073 1859 tus,
2103 1799 2151 1845 et
2170 1767 2398 1843 infimum
2419 1785 2654 1850 robusta,
2684 1788 2731 1835 et
2751 1781 2806 1832 in
2831 1775 3043 1841 brachio
3062 1778 3288 1833 extento,
3319 1775 3367 1824 et
3389 1767 3443 1822 in
3466 1774 3567 1819 ter-

1893 1892 1939 1953 B
1969 1857 2082 1949 rore
2104 1898 2288 1954 magno
2310 1896 2328 1941 ,τ
2352 1877 2571 1957 quando
2594 1888 2743 1929 mare
2765 1870 3009 1927 Rubrum
3038 1860 3346 1925 transeunti
3370 1857 3569 1935 pepulo

1964 1979 2135 2041 Israel
2163 1978 2302 2035 viam
2355 1954 2583 2051 praebuit
2633 1968 2742 2049 [AL
2781 1960 3115 2043 prtebuisti],
3162 1967 3219 2051 et
3245 1954 3566 2031 Egyptium

1965 2070 2237 2145 Oppressit
2269 2045 2378 2141 [Αιζ
2414 2045 2762 2139 oppressisti]
2789 2055 3093 2115 exercitum
3124 2070 3138 2107 :
3173 2050 3245 2106 Et
3274 2046 3465 2103 dedisti
3495 2045 3570 2107 eis

1964 2137 2155 2219 terram
2174 2137 2331 2225 hanc,
2361 2137 2516 2235 quam
2529 2154 2727 2233 jurasti
2746 2150 2980 2223 patribus
3008 2161 3187 2203 eorum
3209 2152 3264 2197 ut
3285 2141 3438 2195 dares
3459 2137 3535 2203 eis
3552 2151 3573 2192 :

1966 2259 2244 2319 Abraham
2286 2253 2565 2323 videlicet,
2612 2249 2763 2307 Isaac
2809 2256 2865 2301 et
2906 2242 3097 2305 Iacob.
3136 2239 3280 2315 Ergo
3312 2251 3419 2293 non
3473 2247 3574 2291 suo

1969 2349 2162 2407 merito
2191 2356 2393 2407 terram
2424 2338 2897 2417 repromissionis,
2941 2334 3036 2390 sed
3066 2342 3281 2404 patrum
3312 2338 3577 2395 accepere

1968 2440 2285 2509 virtutibus,
2331 2416 2526 2495 terram
2553 2434 2803 2504 fluentem
2845 2428 2976 2482 lacte
3021 2435 3069 2480 et
3108 2421 3282 2478 melle.
3334 2416 3577 2481 Necdum

1971 2534 2117 2591 enim
2147 2530 2381 2587 solidum
2419 2533 2674 2603 poterant
2718 2521 2900 2583 cibum
2932 2531 3155 2597 capere,
3186 2512 3282 2568 sed
3316 2509 3479 2569 melle
3523 2516 3580 2565 et

1972 2627 2113 2682 lacte
2135 2600 2515 2679 nutriebantur
2538 2617 2805 2673 inlantiaz.
2834 2612 2932 2667 Vel
2963 2619 3115 2665 certe
3142 2606 3284 2662 lacte
3309 2612 3366 2660 et
3392 2600 3577 2666 melle,

1973 2735 2155 2781 rerum
2186 2715 2430 2775 omnium
2464 2713 2714 2768 ubertate
2758 2716 2816 2765 et
2861 2702 3218 2763 abundantia.
3255 2697 3322 2755 Et
3361 2690 3584 2768 ingressi

1973 2821 2115 2879 sunt,
2148 2819 2197 2867 et
2219 2807 2559 2883 possederunt
2587 2819 2719 2859 eam.
2757 2798 3064 2868 Statimque
3108 2794 3250 2848 inter
3281 2784 3584 2863 possessio-

1975 2921 2100 2961 nem
2150 2878 2678 2958 et'inobedientiam
2731 2892 2865 2948 nihil
2907 2888 3007 2944 luit
3054 2881 3317 2940 medium.
3350 2878 3587 2934 Ubertas

1977 3000 2121 3055 enim
2145 2993 2523 3056 securitatem,
2542 3004 2687 3044 seem
2702 2985 2807 3041 itas
2825 2977 3231 3055 negligentiam,
3253 2968 3584 3043 negligentia

1982 3100 2358 3163 contemptum
2410 3085 2575 3159 parit.
2611 3080 2681 3136 Et
2710 3096 2813 3137 non
2856 3076 3180 3143 obedierunt,
3232 3070 3436 3141 inquit,
3475 3063 3588 3120 voci

1982 3196 2105 3253 tum,
2135 3161 2265 3239 etin
2312 3179 2423 3259 lege
2454 3189 2543 3232 tua
2590 3191 2692 3229 non
2740 3169 3154 3226 ambulauerunt.
3197 3161 3422 3218 Frustra
3456 3170 3589 3227 ergo

342 3256 628 3280 .———-~----—,
654 3256 856 3278 .——-v-—
897 3256 908 3258 —
953 3256 1007 3261 η
1302 3256 1307 3257 ν
1401 3256 1420 3275 .
1606 3256 1641 3277 ,ν

279 3317 405 3359 cum
427 3301 724 3374 Apostolus
748 3256 961 3369 plenids
979 3296 1219 3371 exiilieat
1235 3296 1301 3355 ad
1324 3294 1602 3353 Romanos
1624 3310 1635 3345 :
1660 3291 1877 3369 Ignarus

1988 3275 2292 3349 promisere
2340 3256 2396 3328 in
2451 3284 2639 3325 eremo
2677 3265 2964 3335 dicentes:
3016 3256 3206 3314 Omnia
3255 3262 3592 3324 quaecumque

2000 3370 2023 3374 μ
2128 3369 2138 3374 -
2491 3363 2503 3374 .
2553 3358 2639 3374 τ..
2794 3372 2810 3374 _
2861 3350 3029 3374 cum-.1
3110 3347 3357 3374 r..-:-......
3388 3339 3571 3374 Ιιῗηηιιΐ

280 3397 532 3467 quoniam
561 3393 849 3469 benignitas
901 3392 993 3451 Dei
1022 3368 1092 3446 ad
1135 3390 1484 3461 paenitentiam
1515 3396 1563 3443 te
1604 3368 1881 3445 hortaturi

282 3489 573 3547 secundum
626 3487 877 3543 duritiam
922 3493 1095 3543 autem
1139 3492 1280 3543 tuam
1309 3490 1356 3539 et
1404 3497 1491 3537 cor
1534 3482 1879 3549 impaenitens,

283 3582 606 3637 tltcsaurizas
635 3579 726 3634 tibi
774 3582 907 3635 iram
949 3579 1001 3632 in
1034 3577 1119 3631 die
1147 3578 1262 3641 im,
1310 3583 1356 3631 et
1403 3572 1727 3628 reuelationis
1747 3573 1884 3644 justi

285 3676 471 3748 iudicii
502 3671 602 3728 Dei
627 3670 809 3751 (Rom.
843 3687 904 3739 Il,
936 3672 994 3739 4,
1027 3668 1335 3745 5).Quanto
1366 3668 1531 3739 igitur
1559 3669 1734 3721 serior
1765 3662 1884 3723 viu-

286 3768 429 3823 tlicta
464 3766 799 3839 peccantium
822 3774 926 3827 est.
962 3772 1111 3819 tanto
1127 3763 1362 3835 justior:
1387 3762 1439 3816 in
1468 3758 1881 3817 similitudinem

287 3860 612 3926 Pharaonis,
635 3860 726 3935 qui
748 3859 939 3919 decem
958 3857 1130 3939 plagis
1150 3856 1486 3923 admonitus,
1514 3870 1618 3909 non
1645 3852 1884 3925 punitus,

289 3963 347 4009 et
375 3953 429 4009 in
460 3952 660 4009 duritia
692 3965 1072 4025 perseverans,
1100 3950 1167 4005 ad
1194 3959 1503 4007 extremum
1529 3946 1695 4005 Rubri
1721 3946 1889 4005 maris

288 4046 553 4107 ﬂuetibus
580 4048 814 4111 obrutus
844 4057 927 4109 est
952 4044 1148 4120 (Exod.
1182 4043 1320 4123 xiv).

362 4142 552 4217 (Vere.
581 4140 655 4198 20
682 4138 863 4211 seqq.)
897 4136 1001 4209 Qui
1044 4137 1265 4211 posuisti
1298 4136 1448 4215 signa
1478 4143 1524 4189 et
1568 4142 1807 4202 portenta
1834 4131 1889 4185 in

291 4242 435 4288 terra
464 4230 686 4311 Egypti
715 4245 876 4302 usque
922 4230 991 4283 ad
1020 4227 1157 4282 diem
1183 4224 1341 4293 hanc,
1384 4234 1431 4279 et
1464 4226 1517 4281 in
1548 4221 1714 4279 Israel
1761 4230 1807 4277 et
1835 4222 1889 4279 in

293 4323 589 4387 hominibus
612 4324 749 4391 (sive
764 4319 1059 4395 terrigenis)
1088 4328 1135 4373 et
1166 4320 1332 4391 fecisti
1350 4318 1443 4373 tibi
1469 4332 1652 4372 nomen
1666 4315 1793 4370 sicut
1815 4323 1891 4377 est

294 4418 406 4474 dies
452 4416 585 4485 hac,
616 4425 664 4472 et
704 4415 932 4472 reduxisti
975 4413 1227 4493 pupulum
1272 4419 1418 4466 tuum
1467 4410 1638 4465 Israel
1664 4410 1728 4463 de
1756 4408 1894 4469 terra

297 4507 542 4589 .Egypti,
573 4509 627 4563 in
656 4508 820 4585 signis
842 4514 887 4561 et
915 4506 971 4560 in
1001 4505 1274 4579 portentis,
1306 4510 1354 4556 et
1380 4502 1436 4557 in
1462 4517 1621 4559 manu
1660 4500 1891 4567 robusta,

211 4660 216 4665 ,
295 4608 344 4657 et
367 4599 576 4656 brachio
616 4607 841 4664 extento,
864 4606 912 4652 et
939 4598 991 4651 in
1024 4607 1220 4653 terrore
1250 4610 1460 4669 magno.
1494 4591 1561 4647 Et
1607 4593 1795 4647 dedisti
1823 4593 1896 4647 eis

1987 3339 2239 3425 Dominus
2280 3363 2521 3445 praecepit
2553 3358 2661 3435 [AL
2705 3350 3055 3431 praceperit],
3106 3347 3357 3422 faciemus
3387 3339 3590 3418 (Exod.

1985 3480 2099 3530 xix,
2132 3460 2211 3533 8).
2249 3442 2365 3516 Non
2397 3457 2542 3513 enim
2591 3456 2644 3509 tu
2673 3448 2995 3521 sponsione,
3028 3443 3125 3500 sed
3155 3442 3209 3497 in
3239 3452 3410 3511 opere
3452 3448 3594 3503 pra:—

1987 3529 2322 3614 mium—est:
2378 3552 2444 3606 ad
2496 3543 2894 3605 retundendam
2926 3553 3114 3595 eorum
3170 3529 3591 3603 impudentiam.

1985 3653 2076 3725 qui
2110 3656 2304 3723 putant
2334 3643 2613 3700 hominem
2643 3637 2824 3693 omnia
2860 3647 3023 3704 posse
3048 3626 3348 3696 complere,
3382 3636 3502 3690 qua:
3535 3631 3596 3674 se

1986 3710 2255 3802 facturum
2283 3755 2406 3797 esse
2451 3731 2733 3809 pollicitus
2776 3740 2879 3784 est.
2935 3723 3129 3780 Omnia
3171 3734 3291 3790 qua:
3325 3710 3597 3770 mandasti

1987 3840 2068 3895 eis
2113 3845 2170 3891 ut
2198 3808 2465 3897 lacerent,
2497 3841 2606 3885 non
2660 3823 2937 3887 l'eoerunl,
2979 3822 3037 3870 et
3064 3823 3217 3869 certe
3264 3808 3508 3863 facturos
3537 3819 3600 3865 se

1991 3930 2379 4004 promiserant.
2406 3920 2474 3975 Et
2495 3922 2765 3974 evenerunt
2787 3912 2860 3967 eis
2875 3909 3119 3967 universa
3141 3905 3280 3959 mala
3305 3902 3436 3955 liter.
3462 3896 3599 3953 Mala

1992 3992 2347 4097 patientibus,
2367 4024 2633 4074 caeterum
2653 4010 2808 4083 juxta
2831 4001 3047 4061 Domini
3076 3994 3408 4057 sententiam
3431 3992 3599 4058 bona,

1991 4088 2111 4191 quae
2139 4114 2251 4197 [ΑΙ.
2280 4109 2399 4185 qui]
2431 4105 2612 4165 reddit
2640 4099 2935 4173 unicuique
2960 4092 3267 4150 secundum
3297 4088 3417 4142 vias
3447 4100 3600 4141 suas.

2068 4178 2252 4287 (vim.
2277 4178 2513 4285 i4,-25.)
2544 4200 2679 4256 Ecce
2708 4195 3024 4251 munitiones
3062 4192 3335 4244 exstructas
3364 4190 3482 4237 sunt
3505 4178 3607 4239 ad-

1993 4278 2170 4363 versus
2191 4302 2448 4357 ciuitatem
2466 4339 2482 4363 ,
2498 4278 2564 4350 ut
2592 4291 2828 4373 capiatur
2852 4303 2871 4341 :
2894 4294 2940 4340 et
2964 4281 3087 4338 urbs
3109 4279 3232 4334 data
3252 4290 3323 4333 est
3344 4278 3398 4331 in
3422 4290 3604 4329 manus

1995 4398 2389 4467 Cltaldteorum,
2407 4392 2494 4463 qui
2506 4367 2816 4471 prteliuntur
2828 4381 3072 4437 adversus
3087 4392 3199 4432 eam
3220 4390 3253 4428 a
3269 4372 3402 4444 facie
3415 4367 3604 4445 gladii,

1996 4503 2045 4551 et
2072 4493 2248 4569 famis,
2279 4501 2327 4544 et
2348 4468 2677 4563 pestilentia.
2711 4476 2779 4532 Et
2805 4485 3141 4549 quaecumque
3167 4468 3373 4523 locutus
3413 4478 3491 4528 es,
3518 4474 3610 4515 ac-

1997 4554 2253 4663 ciderunt,
2284 4554 2476 4657 tit-ipse
2521 4588 2577 4633 tu
2611 4575 2782 4631 cernis
2810 4578 2896 4625 :et
2937 4576 2995 4625 tu
3023 4565 3156 4620 dicis
3193 4559 3343 4626 mihi,
3386 4554 3611 4612 Domine

299 4704 496 4750 terram
527 4694 678 4762 hanc,
727 4709 885 4763 quam
919 4692 1112 4765 iurasti
1138 4646 1374 4765 patribu:
1420 4701 1616 4755 eorum,
1664 4698 1719 4743 ut
1746 4689 1897 4745 dares
1923 4680 1975 4740 D
2005 4682 2164 4751 Deus,
2187 4646 2296 4733 etne
2319 4646 2504 4751 agrum
2550 4676 2783 4742 argento,
2812 4673 2858 4718 et
2896 4659 3084 4719 adhibe
3126 4664 3299 4722 testes,
3334 4666 3451 4706 cum
3486 4646 3612 4702 urbs

298 4789 375 4844 eis
405 4800 595 4844 terram
620 4789 866 4863 ﬂuentem
893 4785 1028 4841 lacte
1053 4795 1102 4841 et
1129 4783 1302 4845 melle.
1337 4782 1408 4838 Et
1431 4784 1653 4854 ingressi
1680 4792 1824 4851 sunt,
1855 4790 1904 4836 et

300 4880 642 4955 possederunt
670 4896 804 4944 eam,
827 4888 875 4939 et
897 4895 1000 4932 non
1022 4877 1322 4935 obedierunt
1352 4876 1463 4933 voci
1486 4886 1608 4943 tute,
1636 4884 1683 4929 et
1721 4876 1776 4929 in
1797 4875 1908 4951 [σομε

304 4984 393 5029 tua
410 4991 517 5029 non
533 4974 960 5045 ambulaverunt;
982 4971 1158 5026 omnia
1171 4986 1286 5040 qua:
1314 4968 1575 5026 mandasti
1600 4974 1670 5024 eis
1690 4979 1745 5027 ut
1772 4970 1910 5042 {ace-

304 5078 441 5133 rent,
468 5083 572 5123 non
600 5068 855 5141 fecerunt,
880 5074 925 5120 et
951 5072 1224 5123 evenerunt
1252 5062 1324 5117 eis
1347 5062 1584 5117 universa
1613 5060 1752 5115 mala
1774 5060 1905 5116 lucc.

308 5161 389 5218 De
436 5161 680 5237 generali
739 5158 937 5216 transit
987 5156 1058 5214 ad
1102 5155 1371 5226 speciale,
1402 5162 1461 5211 et
1509 5154 1636 5228 quid
1690 5154 1911 5226 proprie

310 5255 633 5335 praestiterit
663 5254 873 5324 Israeli,
905 5250 1059 5310 brevi
1080 5266 1338 5307 sermone
1372 5251 1664 5327 percurrit.
1693 5248 1795 5323 Qui
1823 5266 1914 5323 po-

310 5349 483 5417 suisti,
515 5350 615 5417 ait,
647 5351 796 5421 signa
824 5355 873 5404 et
903 5352 1143 5420 portenta
1180 5345 1235 5398 in
1265 5352 1403 5399 terra
1437 5341 1680 5414 ngypti,
1710 5341 1909 5412 quibus

312 5440 517 5498 alllieta
548 5451 631 5497 est
649 5440 921 5513 IEgyptus
941 5453 1115 5510 usque
1132 5435 1202 5492 ad
1230 5435 1375 5492 diem
1400 5435 1563 5499 hanc.
1587 5445 1644 5491 et.
1666 5437 1719 5490 iu
1742 5433 1912 5491 Israel

314 5541 370 5591 et
412 5532 467 5587 In
498 5530 812 5589 hominibus
840 5533 955 5588 sive
1003 5527 1312 5604 terrigenis.
1350 5526 1462 5583 Hoc
1510 5526 1655 5597 quod
1688 5526 1912 5592 dicitur,

318 5641 479 5698 usque
507 5624 577 5689 ad
604 5623 743 5679 diem
780 5622 939 5697 hanc,
971 5617 1368 5699 posterioribus
1412 5617 1779 5692 copulsndttm
1806 5626 1913 5686 εει,

2007 4775 2131 4829 data
2153 4748 2220 4826 sit
2243 4771 2297 4824 in
2323 4748 2511 4824 manus
2551 4760 2921 4817 Chaldworum
2942 4754 2966 4808 ?
2989 4752 3243 4807 Decimus
3287 4757 3461 4803 annus
3492 4748 3613 4803 erat

2009 4868 2152 4945 regis
2187 4860 2403 4945 1086
2434 4855 2706 4921 Sedecia',
2733 4850 2805 4905 ita
2836 4848 2983 4905 enim
3016 4843 3280 4921 setiplum
3309 4846 3394 4899 est
3428 4853 3441 4888 :
3480 4832 3613 4893 Ver-

2006 4925 2131 5017 bu‘m
2154 4925 2294 5030 quod
2321 4961 2517 5025 factum
2544 4957 2617 5003 est
2638 4946 2706 5000 ad
2745 4940 3031 4999 Jeremiam
3049 4954 3082 4992 a
3111 4934 3332 4995 Domino
3356 4944 3494 4982 anno
3524 4925 3614 4979 de-

2009 5056 2143 5110 cimo
2167 5019 2407 5108 'Sedecite
2430 5049 2564 5116 regis
2589 5039 2619 5096 J
2627 5039 2733 5095 uda
2756 5054 2774 5092 :
2798 5045 2922 5095 tunc
2943 5030 3200 5090 exercitus
3223 5024 3358 5098 regis
3384 5019 3616 5092 Babylo-

2013 5151 2096 5205 nis
2119 5141 2377 5207 obsidebat
2417 5115 2734 5200 Jet'usalem,
2760 5140 2807 5187 et
2829 5127 3083 5184 Jeremias
3112 5118 3363 5192 praplteta
3407 5115 3617 5207 clausus

2016 5251 2123 5297 erat
2150 5241 2205 5294 in
2242 5237 2375 5291 atrio
2416 5230 2657 5288 carceris.
2695 5228 2973 5299 Recteque
3022 5229 3168 5273 nunc
3214 5211 3455 5269 dicitur:
3485 5204 3621 5261 Ecce

2017 5440 2102 5487 tur
2131 5444 2153 5484 ε
2175 5436 2223 5483 et
2272 5427 2395 5480 um
2434 5421 2631 5476 tradita
2656 5425 2735 5475 est
2756 5416 2811 5469 in
2856 5422 3042 5463 manus
3084 5399 3452 5457 Chaldaorum
3473 5411 3493 5460 ;
3510 5407 3622 5487 nec

2019 5483 2222 5585 habent
2240 5530 2379 5593 quos
2406 5512 2643 5576 vincant,
2669 5517 2761 5564 aut
2787 5500 2898 5579 [AL
2923 5494 3047 5570 sed]
3072 5507 3211 5593 quos
3238 5487 3474 5586 capiant.
3500 5483 3622 5547 Iam

2020 5617 2165 5674 enim
2194 5587 2400 5686 gladio,
2433 5609 2600 5672 tame,
2642 5609 2796 5673 peste
2824 5587 3141 5661 consumpti
3174 5594 3303 5645 sunt
3343 5600 3359 5641 ξ
3389 5588 3449 5639 et
3475 5593 3625 5657 qna:-

394 5844 422 5872 "
452 5833 704 5916 Μθῐὲἓπη-
728 5844 861 5916 Post
902 5835 1114 5916 Era_sm.
1160 5833 1439 5916 sapientia,
1495 5848 1594 5916 pro
1645 5832 1913 5903 patientia,
1942 5826 2090 5911 quod
2123 5841 2223 5883 nos
2266 5816 2634 5916 reposuimus,
2663 5818 2721 5869 et
2764 5804 3005 5875 melioris
3036 5811 3259 5875 quoque
3303 5799 3448 5863 uotae
3487 5802 3625 5863 mss,

325 5921 496 6003 penes
541 5907 836 6003 Victoriam
877 5907 1193 5989 praeferunt.
