4080 6326
246 274 355 385 ³897

719 325 1365 388 COMMENTARIORUM
1404 329 1472 388 ιχ
1512 328 1863 389 JEREMIAM
1905 327 2332 387 PROPllE'l‘AM
2370 327 2505 387 LIB.
2546 330 2637 388 Vl.
2677 327 2840 387 CAP.
2880 327 3100 387 XXXII.

3439 328 3546 390 898

254 447 400 506 runt,
428 437 553 496 ideo
575 439 725 511 justa
753 444 1027 499 sententia
1081 443 1176 500 Dei
1204 452 1312 513 est,
1336 455 1392 502 et
1420 446 1617 502 merito
1657 446 1845 519 Scrip-
1873 455 1920 513 Α
1951 442 2222 499 idolorum
2264 445 2445 500 cultus
2474 445 2740 517 sequitur.
2784 444 3095 500 Notandum
3135 458 3352 516 quoque
3398 445 3543 516 quod

254 542 367 588 tura
406 535 687 589 contexit:

323 623 497 695 (Vcrs.
529 624 648 699 3t.)
671 623 741 681 In
770 627 953 699 furore
998 637 1047 682 et
1073 629 1127 683 in
1154 629 1518 701 indignatione
1568 648 1682 686 mea
1709 635 1851 704 facta

249 727 323 775 est
343 717 468 772 mihi
493 719 671 774 civitas
694 724 806 776 luet:
834 740 866 775 a
896 721 978 777 die
1006 739 1110 792 qua
1131 722 1517 794 wdiﬁcaverunt
1546 741 1660 781 eam
1686 743 1850 798 usque

250 812 320 865 ad
341 811 476 867 diem
514 813 692 882 istam,
728 830 833 886 qua
853 819 1092 886 aufertur
1121 816 1185 871 de
1215 828 1495 886 conspectu
1526 835 1657 873 meo.
1693 819 1750 875 Si
1780 834 1846 876 ex

250 922 318 964 eo
347 916 592 978 tempore
620 923 730 980 quo
767 909 1008 965 civitatis
1023 911 1170 982 jacta
1196 921 1326 968 sunt
1348 912 1723 981 fundamenta,
1751 928 1846 970 us-

251 1013 354 1069 que
378 1000 444 1053 ad
473 1000 613 1055 hanc
632 999 801 1067 diem,
822 1001 1039 1071 quando
1063 1012 1219 1073 capta
1243 1014 1353 1073 est,
1375 1016 1538 1077 atque
1559 1020 1844 1073 succensa,

247 1100 302 1148 et
330 1092 538 1148 sublata
568 1093 637 1149 de
664 1104 964 1166 conspectu
990 1095 1225 1164 Domini,
1247 1097 1350 1154 fuit
1367 1116 1589 1170 semper
1609 1101 1666 1156 in
1689 1102 1848 1169 vitio,

246 1197 299 1240 et
331 1184 761 1256 indignationem
790 1198 980 1244 contra
1011 1204 1073 1244 se
1106 1191 1320 1246 Domini
1368 1194 1720 1263 provocavit:
1756 1194 1848 1250 ubi

244 1285 329 1333 est
352 1280 431 1349 (ut
461 1279 740 1350 saapejam
769 1280 1032 1352 diximus)
1058 1294 1411 1351 peccatorum
1441 1286 1634 1357 quies?

313 1371 499 1446 (Vers.
552 1373 670 1445 '52.)
700 1373 928 1444 Propter
957 1375 1448 1449 malitiam,iuquit,
1488 1377 1721 1448 ﬁliorum
1755 1377 1845 1434 Is-

236 1465 374 1535 rael,
400 1476 449 1522 et
478 1469 709 1537 ﬁliorum
743 1467 923 1537 ludat,
945 1486 1103 1541 quant
1133 1475 1387 1542 fecerunt,
1417 1472 1487 1527 ad
1517 1471 1847 1527 iracundiam

240 1576 320 1619 me
349 1572 705 1631 provocantes,
720 1562 820 1633 ipsi
843 1575 890 1616 et
914 1579 1063 1634 reges
1082 1579 1279 1631 eorum,
1295 1573 1342 1618 et
1365 1566 1624 1639 principes
1645 1581 1844 1632 eorum,

237 1652 528 1707 sacerdotes
558 1667 761 1722 eorum,
792 1663 840 1707 et
874 1656 1145 1724 prophetes
1171 1671 1372 1721 eorum,
1398 1656 1492 1710 viri
1510 1652 1655 1709 Juda
1676 1664 1723 1710 et
1747 1655 1846 1709 Ita-

237 1747 484 1803 bitatores
499 1745 814 1803 Jerusalem.
844 1747 983 1816 Quia
1026 1763 1190 1820 supra
1221 1748 1434 1804 dixerat
1464 1766 1477 1803 :
1505 1747 1574 1803 In
1601 1753 1781 1822 furore
1797 1758 1847 1805 et

1952 549 2062 590 arm
2090 547 2142 590 et
2171 538 2411 607 excelsa,
2448 538 2714 594 Hebraico
2760 553 3015 595 sermone
3065 538 3409 609 appellantur
3455 554 3549 594 BA-

1948 642 2093 684 ιιοτιι
2113 627 2334 702 (ΠῚῺ-).
2361 639 2585 701 propter
2619 646 2716 686 eos
2748 630 2842 701 qui
2875 631 2928 684 in
2959 630 3235 689 Samuelis
3261 639 3318 687 et
3336 629 3548 704 Regum

1948 719 2231 776 volumine
2259 721 2387 792 quid
2415 721 2685 793 signiﬁcet
2715 723 2819 778 hoc
2839 723 3071 780 verbum
3114 722 3387 779 dubitant.
3437 723 3548 779 Mo-

1948 810 2077 867 locb
2140 811 2346 868 idolum
2392 816 2824 871 Ammonitarum
2873 824 2990 887 est,
3056 818 3202 889 quod
3242 820 3295 875 in
3359 832 3545 888 regem

1949 904 2202 962 vertitur.
2233 903 2516 977 Signiﬁcat
2534 917 2714 963 autem
2739 907 3021 980 Scriptura
3044 910 3253 979 divina,
3276 910 3420 983 quod
3442 926 3552 965 non

1948 998 2127 1055 solum
2151 996 2278 1053 Baal
2312 999 2482 1068 idolo,
2512 1000 2609 1055 sed
2636 1008 2695 1057 et
2734 1001 2950 1058 Moloclt
2980 1006 3304 1077 cunctisque
3342 1006 3550 1062 da-nto-

1950 1090 2114 1145 uibus
2139 1089 2194 1144 in
2230 1089 2351 1161 ipso
2379 1090 2503 1147 loco
2532 1093 2764 1163 populus
2793 1096 3078 1152 servierit.

2023 1179 2179 1247 Quod
2206 1198 2309 1237 non
2340 1182 2581 1238 mandavi
2610 1184 2686 1239 eis
2716 1200 2736 1239 :
2780 1166 2873 1240 nec
2900 1187 3132 1243 ascendit
3160 1188 3215 1243 in
3240 1205 3332 1245 cor
3358 1205 3550 1258 meum,

1949 1282 2009 1328 ut
2033 1274 2261 1345 facerent
2290 1274 2728 1332 abominationem
2754 1276 2913 1345 hanc,
2943 1287 2990 1334 et
3010 1280 3063 1334 in
3091 1290 3357 1353 peccatum
3383 1282 3549 1337 dedu-

1949 1378 2123 1423 cerent
2158 1368 2375 1425 Judam.
2421 1370 2651 1442 Proprie
2690 1370 2868 1428 tribus
2915 1371 3053 1429 Juda
3085 1384 3142 1429 et
3172 1375 3453 1447 Beujamin
3497 1377 3552 1433 in

1949 1460 2077 1517 fano
2103 1461 2284 1517 Baalis
2316 1472 2373 1518 et
2417 1463 2630 1519 Moloclt
2657 1507 2673 1533 ,
2714 1464 3025 1521 daemonum
3067 1466 3359 1523 simulacra
3386 1483 3555 1525 vene-

1949 1566 2083 1611 ratae
2122 1556 2336 1628 1090
2362 1567 2488 1612 sunt
2516 1557 2607 1630 (Ill
2637 1558 2771 1630 Reg.
2809 1562 2928 1630 xu).
2964 1559 3179 1616 Vitulos
3228 1571 3411 1617 autem
3457 1577 3555 1618 au-

1948 1663 2075 1705 reos
2106 1652 2160 1704 in
2192 1651 2387 1707 Bethel
2415 1661 2471 1707 et
2500 1652 2636 1721 Dan,
2666 1662 2722 1709 et
2748 1654 2940 1709 decem
2973 1654 3170 1721 tribus,
3215 1670 3335 1727 quas
3364 1655 3556 1726 appel-

1950 1742 2136 1799 lantur
2159 1744 2432 1814 Samaria,
2465 1745 2670 1818 Josepb
2700 1757 2757 1803 et
2785 1748 3066 1819 Ephraim,
3114 1750 3413 1808 incoluisse
3443 1749 3557 1824 [Al.

234 1844 289 1897 in
336 1842 702 1913 indignatione
744 1858 858 1896 mea
885 1843 1027 1912 facta
1053 1851 1132 1897 est
1157 1843 1286 1898 mihi
1314 1845 1495 1899 civitas
1538 1844 1669 1910 hac,
1696 1861 1731 1898 a
1759 1844 1843 1900 die
1877 1855 1922 1915 Β
1948 1836 2213 1911 voluisse]
2242 1841 2589 1910 perSpicuum
2619 1849 2724 1897 est.
2756 1840 3101 1914 Tantumque
3120 1844 3247 1899 mali
3275 1844 3380 1900 fuit
3407 1845 3555 1917 quod

234 1950 338 2005 qua
381 1934 767 2004 mdiﬁcaverunt
797 1951 912 1989 eant
942 1950 1100 2006 usque
1128 1935 1197 1990 ad
1236 1936 1371 1991 diem
1418 1937 1592 2003 istam,
1612 1953 1717 2009 qua
1744 1953 1843 1992 au-

231 2023 396 2096 fertur
418 2026 485 2080 de
505 2034 777 2100 conspectu
806 2042 918 2081 meo
940 2043 960 2093 ;
980 2036 1035 2082 et
1058 2027 1267 2083 nullum
1288 2030 1621 2100 generaliter
1640 2028 1846 2098 absque

231 2130 466 2189 peccato
497 2118 675 2176 fuisse
705 2126 1129 2186 monstraverat,
1181 2135 1327 2176 nunc
1357 2135 1456 2191 per
1499 2131 1684 2192 partes
1712 2136 1845 2176 enu-

230 2221 432 2279 merat,
465 2221 523 2267 et
549 2226 731 2284 reges,
762 2219 818 2269 et
851 2212 1153 2284 principes,
1184 2222 1239 2268 et
1259 2211 1599 2281 sacerdotes,
1623 2222 1680 2269 et
1716 2228 1847 2284 pro-

227 2304 429 2376 phetas
481 2321 696 2374 eorum,
727 2315 786 2362 et
813 2314 1006 2362 cuncta
1043 2321 1155 2362 uno
1191 2319 1448 2362 sermone
1477 2306 1842 2383 comprehen-

228 2398 370 2458 deus
404 2418 416 2453 :
463 2397 599 2465 Viri,
650 2400 845 2469 inquit,
876 2397 1040 2464 Iuda,
1079 2407 1125 2453 et
1161 2398 1478 2454 habitatores
1525 2397 1841 2454 Jerusalem.

226 2489 585 2562 Pulchraque
615 2506 723 2546 non
744 2490 922 2546 dixit:
961 2491 1176 2563 1089
1196 2490 1374 2562 Reges
1402 2492 1536 2558 mei,
1557 2500 1612 2546 et
1644 2490 1840 2560 princi-

225 2596 329 2655 pes
386 2583 521 2650 mei,
544 2592 598 2639 et
633 2583 951 2639 sacerdotes
978 2583 1111 2648 mei,
1144 2592 1201 2639 et
1245 2582 1529 2654 prophetae
1568 2583 1714 2639 mei:
1746 2582 1843 2639 sed

225 2677 357 2747 quia
400 2684 774 2747 peccaverunt
805 2689 964 2746 reges
1002 2682 1216 2736 eorum,
1242 2685 1295 2730 et
1328 2675 1600 2745 principes
1628 2689 1839 2744 eorum,

223 2775 281 2824 et
314 2768 644 2824 sacerdotes
674 2781 887 2831 eorum,
918 2774 975 2820 et
1006 2765 1288 2835 propheta:
1317 2782 1533 2822 eorum.

296 2858 367 2914 Et
403 2867 669 2915 verterunt
690 2859 760 2913 ad
785 2875 865 2914 me
890 2867 1056 2932 terga,
1088 2868 1140 2912 et
1164 2876 1268 2914 non
1296 2860 1484 2932 facies.
1510 2859 1674 2916 Juxta
1708 2861 1841 2917 illud

221 2953 373 3026 quod
427 2951 564 3009 alibi
614 2954 885 3021 scriptum
921 2958 1049 3005 est:
1096 2949 1167 3005 Et
1212 2960 1474 3008 verterunt
1536 2963 1717 3007 contra
1761 2970 1843 3009 me

221 3048 509 3123 scapulam
535 3045 859 3102 recedentem
891 3043 1081 3120 (lacn.
1116 3061 1209 3112 vn,
1250 3046 1366 3116 11).
1397 3046 1502 3115 Qui
1538 3048 1687 3102 enim
1716 3061 1843 3118 pre-

223 3153 414 3208 catur,
452 3140 715 3197 iuclinata
742 3140 964 3196 cervice
994 3140 1051 3196 in
1078 3150 1281 3196 terram
1313 3157 1521 3211 pronus
1550 3141 1837 3198 funditur:

1951 1945 1980 1984 a
2011 1932 2213 2002 popqu
2246 1933 2446 1989 factum
2479 1945 2588 2003 est,
2621 1945 2680 1990 ut
2708 1944 2938 1992 testetur
2985 1937 3127 1994 Deus
3156 1953 3216 1993 se
3258 1955 3554 2012 numquam

1950 2025 2242 2095 cogitasse,
2276 2041 2378 2082 nec
2406 2027 2726 2084 ascendisse
2756 2028 2811 2084 in
2837 2044 2934 2085 cor
2964 2044 3155 2098 suum,
3187 2047 3310 2103 quae
3340 2031 3419 2088 illi
3444 2031 3558 2091 fac-

1948 2118 2058 2171 turi
2088 2118 2313 2173 fuerint.
2341 2118 2536 2175 Omnia
2566 2133 2748 2176 autem
2783 2119 2901 2177 hinc
2932 2123 3372 2200 ἀνθρωποπὰθωςζ

2022 2210 2090 2265 Et
2123 2229 2261 2268 nunc
2282 2224 2492 2297 propter
2522 2215 2646 2280 ista,
2678 2215 2789 2272 licet:
2815 2215 2942 2271 dicit
2964 2216 3222 2275 Dominus
3241 2259 3258 2288 ,
3295 2218 3436 2275 Deus
3466 2219 3553 2278 ls-

1950 2301 2091 2374 rael,
2122 2305 2192 2358 ad
2217 2306 2478 2361 civitatem
2500 2305 2661 2374 hanc,
2693 2307 2759 2364 de
2781 2324 2888 2378 qua
2923 2324 3011 2365 vos
3054 2311 3247 2375 dicitis,
3278 2310 3420 2382 quod
3451 2322 3559 2365 tra-

1947 2396 2104 2451 datur
2130 2399 2185 2451 in
2211 2415 2370 2453 manu
2397 2400 2535 2471 regis
2580 2399 2866 2472 Babylonis
2891 2402 2947 2455 in
2973 2402 3174 2475 gladio,
3205 2411 3253 2458 et
3297 2405 3351 2457 in
3388 2403 3551 2473 fame,

1945 2500 1996 2545 et
2011 2489 2063 2544 in
2079 2498 2238 2559 peste.
2258 2488 2412 2546 Sicut
2434 2491 2783 2562 sperantibus
2804 2493 3091 2556 auxilium,
3117 2503 3173 2550 et
3195 2494 3248 2549 in
3271 2510 3553 2551 uuirorum

1947 2583 2205 2638 ﬁrmitate
2244 2584 2560 2653 ﬁdentibus,
2596 2584 2958 2657 prophetatur
3002 2589 3147 2659 quod
3180 2588 3551 2645 subvertenda

1947 2675 2020 2730 sit
2047 2674 2377 2746 Jerusalem,
2407 2687 2463 2734 et
2489 2681 2724 2751 populus
2746 2680 2857 2750 jaui
2888 2680 3112 2752 jamque
3139 2679 3473 2753 capiendus,
3499 2688 3559 2738 et

1946 2778 2078 2826 ante
2105 2772 2486 2843 captivitatem
2532 2774 2735 2846 gladio,
2769 2773 2914 2831 fame
2947 2784 3004 2831 et
3031 2782 3187 2847 peste
3231 2778 3507 2847 periturus
3540 2793 3555 2831 :

1943 2865 2025 2921 sic
2058 2865 2503 2939 desperantibus,
2538 2879 2596 2926 et
2630 2880 2755 2941 post
2782 2871 3196 2928 subversionem
3241 2872 3393 2928 urbis
3425 2872 3551 2927 nul-

1946 2957 2054 3014 lam
2076 2958 2307 3015 salutem
2324 2965 2951 3032 exspectantibus,suum
2966 2965 3226 3021 auxilium
3244 2965 3551 3036 pollicetur,

1944 3060 2003 3105 ut
2026 3059 2083 3107 et
2107 3052 2434 3109 conﬁdentia
2464 3063 2627 3126 atque
2652 3057 2928 3130 superbia,
2961 3059 3166 3128 justam
3190 3058 3549 3125 sententiam;

1943 3151 2001 3200 et
2021 3143 2349 3215 desperatio,
2372 3155 2535 3218 atque
2555 3147 2833 3206 humilitas
2847 3148 2943 3206 Dei
2965 3158 3239 3207 mereatur
3260 3151 3548 3208 auxilium.

221 3240 320 3311 qui
352 3252 496 3294 vero
524 3244 737 3307 tergum
766 3236 958 3305 vertit,
1006 3235 1127 3306 ipso
1150 3244 1310 3307 gestu
1338 3238 1593 3308 corporis
1636 3238 1841 3294 iudicat
1867 3251 1914 3316 ρ
2016 3236 2201 3308 (Vers.
2229 3239 2301 3295 37
2327 3239 2509 3314 seqq.)
2537 3239 2675 3297 Ecce
2716 3259 2811 3314 ego
2851 3244 3173 3319 congregabo
3208 3261 3296 3300 eos
3336 3244 3400 3300 de
3436 3244 3556 3299 uni-

223 3332 519 3403 negligere
544 3342 606 3385 se
630 3328 1082 3384 comminantem.
1104 3326 1174 3382 Et
1200 3331 1326 3396 hoc,
1351 3329 1449 3395 ait,
1474 3328 1767 3386 faciebant.

298 3426 494 3500 (Vers.
523 3422 645 3494 55.)
671 3422 803 3478 Cum
822 3422 1060 3477 docerem
1082 3438 1169 3476 eos
1190 3421 1444 3488 diluculo,
1470 3433 1517 3478 et
1557 3423 1839 3493 erudirem,

222 3530 275 3578 et
302 3517 514 3574 nollent
548 3517 763 3583 audire,
792 3528 850 3571 ut
889 3517 1183 3590 acciperent
1224 3515 1586 3588 disciplinam.
1620 3517 1842 3590 Fugatis

222 3616 443 3673 erroris
472 3613 739 3678 tenebris,
774 3621 829 3666 et
855 3610 1008 3665 omni
1041 3610 1318 3665 idolorum
1347 3611 1521 3678 cultu,
1556 3625 1681 3665 mea
1716 3625 1843 3666 seu-

223 3710 402 3769 tentia
416 3708 721 3777 confutata,
740 3707 988 3779 quotidie
1007 3707 1176 3762 corda
1206 3722 1397 3763 eorum
1421 3707 1730 3765 illuminare
1751 3721 1847 3759 cu-

221 3804 492 3876 piebam,
526 3809 584 3856 et
608 3800 806 3857 docere
852 3813 975 3871 quae
1019 3808 1168 3855 recta
1194 3810 1343 3855 sunt.
1395 3800 1461 3854 Et
1508 3809 1568 3856 ut
1613 3799 1844 3855 liberum

223 3904 486 3954 servaret
514 3892 828 3960 arbitrium,
847 3891 1030 3963 jungit
1053 3901 1110 3949 et
1140 3892 1312 3948 dicit:
1343 3892 1411 3949 Et
1440 3890 1637 3949 nollent
1661 3890 1848 3947 audire

222 4000 287 4048 ut
316 3991 625 4058 acciperent
655 3987 1015 4059 disciplinam.
1043 3987 1303 4057 Sequitur
1328 4005 1343 4043 :

301 4082 499 4155 (Vers.
524 4079 643 4155 54.)
675 4079 745 4136 Et
786 4089 1070 4149 posuerunt
1088 4080 1237 4135 idola
1260 4097 1355 4136 sua
1380 4084 1435 4135 in
1459 4080 1636 4149 domo,
1664 4082 1720 4135 in
1745 4096 1848 4153 qua

222 4174 536 4233 invocatum
563 4182 637 4229 est
664 4189 853 4228 nomen
883 4189 1051 4227 nteum
1074 4213 1090 4239 ,
1123 4182 1178 4227 ut
1205 4174 1496 4245 polluerent
1539 4188 1679 4228 eam.
1726 4171 1845 4228 Non

224 4268 419 4324 solum
453 4279 522 4321 eo
552 4273 802 4336 tempore
827 4263 1000 4321 Judas
1029 4264 1213 4335 posuit
1243 4265 1295 4320 iu
1330 4264 1563 4336 Temple
1608 4264 1708 4322 Dei
1736 4274 1849 4321 sta-

221 4368 391 4416 tuam
436 4356 608 4424 idoli,
657 4372 819 4428 quam
861 4358 915 4412 iu
950 4356 1256 4413 Ezechielis
1298 4356 1571 4428 principio
1616 4357 1852 4430 legimus

226 4450 468 4527 (Επειδὴ.
495 4448 613 4522 vtu)
645 4469 660 4505 :
688 4452 785 4507 sed
815 4466 988 4523 usque
1010 4449 1176 4507 hodie
1206 4450 1262 4506 in
1285 4450 1452 4508 domo
1477 4450 1599 4518 Dei,
1621 4466 1744 4524 qua:
1765 4452 1849 4508 in-

222 4554 586 4619 terpretatur
619 4545 886 4611 Ecclesia,
920 4547 1037 4603 sive
1084 4548 1140 4602 in
1188 4548 1356 4604 corde
1403 4548 1694 4620 animaque
1729 4564 1851 4606 cre-

1944 3331 2109 3385 versis
2135 3331 2285 3386 terris
2311 3332 2381 3385 ad
2404 3350 2533 3405 quas
2556 3338 2684 3409 ejeci
2714 3336 2770 3390 in
2799 3336 2978 3407 furore
2996 3352 3133 3404 meo,
3156 3345 3205 3391 et
3223 3338 3279 3391 in
3307 3337 3387 3391 ira
3413 3353 3551 3406 mea,

1944 3426 2071 3480 etin
2096 3424 2456 3500 indignatione
2482 3428 2704 3502 grandi,
2754 3439 2801 3484 et
2844 3431 3091 3485 reducam
3126 3446 3215 3486 eos
3259 3429 3329 3485 ad
3378 3429 3552 3485 locum

1943 3516 2126 3583 istum,
2157 3527 2204 3571 et
2231 3517 2466 3573 habitare
2486 3535 2572 3574 eos
2591 3521 2781 3591 faciant
2802 3522 3142 3588 conﬁdenter.
3170 3519 3238 3575 Et
3262 3530 3410 3577 erunt
3425 3522 3556 3577 mihi

1944 3608 1999 3663 in
2026 3607 2313 3682 papulum,
2359 3620 2408 3665 et
2444 3628 2537 3686 ego
2564 3629 2651 3666 ero
2682 3613 2756 3667 eis
2785 3612 2841 3667 in
2871 3610 3062 3667 Deum.
3095 3613 3164 3668 lit
3201 3612 3337 3668 dabo
3364 3613 3437 3668 eis
3465 3629 3557 3668 cor

1945 3718 2130 3769 unum,
2163 3712 2210 3757 et
2238 3704 2373 3758 viam
2400 3721 2578 3775 unam,
2605 3714 2660 3759 ut
2685 3706 2901 3760 timeant
2934 3721 3015 3760 me
3052 3706 3306 3761 universis
3349 3705 3553 3774 diebus,

1946 3807 1993 3851 et
2019 3796 2145 3852 bene
2179 3798 2246 3851 sit
2271 3799 2346 3853 eis
2375 3809 2423 3853 et
2453 3797 2580 3869 [iliis
2612 3816 2792 3855 eorum
2819 3811 2934 3873 post
2985 3817 3091 3855 eos.
3140 3798 3210 3855 Et
3260 3800 3447 3873 feriam
3483 3801 3556 3858 eis

1948 3902 2156 3963 pactunt
2180 3892 2554 3964 sempiternum
2576 3894 2716 3967 (sive
2728 3896 3004 3953 disponam
3027 3904 3385 3951 testamentum
3405 3904 3558 3952 aeter-

1945 3983 2120 4052 num),
2151 3994 2198 4038 et
2227 4000 2332 4039 non
2359 3985 2593 4040 desinam
2610 3986 2683 4042 eis
2701 3986 3024 4058 benefacere,
3047 3997 3098 4042 et
3120 3987 3361 4044 timorem
3383 4004 3555 4043 meum

1947 4076 2081 4132 dabo
2106 4076 2160 4131 in
2181 4078 2339 4134 corde
2366 4095 2569 4147 eorum,
2603 4088 2661 4135 ut
2690 4096 2793 4135 non
2824 4078 3073 4136 recedant
3101 4097 3133 4135 a
3156 4097 3255 4136 me.
3296 4079 3367 4135 Et
3406 4082 3557 4137 lteta-
3648 4076 3652 4080 Α

1949 4169 2042 4224 bor
2082 4188 2238 4242 super
2259 4172 2356 4241 eis,
2389 4188 2507 4228 cum
2536 4174 2610 4229 eis
2633 4174 2933 4245 benefecero
2963 4173 3103 4245 (sive
3128 4182 3175 4229 et
3206 4172 3424 4229 visitabo
3448 4189 3557 4241 eos,

1947 4271 2004 4316 ut
2031 4263 2103 4318 eis
2129 4263 2495 4337 benefaciam).
2538 4264 2609 4319 Et
2643 4265 2895 4339 plantubo
2937 4277 3026 4323 eos
3056 4267 3109 4322 in
3155 4275 3296 4322 terra
3342 4268 3447 4322 ista
3492 4267 3549 4321 in

1947 4356 2159 4411 veritate
2206 4355 2348 4428 (sive
2394 4358 2451 4413 in
2499 4358 2655 4432 ﬁde),
2682 4359 2741 4415 in
2763 4368 2870 4415 toto
2897 4360 3052 4416 corde
3098 4376 3232 4428 meo,
3273 4361 3405 4416 etin
3451 4370 3561 4417 tota

1949 4446 2125 4500 anima
2153 4462 2287 4503 mea.
2313 4448 2463 4505 Multi
2496 4449 2602 4507 hoc
2634 4461 2827 4522 putant
2854 4459 3113 4524 tempore
3130 4451 3440 4510 Zorobabel
3460 4453 3557 4509 ﬁlii

1949 4539 2215 4597 Salatbiel
2243 4584 2258 4610 ,
2287 4551 2346 4599 et
2384 4542 2515 4601 Jesu
2562 4545 2660 4601 ﬁlii
2691 4544 2927 4602 Josedec
2977 4547 3293 4602 sacerdmis
3338 4546 3559 4618 magni,

223 4642 497 4700 dentium
549 4639 771 4709 ponitur
810 4639 1017 4695 idolum
1043 4682 1059 4707 ,
1109 4640 1332 4712 quando
1383 4656 1588 4698 novum
1652 4643 1849 4714 dogma
1876 4636 2178 4708 unando
2218 4634 2452 4708 Aggazus
2497 4649 2553 4694 et
2600 4638 2894 4696 Zacharias
2942 4639 3411 4712 prophetaveruut
3455 4640 3560 4696 sub

224 4732 634 4801 constituitur,
665 4743 724 4790 et
758 4733 912 4805 juxta
958 4734 1446 4791 Deuteronominm
1484 4734 1748 4792 aduratur
1798 4736 1855 4791 in
1951 4728 2092 4785 Ezra
2121 4732 2413 4787 sacerdote
2444 4732 2783 4803 completum
2805 4772 2823 4801 ,
2854 4734 3082 4805 quando
3106 4733 3437 4792 aediﬁcatum
3477 4744 3563 4790 est

208 4827 576 4886 abscondito
603 4824 786 4899 (Deut.
809 4825 884 4897 tv)
910 4845 923 4881 :
955 4826 1207 4894 Nescitis,
1230 4828 1433 4898 inquit,
1462 4829 1585 4897 quia
1607 4829 1855 4901 templum
1957 4823 2270 4895 Templum,
2297 4834 2352 4880 et
2372 4826 2473 4882 sub
2503 4825 2727 4884 Neemia
2750 4829 3017 4886 exstructi
3048 4832 3194 4886 muri
3234 4845 3330 4901 per
3362 4828 3565 4884 circui-

225 4923 339 4981 Dei
361 4922 516 4989 estis,
539 4931 589 4976 et
612 4920 841 4993 Spiritus
858 4919 956 4975 Dei
971 4921 1168 4975 habitat
1190 4921 1243 4976 in
1264 4921 1407 4976 vobis
1432 4919 1475 4994 (Ι
1492 4920 1614 4977 Cor.
1634 4936 1717 4990 ιιι,
1742 4919 1853 4993 l6).
1958 4925 2072 4972 tum
2093 4935 2106 4972 :
2128 4926 2188 4974 ut
2202 4934 2343 4990 quos
2361 4930 2489 4976 ante
2509 4919 2793 4992 dejecerat
2809 4922 2863 4978 in
2887 4922 3099 4991 furore,
3130 4933 3188 4979 et
3211 4923 3264 4977 in
3296 4921 3401 4987 ira,
3425 4930 3480 4978 et
3511 4920 3565 4977 in

307 5016 509 5089 (Vers.
554 5012 683 5087 35.)
736 5013 803 5072 Et
844 5015 1232 5085 tediﬁcaverunt
1278 5015 1478 5070 excelsa
1523 5014 1662 5087 (sive
1711 5013 1858 5085 aras)
1956 5010 2338 5081 indignatione
2379 5014 2573 5085 grandi
2617 5015 2689 5072 de
2733 5014 3083 5084 Jerusalem,
3118 5014 3249 5072 etin
3282 5023 3401 5070 toto
3429 5014 3567 5071 orbe

222 5109 379 5169 Baal
398 5125 421 5164 :
448 5124 568 5179 qua:
590 5119 712 5163 sunt
739 5109 794 5164 in
820 5107 954 5163 valle
982 5108 1083 5178 filii
1115 5107 1321 5163 Ennom
1351 5125 1369 5164 :
1411 5117 1466 5162 ut
1494 5109 1761 5164 initiarent
1792 5108 1854 5178 ﬁo
1956 5103 2337 5175 disperserat;
2373 5116 2563 5178 postea
2594 5108 2852 5165 reductos
2884 5109 3134 5166 habitare
3174 5105 3371 5163 iecerit
3391 5107 3565 5162 conﬁ-

226 5206 339 5262 lios
363 5216 530 5270 suos,
564 5211 612 5257 et
640 5203 780 5273 ﬁlias
804 5217 928 5258 suas
955 5202 1098 5257 idolo
1136 5200 1374 5257 Moloclt.
1422 5201 1529 5257 Pro
1568 5203 1860 5269 initiarent,
1960 5195 2181 5265 denter,
2203 5206 2259 5254 et
2301 5197 2472 5256 fuisse
2499 5214 2593 5257 eos
2633 5201 2689 5258 in
2714 5203 2974 5274 populum
3003 5199 3101 5257 Dei
3128 5215 3142 5265 ;
3175 5209 3231 5255 et
3275 5198 3566 5256 Dominum

222 5298 288 5356 in
326 5295 615 5352 Ht-braico
639 5296 907 5367 scriptum
936 5305 1021 5350 est
1050 5310 1176 5351 satu
1205 5293 1390 5367 (may)
1412 5335 1426 5360 ,
1473 5294 1619 5366 quod
1667 5294 1863 5364 Aquila
1959 5292 2131 5349 fuisse
2152 5292 2206 5348 in
2239 5294 2414 5351 Deum
2441 5310 2655 5364 eorum,
2679 5310 2733 5353 et
2753 5304 2957 5353 cratera
2980 5311 3104 5365 qua:
3126 5293 3409 5365 Scriptura
3436 5309 3569 5351 ceu-

225 5401 292 5448 et
327 5388 733 5461 Symmachus,
759 5389 1157 5443 transdueerent
1176 5404 1197 5455 ;
1217 5387 1577 5459 Septuaginta
1600 5398 1655 5444 et
1693 5386 1873 5443 Theo—
1963 5386 2120 5442 texit.
2151 5386 2261 5443 Sed
2292 5388 2574 5458 quomodo
2596 5389 2700 5446 hoc
2730 5390 2907 5461 possit
2926 5387 3005 5444 illi
3031 5389 3260 5458 tempori
3282 5387 3528 5458 cooptari
3553 5405 3569 5444 :

226 5485 407 5544 dotio
441 5481 791 5550 interpretati
822 5489 973 5550 sunt,
1003 5480 1270 5551 offerrent.
1324 5481 1402 5538 De
1439 5482 1588 5538 valle
1630 5482 1866 5538 ﬁliorum
1971 5478 2231 5535 Habitare
2260 5496 2346 5536 eos
2373 5481 2568 5554 faciam
2587 5482 2933 5552 confidenter,
2963 5489 3011 5536 et
3043 5479 3228 5551 feriam
3258 5479 3335 5534 eis
3359 5489 3570 5553 paetum

227 5579 502 5644 Ennom,
532 5590 654 5647 quae
695 5574 966 5631 Hebraice
994 5573 1203 5631 dicitur
1228 5588 1480 5633 essanun
1506 5573 1741 5648 (nam),
1772 5590 1867 5630 su-
1969 5574 2357 5647 sempiternum,
2391 5576 2509 5633 sive
2539 5577 2816 5647 disponant
2857 5572 2969 5631 illis
3017 5582 3379 5629 testamentum
3421 5583 3573 5630 atter-

229 5690 341 5748 pra
379 5670 607 5742 plenius
635 5668 918 5724 diximus:
950 5668 1097 5741 quod
1128 5669 1407 5742 subjaceat
1433 5668 1583 5726 Siloe
1602 5666 1869 5735 fontibus,
1972 5683 2118 5734 num,
2143 5667 2363 5738 penitus
2390 5683 2501 5725 non
2533 5677 2715 5739 potest
2744 5667 3037 5740 approbari
3064 5683 3078 5722 :
3107 5666 3313 5739 quippe
3327 5682 3470 5737 quos
3496 5667 3577 5725 le-

229 5779 293 5827 et
326 5764 667 5822 amoenitate
694 5763 802 5827 sui,
835 5763 963 5833 quia
992 5763 1144 5819 locus
1175 5763 1418 5835 irriguus
1459 5769 1575 5827 est,
1609 5759 1871 5832 populum
1977 5762 2244 5834 gerimus,
2277 5771 2335 5818 et
2356 5777 2510 5819 sacra
2546 5770 2732 5818 narrat
2761 5762 3030 5831 historia,
3078 5777 3186 5818 non
3222 5761 3399 5817 solum
3427 5777 3458 5818 a
3488 5761 3577 5818 vi—

233 5858 361 5945 [Αι.
400 5855 554 5914 addit
600 5854 786 5929 Israel]
841 5856 1218 5928 provocaverit
1259 5855 1327 5914 ad
1366 5856 1675 5926 luxuriam,
1716 5869 1879 5928 quam
1980 5855 2121 5914 ciuis
2149 5854 2423 5929 gentibus,
2458 5855 2555 5914 sed
2585 5871 2616 5913 a
2649 5854 2834 5915 Persis
2849 5869 3070 5930 quoque
3088 5863 3146 5915 et
3164 5852 3575 5932 Macedonibus,
