4080 6326
567 274 722 356 599'

1809 289 1868 345 s.
1911 277 2191 345 EUSEBll
2232 267 2618 341 menos'vnt

3767 277 3866 338 900

562 427 619 474 et
641 416 912 489 Egyptiis
943 414 1314 485 Romanisque
1346 426 1491 483 smpe
1513 418 1724 482 captos,
1769 417 1827 464 et
1875 408 2158 478 hucusque
2191 409 2240 466 Α
2266 402 2443 456 dicitis
2470 401 2607 472 quod
2637 399 2839 453 deserta
2867 397 2933 452 sit
2963 411 3022 451 eo
3056 395 3193 468 quod
3225 410 3326 450 non
3358 393 3664 450 remanserit
3695 393 3859 461 homo,

567 509 798 564 servire.
865 508 1074 580 1091
1119 505 1310 560 Omnia
1353 505 1516 575 igitur
1559 501 1624 559 ad
1674 501 1968 556 adventum
2018 499 2162 555 refe-

567 601 732 657 renda
765 610 892 655 sunt
919 599 1221 655 Salvatoris
1256 617 1268 652 :
1300 615 1421 668 qua:
1453 607 1639 653 nostro
1667 605 1721 652 et
1752 594 1878 650 fidei
1911 603 2161 664 tempore

563 695 814 751 videmus
844 695 1082 766 expleta,
1133 703 1189 749 et
1238 695 1433 750 electio
1473 695 1630 765 juxta
1663 691 1985 763 Apostolum
2031 689 2161 746 reli-

567 790 817 860 quiarum
844 789 994 843 salva
1023 786 1165 843 facta
1194 797 1279 845 est
1299 788 1481 860 (Rom.
1515 787 1617 860 ix).
1656 787 1720 842 Et
1751 785 1842 858 qui
1869 787 1922 841 in
1946 785 2161 839 Christo

565 879 813 937 habitant
867 879 1248 947 confidenter,
1303 879 1492 935 datum
1545 891 1629 936 est
1687 881 1794 934 illis
1845 895 1939 932 cor
1992 892 2157 932 unum

558 974 713 1044 juxta
739 971 874 1030 illud
915 973 1056 1045 quod
1089 973 1354 1042 scriptum
1408 981 1534 1028 est:
1585 971 1945 1027 Multitudinis
1989 981 2162 1024 autem

565 1068 887 1122 credentium
919 1075 1026 1121 erat
1058 1083 1146 1120 cor
1175 1083 1333 1121 unum
1363 1075 1409 1120 et
1443 1069 1620 1120 anima
1643 1083 1747 1119 una
1771 1064 1908 1138 (Act.
1936 1079 2006 1130 Iv,
2042 1063 2160 1128 5‘2).

569 1159 636 1214 Et
666 1159 830 1226 viam,
868 1160 1064 1229 inquit,
1092 1174 1256 1213 uuam
1282 1160 1433 1214 illum
1459 1160 1550 1228 qui
1574 1159 1746 1213 dicit:
1781 1157 1893 1230 Ego
1912 1173 2024 1211 sum
2055 1156 2159 1221 ria,

566 1253 771 1316 veritas,
801 1260 848 1306 et
881 1252 984 1305 vita
1015 1247 1200 1323 (Joan.
1235 1268 1346 1320 xtv,
1371 1251 1451 1321 6).
1482 1251 1546 1306 Et
1579 1252 1910 1306 timcantme
1935 1247 2161 1302 univer-

568 1344 647 1399 sis
678 1341 894 1399 diebus.
936 1343 1269 1413 Principium
1325 1344 1474 1400 enim
1523 1344 1806 1412 sapientiae
1852 1341 2016 1396 timor
2061 1339 2164 1394 lio-

570 1438 702 1494 mini
735 1435 916 1512 (Prov.
966 1437 1063 1510 ix).
1117 1436 1400 1494 Universis
1434 1437 1511 1492 ait
1543 1435 1737 1492 diebus
1769 1455 1781 1490 :
1816 1434 1960 1506 quod
1983 1433 2027 1488 si
2066 1432 2164 1488 .lu-

565 1530 701 1586 dwis
754 1547 860 1586 non
892 1531 1189 1602 competit,
1229 1532 1296 1586 de
1326 1539 1516 1584 nostro
1551 1531 1753 1600 populo
1779 1525 2162 1596 accipiendum

569 1635 683 1681 est:
706 1623 796 1681 cui
817 1635 870 1679 et
897 1625 1035 1681 bene
1066 1623 1188 1692 fuit,
1218 1634 1272 1678 et
1297 1629 1480 1688 c5t,et
1513 1621 1638 1686 erit,
1673 1637 1779 1677 non
1804 1619 1981 1674 solum
2008 1619 2163 1689 ipsis,

567 1719 661 1776 sed
691 1729 744 1774 et
773 1719 903 1774 liliis
936 1733 1126 1773 eorum
1157 1728 1279 1788 post
1313 1733 1429 1771 eos.
1458 1714 1753 1770 Nobiscum
1776 1713 1919 1769 enim
1947 1719 2162 1782 pactum

2269 505 2315 548 et
2350 495 2644 565 jumentum
2674 489 2910 563 1092,
2945 498 2990 544 et
3013 490 3136 543 data
3169 485 3232 542 sit
3262 488 3316 542 in
3341 504 3555 541 manum
3601 485 3864 540 Chaldazo-

2265 603 2397 640 rum.
2428 585 2554 656 Agri
2576 585 2796 655 pecunia
2828 592 3091 646 ementur,
3136 590 3180 634 et
3206 580 3495 634 scribentur
3527 580 3579 633 in
3611 577 3746 632 libro
3769 620 3783 644 ,
3820 589 3864 632 et

2263 678 2593 748 imprimetur
2613 673 2962 748 signaculum,
3003 685 3052 729 et
3089 675 3229 730 testis
3256 673 3586 728 adhibebitur
3633 673 3689 726 in
3735 681 3864 726 terra

2267 767 2563 843 Benjamin,
2597 781 2643 826 et
2665 771 2717 825 in
2741 771 2959 825 circuitu
2979 770 3292 830 Jerusalem,
3315 769 3367 821 in
3387 765 3684 822 civitatibus
3705 765 3860 834 Iuda,

2266 875 2313 917 et
2334 865 2389 918 in
2419 859 2706 917 civitatibus
2739 861 3018 927 Montanis,
3042 871 3090 916 et
3111 859 3164 915 in
3183 860 3474 915 civitatibus
3496 859 3863 932 carnpestribtts

2267 955 2407 1028 (sive
2438 953 2693 1026 Sephela)
2739 966 2782 1008 et
2823 951 2878 1008 in
2909 952 3202 1008 civitatibus
3243 947 3425 1026 Nageb
3473 949 3603 1024 (hoc
3633 961 3714 1007 est
3760 967 3865 1022 qua:

2265 1051 2335 1104 ad
2357 1059 2592 1104 austrum
2619 1049 2787 1120 sunt),
2830 1049 2954 1118 quia
2987 1057 3277 1101 convertam
3299 1041 3651 1116 captivitatem
3674 1061 3862 1112 eorum,

2264 1139 2339 1196 ait
2365 1141 2640 1196 Dominus.
2671 1139 2798 1196 Haec
2821 1139 2975 1210 juxta
3007 1137 3271 1206 litteram,
3325 1135 3451 1194 licet
3479 1133 3533 1193 in
3570 1147 3700 1209 typo
3730 1151 3862 1208 prae-

2265 1237 2531 1294 cesserint
2578 1245 2701 1307 post
2760 1236 2998 1291 reditum
3050 1234 3117 1289 de
3167 1232 3485 1301 Chaldaeis,
3545 1231 3763 1300 quando
3801 1225 3862 1286 ad

2264 1332 2392 1404 Cyri
2442 1331 2584 1402 regis
2631 1329 2920 1400 imperium
2971 1339 3226 1382 reversus
3277 1336 3362 1380 est
3407 1325 3650 1396 pupulus
3689 1323 3742 1378 in
3779 1321 3864 1380 lu-

2265 1425 2438 1479 dteam
2477 1442 2488 1475 :
2523 1431 2704 1478 tamen
2747 1421 3110 1493 spiritualiter
3139 1417 3193 1475 in
3222 1415 3448 1475 Christo
3499 1427 3556 1476 et
3598 1420 3866 1490 Apostolis

2263 1521 2450 1574 Verius
2475 1519 2806 1591 pleniusque
2833 1518 3202 1584 complentur.
3241 1513 3401 1570 Tunc
3443 1521 3500 1571 et
3541 1513 3790 1570 homines
3817 1521 3868 1572 ct

2265 1609 2511 1679 iumenta
2561 1606 2774 1664 redueti
2803 1616 2929 1662 sunt
2959 1607 3013 1661 in
3047 1605 3347 1662 Ecclesiam
3375 1605 3528 1675 juxta
3563 1603 3700 1661 illud
3733 1603 3865 1678 quod

2267 1707 2527 1774 scriptum
2542 1719 2596 1759 es
2609 1712 2628 1757 t
2643 1719 2656 1756 :
2674 1704 2905 1756 homines
2927 1713 2973 1756 et
2986 1701 3221 1773 jumenta
3241 1697 3411 1755 salvos
3429 1701 3616 1772 facies,
3635 1695 3864 1768 Domine,

563 1812 772 1883 pepigit
814 1815 1209 1882 sempiternum
1247 1829 1259 1864 ς
1297 1826 1398 1866 nec
1428 1809 1646 1865 desinet
1691 1807 1849 1863 nobis
1882 1807 2019 1862 ultra
2067 1805 2162 1860 bc-
2199 1795 2242 1853 Β
2274 1795 2573 1852 rationales
2603 1796 2804 1866 quique
2832 1804 2886 1850 Cl
2914 1793 3212 1863 simplices.
3239 1789 3392 1848 Tunc-
3421 1794 3535 1864 agri
3558 1793 3725 1864 empti
3752 1799 3869 1850 ευιιι

566 1904 840 1962 nefacere.
871 1905 1139 1976 Quodque
1163 1906 1413 1977 sequitur
1446 1923 1459 1958 :
1488 1905 1552 1958 Et
1585 1905 1826 1958 timorem
1849 1919 2018 1956 meum
2038 1901 2170 1955 dabo

566 1998 619 2053 in
645 1997 799 2052 corde
830 2015 1032 2065 eorum,
1068 2009 1121 2052 ut
1146 2017 1247 2053 non
1296 1999 1536 2052 recedant
1583 2014 1613 2050 a
1659 2013 1736 2050 me
1764 2038 1778 2062 ,
1818 1993 1899 2051 sic
1939 1995 2167 2048 liberum

565 2090 1073 2154 donatarbitrium,
1107 2100 1164 2145 ut
1198 2101 1378 2146 tamen
1407 2089 1523 2160 ipse
1556 2087 1721 2144 timor
1761 2089 1852 2157 qui
1887 2086 2168 2154 tribuitur,

563 2185 737 2256 gratia
791 2194 1118 2254 permaneat
1159 2181 1461 2256 largitoris.
1494 2193 1519 2221 ει
1545 2183 1813 2253 Cumque,
1862 2181 2064 2251 inquit,
2091 2182 2171 2235 eis

565 2275 894 2333 bencfccero
926 2320 940 2345 ,
991 2277 1241 2332 lzetabor.
1310 2275 1521 2332 Gaudet
1582 2275 1786 2346 quippe
1838 2273 1964 2345 quia
2021 2272 2172 2328 videt

561 2382 874 2427 creaturam
893 2389 1046 2426 suam
1069 2387 1192 2426 esse
1213 2368 1500 2425 salvatam.
1525 2365 1686 2425 Unde
1705 2377 1762 2422 et
1784 2365 2041 2439 gaudium
2057 2367 2170 2422 An-

559 2463 806 2536 gelorum
826 2476 907 2519 est
933 2464 984 2518 in
1013 2463 1169 2520 cmlis
1183 2479 1348 2534 super
1370 2477 1478 2517 uno
1495 2470 1780 2532 peccatore
1793 2458 2168 2530 paenitentiam

554 2571 751 2631 agente
780 2559 936 2633 (Luc.
973 2558 1073 2632 xv)
1106 2601 1118 2614 .
1157 2557 1223 2612 Et
1264 2557 1531 2628 plantabo,
1583 2555 1784 2628 inquit,
1828 2573 1912 2609 eos
1949 2555 2001 2609 in
2031 2565 2168 2608 terra

557 2651 660 2706 ista
681 2651 735 2706 in
756 2653 987 2720 ueritate,
1018 2653 1133 2706 sive
1166 2652 1250 2722 (ut
1281 2647 1431 2706 LXX
1467 2647 1896 2722 transtulerunt)
1939 2647 1993 2702 in
2037 2647 2164 2718 ﬁde,

561 2753 620 2799 ut
652 2745 868 2816 proprie
891 2741 1163 2816 signiﬁcet
1193 2744 1450 2815 populum
1477 2742 1852 2798 Christianum
1895 2742 2052 2810 cujus
2085 2756 2171 2795 re-

555 2835 688 2909 ligio
738 2836 877 2894 fides
913 2847 1018 2892 est.
1058 2835 1124 2891 ln
1157 2849 1262 2892 toto
1312 2839 1466 2891 corde
1495 2854 1640 2901 meo,
1687 2849 1734 2900 et
1765 2839 1814 2888 in
1856 2843 1962 2888 tota
1993 2835 2166 2886 anima

561 2949 696 2987 mea.
741 2929 798 2988 Si
832 2929 1051 2986 Domini
1083 2930 1247 2986 verba
1277 2938 1403 2984 sunt
1453 2928 1777 2992 Saivatoris,
1811 2938 1961 2982 recte
1987 2942 2082 2981 cor
2111 2936 2166 2981 et

560 3024 739 3078 anima
763 3021 880 3093 ejus
911 3021 1176 3088 creditur,
1205 3022 1294 3093 qui
1325 3021 1458 3076 dicit
1479 3022 1534 3076 iu
1563 3021 1856 3091 Evangelio
1884 3038 1896 3074 :
1929 3015 2168 3074 Potesta-

558 3121 657 3170 lem
683 3117 845 3172 habeo
884 3117 1108 3190 ponendi
1133 3117 1361 3170 animant
1383 3132 1572 3180 meam,
1599 3126 1645 3170 et
1668 3124 1970 3188 potestatem
2002 3113 2166 3168 habeo

2277 1893 2530 1964 pecunia,
2561 1900 2620 1945 ut
2645 1887 2954 1944 faceremus
2979 1887 3134 1943 nobis
3166 1887 3375 1943 amicos
3399 1891 3466 1944 de
3494 1885 3683 1959 iniquo
3710 1904 3870 1943 main-

2276 1999 2471 2051 mona,
2523 1983 2612 2054 qui
2657 1997 2758 2038 nos
2807 1983 3120 2051 reciperent
3171 1981 3222 2036 in
3272 1990 3476 2036 aeterna
3527 1979 3867 2037 tabernacula

2278 2067 2431 2142 (Luc.
2461 2075 2600 2144 va).
2633 2067 2704 2128 Ει
2735 2075 2922 2143 scripti
2951 2072 3003 2128 in
3033 2073 3199 2138 libro,
3227 2069 3368 2127 haud
3396 2071 3624 2128 dubium
3645 2073 3770 2144 quin
3793 2071 3867 2128 vi.

2277 2169 2535 2220 ventium.
2573 2163 2638 2220 Et
2669 2165 3002 2236 impressum
3027 2177 3106 2221 est
3126 2165 3340 2236 signqu
3364 2161 3553 2222 vexilli
3581 2163 3870 2222 Dominica:

2272 2257 2455 2311 crucis
2485 2268 2646 2328 atque
2677 2258 2921 2312 victoria:
2948 2273 2963 2323 ;
2991 2263 3047 2312 et
3085 2265 3258 2312 testes
3284 2253 3514 2313 adhibiti
3560 2268 3689 2312 sunt
3740 2257 3867 2313 Mar-

2275 2363 2440 2423 tyres,
2493 2361 2551 2408 et
2598 2353 2774 2406 omnis
2801 2361 3116 2406 sanctorum
3149 2351 3371 2406 chorus.
3421 2351 3477 2406 In
3505 2362 3652 2407 terra
3685 2349 3870 2422 Benja-

2273 2447 2407 2512 min,
2443 2445 2533 2500 ubi
2559 2455 2642 2500 est
2669 2443 2882 2500 Domini
2917 2443 3202 2510 fortitudo,
3232 2457 3285 2499 et
3315 2441 3369 2498 in
3403 2445 3638 2499 circuitu
3661 2443 3869 2499 Jerusa-

2271 2535 2405 2604 lem,
2443 2539 2493 2592 in
2524 2551 2627 2609 qui
2657 2547 2742 2594 est
2769 2535 2912 2592 visio
2939 2539 3118 2608 pacis,
3151 2545 3207 2593 et
3235 2549 3440 2592 aeterna
3481 2540 3750 2594 securitas
3775 2557 3788 2594 :
3817 2537 3867 2596 in

2273 2629 2585 2687 civitatibus
2615 2631 2642 2687 J
2652 2631 2779 2699 uda,
2801 2632 2852 2686 in
2879 2629 3078 2703 quibus
3099 2640 3184 2688 est
3201 2627 3405 2688 Christi
3430 2647 3558 2688 vera
3581 2631 3868 2690 confessio.

2271 2727 2339 2783 Et
2366 2726 2420 2781 in
2455 2727 2770 2783 civitatibus
2804 2728 3106 2793 montanis,
3157 2728 3226 2784 de
3271 2726 3470 2798 quibus
3518 2745 3623 2782 una
3654 2737 3737 2784 est
3761 2769 3775 2795 ,
3805 2727 3870 2785 de

2271 2838 2374 2892 qua
2405 2823 2601 2877 dicitur
2636 2839 2648 2874 :
2679 2839 2779 2875 non
2813 2831 2980 2890 potest
3006 2819 3183 2874 civitas
3213 2821 3459 2874 abscondi
3491 2821 3543 2875 in
3579 2831 3750 2876 monte
3781 2838 3869 2892 po-

2268 2915 2368 2969 sita
2403 2909 2623 2984 (Matth.
2660 2913 2736 2985 v).
2769 2913 2838 2968 Et
2867 2915 2920 2968 in
2957 2913 3269 2969 civitatibus
3295 2913 3724 2984 campestribus,
3759 2929 3870 2985 qua:

2271 3003 2536 3062 llebt'aice
2565 3007 2914 3077 appellantur
2936 3022 3211 3072 seruem;
3240 3015 3297 3060 ut
3316 3005 3385 3061 de
3410 3006 3696 3076 profundis
3717 3015 3869 3077 atque

2269 3099 2546 3170 depressis
2595 3115 2691 3169 per
2737 3115 3054 3169 camporum
3115 3098 3486 3170 mqualitalem
3548 3099 3616 3154 ad
3667 3111 3867 3154 summa

558 3210 743 3266 iterum
774 3209 1013 3266 sumendi
1052 3208 1204 3264 illam
1233 3205 1411 3280 (Joan.
1465 3227 1518 3276 x,
1568 3207 1682 3279 18).
1717 3208 1812 3265 Sin
1861 3222 2042 3264 autem
2095 3225 2161 3263 ex

2267 3193 2605 3264 gradiamur.
2640 3193 2706 3248 Et
2750 3193 3064 3247 civitatibus
3110 3207 3231 3261 qua:
3277 3191 3344 3246 ad
3395 3199 3642 3247 austrum
3702 3199 3864 3247 sunt:

559 3319 796 3374 persona
819 3302 921 3360 Dei
947 3301 1126 3358 Patris
1157 3301 1481 3372 accipimus,
1511 3301 1812 3358 secundum
1845 3299 1974 3356 illud
2004 3301 2164 3356 intel-

557 3395 836 3469 ligendqu
891 3406 976 3453 est
1007 3413 1020 3450 :
1075 3393 1394 3450 Neomenias
1422 3403 1617 3450 vestras
1643 3404 1688 3448 et
1720 3393 1956 3462 sabbata,
1988 3403 2035 3448 et
2060 3394 2166 3447 dies

557 3489 715 3561 festos
752 3487 861 3544 odit
890 3489 1064 3542 anima
1090 3505 1223 3542 mea.

627 3583 810 3655 (Vers.
842 3581 908 3637 41
943 3582 1137 3654 seqq.)
1182 3582 1319 3648 Quia
1355 3582 1465 3636 hazc
1515 3581 1640 3636 dicit
1681 3577 1933 3635 Dominus
1964 3597 1982 3635 :
2028 3580 2160 3636 sicut

555 3676 752 3731 adduxi
781 3691 934 3747 super
957 3673 1205 3748 populum
1229 3675 1385 3729 istum
1415 3691 1564 3728 omne
1581 3675 1773 3729 malum
1795 3671 1894 3727 hoc
1917 3673 2117 3745 grande
2139 3689 2158 3728 .'

553 3767 630 3823 sic
657 3767 915 3822 adducam
943 3783 1098 3838 super
1129 3783 1215 3821 eos
1261 3782 1411 3820 omne
1442 3765 1627 3819 bonum
1670 3767 1808 3836 quod
1839 3782 1930 3836 ego
1975 3763 2160 3835 loquor

554 3857 623 3913 ad
649 3876 756 3914 eos.
781 3855 850 3913 Et
879 3855 1283 3931 possidebuntur
1304 3859 1415 3930 agri
1441 3857 1495 3912 in
1526 3867 1662 3911 terra
1689 3857 1810 3924 ista,
1843 3855 1907 3910 de
1947 3873 2046 3925 qua
2076 3872 2163 3910 vos

625 4004 648 4032 α
677 3994 780 4050 Hic
807 3995 1026 4048 demum
1077 3994 1345 4064 glossema
1389 3991 1537 4060 quod
1567 3992 1634 4046 de
1664 4005 1764 4047 suo
1794 3991 1946 4046 addit
1976 3992 2154 4049 Raba.

553 4083 678 4133 nus,
711 4077 764 4121 et
789 4067 891 4120 sub
923 4065 1237 4136 Hieronymi
1273 4065 1493 4119 nomine
1515 4064 1567 4118 in
1583 4064 2015 4136 Commentariis
2056 4067 2153 4118 ob-

548 4139 825 4203 truditur,
859 4133 1172 4191 describere
1207 4151 1314 4190 non
1347 4136 1488 4206 piget
1522 4153 1535 4190 :
1573 4133 1817 4190 Ezechiel
1845 4153 2047 4206 quoque
2084 4139 2160 4190 ait

552 4211 696 4282 (cap.
723 4223 802 4276 xl,
831 4223 977 4282 vers.
1013 4206 1104 4279 l9)
1137 4225 1151 4262 :
1178 4206 1244 4260 Et
1274 4209 1408 4282 dabo
1431 4208 1509 4282 eis
1533 4221 1627 4282 cur
1655 4207 2010 4282 novum...Et
2051 4209 2155 4261 sint

555 4277 679 4334 mihi
705 4283 762 4334 iu
795 4281 1041 4348 populum
1068 4277 1116 4332 et
1141 4294 1236 4346 ego
1263 4280 1362 4333 sint
1393 4282 1463 4333 eis
1493 4280 1546 4332 iu
1577 4277 1768 4333 Deum.
1801 4279 2002 4345 Quibus
2035 4295 2152 4331 uta-

555 4351 884 4421 nifestissime
909 4351 1283 4421 perducemur,
1331 4359 1380 4403 et
1427 4350 1632 4403 initium
1680 4351 1958 4404 uoluntatis
2007 4350 2154 4406 bona

554 4419 699 4475 nobis
732 4420 955 4474 Domino
983 4419 1273 4491 inspirante
1300 4421 1511 4474 concedi
1533 4462 1548 4488 ,
1593 4435 1710 4474 cum
1739 4431 1828 4474 aut
1859 4438 1952 4491 per
1980 4439 2035 4475 se
2063 4433 2154 4476 aut

581 4554 923 4582 ~—

2268 3287 2412 3358 quod
2448 3285 2637 3360 Nageb
2667 3285 2810 3341 LXX
2845 3287 3268 3354 transtulerunt,
3304 3283 3392 3339 ubi
3425 3294 3510 3340 est
3539 3285 3795 3340 meridies
3815 3289 3865 3340 et

2266 3382 2426 3451 plena
2478 3381 2570 3435 lux
2619 3378 2886 3435 veritatis.
2936 3379 3073 3434 Cum
3121 3388 3302 3434 autem
3349 3379 3466 3433 haec
3509 3377 3693 3433 omnia
3736 3375 3863 3432 facta

2263 3476 2493 3543 iuerint,
2531 3475 2858 3546 implebitur
2904 3473 3050 3548 quod
3100 3473 3370 3545 scriptum
3405 3481 3489 3528 est
3523 3489 3536 3527 :
3565 3472 3864 3528 Cant-errant

2265 3571 2613 3645 captivitatem
2643 3587 2850 3640 eorum,
2885 3571 2959 3625 ait
2995 3567 3248 3624 Dominus
3276 3612 3290 3637 ,
3345 3569 3413 3625 de
3453 3583 3563 3640 quo
3607 3565 3860 3640 scriptum

2266 3677 2351 3723 est
2385 3684 2398 3721 :
2453 3665 2734 3720 ascendens
2764 3665 2816 3719 in
2848 3665 3012 3719 altum
3041 3665 3296 3734 captivam
3329 3663 3477 3717 duxit
3523 3663 3864 3736 captivitatem

2271 3759 2449 3834 (Psal.
2483 3775 2663 3826 van,
2697 3755 2812 3829 i9).
2858 3757 3108 3826 Accepit,
3143 3757 3258 3812 sive
3307 3753 3390 3828 (at
3428 3755 3729 3828 Apostolus
3771 3753 3861 3827 ait)

2272 3856 2412 3910 dedit
2443 3853 2580 3908 dona
2610 3851 2904 3908 hominibus
2935 3849 3160 3924 (Ephes.
3192 3861 3267 3920 tv,
3299 3849 3378 3923 8).

2258 4011 2348 4066 per
2378 3994 2787 4049 exhortationem
2825 3991 3108 4064 cujuslibet
3137 3992 3402 4066 hominis,
3429 4003 3526 4048 aut
3551 4009 3651 4063 per
3693 4008 3860 4047 neces.

2259 4065 2458 4120 sitatem
2505 4083 2596 4120 nos
2623 4067 2693 4118 ad
2726 4066 2912 4120 salutis
2948 4065 3181 4136 attrahit
3225 4066 3358 4117 riam
3401 4074 3452 4120 et
3501 4066 3859 4136 perfectionem

2261 4140 2502 4191 virtutum
2536 4137 2599 4190 ab
2629 4136 2809 4190 eodem
2838 4135 3078 4190 similiter
3119 4135 3439 4201 condonari;
3479 4135 3714 4190 nostrum
3753 4151 3859 4190 vero

2260 4207 2357 4262 hoc
2404 4225 2552 4274 esse,
2604 4217 2658 4261 ut
2706 4209 2773 4261 ad
2823 4206 3230 4262 exhortationem
3258 4250 3272 4274 ,
3321 4207 3685 4278 auxiliumque
3731 4207 3855 4273 Dei,

2261 4279 2338 4334 uel
2365 4281 2656 4345 remissius,
2689 4279 2769 4332 rel
2799 4281 3391 4352 enixiusexsequamur,
3410 4291 3474 4352 et
3504 4297 3602 4352 pro
3641 4279 3741 4333 hoc
3771 4293 3858 4332 nos

2261 4353 2335 4408 rel
2381 4352 2893 4434 remunerationem,
2948 4349 3024 4405 vel
3069 4351 3328 4422 supplicia
3381 4349 3688 4424 dignissima
3747 4365 3858 4423 με·οο

2259 4439 2444 4478 mereri
2456 4464 2470 4478 ο

1017 4654 1128 4728 1N
1203 4650 2047 4741 SUBSEQUENTES
2120 4649 2663 4726 HOMILIAS
2735 4651 3388 4733 ADMONITIO.

627 4894 728 4952 Diu
759 4890 1098 4961 multumque
1120 4887 1189 4945 de
1213 4887 1406 4944 Latino
1434 4885 1888 4960 subsequentium
1933 4884 1988 4942 in
2033 4884 2188 4941 Isaia:
2204 4883 2460 4940 Visiones
2509 4881 2868 4942 Homiliarum
2902 4886 3210 4960 lnterprete
3254 4885 3652 4960 dubitavimus,
3702 4889 3856 4947 fuerit

551 5008 723 5052 necne
753 5003 976 5058 magnus
1011 4983 1405 5054 Hieronymus,
1450 4998 1516 5037 an
1550 4983 1673 5051 ejus
1705 4981 1804 5037 αξνί
1827 4979 1967 5036 alius
2019 4979 2307 5051 quispiam.
2355 4977 2421 5033 Et
2454 4995 2579 5034 cum
2612 4979 2777 5037 multa
2808 4981 3026 5052 quidem
3053 4983 3108 5039 in
3133 4996 3418 5058 utramque
3443 4999 3658 5057 partem
3707 5003 3857 5060 argu-

551 5095 735 5143 menta
757 5087 1106 5138 occurrerent
1125 5077 1316 5143 menti,
1346 5075 1569 5132 fortiora
1596 5086 1773 5131 tamen
1797 5073 1927 5130 olim
1949 5073 2002 5129 in
2031 5071 2359 5129 contrariam
2393 5071 2468 5127 ita
2499 5071 2613 5129 visa
2645 5085 2795 5141 sunt,
2821 5086 2878 5131 ut
2903 5075 2955 5131 in
2981 5076 3169 5148 priore
3197 5089 3382 5135 nostra
3407 5075 3856 5155 Hieronymiano-

550 5199 672 5242 rum
701 5180 941 5252 Operum
980 5173 1326 5236 recensione,
1361 5182 1485 5228 ante
1516 5187 1690 5228 annos
1721 5171 1935 5244 triginta
1963 5183 2019 5227 et
2042 5169 2188 5242 quod
2216 5173 2483 5238 excurrit,
2512 5170 2746 5228 Veronae
2773 5171 3074 5244 adornata,
3101 5193 3220 5232 eam
3255 5178 3766 5250 interpretationem
3797 5179 3852 5237 S.

551 5273 770 5331 Doctori
820 5269 1200 5325 ccnsuerimus
1247 5262 1686 5331 abjudicandam.
1721 5259 1880 5334 Fugit
1904 5279 2034 5318 vero
2060 5275 2188 5318 tunc
2216 5279 2339 5331 nos,
2374 5273 2467 5318 aut
2498 5275 2647 5320 certe
2678 5281 2784 5321 non
2819 5265 2956 5322 tanti
2981 5269 3152 5325 visum
3185 5281 3291 5337 est,
3325 5271 3679 5334 ineluctabile
3701 5290 3853 5346 arguo

549 5378 791 5430 mentum
823 5363 974 5432 illud,
1001 5363 1141 5433 quod
1173 5376 1242 5416 ex
1275 5358 1455 5413 Rufini
1490 5359 1700 5414 eruitur
1721 5357 2165 5415 luculentissima
2195 5361 2530 5429 testimonio,
2561 5361 2692 5434 ubi(
2721 5361 2811 5416 lib.
2849 5377 2898 5420 xl
2930 5365 3198 5436 Apologia:
3225 5383 3354 5432 sure,
3387 5384 3534 5423 nunt.
3566 5369 3635 5424 9.7
3661 5371 3678 5441 )
3707 5384 3852 5441 qua:-

549 5466 672 5522 dain
709 5469 858 5516 notat
887 5457 954 5513 de
973 5451 1178 5512 Graecis
1205 5449 1541 5519 Adamantii,
1575 5451 1628 5507 in
1657 5452 1853 5524 quibus
1876 5451 2070 5508 Latine
2109 5455 2390 5510 vertendis
2425 5455 2787 5528 llierOnymus
2821 5469 3006 5514 n08ter
3029 5459 3199 5514 nimia
3234 5459 3490 5518 libertate
3514 5477 3644 5518 usus
3673 5462 3847 5532 fuerit,

550 5561 728 5630 deque
761 5551 1062 5618 erroribus,
1096 5547 1296 5618 quibus
1324 5545 1415 5602 illa
1439 5545 1745 5610 scatebant,
1782 5562 1880 5602 eos
1909 5545 2212 5613 dumtaxat,
2240 5548 2330 5616 qui
2363 5549 2637 5604 adversari
2666 5549 2948 5606 catholicae
2973 5550 3041 5607 de
3065 5547 3337 5610 Trinitate
3365 5553 3489 5610 iidei
3513 5555 3846 5624 viderentur,

549 5649 853 5716 sustulerit,
880 5645 983 5700 alia
1009 5645 1074 5699 ad
1107 5644 1474 5716 probatiorem
1499 5657 1717 5699 sensum
1751 5641 2072 5714 quibusdam
2102 5641 2324 5711 additis,
2356 5639 2678 5714 quibusdam
2710 5643 2974 5702 detractis
3015 5649 3308 5704 recoxerit.
3339 5649 3493 5718 Quod
3521 5660 3580 5706 ut
3608 5652 3850 5722 exemplo

554 5748 788 5810 evincat,
835 5745 1012 5798 locum
1063 5741 1281 5798 adducit
1307 5758 1372 5796 cx
1403 5742 1634 5797 istarum
1657 5739 2020 5796 Homiliarum
2069 5737 2268 5810 prima,
2299 5741 2387 5797 ubi
2415 5753 2699 5813 postquam
2729 5743 2892 5800 vertit
2919 5742 3320 5816 Hieronymus:
3355 5744 3458 5812 Qui
3484 5757 3604 5800 sunt
3633 5747 3728 5802 ista
3753 5747 3848 5802 duo

557 5836 868 5909 Seraphim?
895 5834 1142 5889 Dominus
1165 5851 1300 5887 unus
1331 5833 1484 5890 Jesus
1512 5833 1748 5890 Christus
1779 5843 1825 5889 et
1849 5833 2074 5900 Spiritus
2093 5845 2325 5903 sanctus,
2343 5837 2412 5894 de
2434 5852 2532 5893 suo
2562 5837 2732 5902 addit,
2756 5835 2836 5892 Ne
2861 5847 3004 5908 putes
3031 5836 3296 5893 Trinitatis
3324 5839 3574 5898 dissidere
3595 5851 3844 5908 ucturum.

4017 4433 4021 4556 It

4017 4559 4019 4677 ι

4015 4733 4017 4829 i

4013 4859 4015 4981 i

4008 4991 4013 5135 i
