1923 3612
241 176 296 206 905

865 177 894 206 S.
916 176 1055 206 EUSEBII
1076 175 1265 206 lllERONYMl
1798 185 1835 214 θοι

241 233 345 261 vidisse
357 233 512 265 Dominum,
528 238 556 261 et
568 233 667 261 vidisse
679 240 741 261 eum
755 240 838 268 super
849 233 978 261 thromtm
995 241 1039 261 se-
1052 234 1079 263 Α
1092 238 1214 266 sanctus,
1231 236 1341 260 sanctus
1353 240 1360 266 ;
1374 232 1422 260 sed
1440 232 1586 260 salutarem
1600 234 1710 263 omnibus
1722 237 1837 265 confessio-

241 280 363 312 dentem,
377 279 424 306 sed
440 287 494 307 non
508 279 658 313 excelsum,
670 288 757 316 neque
777 280 924 308 elevatmn.
953 280 1041 307 Disse-

243 333 307 353 rens
330 325 498 360 Scripturam
515 326 626 359 Daniel,
647 326 736 354 dicit:
753 326 854 354 Throni
878 327 956 361 positi
980 331 1039 353 sunt

242 371 325 407 (Dan.
342 380 388 404 vu,
405 372 445 408 9),
462 377 556 400 etnon
570 379 628 401 erat
642 373 767 401 excelsus
789 374 833 401 ille
857 373 981 401 thronus.
1006 372 1040 400 Et

240 420 353 453 veniant,
364 420 501 447 utsedeam
511 420 545 447 ad
554 420 728 456 judicandum
739 420 863 456 populum
875 421 900 447 itt
914 419 979 447 valle
991 419 1040 447 Jo-

238 464 343 501 saphat.
361 466 431 501 Ergo
447 465 491 493 ltic
506 466 532 493 in
549 466 618 494 valle
632 466 713 497 sedit.
730 472 757 494 et
773 467 799 493 in
812 466 883 494 valle
893 466 1038 501 eumjudi-

240 515 350 539 caturus
363 516 414 545 est,
429 520 509 547 quem
524 517 566 539 est
582 512 822 540 condemnaturus.
851 512 930 540 Aliud
947 517 1036 539 autem

239 563 281 586 est
296 558 389 587 videre
404 567 465 587 cum
487 559 629 587 sedentem
643 566 726 594 Super
741 559 869 586 thronum
897 559 1036 586 excelsum

236 609 265 632 et
280 605 425 633 elevatum.
448 605 483 633 Et
509 606 534 633 in
550 605 654 633 Michea
669 615 674 633 :
692 611 703 624 ιι
719 605 858 641 Egreditur
868 611 892 633 et
907 606 1037 633 descendit

237 651 308 679 Deus
319 652 418 688 (Mich.
433 661 441 680 t
456 652 476 688 ).
501 653 534 680 Et
547 657 577 680 ut
591 653 683 681 videat
710 652 867 686 Sodomam,
884 652 1034 681 descendit.

237 699 413 735 Descendens,
425 700 472 733 ait,
487 700 576 727 videbo
591 701 612 727 si
635 700 775 728 secundum
794 701 933 728 clamorem
947 708 1036 728 eorum

234 746 376 773 uenientem
390 746 424 772 ad
439 755 487 780 me,
501 752 742 774 consummaverunt
755 747 832 781 (Gen.
848 746 934 777 xvml.
951 747 1036 782 igitur

237 792 310 820 Deus
325 793 470 826 aliquando
495 800 616 826 sursum,
637 793 783 827 aliquando
810 793 937 821 deorsum
956 794 1034 828 juxta

236 837 396 872 dignitatem
414 838 522 866 videtur
531 839 713 874 negotiorum.
728 838 790 866 Vidi
802 847 868 874 ergo
882 839 1032 872 Demittunt,

239 884 344 920 1103
360 884 441 913 Isaias
455 885 503 919 ait,
520 885 648 912 sedentem
659 893 736 921 super
756 886 876 912 thronum
891 886 1031 920 excelsum,

1093 286 1155 306 nem
1166 278 1284 305 clamore
1299 279 1478 313 pronutttiant
1505 285 1528 305 ε.
1543 278 1605 313 Quae
1619 285 1674 307 sunt
1686 281 1729 309 ista
1744 283 1788 311 duo
1799 285 1836 312 Se-

1092 325 1216 359 raphitn?
1239 325 1371 353 Dominus
1397 334 1473 353 ntetts
1494 325 1572 353 Jesus
1582 331 1607 353 et
1620 327 1723 361 Spiritus
1743 337 1836 359 sanctus.

1091 371 1146 399 Nec
1163 377 1240 406 putes
1261 371 1549 400 Trittitatis'dissidere
1563 378 1686 408 naturam,
1698 375 1717 401 si
1731 376 1837 405 nominum

1090 422 1232 445 servantur
1252 417 1352 445 ofﬁcia.
1383 418 1540 453 Operiebant
1577 419 1662 454 faciem
1680 419 1732 447 Dei.
1760 423 1839 459 ΠΜ

1090 462 1238 491 Exordium
1262 465 1335 492 enim
1353 464 1402 492 Dei
1430 466 1549 500 ignotum
1566 471 1615 493 est.
1627 466 1675 494 Sed
1686 471 1707 493 et
1719 469 1837 502 pedum-

1089 511 1229 538 vissimum
1246 511 1317 538 enim
1330 512 1400 547 quod
1417 513 1443 539 in
1454 512 1510 539 Deo
1524 518 1614 540 nosuo
1627 517 1675 546 est,
1685 521 1730 541 non
1743 522 1838 549 compre-

1089 556 1227 585 henditur.
1245 558 1309 585 Sola
1322 559 1394 586 enim
1411 559 1500 586 media
1517 559 1649 587 videntur.
1664 561 1726 587 Ante
1737 561 1778 588 ista
1794 570 1838 596 qum

1088 603 1201 636 iuerint,
1226 604 1338 632 nescio:
1353 612 1387 632 ex
1404 605 1435 632 iis
1448 613 1510 640 quae
1534 611 1606 637 sunt,
1623 606 1735 641 intelligo
1746 605 1756 625 ά
1770 607 1837 634 Deum.

1087 649 1154 678 Post
1166 650 1216 678 ista
1228 659 1286 686 qua:
1300 651 1390 679 futura
1399 653 1557 687 sunt,juxta
1569 652 1637 687 quod
1651 652 1727 679 futura
1738 657 1795 686 sunt,
1805 661 1838 680 nr-

1088 697 1154 727 scio,
1178 697 1241 731 Quis
1266 699 1440 732 pronuntiavit
1459 699 1503 725 ei?
1519 698 1589 726 Dixit
1617 698 1840 726 Ecclesiastesziitt-

1087 744 1205 770 nuntiate
1216 744 1279 770 milii
1292 745 1381 779 priora
1396 749 1420 771 et
1436 745 1575 771 novissima
1597 752 1651 779 qute
1660 749 1736 775 erant,
1749 749 1768 771 et
1777 745 1838 771 dicam

1086 790 1208 822 quoniam
1231 790 1276 817 Dii
1299 791 1361 817 estis
1384 789 1481 825 (Eccl.
1505 798 1549 817 xtx
1565 789 1584 825 ).
1614 791 1678 818 Hinc
1687 794 1712 817 et
1722 790 1788 817 Isaias
1798 792 1838 817 ait'

1086 837 1182 864 Priora
1194 840 1347 864 annuntiate
1370 838 1453 871 nobis,
1464 842 1489 872 et
1502 846 1623 872 ponemus
1643 845 1685 864 cor
1705 842 1807 868 nostrum,
1822 843 1839 864 et

1085 884 1207 917 sciemus,
1220 888 1243 910 et
1255 885 1394 911 novissima
1404 892 1492 911 eorum
1507 893 1564 918 quin
1578 888 1746 916 t'ettlurasuttt,
1757 885 1840 911 inditale

235 936 259 958 et
272 931 408 959 eleuatum.
422 932 449 960 Si
459 932 539 960 video
551 933 634 960 Deum
647 932 672 959 in
684 932 726 959 his
735 933 780 967 qui
793 932 836 959 hic
845 937 907 959 sunt
920 940 1036 968 rcguau-
1050 931 1074 961 B
1088 930 1170 957 nobis.
1191 929 1369 963 Quwrenlura
1381 935 1451 963 sunt,
1467 931 1492 957 in
1508 931 1622 966 futurum
1640 931 1751 962 nuntiate,
1765 931 1838 957 etdiw

233 982 299 1011 tem,
313 986 366 1005 non
379 986 440 1006 eutn
455 979 534 1006 video
547 986 630 1014 super
644 980 772 1006 thronum
784 979 922 1007 excelsum
934 984 960 1006 et
975 979 1032 1006 ele-

232 1029 333 1053 vatum.
350 1025 379 1052 Si
395 1025 473 1053 video
488 1033 549 1052 eum
566 1030 724 1061 regnantem
749 1025 906 1054 cmiestibus
925 1026 1032 1053 virtuti-

231 1071 293 1104 bus,
311 1070 392 1098 video
405 1079 466 1098 eum
481 1072 623 1099 sedentem
643 1079 726 1106 super
748 1072 875 1099 thronum
892 1072 1031 1099 excelsum

230 1123 258 1144 et
265 1116 413 1144 clevatum.
424 1116 495 1151 Quid
504 1122 546 1145 est
557 1117 628 1153 quod
637 1117 1033 1145 dicitctelestibusvirtuttbus‘!

231 1163 346 1198 Throni,
363 1163 577 1197 dominationes,
601 1165 780 1199 principatus,
800 1169 961 1199 potestates,
977 1164 1032 1191 vir-

232 1214 306 1238 tutes
321 1211 450 1238 caelestes
466 1215 539 1238 sunt.
558 1210 591 1238 Et
614 1211 637 1238 si
653 1211 730 1238 video
742 1218 815 1243 eum,
840 1211 977 1245 quomodo
992 1210 1032 1238 eis

232 1262 328 1292 regnet
341 1257 370 1285 in
384 1257 474 1285 Verbo
488 1267 494 1285 :
507 1258 559 1285 vidi
576 1258 852 1285 Dominuntsedetttetn
867 1266 944 1293 super
957 1258 1030 1285 thro-

230 1311 292 1331 num
302 1304 431 1331 eatcelsum
445 1309 470 1332 et
485 1305 618 1332 eleuatum.
632 1304 666 1332 Et
682 1305 758 1337 plena
771 1309 827 1332 erat
842 1305 934 1332 domus
945 1306 1030 1341 gloria

229 1352 297 1386 ejus.
323 1350 434 1379 Sursum
446 1359 546 1387 quoque
560 1350 672 1379 elevatus
686 1357 722 1378 est
736 1351 843 1379 thronus
856 1354 922 1388 ejus,
941 1352 1031 1385 plena-

229 1405 279 1432 que
292 1398 432 1425 estdomus
442 1398 527 1434 gloria
538 1399 604 1434 ejus.
617 1397 676 1425 Non
690 1398 819 1430 arbitror,
828 1399 889 1433 quia
901 1398 978 1433 plena
988 1404 1030 1427 est

228 1445 326 1471 domus
339 1445 425 1480 gloria
439 1444 497 1480 ejus
514 1445 572 1472 hinc
587 1453 648 1480 qua:
661 1445 687 1472 in
705 1450 777 1472 terra
794 1450 847 1473 est.
861 1444 970 1473 Domini
993 1449 1030 1474 est

229 1495 343 1525 terra,et
357 1491 491 1525 plenitudo
503 1491 560 1526 ejus
578 1491 586 1526 (
602 1491 677 1519 Psal.
702 1500 765 1520 xxtv
781 1491 802 1527 ).
829 1492 1029 1520 Plenitudinem

229 1542 321 1565 autem
342 1537 437 1572 gloria;
461 1537 508 1565 Dei
537 1545 590 1565 non
606 1538 729 1566 invenies
745 1539 770 1565 iit
786 1538 926 1574 praesenti,
942 1539 989 1567 sed
1006 1539 1028 1566 si

228 1583 292 1619 quis
304 1584 480 1612 aediﬁcaverit
491 1585 623 1620 templtttu
640 1585 707 1617 Deo,
725 1585 860 1613 videbitur
870 1585 954 1621 gloria
968 1586 1028 1619 Dei,

230 1635 258 1658 ct
269 1631 291 1658 si
307 1635 398 1658 servat
412 1631 462 1658 hoc
473 1632 544 1666 quod
559 1632 661 1659 dictum
675 1636 727 1664 est,
740 1632 819 1666 plena
841 1632 936 1660 domus
950 1632 1026 1660 vide-

229 1680 274 1703 tur
284 1676 368 1711 gloria
378 1676 438 1703 Dei.
448 1675 546 1703 NeSrio
556 1682 646 1704 autem
656 1685 691 1704 an
702 1677 740 1704 sic
756 1677 852 1704 donius
862 1678 946 1712 gloria
957 1685 1029 1705 com-

228 1723 345 1757 pleatur.
364 1722 397 1750 Et
409 1723 435 1750 in
452 1723 573 1751 Levitico
588 1728 718 1758 quantum
732 1724 765 1751 ad
778 1731 898 1758 praesens
911 1723 1027 1759 pertinet

227 1769 378 1804 negotium,
397 1769 451 1797 Deo
464 1769 606 1805 largiente,
619 1770 718 1804 legitur
734 1769 760 1797 in
773 1769 892 1798 Cnllccta
908 1778 968 1805 qute
980 1777 1026 1797 sc-

226 1817 331 1851 quitur,
343 1815 357 1834 δ
371 1816 433 1851 quia
449 1816 578 1851 praecepit
590 1816 720 1843 Dominus
732 1816 855 1851 quaedam
870 1816 928 1843 lieri
943 1820 973 1843 ut
985 1816 1026 1843 vi-

226 1862 323 1890 deatur
339 1862 445 1890 Domini
462 1863 560 1898 gloria.
577 1863 631 1890 Nec
643 1870 760 1897 unquant
783 1863 926 1898 apparebit.
940 1863 1026 1898 gloria

226 1909 285 1940 Dei,
302 1908 326 1936 si
342 1916 395 1937 non
411 1909 471 1937 hac
486 1910 561 1937 ﬁant.
585 1908 783 1945 CoguOscimus
797 1914 887 1937 autem
901 1910 947 1937 illa
963 1917 1025 1938 cum

225 1955 294 1983 lecta
309 1955 419 1983 iuerint.

262 2001 295 2030 li.
315 2001 350 2030 Et
364 2002 504 2038 Seraphim
516 2002 619 2030 stabant
628 2003 654 2030 in
666 2003 775 2030 circuitu
789 2004 855 2039 ejus,
866 2011 911 2030 ser
920 2004 969 2030 alte
980 2004 1024 2030 uni

224 2052 248 2075 et
257 2056 303 2076 sea;
312 2048 362 2076 ala:
372 2049 457 2076 alteri.
470 2049 528 2077 Duo
539 2049 619 2077 video
630 2049 784 2084 Seraphim,
811 2053 839 2077 et
854 2049 1025 2085 unumquod-

223 2103 276 2131 que
287 2103 380 2123 eorum
393 2096 420 2123 in
434 2096 582 2132 semetipso
597 2096 699 2124 habens
711 2103 759 2123 sex
771 2096 838 2124 alas.
854 2096 957 2124 Deinde
970 2096 1025 2124 dis-

224 2142 326 2177 positio
339 2143 454 2170 alarum.
473 2144 506 2170 Et
532 2143 637 2171 duabus
650 2142 760 2179 quidem
778 2143 828 2171 alis
846 2143 972 2172 velabaut
990 2143 1025 2171 ia-

220 2190 303 2222 ciem,
321 2197 373 2217 tton
388 2189 535 2224 propriam,
553 2190 600 2217 sed
616 2189 664 2216 Dei
683 2188 813 2216 :duabus
823 2189 884 2216 aliis
895 2189 1024 2217 velabant

223 2234 318 2269 pedes,
345 2244 395 2261 ttou
422 2235 558 2270 proprios,
575 2235 622 2262 sed
653 2235 716 2267 Dei;
734 2235 838 2262 duabus
857 2241 946 2262 autem
964 2236 1022 2263 aliis

226 2281 364 2308 volabant.
381 2281 459 2308 Juxta
485 2282 554 2316 quod
578 2281 708 2316 Scriptum
723 2286 773 2313 est,
790 2287 955 2308 COIIlI'ui'itlill
972 2283 1021 2309 >ibi

1085 985 1140 1003 mus
1159 977 1281 1010 quoniam
1298 976 1342 1003 Dii
1370 978 1430 1004 estis
1446 976 1533 1012 (Isai.
1550 985 1593 1004 xu
1605 978 1625 1012 ).
1651 977 1688 1004 Ex
1711 985 1757 1012 quo
1769 977 1787 1004 si
1797 977 1840 1012 quis

1084 1022 1185 1051 dixerit
1200 1023 1337 1058 prieterita
1347 1043 1354 1056 ,
1365 1028 1393 1050 et
1408 1025 1508 1058 poterit
1523 1024 1668 1051 novissima
1683 1023 1776 1055 dicere,
1789 1023 1840 1050 Deus

1083 1075 1136 1098 est.
1148 1070 1214 1104 Quis
1225 1078 1289 1105 ergo
1306 1075 1395 1106 potest
1409 1071 1501 1099 dicere
1514 1077 1613 1106 praeter
1634 1070 1773 1106 Seraphitn,
1792 1070 1842 1097 San-

1083 1121 1154 1151 ctus,
1167 1122 1290 1150 sanctus,
1303 1118 1433 1145 sanctus?
1447 1118 1591 1153 Seraphim
1603 1123 1687 1146 autem
1709 1117 1841 1144 nudaverant

1083 1164 1226 1200 quamdam
1241 1169 1344 1198 partem
1355 1164 1414 1198 Dei,
1426 1168 1454 1192 ut
1466 1164 1503 1192 ita
1516 1164 1780 1198 dicam,mediet.'tlem
1791 1163 1840 1198 ejus,

1082 1216 1110 1239 et
1124 1212 1278 1240 clamabant
1305 1212 1377 1239 aiittd
1405 1212 1439 1240 ad
1466 1212 1538 1240 aliud
1555 1212 1703 1240 assistentia
1718 1212 1773 1243 Deo,
1783 1215 1840 1245 atquc

1082 1258 1214 1292 dicentia,
1226 1257 1355 1292 Sanctus,
1372 1264 1494 1292 sanctus,
1516 1263 1637 1287 sanctus.
1652 1259 1724 1286 Stant.
1747 1257 1809 1292 igitur
1823 1259 1842 1283 et

1082 1309 1237 1338 moventur,
1263 1309 1336 1332 stant
1358 1313 1420 1333 cunt
1435 1305 1508 1338 Deo,
1532 1311 1675 1333 moventur
1685 1305 1840 1332 demonstrat:-

1081 1353 1116 1380 tia
1142 1352 1238 1380 Deum.
1264 1352 1388 1388 intelligo
1410 1353 1483 1381 enim
1498 1353 1562 1388 quia
1581 1353 1672 1381 velant
1681 1352 1763 1384 facies,
1775 1351 1841 1378 velant

1081 1400 1177 1434 pedes,
1193 1408 1247 1427 non
1262 1405 1409 1428 moventur
1423 1409 1483 1436 qua:
1505 1401 1594 1429 velata
1605 1405 1678 1434 sunt,
1691 1408 1737 1428 non
1749 1399 1841 1427 velantur

1080 1454 1141 1481 qutc
1162 1446 1266 1478 volant,
1288 1450 1313 1473 et
1338 1446 1434 1473 dicttut
1449 1455 1455 1473 :
1473 1446 1604 1479 Sanctus,
1632 1451 1742 1478 sanctus,
1763 1449 1843 1472 sanetus

1083 1492 1213 1520 Dominus
1231 1492 1303 1520 Deus
1317 1493 1442 1527 sabaoth,
1457 1494 1537 1527 plena
1551 1500 1593 1522 est
1607 1494 1692 1522 omnis
1707 1499 1769 1522 terra
1779 1492 1842 1528 gloria

1080 1538 1149 1574 ejus.
1163 1539 1270 1567 Domini
1288 1539 1340 1567 mei
1355 1540 1419 1568 Jesu
1442 1539 1545 1569 Christi
1574 1542 1713 1569 nuntiatur
1733 1540 1841 1570 adventus.

1081 1592 1152 1613 nunc
1168 1585 1259 1621 itaque
1284 1586 1363 1622 plena
1390 1592 1434 1615 est
1455 1587 1548 1616 omnis
1565 1593 1638 1616 terra
1652 1588 1730 1623 gloria
1738 1585 1841 1622 ejus.Aut

1080 1636 1155 1660 certe
1171 1632 1286 1660 necdum
1310 1633 1390 1668 plena
1405 1639 1458 1669 est,
1469 1634 1516 1662 sed
1535 1635 1656 1663 futurum
1681 1639 1708 1662 ut
1722 1633 1842 1669 impleatur.

1080 1688 1141 1707 cum
1153 1681 1257 1716 expleta
1270 1681 1349 1709 fuerit
1364 1681 1463 1712 oratio.
1480 1690 1532 1716 qua
1551 1688 1655 1718 patrem
1676 1690 1722 1709 nos
1742 1682 1790 1715 ipse
1806 1679 1843 1706 Do-

1080 1727 1170 1754 minus
1179 1728 1260 1761 jussit
1270 1735 1361 1762 orare,
1372 1729 1440 1757 Cum
1452 1731 1612 1765 oraveritis,
1627 1730 1755 1766 inquiens,
1767 1728 1843 1756 dicite:

1081 1773 1160 1801 Pater
1171 1780 1257 1802 noster
1271 1776 1352 1810 quies
1367 1776 1393 1803 in
1409 1775 1491 1808 uelis,
1504 1777 1684 1812 sancti/iretur
1692 1784 1773 1803 nomen
1783 1779 1844 1800 tuum.

1080 1819 1204 1848 Adttent'at
1220 1829 1327 1858 regnum
1342 1827 1422 1849 tuum.
1439 1821 1500 1850 Fiat
1516 1825 1641 1851 voluntas
1656 1829 1699 1851 tua
1710 1822 1844 1850 sirutitttts-

1078 1866 1104 1893 lo
1117 1868 1177 1894 etin
1191 1871 1259 1894 terra
1273 1867 1381 1903 (Matth.
1403 1869 1451 1905 vt).
1481 1870 1581 1898 Adhuc
1608 1871 1634 1899 in
1660 1871 1726 1899 casio
1751 1869 1845 1896 voluntas

1078 1913 1227 1947 estPatris,
1238 1914 1264 1941 in
1277 1916 1355 1943 terris
1370 1917 1484 1945 necdum
1498 1918 1630 1946 voluntas
1642 1918 1700 1953 ejus
1709 1917 1799 1952 expleta
1808 1920 1845 1946 εει,

1078 1964 1108 1987 ut
1122 1961 1179 1995 ipse
1195 1961 1273 1989 Jesus
1285 1962 1361 1997 juxta
1380 1964 1618 1999 dispensationem
1634 1965 1721 1993 carnis
1732 1971 1798 2000 quam
1818 1963 1846 1989 it:-

1077 2006 1185 2040 ducrat,
1196 2009 1252 2035 ait:
1278 2007 1357 2036 Dedit
1386 2010 1449 2037 mihi
1474 2012 1627 2039 universam
1638 2016 1788 2047 potestatem,
1801 2009 1846 2036 Ili"

1077 2052 1139 2080 caelo
1153 2057 1177 2081 et
1188 2054 1214 2080 itt
1225 2055 1313 2091 terra(
1331 2054 1426 2083 Matth.
1445 2060 1559 2092 xxviii).
1574 2058 1846 2094 Nmnquidpolcstatem

1078 2108 1130 2128 non
1147 2100 1227 2128 habet
1244 2102 1269 2129 in
1283 2105 1353 2130 terra
1367 2103 1389 2131 is
1404 2104 1448 2139 qui
1461 2104 1581 2133 habebat
1596 2106 1622 2133 in
1636 2105 1727 2134 caelis?
1737 2110 1759 2132 et
1771 2101 1847 2138 aliquid

1076 2148 1110 2175 de
1120 2148 1221 2176 mundo
1231 2150 1379 2185 acciperet,
1391 2150 1436 2186 qui
1456 2151 1483 2178 in
1498 2159 1547 2179 sua
1563 2153 1700 2180 venerat?
1719 2151 1767 2180 Sed
1789 2154 1812 2176 ut
1823 2149 1846 2175 ili

1076 2195 1234 2222 crederetur
1258 2195 1331 2223 Deus
1347 2195 1373 2223 in
1391 2200 1474 2228 terra.
1496 2199 1642 2232 quomodo
1670 2197 1815 2226 credebatur
1830 2194 1847 2220 iu

1076 2242 1154 2271 conlo,
1170 2250 1234 2276 ergo
1247 2242 1350 2276 accepit
1366 2248 1531 2276 potestatem
1546 2245 1631 2273 hoino
1646 2245 1773 2275 Christus,
1790 2248 1847 2276 quatit

1076 2294 1138 2315 ante
1152 2296 1205 2315 non
1219 2289 1320 2321 habuit,
1334 2293 1360 2316 et
1377 2298 1460 2324 usque
1471 2290 1504 2317 ad
1521 2299 1648 2325 prtesens
1671 2291 1778 2319 necdum
1791 2287 1850 2315 habet

223 2327 338 2354 videtur.
363 2328 390 2354 Si
406 2329 524 2361 stabant,
542 2329 633 2355 volare
658 2336 710 2355 nott
723 2335 846 2364 poterant
861 2337 867 2360 ;
892 2330 1021 2363 scriptum
1037 2323 1062 2351 Ι)
1077 2336 1101 2361 ί..
1118 2340 1187 2362 terra
1200 2337 1320 2362 omnium
1337 2323 1555 2370 potesiatemjn
1574 2339 1618 2365 his
1629 2339 1729 2373 quippe
1746 2337 1785 2372 qui
1805 2342 1849 2369 pec-

223 2382 289 2401 vero
301 2379 340 2401 est
356 2384 361 2401 :
379 2375 518 2410 Seraphitn
540 2376 590 2402 duo
616 2376 717 2402 stabant
737 2376 761 2401 itt
778 2376 884 2402 (παύω
896 2377 961 2410 ejus.
978 2385 1022 2402 ser

222 2420 272 2448 ala’
282 2421 365 2452 uni,el
375 2430 420 2448 sex
430 2422 479 2448 ula’
489 2423 576 2455 alteri,
594 2428 616 2449 et
628 2422 728 2448 duabus
740 2423 842 2457 quidem
854 2423 969 2449 velnbont
982 2424 1021 2458 fa—

221 2468 296 2497 ciem,
313 2473 336 2494 et
348 2468 447 2494 duabus
460 2468 580 2495 vetabant
594 2470 681 2503 pedes,
698 2475 721 2495 et
742 2470 840 2495 duabus
858 2471 984 2501 tolabttttt,
999 2476 1021 2496 e.’

220 2514 366 2541 (laniabant
389 2516 453 2542 alter
472 2516 504 2541 ad
529 2517 648 2541 alterunt.
668 2515 766 2543 Verum
796 2516 852 2543 liCL'C
877 2517 1019 2551 Serapliim

221 2569 282 2596 qua:
296 2569 369 2588 Circa
384 2562 467 2589 Deum
484 2567 557 2594 sunt,
575 2570 634 2596 qua:
658 2563 715 2589 sola
729 2564 883 2597 cognitione
905 2564 998 2590 dicunt
1014 2573 1019 2590 :

221 2608 345 2642 Sanctus,
358 2614 472 2639 sanctus,
484 2613 604 2641 sanctus;
619 2614 726 2643 propter
742 2610 792 2636 hoc
802 2617 909 2637 «ervum
921 2617 1020 2646 myste-

220 2655 258 2682 ria
274 2654 327 2690 [Αι.
343 2655 512 2690 mysterium]
526 2655 676 2689 Trinitatis,
692 2657 754 2690 quia
770 2663 795 2683 et
813 2657 869 2691 ips:i
886 2665 1020 2684 suntsun—

219 2705 272 2728 cta.
291 2701 337 2728 liis
351 2702 423 2728 ettitn
440 2702 603 2729 inmunibus
628 2710 687 2736 qua:
714 2709 788 2735 sunt,
810 2705 929 2731 sanctius
952 2705 1019 2732 nihil

217 2751 270 2773 est.
284 2747 316 2773 Et
331 2754 383 2774 non
398 2747 492 2774 leviter
507 2748 600 2775 dicunt
614 2748 683 2775 alter
697 2748 729 2775 ad
742 2749 855 2776 aitetutn
870 2760 876 2777 :
891 2750 1017 2785 Sanctus,

259 2815 273 2829 ⁸
293 2816 379 2843 Antea
410 2821 468 2843 erat
491 2818 622 2852 egredere.
648 2818 764 2846 Leviora
789 2821 861 2847 taciti
892 2822 1022 2849 emcnda-

221 2858 292 2878 mus.

258 2885 270 2903 δ
291 2887 393 2925 Aberat
410 2893 489 2916 antea
505 2889 575 2916 istud
589 2892 659 2925 quia.

258 2927 268 2940 ιι
292 2922 353 2950 11ωο
368 2929 502 2959 ευηιηυευ
518 2922 628 2953 liuiinlts
657 2927 705 2954 lib.
731 2936 747 2955 tt
770 2928 796 2955 itt
823 2928 1016 2964 liicronymum

1073 2388 1146 2414 cant,
1164 2382 1279 2409 necdum
1295 2388 1401 2417 regnat;
1429 2384 1475 2411 sed
1496 2386 1611 2419 quando
1624 2387 1649 2413 ei
1665 2387 1725 2413 data
1739 2382 1850 2413 e~teth0~

1073 2437 1132 2455 rum
1163 2434 1281 2462 potestas
1295 2451 1301 2462 ,
1328 2438 1388 2456 cuttt
1413 2431 1437 2457 ei
1459 2431 1570 2458 subdita
1584 2433 1687 2460 fuerint
1702 2431 1850 2464 omnia,tuttc

1072 2476 1251 2509 complebitur
1266 2482 1395 2510 potestas,
1410 2483 1437 2504 et
1450 2479 1654 2512 perambulabit
1672 2474 1850 2514 subjiciettsdlti

1072 2529 1159 2547 omnia
1173 2521 1193 2556 (ι
1206 2520 1267 2548 Cor.
1282 2524 1337 2556 xv).
1348 2522 1462 2555 Quidam
1473 2528 1566 2551 autent
1581 2526 1699 2552 necdum
1715 2520 1850 2551 voluutsnlt-

1071 2567 1117 2600 jiei
1130 2568 1164 2597 ei.
1184 2568 1287 2603 1105
1303 2576 1396 2595 verum
1412 2570 1501 2597 adhuc
1518 2571 1644 2598 inimicis
1657 2572 1717 2606 ejus
1732 2567 1852 2604 subjiciun-

1073 2618 1126 2639 tur.
1140 2613 1193 2640 Nos
1212 2623 1293 2647 porro
1316 2615 1459 2643 dicamus:
1478 2616 1577 2644 Nonne
1607 2618 1664 2646 Deo
1695 2619 1799 2654 subjecta
1816 2612 1851 2641 erit

1072 2662 1159 2686 animo
1183 2670 1237 2687 mea
1265 2661 1352 2696 (l’sal.
1370 2664 1532 2699 Lttt)?apud
1558 2666 1648 2694 Deum
1669 2666 1740 2694 enim
1758 2664 1852 2692 saluii":

1073 2714 1172 2733 111811111-

1106 2753 1149 2780 ili.
1167 2753 1200 2780 Et
1214 2755 1312 2781 duabus
1324 2756 1454 2791 volabunt,
1467 2763 1490 2785 et
1501 2758 1609 2786 dicebat
1624 2760 1693 2788 alter
1703 2760 1736 2786 ad
1745 2758 1851 2786 alterum:

1081 2824 1161 2851 verba
1174 2826 1289 2863 recitat,
1309 2831 1445 2863 tamquam
1463 2829 1497 2857 de
1514 2837 1569 2858 suo
1583 2831 1620 2859 ab
1634 2831 1682 2860 illo
1691 2831 1788 2861 addita.
1800 2826 1850 2856 Vide

1077 2861 1191 2894 pra‘ced.
1209 2861 1440 2891 Admonitionem.

1109 2895 1121 2914 «⁵
1145 2897 1222 2925 Deest.
1237 2898 1263 2924 in
1285 2898 1424 2928 Benedict.
1441 2901 1505 2929 edit.
1522 2901 1624 2931 Deunt.
