4080 6326
185 276 284 334 905

579 269 590 340 ξ
674 269 1112 330 TRANSLATIO
1155 269 1583 328 iIOMlLl.-\RUM
1625 266 1944 326 ORIGENIS
1986 267 2052 326 IN
2088 268 2408 356 VVISIONES
2449 267 2668 332 lSAlrE.
2717 271 2881 330 HOM.
2924 271 3020 330 ll.’

3375 273 3481 332 906

185 392 424 454 Sanetus,
453 393 682 455 sanctus,
705 395 916 444 sanctus
928 385 1180 442 Dominus
1197 382 1335 439 Deus
1351 382 1580 440 Sabaoth
1605 385 1784 456 :plenu
1809 383 1860 442 A
1889 381 2080 450 Isaias,
2114 397 2216 439 nec
2261 383 2474 457 Moyses
2505 385 2658 442 vidit.
2685 385 2996 444 Posteriora
3025 387 3160 445 vidit
3187 387 3281 463 (ut
3308 389 3486 462 scrip-

179 492 256 540 est
284 482 448 538 omnis
480 489 618 536 terra
637 479 809 553 gloria
829 482 965 549 ejus.
1008 478 1076 533 It‘t
1103 477 1355 533 elevatum
1376 486 1448 533 est
1487 476 1778 549 superlimio

183 595 305 636 nare
325 595 356 632 a
382 593 503 633 voce
533 593 634 646 qua
654 576 944 632 clamabant
963 591 983 631 :
1013 589 1149 630 voce
1177 572 1305 630 Jesu
1335 571 1535 628 Christi
1567 582 1621 628 et
1646 586 1778 627 voce

181 670 411 741 Spiritus
453 667 650 724 sancti.
696 668 754 725 Si
785 669 982 740 aliquis
1024 682 1056 724 e
1098 667 1254 722 nobis
1283 665 1640 722 clamantium
1683 680 1779 719 au-

181 766 339 822 dierit
361 779 552 820 vocem
575 763 711 820 Jesu
736 763 948 820 Christi
971 770 1027 819 et
1051 761 1289 834 Spiritus
1305 760 1505 831 sancti,
1532 759 1781 817 elevatur

181 858 617 928 superliminare,
663 866 721 912 ct
764 857 929 912 altius
972 857 1030 911 lit
1071 871 1236 928 quam
1267 870 1335 912 eo
1378 863 1619 926 tempore
1656 869 1778 909 cum

182 953 453 1008 elevatum
502 959 610 1016 est,
657 965 890 1020 cumque
915 947 1125 1005 dictum
1159 956 1283 1004 est:
1317 947 1549 1003 Attollite
1583 955 1780 1018 portas,

182 1045 457 1118 principes,
485 1051 701 1112 vestras,
730 1051 780 1098 et
795 1042 1070 1098 elevamini
1107 1051 1270 1114 porta?
1298 1041 1584 1106 (eternales,
1619 1049 1666 1095 et
1697 1039 1780 1094 in-

182 1140 350 1195 troibit
366 1153 461 1194 rex
480 1137 660 1212 gloria:
678 1138 695 1209 (
711 1135 860 1192 Psal.
882 1151 1007 1192 χιιι
1021 1134 1062 1207 ).

251 1231 340 1287 IV.
377 1229 444 1285 Et
465 1231 648 1286 domus
677 1230 892 1300 impleta
911 1236 985 1286 est
1009 1231 1171 1299 fumo.
1203 1226 1284 1284 Ex
1303 1225 1628 1284 remissione
1645 1225 1785 1298 ignis

182 1335 373 1382 cuncta
403 1323 629 1394 impleta
657 1334 740 1379 est
767 1323 982 1378 domus.
1013 1321 1218 1377 Fumus
1240 1332 1426 1376 autem
1452 1334 1622 1390 vapor
1646 1318 1786 1390 ignis

183 1431 286 1479 est.
327 1421 392 1476 Et
417 1420 570 1476 dixi:
601 1418 646 1474 0
684 1420 842 1474 miser
861 1435 975 1491 ego,
1017 1417 1264 1488 quoniam
1287 1423 1622 1486 compunctus
1647 1430 1782 1478 sum,

182 1519 300 1590 quia
326 1533 446 1573 cum
473 1517 571 1571 sim
600 1514 778 1582 homo,
816 1524 865 1569 et
909 1513 1178 1568 immunda
1221 1512 1358 1566 labia
1401 1509 1637 1565 habeant.
1667 1507 1786 1564 Non

181 1627 404 1683 pOSSllm
434 1610 641 1667 sentire
688 1623 868 1680 quare,
904 1607 1274 1662 humiliaverit
1305 1607 1545 1677 seipsum
1597 1603 1783 1660 Isaias.

182 1705 384 1763 Verum
407 1704 575 1760 dicit:
605 1701 976 1760 testimonium
1005 1700 1153 1756 enim
1186 1699 1278 1756 dat
1321 1699 1628 1770 Scriptum,
1661 1699 1790 1768 quia

1883 483 1996 530 tum
2025 475 2147 547 est)
2182 475 2416 549 Moyses.
2453 477 2836 537 Verumtamen
2860 481 3012 551 jvidit
3039 481 3351 548 Dominum,
3380 486 3485 539 etsi

1883 569 2075 624 faciem
2109 569 2230 640 ejus
2259 587 2366 628 non
2394 571 2552 629 vidit.
2583 573 2756 630 Ethic
2781 591 2912 648 ergo
2941 577 3101 647 vidit,
3131 579 3260 635 licet
3288 579 3479 638 faciem

1884 680 1992 719 non
2012 665 2230 721 viderit.
2257 667 2396 724 Male
2419 670 2581 742 igitur
2605 671 3110 729 condemnaverunt
3126 674 3481 746 Prophetam.

1883 755 1953 811 Et
1978 773 2148 830 regem
2169 758 2452 816 Dominum
2483 763 2715 820 Sabaoth
2743 765 2852 821 vidi
2880 766 3041 822 oculis
3061 769 3208 835 meis,
3229 777 3278 824 et
3295 770 3485 825 missus

1884 861 1959 906 est
1987 851 2057 906 ad
2095 869 2175 908 me
2219 871 2352 910 unus
2397 856 2463 910 de
2503 857 2800 930 Seraphim.
2832 859 2951 916 Non
2980 871 3063 918 est
3092 877 3238 916 umts
3267 863 3484 919 Domini

1886 951 1993 1004 mei
2024 947 2157 1005 Jesu
2184 947 2386 1006 ChriSti
2412 950 2698 1021 adventus,
2730 969 2838 1025 quo
2864 954 3150 1012 descendit
3176 957 3243 1012 ad
3288 964 3487 1025 terras,

1887 1050 1941 1096 et
1962 1039 2027 1096 ad
2047 1041 2243 1098 Isaiam
2275 1046 2442 1112 venit,
2473 1042 2611 1102 etad
2625 1045 2865 1119 Moysem
2883 1050 3057 1119 venit,
3072 1051 3206 1106 etad
3230 1050 3486 1122 populum

1886 1135 2057 1203 venit,
2077 1146 2133 1192 et
2151 1137 2217 1192 ad
2243 1153 2679 1211 unumquemque
2699 1140 3095 1212 Prophetarum
3115 1144 3264 1200 venit
3290 1158 3494 1214 :neque

1889 1237 1945 1284 tu
1967 1228 2186 1296 timeas,
2219 1230 2432 1287 etiamsi
2452 1231 2562 1300 jam
2589 1233 2734 1290 cmlo
2758 1246 3010 1304 receptus
3030 1247 3136 1304 est,
3183 1239 3382 1294 iterum
3403 1253 3496 1294 ve-

1891 1322 2023 1376 niet.
2040 1321 2174 1388 Quia
2186 1331 2362 1378 autem
2378 1333 2574 1380 etante
2585 1327 2929 1396 praesentiam
2945 1330 3218 1384 carnalem
3240 1330 3307 1386 ad
3323 1330 3497 1386 homi-

1892 1426 1989 1467 nes
2021 1415 2253 1484 venerit,
2293 1414 2472 1486 ipsum
2487 1418 2674 1490 accipe
2688 1428 2882 1475 testem
2896 1419 3308 1478 denuntiantem
3327 1433 3495 1496 atque

1891 1505 2161 1564 dicentem
2171 1507 2499 1580 Jerusalem,
2511 1511 2824 1580 Jerusalem,
2841 1531 2959 1586 qua:
2971 1515 3162 1570 occidis
3180 1516 3472 1591 Pr0phetas
3482 1559 3496 1584 ,

1891 1609 1941 1654 et
1967 1599 2174 1673 lepidas
2192 1619 2277 1659 eos
2292 1608 2382 1675 qui
2397 1607 2544 1661 missi
2557 1615 2676 1662 sunt
2696 1607 2765 1661 ad
2785 1617 2854 1675 te,
2876 1609 3075 1679 quoties
3095 1607 3236 1664 volui
3257 1609 3499 1682 colligere

1891 1695 2031 1765 ﬁlios
2063 1707 2178 1753 tuos
2210 1697 2438 1771 (Matth.
2490 1701 2679 1773 xun).
2716 1701 2945 1771 Quoties
2973 1704 3144 1760 volui.
3183 1703 3302 1762 Non
3343 1703 3502 1772 dicit,

181 1799 300 1870 ejus
327 1797 662 1854 mundantur
687 1795 834 1853 labia
857 1793 928 1848 ab
956 1807 1067 1848 uno
1089 1809 1154 1848 ex
1186 1791 1498 1863 Seraphim,
1529 1791 1618 1862 qui
1651 1789 1783 1846 mis-
1814 1790 1865 1853 B
1893 1807 2001 1846 non
2029 1792 2138 1848 vidi
2169 1804 2220 1849 te
2247 1795 2354 1852 nisi
2375 1795 2482 1853 isto
2503 1795 2764 1868 adventu,
2791 1799 2887 1856 sed
2908 1798 3064 1868 dicit,
3092 1801 3311 1872 quoties
3337 1800 3506 1858 volui.

179 1909 273 1950 sus
300 1901 384 1948 est
413 1891 485 1948 ad
511 1889 812 1947 auferenda
845 1889 968 1960 ejus
995 1895 1244 1960 peccata.
1288 1886 1444 1944 Unus
1497 1896 1678 1942 autem
1723 1900 1789 1940 ex

180 1985 474 2058 Seraphim
505 1984 768 2041 Dominus
795 1997 951 2040 meus
975 1982 1137 2038 Jesus
1166 1980 1416 2037 Christus
1455 1987 1558 2046 est,
1601 1979 1694 2049 qui
1724 1979 1790 2034 ad

179 2079 492 2138 auferenda
522 2087 750 2151 peccata
782 2086 970 2134 nostra
1005 2091 1034 2131 a
1063 2075 1228 2132 Patre
1267 2075 1462 2131 missus
1489 2081 1594 2140 est,
1627 2081 1682 2129 et
1710 2071 1794 2127 di-

179 2173 254 2230 cit
277 2191 292 2229 :
320 2171 458 2228 Ecce
469 2169 660 2228 abstuli
679 2170 976 2242 iniquitates
1001 2178 1136 2234 tuas,
1163 2176 1209 2222 et
1229 2176 1438 2240 peccata
1465 2177 1556 2221 tua
1576 2167 1796 2221 circum-

178 2267 449 2324 mundavi.
485 2265 599 2324 Nec
625 2275 784 2337 putes
809 2273 1020 2320 natura;
1045 2263 1464 2329 contumeliam,
1493 2263 1537 2317 si
1567 2260 1739 2316 Filius
1764 2275 1794 2315 a

179 2359 342 2418 Patre
364 2359 626 2416 mittitur.
649 2357 897 2429 Denique
920 2365 978 2412 ut
998 2354 1273 2412 Unitatem
1296 2353 1518 2411 deitatis
1543 2354 1596 2410 in
1619 2351 1801 2410 Trini-

175 2464 291 2512 tate
319 2469 653 2526 cognoscas,
688 2454 836 2509 solus
865 2453 1123 2510 Christus
1157 2453 1210 2509 in
1265 2449 1527 2523 praesenti
1566 2450 1801 2506 lectione

179 2566 330 2608 nunc
357 2558 592 2623 peccata
623 2549 876 2616 dimittit,
905 2557 962 2604 et
983 2558 1164 2604 tamen
1196 2554 1406 2602 certum
1439 2553 1526 2601 est
1557 2559 1584 2596 a
1613 2542 1802 2598 Trini-

177 2653 290 2703 tate
338 2652 569 2717 peccata
601 2642 828 2699 dimitti.
861 2641 964 2709 Qui
1014 2639 1163 2695 enim
1210 2638 1266 2693 in
1318 2652 1432 2693 uno
1479 2633 1800 2702 crediderit,

177 2739 357 2798 credit
404 2740 464 2796 in
509 2736 787 2794 omnibus.
821 2734 1111 2790 Deleratur
1152 2744 1284 2802 ergo
1324 2729 1456 2785 mihi
1500 2727 1570 2784 de
1609 2727 1804 2782 altario

176 2835 396 2892 ccelesti
431 2831 653 2902 forceps
675 2839 734 2884 ut
759 2834 944 2899 tangat
965 2825 1106 2882 labia
1137 2839 1283 2880 mea.
1320 2822 1564 2892 Forceps
1586 2817 1804 2876 Domini

177 2929 227 2986 si
252 2928 446 2999 tetigit
472 2926 616 2982 labia
647 2939 791 2992 mea,
820 2920 1051 2978 mundat
1075 2934 1160 2976 ea.
1184 2915 1314 2974 Etsi
1342 2913 1689 2973 mundaverit
1717 2926 1804 2979 ea,

179 3029 238 3079 et
259 3017 680 3078 circumciderit
708 3031 740 3071 a
771 3013 944 3081 vitiis,
973 3021 1034 3068 ut
1059 3026 1238 3082 nuper
1263 3009 1533 3073 diximus,
1564 3005 1807 3078 aperiam

181 3115 359 3172 verbo
384 3111 490 3168 Dei
525 3125 590 3166 os
629 3122 834 3175 meum,
869 3120 971 3162 nec
1002 3103 1237 3160 ulterius
1265 3116 1452 3160 sermo
1497 3098 1811 3157 immundus

1897 1883 1967 1940 Et
1998 1899 2098 1958 per
2148 1887 2396 1960 singulos
2435 1889 2834 1962 Prophetarum
2871 1902 3205 1949 convertens
3231 1909 3329 1951 se:
3366 1891 3505 1967 Egi),

1897 1979 2097 2050 inquit,
2130 1995 2282 2035 eram
2305 1980 2582 2048 Christus,
2611 1983 2703 2054 qui
2745 1984 3014 2056 loquebar
3061 2001 3156 2055 per
3185 1987 3508 2059 Prophetas.

1898 2071 2044 2139 Dixi,
2075 2089 2254 2144 neque
2279 2082 2332 2128 tu
2361 2075 2580 2140 timeas,
2613 2083 2668 2132 et
2694 2090 2840 2132 nunc
2870 2077 3108 2132 mittitur
3134 2079 3294 2134 Jesus
3324 2078 3512 2134 Chris-

1898 2172 2008 2220 tus.
2032 2165 2149 2222 Non
2175 2167 2460 2224 mentitur.
2495 2168 2774 2224 Vobiscum
2801 2187 2915 2224 sum
2939 2169 3052 2243 (ait
3069 2170 3368 2244 Dominus)
3399 2189 3512 2228 om-

1899 2275 1992 2315 nes
2044 2260 2155 2315 dies
2201 2277 2362 2333 usque
2409 2261 2479 2315 ad
2525 2265 3020 2319 consummationem
3055 2264 3235 2319 saeculi
3277 2265 3509 2331 (Matth.

1901 2357 2127 2427 xxvut).
2161 2355 2280 2412 Non
2311 2357 2596 2413 mentitur.
2627 2357 2733 2414 Ubi
2755 2358 2864 2414 duo
2887 2360 2975 2416 vel
3004 2367 3117 2414 tres
3138 2359 3354 2416 collecti
3385 2368 3515 2416 sunt

1903 2448 1959 2504 in
1991 2449 2213 2504 nomine
2242 2465 2390 2515 meo,
2435 2457 2493 2506 et
2514 2465 2617 2522 ego
2645 2465 2764 2506 sum
2808 2451 2862 2506 in
2914 2451 3094 2508 medio
3122 2467 3335 2508 eorum.
3365 2453 3516 2522 Quo-

1904 2541 2050 2596 niam
2078 2540 2248 2611 igitur
2276 2550 2482 2612 praasto
2510 2551 2615 2610 est,
2648 2551 2704 2598 et
2725 2542 2938 2599 assistit
2969 2543 3130 2601 Jesus
3155 2543 3427 2615 Christus,
3461 2558 3518 2604 et

1906 2640 2133 2701 paratus
2161 2641 2246 2688 est
2273 2643 2330 2689 et
2375 2634 2703 2704 praecinctus
2739 2651 2986 2692 summus
3020 2637 3278 2694 sacerdos
3316 2638 3516 2696 offerre

1906 2721 2055 2779 Patri
2077 2723 2558 2797 interpellationes
2600 2737 2843 2795 nostras,
2873 2741 3169 2801 surgentes
3201 2747 3296 2803 per
3339 2732 3518 2806 ipsum

1909 2817 2178 2875 sacriﬁcia
2207 2819 2356 2876 Patri
2385 2819 2705 2878 offeramus.
2751 2823 2872 2894 ipse
2903 2825 3049 2882 enim
3083 2826 3404 2897 prdpitiatio
3435 2835 3522 2883 est

1909 2925 2012 2981 pro
2051 2912 2295 2982 peccatis
2333 2915 2566 2982 nostris,
2611 2916 2697 2971 cui
2739 2924 2822 2972 est
2852 2916 3023 2988 gloria
3054 2927 3110 2974 et
3138 2919 3428 2992 imperium
3463 2921 3519 2977 in

1912 3006 2114 3062 saecula
2143 3007 2489 3064 saeculorum.
2521 3009 2720 3067 Amen.

2385 3103 2671 3161 HOMILIA
2708 3105 3050 3164 SECUNDA.

182 3208 337 3265 exiet
363 3221 437 3262 ex
467 3218 566 3258 ore
593 3215 754 3258 meo:
786 3197 915 3271 quia
947 3213 1066 3253 cum
1106 3197 1207 3252 δίνη
1247 3195 1423 3262 homo,
1469 3203 1518 3249 ει
1541 3189 1810 3248 immunda
1834 3188 1880 3252 C
1913 3195 1993 3253 De
2019 3214 2079 3253 eo
2107 3197 2247 3269 quod
2271 3198 2521 3270 scriptum
2546 3208 2656 3256 est:
2688 3201 2832 3259 Ecce
2876 3205 3030 3276 virgo
3060 3204 3115 3261 in
3153 3210 3313 3262 utero
3343 3209 3528 3264 conci-

185 3299 330 3356 labia
362 3298 607 3362 habeam,
641 3296 696 3350 in
725 3292 897 3348 medio
922 3307 1124 3364 quoque
1151 3289 1334 3364 populi
1354 3287 1637 3359 ,immunda
1669 3283 1810 3340 labia

185 3393 431 3449 habentis
471 3389 668 3445 habito.
702 3385 988 3458 Seraphim
1015 3383 1163 3456 quod
1204 3382 1432 3438 missum
1481 3379 1605 3448 fuit,
1651 3393 1810 3434 mun-

188 3488 344 3544 davit
385 3484 536 3542 labia
581 3481 894 3552 Prophetas,
945 3492 1056 3536 non
1090 3476 1374 3533 mundavit
1419 3483 1604 3532 autem
1666 3471 1811 3528 labia

190 3579 410 3652 populi.
470 3576 770 3632 Conlessus
821 3582 908 3630 est
956 3572 1106 3628 enim
1157 3570 1274 3642 ipse
1336 3567 1619 3625 immunda
1663 3565 1812 3621 labia

191 3691 252 3733 se
296 3675 533 3741 habere,
575 3679 633 3728 et
660 3671 716 3726 in
753 3669 939 3726 medio
987 3667 1171 3740 populi
1202 3665 1479 3722 immunda
1524 3664 1666 3720 labia
1705 3661 1806 3717 ha-

191 3771 380 3830 bentis
405 3767 680 3824 habitare.
704 3765 815 3823 Sed
843 3764 948 3822 hoc
965 3762 1110 3835 quod
1136 3763 1365 3819 missum
1392 3769 1476 3818 est
1495 3756 1811 3830 Seraphim,

2338 3293 2470 3363 piet,
2500 3303 2607 3350 etc.
2634 3291 2768 3365 Cap.
2804 3295 2917 3353 VII.

1989 3387 2201 3461 1107
2229 3387 2271 3443 Ι.
2319 3387 2591 3455 Quantum
2622 3390 2690 3446 ad
2719 3390 2924 3446 dictum
2953 3393 3172 3462 attinet,
3213 3396 3522 3454 verecunde

1915 3478 2044 3537 fecit
2093 3479 2298 3548 Achaz,
2349 3496 2473 3536 cum
2524 3483 2577 3538 ei
2623 3480 2818 3538 fuisset
2857 3485 3207 3555 imperatum,
3267 3497 3328 3544 ut
3375 3497 3526 3558 pete-

1916 3583 2002 3630 ret
2057 3575 2271 3646 signum
2331 3575 2386 3629 in
2449 3574 2778 3645 profundum
2839 3585 2932 3632 aut
2993 3577 3048 3634 in
3109 3579 3413 3649 excelsum,
3468 3588 3524 3638 et

1915 3667 2184 3723 rationem
2202 3667 2554 3724 reddiditcur
2590 3677 2779 3740 petere
2803 3669 3050 3727 noluerit
3073 3672 3090 3741 (
3110 3671 3244 3727 Isai.
3273 3690 3342 3730 vn
3361 3674 3402 3750 ).
3437 3679 3524 3732 Ait

1918 3761 2151 3832 quippe:
2172 3759 2295 3815 Non
2307 3769 2500 3834 petam,
2519 3769 2567 3817 et
2581 3779 2683 3817 non
2697 3762 2902 3819 tentabo
2919 3763 3215 3822 Dominum.
3232 3766 3331 3824 Est
3347 3778 3526 3827 tamen

193 3883 307 3922 non
337 3861 831 3937 judicavitdignos
855 3873 980 3917 csse
1015 3859 1084 3914 de
1125 3857 1349 3930 populo,
1398 3864 1458 3912 ut
1499 3865 1556 3912 et
1595 3854 1816 3910 illorum
1921 3868 2090 3925 super
2111 3853 2216 3910 hoc
2243 3855 2416 3911 verbo
2441 3855 2715 3926 culpatus.
2747 3865 2802 3912 et
2828 3857 3032 3914 dicitur
3058 3859 3126 3916 ad
3153 3876 3278 3917 eum
3309 3865 3531 3922 :Auditc

195 3960 350 4016 labia
394 3954 754 4021 emundaret,
779 3963 834 4010 et
858 3953 1068 4010 idcirco
1098 3950 1277 4007 adhuc
1306 3948 1472 4021 impie
1513 3955 1702 4019 agunt,
1732 3945 1820 4002 id.
1922 3963 2082 4014 nunc,
2115 3947 2300 4002 domus
2321 3945 2527 4004 David:
2551 3946 2822 4017 Numquid
2843 3949 3102 4006 modicum
3125 3953 3267 4008 vobis
3287 3965 3532 4025 prwstarc

194 4053 357 4108 circo
388 4048 574 4106 adhuc
611 4047 823 4120 nos
846 4044 1080 4102 Domino
1109 4058 1234 4099 meo
1253 4041 1381 4098 Jesu
1407 4041 1632 4097 Christo
1665 4054 1824 4112 repu-
1925 4049 2181 4098 certamen
2209 4041 2530 4111 hominibus,
2555 4051 2602 4097 et
2630 4043 2888 4114 quomodo
2913 4043 3137 4098 Domino
3153 4051 3408 4117 prtzslalt's
3424 4067 3533 4104 cer—

193 4158 396 4220 gnant,
414 4142 601 4200 adhuc
623 4142 676 4199 ei
703 4138 1042 4198 maledicunt
1062 4136 1361 4194 immundis
1381 4134 1562 4191 labiis.
1590 4135 1706 4206 Ego
1722 4149 1822 4190 au-
1927 4137 2136 4190 tamen?
2157 4135 2361 4191 Deinde
2385 4134 2590 4191 dicitur
2618 4135 2738 4191 haec
2767 4136 3123 4206 repromissio
3149 4157 3162 4194 :
3199 4137 3326 4196 Ideo
3351 4139 3536 4197 Domi-

201 4253 315 4299 tem
334 4251 566 4311 precor,
581 4244 640 4292 ut
657 4235 885 4292 veniens
899 4232 1214 4303 Seraphim,
1234 4228 1499 4288 emundet
1522 4228 1665 4284 labia
1679 4243 1822 4284 mea.

1930 4245 2027 4284 nus
2051 4229 2161 4301 ipse
2184 4227 2323 4282 dabit
2349 4229 2492 4284 vobis
2514 4229 2740 4302 signum.
2777 4225 2913 4284 Ecce
2935 4231 3077 4304 virgo
3106 4231 3165 4286 in
3193 4241 3338 4288 utero
3359 4237 3535 4290 conci-

277 4334 345 4390 V.
370 4331 448 4397 Et
469 4347 641 4402 regem
672 4327 950 4384 Dominum
968 4323 1202 4383 Sabaoth
1230 4323 1334 4379 vidi
1361 4322 1524 4378 oculis
1547 4322 1694 4376 meis.
1715 4321 1829 4377 Cur
1931 4322 2056 4391 piet,
2091 4331 2140 4377 et
2164 4321 2331 4392 pariet
2347 4322 2538 4393 ﬁlium,
2554 4333 2600 4378 et
2622 4321 2824 4377 vocabis
2849 4339 3037 4378 nomen
3063 4327 3180 4398 ejus
3200 4325 3533 4386 Emmanuel.

199 4442 313 4484 non
333 4422 662 4481 dicamusin
677 4419 935 4493 praesenti
953 4417 1298 4475 traditionem
1310 4413 1832 4487 quamdamludteo-
1934 4415 2061 4472 Haec
2083 4424 2446 4487 exponantur,
2469 4425 2524 4472 et
2545 4415 2612 4472 de
2634 4416 2862 4487 reliquis
2881 4416 3208 4488 videbimus,
3227 4421 3538 4492 indigentes

199 4537 329 4578 rum
367 4514 730 4574 verisimilem
753 4513 997 4586 quidem,
1029 4526 1132 4568 nec
1162 4519 1341 4567 tamen
1369 4522 1579 4574 veram,
1607 4517 1664 4566 et
1685 4507 1833 4564 solu—
1934 4519 1991 4567 et
2020 4509 2076 4566 in
2127 4509 2239 4566 illis
2285 4503 2458 4581 gratia
2491 4508 2586 4566 Dei
2626 4517 2686 4564 ut
2735 4509 3175 4568 manifestentur.
3207 4515 3440 4573 Juhetur
3482 4529 3536 4574 ttt

203 4618 425 4671 tionem
483 4607 601 4680 ejus
643 4621 812 4678 quare
862 4621 972 4662 non
1020 4601 1404 4661 inveniamus?
1453 4601 1621 4658 Aiunt
1665 4601 1821 4666 ideo,
1849 4591 1904 4654 D
1929 4610 2081 4674 petat
2123 4602 2359 4674 signum,
2406 4617 2514 4658 non
2545 4600 2888 4673 simpliciter,
2917 4603 3013 4659 sed
3059 4605 3161 4662 sibi
3193 4607 3316 4678 ipsi.
3345 4611 3538 4666 Sermo

203 4710 418 4768 Isaiam
446 4719 570 4761 esse
603 4712 625 4739 ³
647 4711 854 4758 sectum
875 4715 904 4756 a
926 4701 1151 4772 populo,
1176 4697 1332 4771 quasi
1364 4697 1539 4769 legem
1565 4694 1830 4766 prrevari-
1929 4693 2136 4765 quippe
2161 4693 2235 4748 ait
2261 4710 2275 4748 :
2301 4692 2433 4749 Pete
2455 4694 2546 4748 tibi
2569 4695 2776 4766 signum
2795 4692 3069 4751 aDomino
3088 4696 3200 4753 Deo
3219 4710 3306 4756 tuo
3335 4703 3392 4756 in
3420 4719 3542 4775 pro-

203 4812 468 4864 cantem,
493 4807 546 4852 et
573 4804 730 4852 extra
750 4794 1068 4862 Scripturas
1089 4787 1828 4859 annuntiantem.Scriptura
1934 4786 2155 4860 fundum
2178 4795 2267 4841 aut
2294 4787 2350 4841 in
2379 4785 2655 4842 excelsum.
2684 4787 3032 4858 Pr0positum
3063 4800 3148 4846 est
3187 4793 3397 4865 signum
3432 4795 3539 4850 Do-

205 4897 365 4954 cnim
395 4889 538 4948 dicit
562 4907 574 4943 :
603 4887 771 4944 Nemo
789 4887 974 4942 videbit
989 4885 1175 4957 faciem
1191 4899 1379 4951 meam,
1398 4891 1446 4938 et
1465 4882 1598 4937 vivet
1618 4881 1640 4954 (
1656 4880 1828 4936 Exod.

1932 4880 2112 4936 minus
2155 4894 2310 4936 meus
2333 4879 2496 4936 Iesus
2541 4877 2812 4935 Christus.
2845 4880 2960 4938 Hoc
3005 4885 3152 4940 enim
3183 4893 3269 4940 est
3317 4886 3536 4957 signum

206 4984 458 5056 χχχιιι).
485 4983 587 5038 Iste
609 4997 741 5036 vero
761 4980 871 5034 ait:
903 4977 1026 5033 Vidi
1045 4976 1324 5033 Dominum
1343 4973 1594 5032 Sabaoth.
1617 4975 1834 5048 Moyses
1936 4975 2081 5046 quod
2123 4975 2348 5045 jubetur
2379 4981 2441 5029 ut
2479 4973 2582 5029 sibi
2615 4974 2856 5045 postulet
2901 4978 2955 5031 in
2983 4977 3316 5048 profundum
3347 4993 3440 5035 aut
3484 4981 3537 5037 in

207 5078 454 5157 (aiunt)
489 5091 596 5132 non
627 5059 782 5138 vidit,
815 5082 870 5130 et
898 5082 954 5128 tu
984 5072 1188 5128 vidisti.
1223 5073 1294 5128 Et
1321 5077 1546 5142 propter
1573 5069 1677 5126 hoc
1703 5083 1828 5124 eum

207 5178 550 5237 secuerunt,
572 5181 629 5226 et
650 5168 1154 5226 condemnaverunt
1181 5179 1306 5223 eum
1337 5172 1396 5220 ut
1434 5162 1682 5234 impium.
1713 5162 1830 5218 Non

1940 5068 2242 5126 excelsum.
2273 5067 2333 5123 In
2359 5067 2682 5139 profundum
2704 5069 2944 5138 quidem,
2973 5070 3098 5142 quia
3119 5071 3207 5141 qui
3231 5071 3541 5139 descendit,

1943 5166 2061 5234 Ipse
2098 5169 2204 5219 est.
2248 5161 2306 5216 In
2336 5161 2616 5218 excelsum
2649 5176 2802 5230 vero,
2833 5163 2956 5233 quia
2985 5163 3078 5234 qui
3105 5163 3354 5222 ascendit
3381 5179 3545 5239 super

209 5269 374 5325 enim
427 5261 676 5318 sciebant
713 5262 839 5333 quia
886 5259 1096 5316 duabus
1123 5257 1224 5314 alis
1271 5255 1592 5312 velaverunt
1639 5253 1835 5311 faciem
1941 5269 2136 5312 omnes
2159 5255 2354 5322 caelos,
2375 5255 2493 5326 ipse
2523 5262 2628 5311 est.
2658 5254 2786 5310 Mihi
2817 5265 3001 5312 autem
3035 5256 3139 5312 hoc
3165 5256 3376 5328 signum
3418 5276 3539 5332 pro-

211 5363 318 5421 Dei
349 5356 671 5428 Seraphim.
709 5355 830 5411 Vidi
855 5355 1161 5423 Dominum,
1194 5351 1290 5410 sed
1321 5351 1510 5408 faciem
1557 5366 1665 5410 non
1696 5350 1838 5408 vidit
1942 5349 2178 5422 positum
2210 5347 2474 5405 Dominus
2499 5361 2653 5405 meus
2672 5345 2831 5404 Jesus
2856 5345 3104 5404 Christus
3131 5347 3184 5404 in
3214 5350 3541 5421 profundum

295 5558 324 5586 α
361 5547 642 5613 Perquam
669 5543 954 5614 eleganter
983 5544 1206 5600 llieron.
1240 5536 1444 5614 in_lsai.
1466 5552 1591 5610 cap.
1610 5555 1628 5595 ι
1649 5556 1669 5614 :_
1688 5539 1848 5614 Aiunt

218 5617 453 5680 Hebrtei
477 5609 540 5670 ob
567 5618 698 5671 duas
723 5609 906 5670 causas
934 5617 1255 5688 interfectum
1277 5611 1499 5688 Isaiam,
1530 5609 1669 5683 quod
1696 5609 1846 5688 prin-

215 5697 370 5766 cipes
398 5687 751 5766 Sodomorum
765 5696 820 5766 _et
841 5680 1092 5766 populum
1113 5684 1418 5766 Gomorrhte
1440 5680 1850 5766 eos'appellave-

215 5753 294 5821 ri't
318 5779 340 5830 ;
377 5767 437 5814 et
463 5762 600 5830 quod
627 5753 852 5816 Domino
865 5753 1065 5815 dicente
1091 5761 1160 5815 ad
1187 5758 1420 5831 Moysem
1438 5772 1458 5812 .'
1495 5753 1850 5831 l‘jonpoteris

219 5825 435 5894 videre
458 5825 654 5888 faciem
677 5846 877 5897 meam,
901 5835 996 5888 iste
1014 5848 1173 5888 ausus
1199 5825 1488 5896 sitdicere;
1513 5825 1845 5884 VidiDomi-

553 5923 1094 5988 PA'rnt)L.XXIV.

1955 5551 2082 5593 num
2095 5535 2382 5611 sedentem
2403 5549 2568 5607 super
2590 5534 2846 5611 thronum
2869 5533 3147 5611 excelsum
3161 5545 3222 5611 et
3236 5537 3504 5597 elevatum
3532 5559 3550 5611 ;

1954 5625 2058 5664 non
2091 5606 2627 5682 considerantesqu
2655 5607 2841 5682 faciem
2884 5616 2932 5660 et
2948 5607 3127 5682 _pedes_
3149 5606 3248 5682 Dei
3282 5611 3386 5666 sive
3408 5606 3550 5682 suos,

1954 5682 2078 5752 quia
2095 5681 2152 5736 in
2168 5681 2392 5736 Hebraeo
2417 5679 2656 5754 ambigue
2689 5677 2897 5754 legitur,
2937 5677 3214 5754 Seraphim
3239 5683 3481 5754 texerint,
3505 5677 3554 5743 et

1954 5747 2126 5808 media
2155 5763 2352 5809 tantum
2395 5757 2508 5826 ejus
2539 5747 2708 5807 Isaias
2730 5747 2917 5804 vidisse
2941 5766 2996 5804 se
3022 5747 3230 5808 scribat.

3181 5919 3261 5984 29
