4080 6326
229 254 331 320 909
690 240 1128 312 TRANSLATIO
1168 237 1600 309 ttoutuAuuu
1641 247 1968 308 outGENts
2009 243 2074 304 IN
2125 247 2434 310 VISIUNES
2475 250 2702 309 lSAl/E.
2746 250 2916 308 Ι-ΙΟΜ.
2958 251 3045 308 lll.
3414 254 3520 314 9-10

233 388 355 439 rus,
385 379 444 425 ut
467 369 800 426 iitdutccntur
827 369 1004 439 fauces
1030 375 1136 422 tum
1163 364 1348 440 (Prov.
1381 381 1536 433 xxiv,
1575 365 1689 436 15).
1720 363 1824 419 Pu-
1859 370 1904 426 Α
1933 366 2317 435 repromittunt
2349 375 2409 422 ut
2451 383 2607 424 suum
2643 384 2836 440 panem
2885 368 3234 436 manducent,
3268 378 3323 427 et
3353 374 3524 428 vesti-

235 475 408 535 tasne,
438 465 541 522 hoc
563 463 696 521 dicit
740 462 982 534 Spiritus
1013 471 1232 517 sanctus
1254 503 1267 526 ,
1299 459 1522 516 comede
1545 458 1650 514 mel
1683 457 1822 527 quod
1931 459 2131 516 mentis
2170 461 2285 516 suis
2317 461 2656 532 operiuntur.
2689 462 2804 518 Non
2840 479 3065 518 necesse
3100 463 3298 520 habent
3330 481 3522 534 panem

233 563 286 620 in
313 578 412 619 usu
441 570 561 629 est,
594 560 795 614 bonum
823 557 969 612 enim
999 556 1118 611 est?
1146 557 1256 626 Ego
1281 570 1390 609 non
1415 553 1592 608 audeo
1621 553 1824 620 dicere,
1929 554 2048 620 ejus
2072 595 2085 619 ,
2117 553 2210 607 sed
2244 567 2443 610 nomen
2477 553 2594 626 ejus
2625 555 2716 625 qui
2749 556 3102 627 opprobrium
3133 573 3320 613 earunt
3356 560 3526 628 possit

233 654 354 728 quia
379 653 448 711 de
476 653 640 709 melle
667 664 936 720 corporeo
960 649 1092 703 mihi
1117 647 1396 718 pracipiat
1417 647 1651 718 Spiritus
1674 660 1831 701 sanc-
1929 645 2166 702 auferre.
2195 645 2309 702 Non
2341 648 2583 720 indigent
2606 649 2944 705 vestimentis
2981 647 3216 706 hominis
3243 666 3404 722 quem
3440 667 3529 708 as-

235 756 345 814 tus,
379 745 608 804 comede
637 744 770 800 mel.
804 743 944 798 Ecce
967 756 1074 797 non
1098 741 1296 808 habeo,
1325 749 1418 795 aut
1445 749 1592 796 certe
1623 747 1830 794 natum
1932 748 2174 794 sumunt.
2219 739 2441 796 Meliora
2489 741 2690 797 habent
2731 742 3092 810 vestimenta,
3148 759 3306 814 quam
3351 755 3530 816 potest

236 839 546 913 bujusmodi
577 855 700 894 sum
719 881 734 905 ,
763 847 823 892 ut
853 836 922 892 de
945 834 1110 890 melle
1131 833 1420 890 comedere
1446 849 1552 888 non
1587 831 1786 904 possim
1816 849 1830 886 :
1935 832 2016 888 eis
2046 831 2208 888 homo
2257 843 2539 904 praestare.
2591 831 2876 891 Lautior-cs
2908 835 3110 891 habent
3137 837 3290 896 cibos
3309 883 3322 904 ,
3369 853 3530 909 quam

238 951 341 1009 qua
373 934 588 990 ratione
616 932 754 987 mihi
785 929 950 998 dicit,
982 927 1220 984 comede.
1249 928 1395 996 mel,
1426 935 1481 982 et
1511 926 1618 982 noli
1648 941 1832 982 eome-
1936 927 2181 984 conditio
2236 937 2414 999 potest
2464 929 2694 986 humana
2749 929 2960 1003 largiri.
3019 927 3192 1002 Cujus
3239 947 3372 1004 ergo
3426 933 3539 988 sint

237 1028 370 1086 dere
422 1042 650 1092 mnes,
700 1025 798 1080 sed
853 1023 1102 1087 comede,
1131 1022 1236 1089 fili,
1291 1022 1440 1089 mel;
1493 1023 1694 1077 bonum
1753 1029 1838 1077 est
1938 1032 2148 1114 septem
2194 1023 2493 1091 mulieres,
2543 1031 2599 1080 et
2643 1024 2788 1096 quod
2831 1019 2902 1080 sit
2928 1026 3282 1096 Opprobrinm
3315 1043 3535 1089 earum,

239 1124 404 1181 enim.
453 1121 514 1178 Si
551 1120 743 1176 videas
791 1134 922 1190 apes
973 1117 1310 1188 Prophetas,
1366 1127 1420 1171 et
1458 1131 1600 1186 opus
1647 1129 1838 1170 eorum
1939 1113 2159 1186 dignum
2191 1123 2277 1171 est
2306 1115 2679 1174 considerare.
2717 1114 2937 1188 Septem
2971 1117 3229 1176 mulieres
3263 1135 3367 1175 una
3391 1131 3539 1186 sunt,

239 1215 400 1276 mella
433 1214 520 1270 vel
543 1214 724 1280 favos,
759 1222 888 1268 tunc
918 1211 1127 1268 videbis
1157 1209 1432 1281 quomodo
1463 1225 1558 1278 pro
1580 1209 1844 1278 dignitate
1942 1207 2178 1279 Spiritus
2219 1213 2362 1266 enim
2397 1209 2494 1267 Dei
2541 1221 2686 1267 sunt.
2718 1207 2782 1266 Et
2833 1211 2931 1268 ista
2976 1229 3101 1280 una,
3133 1225 3350 1286 septem
3393 1225 3540 1271 sunt.

239 1313 414 1372 sancti
444 1311 684 1382 Spiritus
715 1307 1021 1379 intelligas,
1055 1304 1282 1362 comede
1312 1305 1456 1372 mei,
1483 1304 1589 1371 ﬁli;
1638 1305 1838 1360 bonum
1947 1303 2186 1372 Spiritus
2213 1303 2357 1359 enim
2392 1304 2490 1360 Dei
2519 1313 2604 1360 est
2643 1303 2870 1375 Spiritus
2901 1307 3184 1376 sapientia:
3224 1317 3277 1364 et
3302 1309 3549 1365 intellec-

241 1414 326 1465 est
353 1407 524 1463 enim.
554 1401 756 1474 Siquis
783 1399 1076 1457 meditatr
1096 1398 1315 1469 eloquia
1343 1398 1557 1465 divina,
1583 1405 1637 1453 et
1668 1394 1844 1451 nutri-
1947 1405 2057 1464 tus,
2090 1397 2314 1468 Spiritus
2362 1397 2573 1454 consilii
2611 1407 2664 1453 et
2693 1397 2931 1462 virtutis,
2961 1399 3182 1470 spiritus
3224 1401 3469 1456 scientia:
3501 1412 3556 1456 et

245 1508 332 1558 tur
363 1497 714 1556 sermonibus
758 1495 1161 1566 Seripturarum
1185 1536 1200 1562 ,
1230 1493 1499 1562 compleat
1528 1491 1841 1547 mandatum
1949 1490 2200 1560 pietatis,
2242 1489 2464 1562 spiritus
2505 1491 2718 1546 timoris
2767 1487 2983 1547 Domini
3012 1489 3170 1563 (Isai.
3204 1491 3310 1566 xl).
3337 1494 3444 1549 Ista
3469 1508 3556 1548 Sa-

246 1593 490 1650 divinum
515 1590 746 1662 jubens,
776 1585 1000 1644 comede
1030 1585 1168 1654 mel,
1219 1585 1298 1640 till
1329 1601 1341 1639 :
1379 1595 1434 1642 et
1467 1585 1669 1641 faciens
1700 1584 1844 1655 quod
1949 1586 2155 1658 pientia
2205 1587 2408 1658 patitur
2451 1587 2809 1659 opprobrium
2841 1603 2867 1640 a
2920 1587 3106 1643 multis
3142 1587 3428 1658 sapientiis
3474 1588 3558 1643 in-

244 1685 453 1758 iussum
484 1693 598 1752 est,
644 1682 850 1754 petitur
891 1694 1179 1744 sermone,
1215 1680 1306 1751 qui
1338 1681 1604 1751 sequitur,
1636 1679 1846 1734 Bonum
1951 1681 2299 1753 surgentibus
2328 1681 2382 1737 in
2415 1697 2497 1740 se.
2533 1680 2640 1738 lste
2666 1698 2830 1738 verus
2856 1681 3176 1740 intellectus
3207 1682 3438 1740 sustinet
3465 1698 3562 1755 op-

251 1787 340 1837 est
361 1777 528 1834 enim.
557 1774 693 1845 Quia
726 1774 928 1830 bonum
956 1783 1040 1828 est
1060 1771 1166 1827 hoc
1196 1771 1334 1838 mel,
1361 1771 1504 1843 quod
1529 1770 1582 1826 in
1607 1771 1852 1841 Scriptu-
1879 1769 1929 1831 Β
1959 1775 2236 1844 probrium
2261 1775 2330 1832 ab
2359 1776 2736 1833 intellectibus
2769 1777 2938 1835 falsis.
2973 1777 3118 1835 Istud
3151 1794 3406 1850 magnum
3431 1793 3564 1834 con-

251 1873 326 1930 ris
355 1872 652 1928 invenitur.
682 1869 836 1937 Quod
882 1877 1062 1924 autem
1102 1867 1343 1923 dicitur:
1375 1867 1528 1922 Vade
1554 1866 1620 1922 ad
1660 1881 1846 1937 apem,
1956 1869 2135 1924 silium
2167 1870 2540 1941 opprobratur
2562 1886 2589 1924 a
2617 1871 2803 1928 multis
2834 1871 3081 1928 consiliis
3114 1889 3220 1926 non
3252 1872 3434 1930 bonis.
3463 1873 3566 1927 Ista

251 1963 560 2032 istiusmodi
578 1973 686 2020 est.
711 1963 806 2018 Est
832 1962 1080 2031 quadam
1103 1961 1190 2030 (ut
1216 1961 1291 2015 ita
1319 1959 1516 2029 dicam)
1543 1959 1663 2030 apis
1690 1973 1856 2029 super
1957 1961 2128 2019 virtus
2161 1963 2506 2020 maledicitur
2538 1981 2565 2018 a
2599 1963 2831 2038 quadam
2853 2007 2870 2034 ,
2900 1983 3026 2037 qua:
3051 1982 3174 2021 cum
3210 1983 3318 2024 non
3351 1967 3424 2024 sit
3452 1970 3567 2024 vir.

251 2077 386 2131 apes
416 2079 428 2113 :
475 2069 530 2116 et
567 2057 846 2130 quomodo
893 2057 1038 2110 inter
1079 2068 1218 2124 apes
1243 2069 1341 2109 rex
1375 2053 1594 2124 quidam
1642 2062 1724 2108 est
1763 2053 1852 2122 qui
1959 2065 2075 2125 tus,
2107 2057 2439 2128 repromittit
2469 2073 2528 2116 se
2556 2074 2681 2114 esse
2709 2059 2994 2115 virtutem.
3033 2061 3138 2116 ista
3168 2061 3400 2118 scientia
3435 2064 3572 2132 pati-

254 2157 569 2214 nominatur
595 2168 718 2208 esse
747 2167 840 2208 rex
867 2171 881 2205 z
915 2152 994 2206 sie
1026 2149 1279 2222 princeps
1300 2164 1462 2220 apum
1489 2148 1744 2202 Dominus
1775 2154 1858 2202 est
1960 2158 2048 2206 tur
2076 2151 2436 2220 approbrium
2465 2168 2495 2207 a
2527 2151 2760 2226 quadam
2795 2153 2911 2209 falsi
2941 2154 3185 2210 nominis
3215 2155 3448 2214 scientia
3477 2171 3576 2211 no-

252 2252 412 2312 Jesus
438 2247 712 2312 Christus,
741 2247 814 2302 ad
841 2261 1005 2317 quem
1035 2245 1204 2300 mittit
1230 2258 1324 2298 me
1351 2242 1586 2314 Spiritus
1612 2248 1852 2310 sanctus,
1962 2261 2084 2301 men
2130 2261 2288 2301 suum
2321 2245 2680 2316 subripiente.
2714 2243 2820 2302 [Sta
2865 2248 3042 2316 pietas
3095 2251 3468 2318 exprobratur
3509 2251 3578 2306 ab

255 2354 312 2402 ut
343 2342 625 2400 comedam
659 2341 770 2395 mel
790 2383 804 2408 ,
841 2340 1042 2395 bonum
1071 2349 1156 2394 est
1184 2338 1360 2402 enim,
1393 2347 1446 2392 et
1479 2334 1634 2390 favus
1663 2335 1779 2406 ejus
1803 2342 1862 2388 ut
1963 2353 2047 2404 ea,
2085 2355 2206 2408 quae
2234 2355 2355 2393 cum
2389 2355 2448 2394 se
2473 2340 2615 2398 dicat
2645 2356 2768 2396 esse
2796 2342 3077 2411 pietatem,
3112 2341 3366 2412 impietas
3389 2353 3494 2407 est,
3525 2352 3584 2397 et

254 2436 600 2497 indulcentur
631 2432 817 2490 fauces
845 2447 1004 2489 meat.
1044 2431 1110 2486 Et
1138 2429 1278 2486 forte
1319 2429 1634 2485 subtiliores
1663 2428 1867 2482 litterae
1966 2431 2164 2501 impios
2188 2427 2436 2488 instruit.
2464 2431 2572 2488 lste
2601 2431 2764 2489 timor
2789 2435 2992 2504 patitur
3024 2434 3380 2506 opprobrium
3411 2435 3482 2490 ab
3513 2451 3582 2491 eo

256 2531 366 2588 favi
388 2539 582 2596 erant,
620 2529 728 2583 uel
758 2539 890 2582 vero
913 2536 997 2581 est
1037 2525 1130 2594 qui
1162 2523 1220 2577 in
1266 2523 1351 2576 bis
1399 2533 1482 2576 est
1523 2521 1859 2576 intellectus.
1967 2525 2056 2593 qui
2089 2530 2311 2594 putatur
2340 2538 2462 2580 esse
2496 2525 2678 2580 timor.
2714 2527 2871 2582 Multi
2903 2527 3046 2582 enim
3076 2528 3406 2599 pollicentur
3438 2529 3577 2583 divi-

257 2625 372 2683 lste
399 2640 566 2696 porro
594 2622 690 2695 qui
717 2630 808 2678 est
850 2630 1010 2675 natus
1057 2637 1124 2673 ex
1145 2619 1360 2689 virgine
1389 2617 1732 2681 Emmanuel,
1767 2616 1866 2670 bu-
1969 2632 2096 2672 num
2126 2629 2328 2673 metum
2353 2661 2368 2684 ,
2400 2619 2494 2678 sed
2539 2636 2649 2675 non
2678 2635 2802 2676 cum
2838 2621 3070 2676 scientia
3121 2632 3393 2677 metuunt.
3439 2623 3586 2691 Quo-

259 2731 442 2795 tyrum
485 2728 543 2776 et
582 2719 688 2775 mel
727 2717 1019 2772 manducat
1043 2755 1057 2779 ,
1110 2722 1163 2767 et
1210 2713 1408 2784 quierit
1439 2712 1506 2766 ab
1537 2723 1866 2782 unoquoque
1971 2711 2134 2767 modo
2166 2728 2296 2784 ergo
2320 2710 2441 2767 istm
2469 2723 2680 2783 septem
2711 2713 2992 2784 patiuntur
3020 2716 3378 2788 opprobrium
3409 2760 3424 2785 ,
3454 2734 3584 2773 con-

257 2825 510 2875 nostrum
559 2813 814 2884 butyrum
868 2809 1220 2864 manducare.
1261 2804 1550 2874 Quomodo
1579 2819 1607 2858 a
1639 2801 1869 2872 singulis
1972 2807 2297 2863 sidcrcmus.
2332 2805 2468 2862 Vide
2500 2805 2822 2878 sapientiam
2877 2810 3060 2864 saeculi
3113 2809 3309 2880 hujus,
3343 2813 3467 2868 vide
3496 2827 3586 2866 sa-

258 2917 510 2968 nostrnm
557 2907 818 2977 butyrum
859 2903 1057 2974 quaerit
1101 2907 1158 2956 et
1188 2898 1318 2964 mel,
1367 2912 1556 2953 sermo
1599 2894 1868 2952 cdocebit
1973 2901 2235 2971 pientiam
2285 2901 2590 2973 principum
2625 2903 2811 2958 mundi
2845 2903 3043 2974 hujus,
3074 2906 3350 2976 quomodo
3382 2923 3579 2977 expro-

259 3005 440 3074 θρα-ι
493 3012 682 3056 nostra
723 2999 924 3065 dulcia,
959 3009 1246 3051 sermones
1276 2992 1452 3048 nostri
1479 2990 1790 3046 suavissimi
1818 2999 1872 3044 et
1975 2991 2480 3063 brantsap-ientiam
2495 2993 2699 3049 Christi
2723 2995 2852 3062 mei,
2879 2999 3227 3068 etquomodo
3251 3000 3588 3070 exprobrant

265 3102 432 3159 utiles
456 3143 470 3166 ,
505 3095 663 3152 mdia
715 3103 841 3150 sunt
875 3107 996 3164 quae
1037 3090 1325 3146 ntandueat
1357 3086 1716 3154 Emmanuel,
1754 3100 1874 3155 qua:
1903 3148 1942 3166 η
1977 3085 2300 3157 sapientiam
2343 3086 2612 3142 Judaismi
2642 3089 2792 3154 veri,
2831 3089 2983 3159 juxta
3013 3105 3172 3162 quem
3209 3108 3307 3146 nos
3353 3094 3586 3149 circum-

261 3191 563 3253 manducat
588 3188 694 3243 iste
720 3187 818 3258 qui
848 3194 1010 3241 natus
1031 3195 1110 3239 est
1137 3184 1210 3238 de
1240 3181 1482 3253 Virgine.
1512 3180 1572 3236 Si-
1600 3193 1732 3234 rero
1757 3191 1873 3233 ser-
1899 3148 1945 3212 (ἶ
1978 3179 2210 3238 cidimur
2237 3179 2561 3250 spiritaliter
2582 3223 2596 3246 ,
2632 3181 2721 3234 isti
2747 3197 2876 3237 vero
2916 3148 3308 3250 prmciduntur.
3334 3183 3588 3255 lotellige

265 3299 468 3345 mones
488 3281 662 3338 nostri
693 3277 1056 3334 amaritudine
1089 3275 1232 3347 pleni
1265 3283 1387 3329 sunt
1415 3315 1429 3340 ,
1465 3273 1541 3328 ira
1570 3317 1584 3340 ,
1616 3269 1878 3326 animosi-
1979 3272 2163 3345 itaque
2187 3273 2462 3346 quomodo
2494 3273 2763 3344 Sapientia
2797 3273 2979 3330 saeculi
3003 3275 3160 3346 hujus
3193 3288 3246 3331 et
3278 3279 3586 3349 principum

263 3386 380 3438 tate
401 3419 414 3446 ,
471 3375 718 3432 molestia
739 3413 754 3439 ,
814 3370 1148 3442 turpiloquio
1173 3410 1188 3436 ,
1244 3366 1392 3423 vitiis
1417 3408 1430 3431 ,
1487 3363 1868 3430 contentione,
1981 3367 2168 3424 mundi
2195 3368 2374 3434 istius,
2403 3367 2736 3422 maledicunt
2770 3365 3051 3438 sapientia:
3085 3387 3096 3422 :
3133 3381 3186 3424 ct
3217 3371 3286 3422 ob
3310 3369 3410 3424 hoc
3443 3388 3592 3440 qum-

275 3475 502 3532 dedicin
532 3489 590 3528 οε
621 3486 794 3526 meum
821 3467 918 3542 fel,
951 3475 1006 3522 et
1034 3479 1148 3521 mm
1191 3462 1430 3520 comedit
1458 3462 1524 3515 ἔδει)
1557 3459 1643 3515 his
1670 3470 1878 3514 sermo-
1980 3465 2120 3520 ritur
2149 3465 2312 3517 homo
2338 3462 2428 3531 qui
2459 3479 2580 3516 cum
2613 3461 2734 3516 istis
2762 3471 2967 3532 septem
3006 3451 3345 3532 Spiritalibus
3377 3467 3589 3537 1112

271 3569 430 3628 πίθυῦ
476 3567 747 3623 Sillim")?-
783 3561 1046 3620 θοωεάει
1085 3568 1268 3614 Mller"
1291 3555 1547 3612 331mm
1573 3553 1641 3608 de
1667 3564 1880 3607 sel‘lﬂo-
1981 3556 2136 3610 velut
2164 3554 2480 3608 mulieribus
2513 3553 2619 3622 sit,
2654 3564 2713 3608 ut
2744 3551 2956 3610 auferat
2986 3570 3172 3610 earum
3207 3557 3585 3626 opprobrium.

275 3667 440 3724 nibus
467 3662 558 3734 qui
588 3669 716 3716 sunt
754 3657 896 3729 apud
951 3656 1235 3720 homines,
1269 3653 1312 3708 si
1351 3649 1555 3707 fuerint
1598 3660 1882 3703 sermones
1985 3645 2216 3717 PrOprie
2261 3661 2404 3700 unus
2435 3653 2522 3700 est
2562 3645 2725 3700 homo
2775 3649 2864 3715 qui
2899 3645 3113 3702 auferat
3149 3662 3336 3702 earum
3390 3664 3593 3719 nppt‘or

277 3772 474 3819 eorum
504 3757 632 3813 mel.
658 3752 1040 3826 Approbemus
1074 3751 1177 3805 hoc
1200 3747 1268 3804 de
1305 3742 1625 3816 Scripturis.
1652 3741 1790 3798 Ecce
1806 3751 1883 3794 sto
1986 3741 2187 3798 brium.
2221 3740 2353 3809 Quis
2401 3747 2486 3794 est
2531 3739 2634 3795 iste
2664 3739 2864 3795 homo?
2905 3735 3065 3797 Jesus
3104 3742 3194 3812 qui
3239 3743 3408 3798 exivit
3441 3743 3592 3814 juxta

281 3865 358 3922 ad
394 3863 616 3928 ostium,
659 3869 706 3913 et
739 3857 908 3929 pulso.
945 3853 1005 3910 Si
1049 3851 1162 3920 quis
1187 3848 1450 3921 aperuerit
1492 3843 1622 3900 mihi
1660 3843 1846 3896 Ostium
1868 3884 1881 3908 ,
1989 3849 2207 3891 carnem
2240 3833 2305 3887 de
2339 3831 2519 3888 radice
2548 3831 2704 3929 Jesse
2741 3831 2914 3887 factus
2949 3848 3011 3888 ex
3041 3833 3251 3891 semine
3299 3835 3468 3890 David
3510 3853 3596 3892 se—

284 3955 552 4030 ingrediar
577 3925 646 4007 (id
681 3925 825 4016 cum,
858 3957 904 4004 et
935 3945 1141 4002 castrabo
1170 3959 1284 3999 cum
1313 3939 1406 3997 itio
1427 3982 1440 4006 ,
1471 3948 1524 3994 et
1548 3939 1636 3993 ille
1666 3949 1882 3990 mecum.
1990 3927 2224 3984 cundum
2249 3939 2490 3989 carnem,
2529 3925 2944 3994 prsedestinatus
2975 3926 3145 3982 Filius
3177 3927 3270 3984 Dei
3302 3929 3354 3983 iu
3388 3931 3590 3986 virtute

288 4019 476 4126 (λίβος.
509 4051 571 4106 in
593 4091 608 4118 ,
649 4045 766 4120 20).
796 4041 968 4116 Igitur
1008 4041 1126 4110 ipse
1166 4037 1456 4109 pollicetur
1485 4047 1544 4088 se
1573 4045 1638 4088 ex
1687 4027 1895 4084 nostris
1990 4021 2145 4126 juxta
2175 4019 2441 4126 Spiritum
2464 4019 2870 4126 justificatippis
2901 4019 3080 4094 (Rom.
3111 4021 3172 4096 1).
3219 4023 3363 4126 Euiit
3399 4025 3595 4096 quippe

289 4111 632 4206 Eénarmm'n
681 4111 965 4199 ηδδίέρυη]
999 4149 1121 4193 esse
1146 4177 1160 4202 ,
1189 4142 1397 4189 certum
1426 4137 1508 4186 cst
1539 4137 1717 4184 autem
1767 4123 1893 4195 quia
1995 4115 2024 4155 ιδ
2053 4117 2202 4187 virga
2235 4115 2302 4170 de
2328 4114 2513 4170 radice
2543 4111 2715 4170 Jesse.
2747 4113 2910 4186 Virga
2948 4133 3053 4171 non
3078 4127 3160 4172 est
3191 4117 3593 4190 primogenitus

291 4252 348 4301 et
373 4257 474 4299 nos
495 4255 617 4296 cum
641 4238 734 4294 illo
755 4247 1038 4292 cernamus
1062 4275 1075 4298 ,
1110 4230 1153 4286 si
1186 4240 1465 4284 coencmus
1501 4223 1672 4277 illum.
1702 4217 1897 4274 Come-
1999 4209 2178 4264 omnis
2209 4219 2505 4276 creaturas,
2543 4208 2691 4276 virga
2722 4224 2826 4263 non
2860 4219 2946 4263 est
2972 4209 3063 4279 qui
3095 4211 3148 4264 in
3184 4211 3451 4283 principio
3482 4229 3573 4268 cra

295 4337 431 4394 dens
459 4335 660 4406 quippe
682 4331 750 4386 de
782 4326 986 4384 nostris
1012 4324 1176 4381 bonis
1208 4315 1572 4382 sermonibus,
1615 4311 1894 4385 operibus,
2001 4302 2143 4406 apud
2171 4301 2339 4358 Deum
2369 4302 2513 4357 Deus
2537 4301 2804 4370 Verbum;
2829 4303 3105 4406 sed-virga
3125 4305 3194 4361 de
3216 4307 3402 4364 radice
3423 4307 3605 4377 Jesse,

301 4441 357 4489 et
384 4397 664 4487 intellectu
691 4469 706 4495 ,
747 4423 981 4496 repascit
1015 4435 1111 4476 nos
1142 4419 1254 4473 suis
1287 4425 1310 4453 τι
1344 4413 1484 4472 escis
1527 4407 1858 4482 spiritalibus
1883 4447 1896 4468 ,
2003 4399 2090 4456 cui
2117 4399 2270 4470 juxta
2306 4413 2526 4454 carnem
2561 4407 2722 4454 natus
2749 4410 2867 4466 est;
2911 4397 3052 4456 Exiit
3083 4402 3215 4456 enim
3246 4403 3391 4477 t't'rga
3420 4405 3484 4458 de
3523 4422 3610 4459 ra-

304 4534 361 4584 et
389 4523 610 4585 divinis,
641 4490 702 4578 et‘
724 4490 1060 4576 melioribus.
1097 4514 1385 4584 Propterea
1416 4508 1540 4579 quia
1573 4506 1785 4561 beatum
1818 4507 1903 4554 est

2008 4493 2119 4547 dice
2147 4490 2312 4556 Jesse,
2339 4500 2381 4547 et
2403 4493 2502 4562 ﬂos
2523 4494 2584 4546 de
2605 4492 2780 4547 radice
2805 4493 2916 4564 ejus
2943 4495 3196 4549 ascendit.
3217 4495 3349 4562 Quis
3374 4507 3457 4552 est
3486 4499 3607 4564 llos,

305 4553 361 4584 Cl.
389 4553 610 4585 UIVIIIIS;
641 4553 696 4578 CI.
726 4553 1060 4576 Iucuvuuua.
1097 4553 1117 4571 ι
1140 4553 1309 4584 ιυγιν.
1325 4553 1385 4564 υ..
1418 4553 1540 4579 ιιι-η.
1573 4553 1782 4561 ..υ--..νη
1828 4553 1897 4554 κη
2303 4553 2310 4556 _
2403 4553 2414 4562 υ
2827 4553 2845 4564 υ
3228 4553 3260 4562 ~
3597 4553 3608 4564 Ι

305 4622 585 4691 suscipere
611 4614 979 4679 Salvatorem,
1022 4610 1226 4682 apertis
1259 4605 1412 4662 ostiis
1444 4597 1760 4674 principalis
1787 4611 1906 4652 cor-
1929 4553 1982 4613 Β
2010 4593 2065 4690 et
2094 4601 2214 4656 Quae
2241 4591 2327 4691 est
2339 4585 2546 4691 radix‘i.
2564 4585 2744 4640 Ambo
2770 4583 2914 4639 enim
2941 4586 2994 4639 in
3024 4603 3187 4641 unum
3213 4587 3447 4660 idipsum
3478 4590 3610 4646 sub-

414 4675 618 4778 ﬁulostri,
650 4675 1022 4781 praeparemus
1051 4675 1099 4756 ei
1130 4701 1292 4756 mella
1313 4741 1328 4764 ,
1360 4706 1414 4753 et
1447 4709 1662 4749 omnem
1695 4701 1908 4746 caenam
2009 4679 2215 4750 iacent.
2268 4675 2584 4732 Dillerentia
2633 4686 2814 4732 autem
2857 4685 2942 4734 cst
2987 4682 3354 4750 negotiorum.
3403 4682 3537 4737 Nam
3569 4683 3614 4738 si

310 4807 430 4879 ejus
459 4823 471 4859 :
497 4813 555 4859 ut
575 4774 694 4872 ipse
717 4774 817 4854 nos
837 4797 999 4852 ducat
1029 4791 1098 4849 ad
1124 4805 1371 4860 magnam
1401 4801 1610 4844 orenam
1651 4781 1832 4838 Patris
1858 4780 1912 4834 in
2017 4783 2278 4879 peccator
2315 4788 2398 4840 es,
2433 4789 2539 4879 lion
2567 4783 2652 4879 est
2683 4774 2778 4830 tibi
2809 4774 2936 4844 flos,
2971 4793 3145 4848 neque
3172 4777 3380 4833 videbis
3402 4777 3620 4844 ﬂorem,

311 4867 480 4974 regno
509 4867 797 4962 cmlorum,
832 4905 954 4964 qua:
975 4896 1057 4944 est
1088 4891 1144 4942 in
1166 4885 1386 4941 Christo
1405 4881 1553 4944 Jesu,
1577 4877 1663 4934 cui
1695 4883 1779 4933 est
1805 4873 1920 4946 glo-
2023 4869 2113 4941 qui
2141 4879 2224 4925 est
2262 4884 2330 4924 ex
2363 4867 2546 4974 radice
2585 4868 2761 4926 Jesse.
2787 4871 2984 4929 Veniet
3011 4873 3156 4928 enim
3187 4884 3241 4930 et
3271 4874 3338 4930 ad
3369 4882 3420 4928 te
3446 4875 3622 4946 virga,

320 4961 404 5055 risi
428 5001 483 5051 et
504 4990 790 5063 imperium
815 4961 868 5042 in
893 4982 1090 5040 saecula
1112 4979 1455 5037 saeculorum.
1485 4975 1678 5029 Amen.
2026 4963 2362 5063 (1110111011οξ
2410 4961 2714 5063 Discipulos
2759 4965 2928 5037 virgae
2967 4977 3021 5023 et
3067 4967 3220 5043 ﬂoris
3255 4969 3515 5038 loquitur.
3551 4969 3628 5024 De

1137 5115 1375 5138 manu,“
2026 5059 2175 5130 virga
2207 5056 2422 5128 quidem
2468 5056 2604 5112 dicit
2632 5076 2644 5111 :
2676 5057 2814 5126 Quid
2843 5061 2998 5115 ruitis
3020 5103 3035 5127 ,
3075 5062 3130 5114 in
3168 5062 3311 5133 rirga
3337 5063 3536 5115 veniam
3561 5063 3630 5117 ad

827 5120 1115 5182 “Ouum
1137 5115 1410 5175 TERTIA'
2023 5115 2143 5207 vos;
2161 5115 2238 5206 De
2267 5151 2401 5206 ﬂore
2431 5167 2561 5207 vero
2586 5171 2596 5206 :
2623 5115 2720 5206 At:
2723 5154 2776 5208 in
2798 5115 3055 5210 chariton?
3077 5152 3178 5208 Dei
3206 5115 3464 5226 etdspiritu
3489 5115 3638 5210 mur-nﬁ—

667 5243 744 5299 De
768 5250 964 5312 septem
987 5236 1306 5293 mulieribus.
1335 5233 1468 5304 Cap.
1501 5230 1593 5286 Xl.
2035 5247 2276 5302 εειειαάίη

2035 5247 2366 5302 suetudinis?
2397 5245 2545 5302 Exiit
2573 5263 2704 5319 ergo
2727 5249 2793 5304 de
2827 5249 3013 5304 radice
3052 5247 3207 5306 Jesse
3238 5249 3385 5320 virga
3429 5253 3645 5322 sapien-

406 5358 680 5436 1111i.
717 5358 933 5427 Septem
959 5353 1217 5408 mulieres
1251 5351 1528 5419 patiuntur
1549 5344 1929 5418 0pprobrium,
2041 5343 2130 5397 tia-3
2159 5343 2204 5398 ei
2234 5341 2328 5412 qui
2354 5341 2642 5414 suppliciis
2671 5344 2950 5414 plectitur,
2971 5343 3121 5415 virga
3147 5345 3197 5400 ei
3227 5347 3315 5417 qui
3341 5345 3542 5419 indiget
3569 5350 3652 5402 in-

335 5465 392 5512 et
435 5452 774 5508 circumeunt
818 5455 1128 5518 quaerentes
1158 5460 1281 5500 eum
1331 5441 1595 5510 recipere,
1640 5439 1728 5510 qui
1763 5437 1940 5508 possit
2045 5437 2392 5509 crepatione,
2426 5438 2573 5510 virga
2613 5438 2661 5491 ei
2701 5439 2792 5510 qui
2827 5453 3056 5494 necesse
3087 5440 3248 5495 habet
3290 5449 3348 5498 ut
3373 5451 3654 5512 arguatur.

334 5545 556 5608 auferre
601 5543 951 5617 opprobrium
1004 5556 1210 5598 earum.
1247 5537 1379 5610 l‘psrc
1411 5545 1618 5606 septem
1685 5531 1944 5589 mulieres
2050 5533 2183 5590 Flos
2231 5549 2361 5589 vero
2392 5532 2444 5588 ei
2487 5533 2576 5604 qui
2612 5534 2722 5603 jam
2767 5532 3012 5588 eruditus
3052 5545 3173 5600 est,
3213 5543 3267 5591 et
3298 5552 3414 5592 non.
3457 5535 3665 5607 indiget

417 5694 440 5721 τι
471 5683 606 5764 Male
636 5684 750 5764 ejus
783 5688 939 5734 antea
970 5659 1254 5764 legebatur
1286 5674 1566 5764 ιιι-«λεδοὶεῶ
1609 5752 1623 5764 ι
1720 5739 1813 5764 Δ...
2061 5678 2175 5753 tus,
2229 5671 2320 5725 ubi
2378 5685 2476 5740 pro
2525 5669 2735 5725 voculis
2791 5686 2896 5724 non
2948 5681 3060 5733 est.
3115 5688 3280 5727 unum
3341 5687 3457 5731 erat
3510 5684 3670 5734 antea

417 5758 442 5795 δ
475 5739 803 5811 Sttil‘ecimus
835 5739 1053 5804 nomen'
1071 5749 1234 5814 Virga
1259 5739 1328 5803 ex
1365 5743 1648 5801 Benedict.
1683 5739 1951 5805 editione,
2062 5743 2223 5814 enim.

349 5809 578 5902 quacum
611 5832 666 5882 et
699 5838 826 5879 mox
878 5821 1136 5892 legimus,
1168 5809 1338 5893 "Virga
1378 5833 1482 5872 non
1520 5825 1595 5873 est
1638 5814 1950 5887 primogeui-
2140 5825 2158 5847 ο
2199 5812 2371 5868 Antea
2401 5823 2519 5868 erat
2547 5812 2826 5884 Apostolus
2859 5825 2955 5883 pro
2986 5809 3312 5887 Discipuius.
