1923 3612
214 146 264 175 9H

213 207 282 234 dura
301 206 490 238 correctione,
510 206 552 234 vel
566 210 642 234 certe
658 214 712 234 non
728 206 832 243 indiget
847 207 954 243 poenis,
970 207 1018 235 sed

215 253 315 281 valenti
328 253 382 287 jam
394 253 493 281 ﬂorere
507 253 639 288 incipere,
652 259 679 281 et
693 254 727 281 ad
739 254 889 290 perfectum
899 254 1017 282 fructum

215 299 300 328 exire.
315 300 436 327 Pritnum
449 301 521 328 enim
538 300 588 327 ﬂos
599 301 762 334 ostenditur,
779 301 879 329 deinde
894 307 954 336 post
967 301 1016 328 ilo-

216 355 273 374 rem
289 348 360 382 virga
376 347 416 379 Iit,
432 352 458 374 et
469 347 503 374 ad
516 347 633 374 fructum
645 347 711 374 exit.
726 348 875 383 Exiitrirga
884 348 916 375 de
931 349 1017 375 radice

215 393 300 427 Iesse,
317 399 341 421 et
354 395 403 429 [los
419 394 450 421 de
459 394 545 421 radice
556 396 614 431 ejus
624 394 755 428 ascendet,
772 399 795 421 et
806 395 965 430 requiescent
974 403 1018 422 su-

217 449 263 476 per
277 449 336 469 eum
349 446 446 474 septem
461 440 593 475 mulieres,
608 441 716 477 spiritus
728 440 846 474 Domini,
857 442 963 477 spiritus
975 450 1018 469 sa-

216 488 320 523 pientia:
326 492 350 515 et
358 487 503 515 intellectus
512 488 735 524 requiescetsuper
747 496 814 515 eum.
823 487 1017 522 Spiritusenim

215 535 357 569 sapientiae
373 542 427 561 non
443 534 578 569 requievit
589 534 616 561 in
636 534 739 570 Moyse,
751 534 862 570 spiritus
876 534 1019 569 sapientia:

216 588 269 609 non
278 580 412 616 requievit
422 580 449 608 in
459 580 525 609 Jesu
535 580 619 613 Nave.
631 581 744 616 spiritus
753 580 895 616 sapientia:
911 589 963 608 non
976 588 1019 609 re-

216 627 320 663 quievit
331 627 359 654 in
370 627 485 662 singulis
493 627 705 662 Prophetarum,
716 626 743 654 in
756 627 835 661 Isaia,
846 627 872 654 in
887 626 1017 654 Jcremia.

252 675 285 702 II.
307 674 362 702 Nec
380 682 445 702 vero
460 674 537 709 quasi
559 674 793 709 blasphetnantem
815 680 857 701 me
872 672 998 708 lapidetis
1010 694 1018 707 ,

218 722 283 749 dum
300 722 382 750 velim
397 721 552 757 gloriﬁcare
562 721 709 749 Dominum
720 729 810 749 meum
821 720 915 749 Jesum
926 720 1021 749 Chris-

218 775 274 797 tum
293 778 298 795 :
315 768 363 796 sed
386 769 554 796 sustinentes
577 767 750 796 considerate
770 767 842 803 quod
858 768 969 801 dicitur,
993 772 1021 795 et

218 816 345 845 videbitis
366 817 428 852 quia
450 816 476 843 in
501 815 577 844 nullo
591 823 686 843 eorum
707 815 872 851 requieverit
894 815 1018 850 spiritus,

220 863 327 900 1113
338 871 392 890 non
404 862 477 898 quod
487 862 521 889 ad
533 862 635 890 nullum
648 869 744 890 eorum
758 861 875 894 venerit,
887 861 934 889 sed
947 861 1020 897 quod

218 912 246 938 in
270 911 346 938 nullo
361 909 535 945 requieverit.
552 908 634 936 Venit
659 916 740 944 super
756 908 876 944 Moysem
890 930 897 942 ,
918 913 946 936 et
967 916 1020 936 non

218 958 334 987 credidit
347 958 455 993 Moyses
467 960 530 992 post
542 956 669 992 spiritum
684 956 826 991 sapientiae
837 956 882 991 qui
898 955 973 984 venit
987 955 1021 983 ad

218 1013 291 1034 eum.
308 1005 402 1032 Audite
417 1004 496 1037 enim,
512 1003 566 1036 ait,
579 1007 763 1031 contumaces:
780 1002 915 1038 Numquid
931 1011 963 1030 eo:
977 1010 1022 1038 pe-

218 1058 259 1080 tra
270 1053 321 1080 ista
335 1052 443 1080 educam
458 1051 529 1079 vobis
544 1052 660 1087 aquam?
670 1050 750 1079 Venit
765 1058 848 1086 super
858 1058 954 1078 omnes
964 1050 1022 1085 jus-

219 1106 275 1135 tos,
290 1100 366 1128 venit
378 1104 406 1128 et
421 1107 502 1135 super
522 1098 617 1126 Isaiam
628 1119 636 1131 ,
658 1098 706 1126 sed
725 1097 789 1133 quid
804 1098 859 1125 ait?
881 1097 1023 1124 lmmunda

220 1147 289 1174 labia
300 1147 394 1174 habeo:
406 1151 430 1173 ct
441 1147 467 1173 in
477 1146 561 1173 medio
569 1145 660 1180 populi
670 1145 804 1172 immunda
813 1144 883 1172 labia
891 1145 1020 1178 habentis,

218 1204 264 1233 ego
279 1195 366 1223 habito
377 1193 446 1231 (lsa.
456 1193 495 1228 vr)
509 1203 515 1220 :
530 1193 610 1221 Venit
624 1192 736 1228 spiritus
758 1191 899 1227 sapientia:
915 1197 976 1227 post
991 1192 1023 1220 il-

218 1243 271 1270 lam
287 1242 419 1278 forcipem
438 1246 466 1269 et
479 1241 582 1276 ignem,
599 1240 673 1267 venit
686 1239 720 1267 ad
737 1239 876 1267 immunda
891 1239 962 1266 labia
978 1239 1024 1266 ha—

219 1291 341 1323 bentem,
358 1289 407 1318 sed
424 1297 478 1317 non
490 1289 634 1324 requievit.
653 1288 778 1316 Ministro
789 1288 898 1324 quidem
912 1295 945 1315 eo
956 1295 1023 1315 usus

217 1342 271 1370 cst,
283 1345 337 1365 non
352 1341 442 1365 autem
454 1336 598 1371 requievit.
610 1335 768 1363 Tribulatur
778 1334 812 1363 ad
825 1342 1024 1371 quemcumque

218 1385 325 1412 venerit
338 1382 490 1411 hominem.
501 1382 600 1411 Peccat
615 1382 688 1409 enim
705 1381 795 1409 omnis
810 1381 903 1415 homo,
921 1389 971 1410 nec
981 1387 1023 1410 est

214 1430 305 1464 justus
319 1437 402 1465 super
413 1434 513 1457 terram
522 1428 568 1464 qui
585 1428 667 1456 faciat
679 1428 791 1461 bonum,
808 1433 835 1455 et
848 1435 900 1455 non
917 1434 1021 1463 peccet.

219 1477 304 1505 Nemo
323 1476 435 1503 mundus
451 1485 467 1502 a
490 1475 610 1503 sordibus
622 1497 628 1508 ,
656 1483 737 1510 neque
757 1476 779 1502 si
796 1483 848 1502 una
863 1475 905 1502 die
922 1475 955 1502 sit
973 1475 1024 1502 vita

217 1525 273 1559 ejus
283 1545 289 1556 ,
306 1524 434 1551 numerati
448 1527 535 1550 autem
547 1523 647 1549 menses
657 1524 713 1558 cjtts
730 1521 791 1558 (Job
803 1521 860 1558 xv).
878 1521 960 1557 Igitur
974 1528 1022 1548 su-

219 1580 267 1606 per
291 1571 395 1598 nullum
418 1570 575 1606 requiescit.
600 1569 751 1597 Possumus
775 1568 852 1597 etde
875 1567 1023 1603 Evangelio

218 1618 352 1652 probare,
367 1616 430 1652 quia
449 1617 524 1644 venit
540 1616 654 1652 spiritus
676 1623 758 1651 super
781 1615 898 1649 multos,
919 1621 946 1643 et
966 1622 1020 1642 non

218 1665 319 1692 mansit
337 1664 364 1691 in
378 1664 428 1692 eis.
446 1663 517 1691 Ante
533 1663 672 1698 paululum
689 1663 787 1690 lectum
803 1666 846 1690 est
861 1670 869 1688 ε
888 1661 949 1689 Νοη
964 1670 1023 1697 per-

217 1712 442 1748 nmnebitspiritus
450 1719 522 1738 meus
528 1711 555 1737 in
566 1710 712 1737 hominibus
723 1710 778 1736 istis
788 1709 814 1736 in
821 1714 955 1736 wternttm.
964 1707 1021 1736 Non

219 1761 273 1792 ait,
291 1767 345 1787 non
357 1759 423 1791 erit,
440 1757 487 1785 sed
500 1764 554 1785 non
566 1755 747 1792 permanebit.
763 1755 851 1784 Unum
865 1755 929 1782 vidit
941 1754 1023 1782 Joan-

219 1815 268 1834 nes
283 1806 390 1838 solum,
411 1805 438 1832 in
453 1812 508 1840 quo
521 1803 686 1839 permansit,
704 1807 731 1829 et
746 1802 853 1837 signum
876 1802 927 1830 hoc
942 1806 1022 1829 erat:

220 1855 307 1889 Super
321 1861 397 1889 quem
411 1851 506 1879 videris
519 1851 641 1885 spiritum
656 1849 862 1881 descendentem,
878 1853 901 1875 rt
917 1857 1022 1876 manen-

218 1907 269 1928 tem
277 1901 304 1927 in
315 1907 356 1933 eo,
368 1900 415 1927 iste
426 1902 462 1926 est
476 1896 563 1924 Filius
576 1897 635 1923 Dei.
645 1895 806 1924 Ministravit
815 1895 924 1931 quidem
938 1895 1023 1923 verbo

219 1947 269 1975 Dei
282 1947 382 1982 spiritu
397 1944 583 1973 descendente
597 1952 603 1970 :
619 1947 682 1978 post
693 1942 829 1970 modicum
844 1946 948 1977 peccat,
961 1947 1023 1977 post

219 1994 357 2022 modicum
370 1993 487 2021 otiosum
504 1991 617 2019 verbum
630 1990 752 2026 loquitur
766 1999 772 2017 :
789 1989 881 2018 nescio
896 1994 986 2018 autem
1000 1989 1023 2017 si

217 2049 244 2070 et
261 2043 320 2070 sine
336 2045 450 2077 peccato
470 2044 591 2068 maneat.
605 2039 736 2071 Putasne,
754 2043 889 2073 praesente
902 2037 1001 2072 spiritu
1014 2057 1021 2069 ,

221 2097 335 2124 peccare
344 2087 518 2117 conceditur?
529 2086 617 2122 Super
628 2085 733 2113 nullum
740 2092 806 2120 ergo
818 2084 953 2119 requievit
967 2084 1023 2119 spi-

219 2138 288 2164 ritus
305 2136 353 2163 Dei
376 2134 526 2163 secundum
540 2133 612 2169 quod
627 2132 760 2167 scriptum
782 2137 824 2160 est
838 2140 846 2160 :
864 2131 935 2159 Exiit
951 2132 1023 2168 virga

219 2184 250 2210 de
274 2182 361 2209 radice
382 2182 472 2214 Jessc,
494 2185 517 2208 et
533 2181 580 2215 ﬂos
605 2180 637 2206 de
660 2179 749 2206 radice
763 2180 820 2215 ejus
838 2179 976 2212 ascendit,
999 2183 1023 2205 et

219 2229 356 2265 requiescit
370 2235 448 2260 super
463 2234 521 2254 eum
536 2226 646 2262 spiritus
660 2225 727 2259 Dei,
749 2226 856 2259 spiritus
872 2225 1021 2261 sapientice,

168 2289 173 2293 -
218 2277 328 2311 spiritus
339 2274 495 2308 intellectus,
506 2273 614 2309 spiritus
627 2272 729 2300 consilii
742 2277 767 2299 ct
781 2272 892 2299 uirtutis.
909 2272 1023 2307 Propter

219 2324 271 2351 hoc
286 2322 376 2358 magni
388 2321 495 2349 consilii
510 2326 553 2348 est
564 2319 679 2355 angelus
693 2328 699 2346 :
712 2323 824 2354 propter
835 2318 887 2346 hoc
900 2319 1023 2352 invaluit,

217 2377 245 2399 et
267 2370 440 2398 invalescens
458 2368 601 2401 ascendit,
623 2372 650 2395 et
666 2367 802 2395 mirantur
822 2374 885 2394 eum
907 2367 1022 2394 virtutes

219 2417 432 2450 ascendentem,
458 2421 486 2445 et
511 2417 606 2444 dicunt
621 2415 655 2444 de
671 2423 704 2442 eo
725 2424 731 2442 :
752 2415 804 2443 Iste
825 2420 867 2442 est
892 2414 1023 2441 Dominus

219 2467 298 2494 fortis
309 2470 336 2493 et
348 2470 446 2500 potens
461 2465 486 2491 in
504 2464 610 2499 przelio.
627 2463 724 2491 Adhuc
738 2470 804 2498 ergo
819 2462 908 2490 dicam
925 2462 951 2488 in
967 2469 1022 2489 caa-

219 2515 299 2542 Iestia
324 2513 538 2544 ascendentem,
564 2511 608 2539 vel
629 2511 663 2538 ad
688 2509 874 2538 fortitudinem
888 2508 970 2544 ejus:
988 2508 1022 2535 Et

219 2562 341 2597 requievit
354 2568 432 2595 super
460 2566 519 2586 eum
541 2558 650 2593 spiritus
677 2556 825 2597 consilii‘et
849 2555 1020 2591 fortitudinis.

222 2607 361 2634 Fortitudo
380 2614 441 2633 mea
455 2627 461 2637 ,
479 2610 501 2632 et
521 2605 579 2631 laus
595 2611 655 2630 mea
671 2603 820 2636 Dominus,
839 2608 861 2629 et
879 2602 964 2629 factus
981 2608 1022 2628 est

222 2654 289 2680 mihi
305 2654 331 2680 in
348 2653 473 2680 salutem.
490 2651 634 2686 Iicqnicvit
654 2657 719 2684 ergo
740 2658 820 2683 super
835 2657 897 2676 cum
911 2648 1021 2683 spiritus

220 2701 287 2730 Dei.
304 2700 417 2734 spiritus
437 2699 578 2734 sapientire
597 2702 620 2724 ct
637 2697 791 2723 intellectus
803 2718 809 2728 ,
831 2697 941 2731 spiritus
955 2703 1021 2722 con-

221 2747 275 2773 silii
287 2751 314 2774 et
329 2746 510 2779 fortitudinis,
529 2745 641 2779 spiritus
658 2743 799 2777 sapientiae
813 2748 839 2769 et
854 2743 977 2777 pietatis,
995 2746 1021 2768 ct

223 2793 342 2827 implevit
354 2800 416 2820 eum
428 2792 540 2826 spiritus
554 2790 659 2818 timoris
673 2789 790 2816 Domini.

259 2840 301 2867 III.
318 2840 443 2867 Mulieres
460 2839 539 2873 igitur
554 2842 797 2873 qutereutesquem
810 2841 961 2869 assumant,
972 2841 1018 2869 ap-

261 2948 265 2957 ε
289 2940 345 2968 Non
358 2939 461 2967 addunt
480 2938 618 2966 Benedict.
638 2943 764 2964 nostrum.

851 149 880 177 S.
902 148 1039 178 EUSEBII
1059 148 1250 178 IIIERONYMI

1776 155 1815 186 9l2

1032 215 1060 245 Α
1072 207 1241 242 prehendent
1253 211 1359 243 septem
1376 215 1458 235 unum
1474 207 1618 236 hominem.
1632 209 1660 238 Et
1672 210 1716 239 hoc
1724 219 1751 240 es
1761 214 1816 248 prio-

1074 255 1147 283 ribus
1163 255 1272 290 pendet,
1298 258 1327 282 et
1341 259 1449 290 oportet
1464 255 1552 290 primo
1574 263 1720 291 cognoscere
1736 261 1817 295 quando

1071 302 1202 337 recipiant
1225 301 1331 338 111i.
1349 306 1454 337 septem
1473 302 1597 330 mulieres
1610 311 1683 331 unum
1700 305 1817 334 Immineat.

1069 349 1138 376 Cum
1154 348 1237 377 fortes
1250 348 1400 377 Jerusalem
1425 348 1559 376 humiliati
1573 349 1675 384 iuerint,
1693 358 1744 379 cum
1761 352 1818 380 luxe-

1070 398 1126 425 rint
1140 398 1226 426 thecre
1240 405 1334 426 eorum
1346 403 1507 426 ornamenta
1522 398 1632 426 ﬁliarum
1645 400 1770 433 Sion,cum
1782 402 1816 429 tle-

1071 444 1163 472 relicta
1177 444 1257 472 fuerit
1278 444 1322 471 illa
1336 444 1405 477 sola,
1421 452 1484 472 cum
1507 444 1574 473 elisa
1595 444 1671 473 fuerit
1688 446 1716 473 ad
1734 452 1819 482 terram,

1071 494 1131 517 tunc
1144 490 1337 526 apprehendent
1351 495 1447 526 septem
1460 491 1576 518 mulieres
1589 499 1663 519 unum
1674 491 1781 520 hominem
1790 495 1822 521 di-

1072 542 1156 564 centes
1172 536 1292 565 :Panem
1305 543 1422 565 nostrum
1433 537 1650 573 manducabimus,
1666 544 1688 566 et
1703 541 1822 568 vestimentis

1072 585 1165 613 nostris
1180 585 1325 620 operiemur
1338 594 1344 612 :
1362 589 1537 612 verumtamen
1551 593 1640 613 nomen
1650 590 1715 613 tuum
1723 587 1820 614 invocetur

1072 641 1147 669 super
1157 641 1212 660 nos.
1226 632 1303 660 Tunc
1316 632 1520 668 apprehendent
1533 638 1559 660 et
1580 640 1641 660 vere
1657 634 1767 661 tenebunt
1778 641 1823 669 sep-

1074 684 1126 706 tem
1141 679 1269 707 mulieres
1285 679 1424 707 hominem
1445 687 1540 712 unum,
1556 679 1646 707 Iesum
1657 679 1774 707 Christum
1786 681 1824 708 Do-

1074 726 1176 753 minum
1193 730 1315 753 nostrum
1329 725 1406 761 juxta
1421 726 1494 761 quod
1508 725 1663 761 intelligitur
1675 727 1753 761 homo,
1765 728 1822 761 juxta

1073 771 1144 807 quod
1158 776 1237 799 natus
1254 776 1308 806 est,
1323 772 1403 807 juxta
1423 771 1496 808 quod
1516 779 1614 808 corpus
1632 773 1768 808 assumpsit.
1787 773 1826 808 Ap-

1074 819 1244 856 prehcndent
1258 824 1363 854 septem
1378 820 1506 847 mulieres
1520 819 1654 847 hominem
1666 827 1748 851 unum,
1758 819 1827 848 dicen-

1075 873 1115 896 tes
1131 868 1248 895 :Panetn
1260 871 1382 895 nostrum
1399 867 1629 895 manducahimus.
1643 867 1712 895 Multi
1720 867 1828 895 ambulant

1037 921 1061 952 Β
1076 915 1210 947 homines,
1228 920 1256 942 et
1271 914 1375 942 nullum
1390 913 1602 949 apprehendunt
1621 914 1749 945 mulieres,
1763 913 1828 941 nullus

1073 963 1113 990 eis
1127 962 1216 997 placet
1230 961 1322 989 homo.
1338 960 1398 988 Non
1414 960 1486 989 enim
1509 965 1619 995 propter
1640 959 1745 994 inopiam
1766 958 1829 987 homi-

1074 1017 1138 1036 num
1150 1016 1235 1036 unum
1247 1007 1386 1036 hominem
1398 1006 1605 1042 apprehendunt
1618 1015 1624 1038 ;
1637 1013 1687 1034 non
1702 1009 1791 1041 propter
1800 1013 1831 1032 ra-

1073 1055 1181 1084 ritatem
1199 1055 1317 1082 hominis
1341 1054 1449 1090 qualem
1471 1053 1628 1087 voluerunt,
1650 1052 1725 1081 talem
1744 1051 1830 1087 quasie-

1073 1106 1137 1129 runt
1153 1110 1160 1128 :
1177 1109 1261 1129 unum
1274 1100 1361 1128 solum
1389 1105 1555 1136 repererunt
1573 1099 1705 1128 hominem
1717 1106 1784 1134 quem
1799 1106 1832 1132 ap-

1074 1149 1287 1185 prehenderunt,
1303 1153 1333 1175 ut
1347 1148 1438 1175 dicant
1453 1147 1477 1175 ei
1495 1156 1501 1174 :
1515 1146 1616 1174 Panem
1637 1150 1742 1173 nostrum
1752 1145 1833 1172 mandu-

1073 1185 1197 1229 cabimus,
1216 1201 1239 1223 et
1253 1195 1406 1223 vestimentis
1418 1196 1513 1222 nostris
1526 1195 1681 1229 operiemur.
1701 1193 1742 1221 Est
1752 1191 1832 1228 quidam

1072 1245 1149 1273 cibus
1164 1243 1318 1279 sapientiae,
1335 1247 1378 1271 est
1391 1242 1501 1278 quidam
1513 1242 1594 1270 cibus
1610 1240 1728 1269 similiter
1741 1239 1834 1268 intellec-

1074 1297 1127 1325 tus,
1141 1296 1166 1319 et
1186 1291 1353 1326 reliquorum
1377 1289 1535 1326 spirituum.
1560 1289 1627 1324 Quis
1649 1293 1690 1316 est
1703 1287 1748 1315 iste
1759 1285 1835 1314 cibus?

1073 1338 1131 1366 Non
1148 1339 1232 1366 timeo
1246 1338 1351 1371 dicere,
1370 1337 1450 1365 cibus
1464 1337 1537 1365 alius
1552 1341 1595 1365 est
1609 1341 1684 1364 extra
1699 1336 1757 1363 istos
1771 1335 1835 1361 :torte

1074 1390 1103 1413 ut
1119 1393 1196 1413 meus
1210 1389 1253 1412 est
1265 1385 1345 1413 cihus
1356 1391 1449 1412 sermo
1463 1384 1523 1418 Dei,
1546 1383 1594 1419 qui
1610 1383 1647 1410 ait
1662 1391 1669 1409 ε
1685 1382 1736 1419 Ego
1751 1388 1795 1408 sum
1805 1387 1836 1414 pa-

1074 1432 1113 1459 nis
1125 1432 1220 1464 vivens,
1233 1432 1277 1466 qui
1290 1431 1322 1458 de
1335 1431 1398 1458 coelo
1418 1430 1551 1464 descendi,
1574 1434 1598 1457 et
1622 1429 1698 1456 vitam
1717 1428 1745 1455 do
1766 1426 1836 1453 mum

1073 1477 1163 1514 (Joan.
1182 1478 1218 1513 vi)
1236 1487 1241 1504 :
1259 1476 1299 1505 sic
1313 1477 1455 1512 sapientiae
1476 1476 1557 1504 cibus
1571 1477 1631 1512 ipse
1654 1475 1738 1502 Pater.
1752 1473 1837 1507 Propter

1073 1525 1125 1553 hoc
1139 1530 1182 1554 est
1198 1535 1205 1553 :
1222 1525 1295 1552 Meus
1311 1525 1382 1552 cibus
1396 1530 1443 1557 est,
1461 1529 1489 1552 ut
1512 1525 1611 1560 faciant
1626 1523 1772 1551 voluntatem
1787 1522 1837 1557 ejus,

1073 1572 1117 1606 qui
1131 1580 1170 1599 me
1186 1572 1264 1605 misit,
1279 1576 1306 1598 ut
1326 1579 1502 1598 consummem
1526 1579 1596 1606 opus
1621 1571 1677 1606 ejus
1702 1568 1780 1605 (Joan.
1803 1565 1839 1599 ιῖ)ν

1034 1620 1057 1652 C
1073 1619 1127 1647 Nec
1144 1618 1292 1654 putandum
1309 1623 1351 1646 est
1365 1618 1458 1654 aliquo
1472 1618 1599 1654 indigere
1613 1616 1768 1653 sapientiam
1780 1618 1801 1641 et
1812 1613 1840 1639 in-

1076 1666 1225 1699 tellectum,
1249 1670 1422 1702 cretei-osque
1437 1665 1563 1701 spiritus,
1590 1664 1655 1700 quia
1679 1664 1753 1691 alium
1775 1661 1841 1689 cibum

1074 1712 1202 1744 habeant,
1218 1720 1278 1740 cum
1296 1713 1379 1740 totius
1402 1712 1623 1747 dispensationis
1647 1717 1715 1738 unus
1733 1708 1765 1736 sit
1784 1707 1841 1734 cibus

1075 1764 1170 1786 natura
1185 1759 1244 1786 Dei.
1269 1758 1369 1786 Panem
1382 1763 1499 1786 nostrum
1515 1757 1739 1789 manducabimus,
1753 1759 1773 1782 et
1788 1752 1844 1780 vesti-

1076 1805 1166 1832 mentis
1177 1805 1272 1832 uostris
1283 1806 1439 1841 operiemur.
1452 1805 1500 1833 Est
1515 1805 1631 1841 quidam
1647 1807 1752 1831 ornatus
1761 1799 1841 1834 sapien-

1075 1852 1118 1879 tiaa
1132 1859 1186 1887 quo
1211 1852 1365 1880 decoratur.
1391 1852 1493 1880 Ornata
1519 1856 1564 1880 est
1578 1857 1707 1880 sermone
1728 1845 1840 1883 sapientis.

1074 1897 1188 1933 singulm
1199 1898 1295 1925 harum
1309 1898 1455 1926 mulierum
1467 1898 1748 1926 habentornamenta.
1762 1892 1842 1920 Verum-

1075 1949 1160 1972 tamen
1175 1953 1267 1973 nomen
1282 1950 1355 1973 tuum
1368 1946 1501 1973 invocetur
1522 1954 1604 1982 super
1618 1953 1677 1978 nos,
1691 1944 1759 1978 aufer
1772 1946 1844 1976 OPPW'

1074 1991 1159 2019 brium
1180 1996 1306 2019 nostrum.
1331 1991 1409 2026 Quod
1429 1996 1472 2019 est
1492 1999 1598 2019 nomen
1615 1985 1844 2026 sapientiteiiesus.

1073 2038 1142 2072 Quid
1156 2043 1209 2072 est,
1227 2038 1364 2066 Invocetur
1378 2047 1469 2066 nomen
1482 2042 1560 2065 tuum
1576 2046 1656 2074 super
1667 2045 1712 2064 nos
1722 2036 1733 2062 .7
1745 2034 1791 2069 Ego
1803 2037 1845 2059 sunt

1073 2085 1218 2119 sapientia,
1239 2084 1302 2112 volo
1317 2089 1364 2112 tuo
1385 2084 1496 2112 nomine
1509 2087 1619 2116 vocari,
1636 2087 1666 2111 ut
1681 2088 1729 2118 ego
1742 2078 1846 2115 sapiet"ﬂ

1073 2131 1149 2159 dicar
1162 2131 1254 2165 Jcs:rs,
1272 2135 1301 2158 ut
1320 2131 1476 2159 intellectus
1499 2136 1528 2159 et
1545 2130 1694 2159 consilium
1711 2132 1817 2163 magnum
1830 2128 1849 2150 et

1074 2177 1213 2211 fortitudo,
1223 2183 1250 2205 et
1257 2177 1384 2216 scientia,
1392 2182 1420 2205 et
1427 2178 1512 2212 pietas
1520 2181 1550 2205 et
1557 2177 1642 2204 timor
1650 2176 1698 2203 Dei
1709 2172 1847 2202 nominentur

1073 2225 1165 2259 Jesus,
1175 2225 1303 2253 utomnia
1315 2225 1340 2253 in
1355 2225 1481 2252 omnibus
1491 2232 1598 2253 nomen
1615 2228 1690 2251 tuttm
1700 2222 1752 2249 ﬁat.
1771 2218 1849 2247 Nomen

1075 2276 1151 2300 tuum
1171 2272 1313 2300 invocetur
1328 2279 1409 2307 super
1422 2279 1483 2305 nos,
1502 2271 1586 2299 aufer
1599 2268 1770 2306 opprobrium
1781 2269 1791 2283 ⁸
1805 2268 1849 2291 nos-

1037 2322 1065 2353 D
1078 2324 1160 2347 trttm.
1172 2318 1276 2347 Revera
1291 2319 1401 2346 abstulit
1411 2318 1593 2354 opprobrium
1604 2317 1696 2345 Iesus.
1711 2314 1800 2343 Idcirco
1808 2317 1851 2338 sur-

1072 2370 1168 2402 gentes
1189 2373 1299 2393 oremus
1318 2366 1413 2398 Deum,
1430 2364 1476 2400 qui
1491 2364 1569 2392 hunc
1585 2364 1663 2392 misit
1683 2360 1813 2390 hominem,
1829 2357 1849 2402 ut

1073 2417 1175 2448 septem
1185 2411 1329 2439 mulierum
1344 2411 1455 2446 Spiritus
1463 2410 1489 2438 in
1505 2410 1750 2446 eo‘requiesceret,
1761 2410 1786 2433 ut
1796 2400 1852 2431 nobis

1072 2459 1124 2488 iste
1147 2460 1228 2487 homo
1245 2459 1343 2486 tribuat
1353 2458 1577 2486 communionem
1601 2458 1698 2485 harum
1719 2453 1850 2482 mulierum:

1073 2512 1100 2534 ut
1123 2511 1292 2534 assumentes
1305 2513 1352 2533 eas
1368 2506 1462 2532 tiamus
1477 2505 1643 2540 sapientes.
1663 2495 1852 2536 intelligentesin

1073 2554 1129 2582 Deo
1148 2559 1175 2582 et
1201 2553 1372 2587 hominibus,
1400 2553 1549 2581 virtutibus
1574 2552 1742 2580 adornantes
1760 2546 1851 2575 animam

1074 2607 1195 2628 nostram
1212 2601 1237 2627 in
1251 2600 1358 2627 Christo
1374 2600 1450 2633 Jesu,
1467 2599 1509 2626 cui
1525 2605 1571 2627 est
1599 2598 1687 2634 gloria
1698 2601 1724 2625 et
1738 2591 1852 2629 imperium

1074 2647 1099 2674 in
1116 2647 1214 2674 smeula
1230 2646 1402 2674 smenlorum.
1443 2646 1544 2672 Amen.

1316 2692 1458 2719 IIOMILIA
1479 2691 1645 2725 QUARTA.

1194 2739 1231 2766 De
1245 2740 1341 2766 risione
1354 2738 1403 2765 Dei
1419 2743 1441 2765 et
1462 2738 1622 2773 Scrapltim.
1640 2737 1707 2773 Cap.
1721 2734 1761 2762 VI.

1114 2787 1218 2823 1115
1243 2786 1263 2813 I.
1297 2785 1467 2820 Impossihile
1491 2790 1535 2812 est
1561 2785 1693 2813 invenire
1720 2777 1853 2818 principium

1076 2822 1311 2868 Dei.l’rincipium
1326 2836 1401 2860 ortus
1420 2832 1466 2859 Dei
1492 2839 1635 2867 nusquam
1663 2822 1852 2865 comprehendis-

446 2979 1909 3612 id
