4080 6326
253 223 354 281 915

643 224 653 230 ’
711 222 1153 284 TRANSLATIO
1190 213 1625 285 HOMILIARUM
1663 225 1988 286 ORIGENIS
2030 227 2095 285 IN
2137 227 2450 289 VISIONES
2487 230 2714 290 ISAIE.
2760 231 2928 290 HOM.
2969 231 3060 289 IV.

3441 233 3546 292 9M

253 341 368 398 Non
400 340 521 397 dico
578 349 666 407 tu,
714 339 810 398 sed
858 357 1034 415 neque
1060 342 1279 414 aliquis,
1302 357 1482 414 neque
1509 343 1656 400 aliud
1697 342 1854 416 quid-
1878 345 1936 407 Α
1957 342 2151 400 domus
2178 353 2296 400 erat
2321 345 2520 417 gloria,
2568 363 2713 403 nunc
2735 362 2863 404 vero
2899 346 2985 404 his
3025 349 3116 420 qui
3148 363 3315 422 super
3345 359 3546 408 terram

252 451 410 508 quam
440 450 633 492 eorum
663 452 782 507 quae
815 437 1136 494 subsistunt.
1178 435 1339 493 Solus
1363 436 1614 494 Salvator
1642 444 1699 494 et
1722 437 1852 508 Spi-

253 529 392 586 ritus
424 540 669 593 sanctus,
701 531 794 601 qui
833 544 1054 602 semper
1094 530 1466 586 fueruntcum
1497 529 1630 597 Deo,
1659 529 1847 586 vident

253 621 445 680 faciem
476 622 592 695 ejus
619 640 632 678 :
660 633 714 680 et
735 621 874 680 forte
896 623 1086 696 Angeli
1109 624 1200 695 qui
1220 623 1622 695 videntjugiter
1652 621 1848 680 faciem

255 715 432 772 Patris
458 714 552 786 qui
586 724 672 772 est
706 714 762 771 in
792 715 970 786 caelis,
1001 714 1186 771 vident
1214 726 1272 772 et
1296 715 1566 787 principia
1604 716 1854 786 negotio-

257 827 397 868 rum.
426 809 519 866 Sic
540 819 722 867 autem
745 818 801 868 et
837 810 1006 882 pedes
1047 809 1391 866 abscondunt
1435 819 1563 866 ante
1604 808 1855 865 homines

255 902 564 976 Seraphim.
598 902 908 960 Novissima
930 903 1076 960 enim
1097 912 1158 959 ut
1183 913 1328 970 sunt,
1363 918 1470 959 non
1490 903 1670 959 valent
1697 917 1856 959 enar-

257 996 384 1052 rari.
419 997 554 1064 Quis
602 995 950 1052 annuntiabit
987 995 1056 1052 de
1085 995 1438 1052 novissimis?
1463 996 1544 1052 ait
1571 995 1855 1068 Scriptura

258 1088 414 1162 (Isai.
436 1089 574 1164 xu).
604 1090 737 1162 Quae
756 1091 1003 1148 videmus
1033 1091 1120 1162 (ut
1143 1101 1322 1148 tamen
1345 1092 1702 1158 concedatur,
1729 1092 1857 1164 quia

257 1185 438 1257 aliqua
457 1183 728 1258 videmus)
753 1185 932 1242 media
959 1196 1088 1241 sunt
1119 1203 1133 1240 :
1163 1201 1283 1258 qua:
1315 1196 1441 1242 ante
1470 1186 1729 1243 mundum
1751 1189 1860 1244 lue-

261 1281 391 1348 rint,
419 1280 758 1351 ignoramus.
790 1280 1036 1338 Fuerunt
1066 1295 1231 1352 porro
1257 1281 1505 1354 quaedam
1535 1291 1662 1339 ante
1703 1297 1860 1338 mun-

259 1373 410 1430 dum.
444 1374 576 1444 Quae
609 1385 732 1446 post
777 1374 1036 1431 mundum
1084 1385 1338 1432 secutura
1385 1375 1516 1444 sint,
1547 1376 1614 1433 ad
1647 1386 1860 1434 certum

259 1485 368 1528 non
394 1469 876 1541 apprehendimus.
903 1470 1079 1527 Erunt
1097 1479 1282 1527 autem
1305 1470 1410 1526 alia
1431 1480 1554 1543 post
1574 1470 1859 1528 mundum.

261 1564 335 1620 Ea
369 1562 534 1635 igitur
562 1578 683 1634 quae
712 1555 916 1636 scripta
959 1570 1088 1619 sunt
1119 1582 1132 1619 :
1176 1561 1244 1618 In
1275 1565 1534 1638 principio
1567 1566 1688 1638 fecit
1718 1564 1861 1621 Deus

260 1659 445 1716 calum
465 1666 513 1714 et
540 1667 750 1724 terram,
793 1667 932 1712 terra
968 1666 1143 1713 autem
1161 1666 1272 1712 erat
1294 1657 1568 1713 invisibilis
1595 1658 1865 1732 incompo-

1953 446 2100 506 sunl,
2132 451 2162 490 a
2192 435 2478 508 Seraphim
2522 440 2898 510 pr0pbetatur,
2931 442 3054 512 quia
3083 440 3320 500 futurum
3353 445 3450 516 sit,
3485 455 3545 502 ut

1954 532 2266 587 universam
2299 541 2499 590 terram
2528 534 2700 606 gloria
2743 535 2840 593 Dei
2872 537 2978 592 mei
3008 536 3261 594 Christus
3295 538 3540 607 impleat.

1955 623 2011 678 lu
2047 625 2297 680 omnibus
2316 626 2516 697 quippe
2541 627 2632 698 qui
2662 631 3082 686 conversatione
3106 643 3206 686 sua
3235 631 3546 702 gloriﬁcent

1958 717 2150 787 Deum,
2182 718 2355 789 gloria
2384 719 2480 776 Dei
2508 731 2614 791 est,
2636 730 2802 794 atque
2824 725 2895 778 ita
2925 723 3179 780 universa
3212 731 3356 781 terra
3389 724 3550 796 plena

1955 821 2039 866 εει
2063 810 2237 882 gloria
2260 810 2380 868 Dei.
2409 812 2555 868 Olim
2581 829 2691 870 non
2722 815 2902 871 omnis
2923 825 3070 872 terra
3100 817 3262 888 plena
3285 824 3405 872 erat
3432 817 3552 887 glo-

1957 904 2036 960 ria
2069 905 2180 973 Dei,
2206 905 2305 962 sed
2331 921 2470 962 unus
2495 908 2722 980 angulus
2750 918 2934 978 terrae,
2975 910 3196 982 quando
3223 910 3508 967 dicebatur
3538 931 3550 967 :

1960 999 2134 1058 Notus
2156 1002 2210 1057 in
2233 999 2423 1058 Judtea
2453 1000 2619 1072 Deus,
2661 1004 2716 1058 in
2747 1003 2916 1062 Israel
2937 1022 3181 1078 magnum
3203 1021 3388 1060 nomen
3415 1009 3554 1078 ejus.

1958 1096 2142 1154 Gloria
2165 1097 2300 1164 Deo,
2328 1097 2421 1169 qui
2449 1098 2597 1154 misit
2635 1097 2828 1154 Filium
2872 1114 3053 1167 suum,
3098 1109 3158 1155 ut
3195 1099 3375 1155 omnis
3411 1107 3559 1154 terra

1959 1191 2119 1262 plena
2152 1191 2309 1249 fieret
2331 1190 2502 1264 gloria
2527 1205 2644 1248 sua.
2663 1189 2771 1248 Sed
2797 1191 2926 1262 quid
2955 1192 3048 1247 tibi
3069 1191 3311 1263 prodest,
3337 1191 3384 1246 si
3407 1199 3554 1247 terra

1962 1287 2120 1357 plena
2160 1288 2232 1342 sit
2262 1295 2483 1358 propter
2511 1287 2772 1344 ecclesias
2816 1287 3122 1352 beatorum.
3167 1287 3260 1356 qui
3307 1284 3560 1340 ubicum-

1961 1396 2068 1453 que
2093 1391 2238 1449 sunt,
2265 1380 2438 1453 gloria
2467 1381 2586 1450 Dei,
2619 1391 2676 1437 tu
2704 1391 2885 1437 autem
2909 1395 3016 1435 non
3048 1381 3125 1436 sis
3145 1377 3420 1449 particeps
3439 1377 3558 1447 glo-

1962 1475 2057 1530 riae
2079 1472 2428 1544 plenitudinis
2448 1473 2670 1530 DeiiEt
2697 1482 2752 1530 tu
2778 1488 2908 1545 ergo
2932 1473 3137 1539 labora,
3171 1479 3227 1527 et
3252 1469 3308 1525 in
3347 1471 3562 1526 cunctis

1963 1567 2173 1625 enitere
2200 1576 2260 1622 ut
2302 1570 2378 1624 sis
2407 1568 2635 1640 gloriam
2664 1567 2762 1624 Dei
2801 1579 3076 1637 quaerens,
3119 1571 3179 1618 ut
3208 1560 3477 1617 inhabitet
3503 1573 3563 1618 et

1967 1660 2205 1718 inveniat
2235 1661 2413 1717 locum
2441 1660 2496 1716 in
2535 1669 2610 1726 te,
2637 1670 2693 1716 et
2727 1659 2826 1715 ﬁas
2850 1659 3015 1715 etiam
3047 1664 3105 1712 tu
3132 1669 3258 1712 cum
3283 1655 3432 1712 omni
3456 1663 3564 1709 ter-

260 1754 380 1823 sita,
415 1762 462 1806 et
497 1751 717 1809 tenebris
753 1763 898 1808 erant
937 1769 1092 1825 super
1129 1752 1395 1824 abyssum,
1428 1762 1476 1808 et
1498 1754 1714 1825 spiritus
1752 1753 1854 1809 Dei
1885 1756 1932 1817 Β
1958 1769 2040 1824 ra,
2065 1755 2118 1811 in
2141 1769 2246 1826 qua
2272 1763 2358 1811 est
2385 1753 2558 1826 gloria
2594 1753 2710 1820 Dei,
2745 1753 2925 1824 plena,
2956 1752 3133 1822 gloria
3156 1749 3296 1821 ejus.
3323 1749 3566 1818 Quomo-

261 1846 526 1917 {erebatur
573 1862 727 1920 super
772 1862 976 1920 aquas,
1034 1846 1520 1917 apprehenduntur
1569 1844 1726 1914 (Gen.
1791 1845 1858 1918 ι).

261 1942 472 1998 Mundae
499 1951 656 1997 erant
675 1957 830 2014 aqua:
859 1941 998 2007 istae,
1025 1941 1079 1996 in
1106 1941 1305 2013 quibus
1327 1941 1618 1998 incubabat
1635 1941 1862 2013 spiritus

261 2035 381 2092 Dei.
411 2033 518 2092 Sed
546 2042 602 2092 et
623 2033 866 2092 tenebrae
893 2048 1016 2105 quae
1037 2048 1203 2105 super
1231 2033 1494 2105 abyssum
1537 2043 1717 2098 erant,
1751 2048 1863 2090 non

260 2137 388 2184 sunt
417 2126 695 2198 ingenitae.
744 2124 1048 2197 Utrumque
1088 2125 1235 2183 enim
1283 2141 1353 2182 ex
1397 2125 1568 2182 nihilo
1615 2133 1862 2182 creatum

261 2231 364 2276 est.
421 2219 562 2276 Audi
613 2219 668 2275 in
697 2218 836 2275 Isaia
884 2218 1160 2276 dicentem
1197 2218 1524 2274 Dominum:
1572 2216 1691 2291 Ego
1721 2217 1864 2292 Deus

262 2314 349 2384 qui
373 2315 636 2369 construxi
665 2312 854 2383 lucem,
889 2322 938 2368 et
964 2311 1063 2382 Ieci
1081 2312 1316 2367 tenebras
1347 2311 1506 2382 (lsai.
1543 2311 1692 2384 va).
1720 2295 1862 2368 Au'di

259 2408 583 2478 sapientiam
608 2409 660 2464 in
695 2407 1004 2464 Proverbiis
1038 2405 1433 2478 prmdicautem
1467 2424 1478 2461 :
1511 2407 1642 2461 Ante
1686 2422 1866 2460 omnes

261 2503 472 2577 abyssos
496 2513 619 2560 nata
643 2520 759 2561 sum
785 2501 970 2575 (Prov.
996 2502 1134 2574 vui).
1169 2499 1285 2556 Non
1321 2510 1480 2557 erant
1509 2501 1610 2555 ista
1641 2498 1855 2569 ingeni-

263 2607 339 2664 ta,
367 2596 463 2654 sed
489 2595 728 2668 quando,
750 2595 838 2651 vel
867 2593 1143 2666 quomodo
1184 2601 1311 2649 sunt
1340 2600 1489 2658 nata,
1521 2591 1730 2648 nescio.
1764 2589 1865 2646 Ve-

263 2692 444 2747 lantur
473 2689 618 2746 enim
665 2704 696 2744 a
727 2685 1013 2758 Seraphim
1055 2686 1235 2756 priora
1266 2700 1491 2756 operum
1526 2683 1646 2752 Dei,
1676 2683 1730 2739 id
1760 2693 1866 2752 est,

265 2784 594 2842 {acies-Dei:
639 2781 896 2839 similiter
920 2792 1100 2836 autem
1150 2790 1206 2836 et
1235 2779 1426 2851 pedes.
1461 2779 1534 2835 Ea
1565 2795 1688 2851 quae
1741 2789 1869 2850 post

265 2889 574 2936 extremum
603 2877 864 2934 saeculum
898 2875 1076 2930 futura
1126 2881 1256 2930 sunt
1301 2874 1355 2929 in
1399 2873 1594 2929 saecula
1642 2870 1873 2928 saeculo-

267 2989 411 3041 rum,
440 2974 562 3044 quis
590 2981 772 3045 potest
798 2970 1114 3043 exponere?
1163 2968 1520 3026 Garrulorum
1567 2976 1652 3023 est
1694 2966 1874 3022 homi-

266 3083 398 3124 num
451 3065 644 3121 horum
695 3064 944 3121 notitiam
995 3061 1262 3132 polliceri,
1324 3059 1686 3115 nescientium
1740 3057 1868 3129 quia

1965 1850 2036 1906 do
2059 1848 2121 1905 Iit
2149 1864 2246 1920 per
2267 1849 2514 1920 singulos
2539 1856 2786 1903 nostrum
2821 1845 3106 1916 plenitudo
3125 1845 3316 1917 gloriae
3338 1843 3470 1900 Dei?
3499 1842 3556 1900 Si

1965 1957 2087 2015 quae
2109 1942 2272 2007 facio,
2305 1956 2425 2012 quae
2455 1939 2673 2011 loquor,
2707 1940 2760 1995 in
2789 1938 3014 2010 gloriam
3042 1936 3141 1993 Dei
3186 1935 3340 2003 (iant,
3369 1935 3567 2006 plenus

1967 2049 2150 2091 sermo
2185 2033 2397 2106 1117
2428 2047 2580 2088 meus
2609 2042 2666 2088 et
2707 2043 2860 2088 actus
2893 2031 2952 2087 lit
2997 2031 3171 2102 gloria
3220 2031 3341 2087 Dei.
3394 2029 3452 2086 Si
3513 2038 3568 2084 et

1965 2141 2279 2199 processus,
2315 2139 2371 2182 et
2401 2126 2682 2197 ingressus
2712 2139 2866 2182 meus
2895 2126 2948 2180 in
2979 2124 3215 2196 gloriam
3241 2123 3334 2179 Dei
3373 2131 3481 2187 est,
3515 2123 3560 2177 si

1966 2221 2144 2288 cibus,
2175 2220 2220 2276 si
2249 2227 2409 2292 potus
2439 2233 2612 2286 meus,
2647 2219 2692 2274 si
2725 2218 2908 2274 omnia
2941 2232 3062 2288 quae
3091 2216 3230 2271 facio
3256 2215 3310 2270 in
3339 2215 3568 2288 gloriam

1971 2317 2067 2372 Dei
2120 2318 2271 2383 liant,
2305 2324 2362 2372 et
2389 2330 2491 2386 ego
2523 2314 2798 2386 particeps
2836 2327 2957 2368 sum
2989 2313 3148 2368 istius
3175 2310 3308 2368 dicti
3355 2329 3366 2365 :
3404 2309 3570 2366 Plena

1968 2415 2043 2463 est
2072 2418 2210 2462 terra
2237 2408 2406 2478 gloria
2439 2411 2575 2480 ejus.
2605 2406 2740 2463 Cum
2787 2421 2918 2477 ergo
2967 2407 3149 2462 omnia
3199 2404 3302 2461 ista
3350 2403 3555 2470 fecero,

1970 2502 2241 2558 elevatum
2269 2509 2354 2557 est
2393 2499 2810 2571 superliminare
2854 2515 2887 2556 a
2928 2513 3064 2556 voce
3100 2497 3410 2571 Seraphim,
3461 2513 3570 2570 qua

1972 2593 2299 2652 clamabant.
2345 2593 2572 2651 Beatum
2603 2604 2690 2652 est
2738 2594 2921 2664 itaque
2967 2606 3410 2664 unumquemque
3438 2606 3572 2646 nos-

1974 2698 2117 2744 trum
2145 2690 2217 2744 ita
2246 2687 2497 2745 laborare
2519 2697 2579 2745 ut
2616 2689 2892 2759 particeps
2929 2686 3025 2743 ﬂat
3061 2685 3210 2752 ostii,
3247 2695 3303 2742 et
3331 2684 3568 2756 superli-

1974 2783 2202 2841 minaris
2229 2782 2377 2850 ostii,
2409 2782 2555 2854 quod
2597 2782 2754 2852 juxta
2795 2782 3133 2840 intellectum
3184 2790 3271 2837 est
3319 2779 3595 2836 Christus,

1975 2875 2140 2930 Deus.
2165 2873 2352 2946 Neque
2390 2876 2534 2931 enim
2580 2875 2842 2932 indecens
2869 2875 3019 2932 dictu
3063 2890 3191 2931 reor
3229 2873 3428 2930 ostium
3451 2887 3578 2928 car-

1979 2984 2126 3036 nem,
2156 2979 2210 3025 et
2237 2968 2650 3040 superliminare
2672 2970 2896 3026 verbum
2929 2969 3254 3042 nuncupari.

2050 3062 2138 3119 III.
2185 3061 2460 3118 Elevatum
2487 3069 2561 3117 est
2586 3063 2984 3134 superliminare
3025 3080 3058 3117 a
3093 3078 3214 3118 uoce
3237 3080 3340 3134 qua
3372 3063 3574 3118 elauta-

268 3161 436 3215 homo
466 3173 530 3214 ea
551 3167 759 3212 tantum
796 3163 977 3227 potest
1000 3167 1200 3225 capere
1230 3169 1352 3223 quae
1401 3152 1580 3208 media
1629 3158 1780 3219 sunt,
1813 3158 1870 3207 et
1894 3153 1941 3217 C
1976 3157 2123 3225 bant,
2155 3164 2208 3211 et
2232 3155 2418 3211 donius
2443 3155 2643 3226 repleta
2681 3164 2758 3212 est
2796 3157 2960 3227 fumo.
2995 3155 3202 3212 Fumus
3239 3157 3344 3212 iste
3369 3155 3573 3212 donum

269 3273 330 3314 ca
361 3270 482 3328 quae
513 3263 636 3326 post
675 3251 934 3309 mundum
959 3265 1131 3322 usque
1165 3248 1235 3305 ad
1263 3247 1791 3305 consummationem
1816 3247 1872 3301 in

267 3349 476 3423 judicio
501 3356 628 3406 sunt
658 3347 860 3414 futura,
909 3345 979 3402 de
1024 3345 1222 3416 poenis,
1271 3343 1342 3400 de
1381 3342 1760 3401 retributione.
1807 3341 1877 3397 Et

277 3445 472 3499 borum
501 3455 719 3514 quoque
746 3440 913 3496 multa
941 3439 1210 3494 abscousa
1238 3445 1366 3492 sunt
1407 3435 1586 3498 nobis,
1621 3445 1677 3490 ut
1711 3448 1878 3506 prop-

275 3537 361 3594 ter
393 3537 498 3592 hoc
527 3534 744 3606 quidem
767 3533 1029 3604 scriptum
1075 3531 1189 3586 sit:
1245 3528 1460 3584 Duabus
1505 3527 1744 3584 uelabant
1797 3529 1879 3596 fa-

277 3630 430 3686 ciem.
455 3627 573 3684 Non
599 3628 774 3682 solum
795 3635 976 3682 autem
989 3623 1267 3689 velabant,
1294 3621 1389 3678 sed
1417 3618 1874 3691 ctcontegebant,

279 3726 331 3782 id
360 3732 446 3781 est
471 3723 551 3779 sic
577 3720 852 3783 velabant,
893 3727 950 3774 ut
981 3733 1081 3774 nec
1123 3716 1396 3772 modicum
1428 3713 1706 3770 videretur
1734 3711 1882 3783 prio-

281 3834 427 3888 rum,
459 3815 584 3872 dico
615 3822 794 3871 autem
823 3812 981 3869 faciei
1017 3829 1028 3865 :
1090 3824 1266 3881 neque
1323 3806 1600 3880 paululum
1665 3804 1882 3878 1116

281 3912 410 3986 quid
456 3919 844 3982 agnosceretur
890 3905 1334 3972 novissimorum,
1383 3904 1486 3957 hoc
1531 3909 1635 3967 est,
1679 3899 1880 3970 pedum

280 4009 423 4077 ejus.
471 4003 684 4060 Duabus
733 4001 991 4056 volabant.
1045 3998 1246 4069 Aperta
1293 4007 1419 4052 sunt
1449 3993 1624 4052 media
1654 3993 1720 4049 ad
1752 4007 1883 4048 con-

285 4100 674 4173 templandum.
699 4097 765 4152 Et
777 4095 1068 4153 clamabant
1095 4092 1225 4148 alter
1247 4093 1318 4147 ad
1345 4093 1579 4148 alterum.
1607 4087 1724 4144 Non
1746 4087 1886 4142 alter

287 4195 352 4250 ad
384 4194 588 4263 plures,
617 4192 714 4248 sed
746 4192 882 4248 alter
913 4189 980 4245 ad
1020 4188 1274 4242 alterum.
1308 4185 1512 4243 Audire
1539 4183 1683 4240 enim
1727 4196 1887 4237 sanc-

287 4291 574 4346 titudinem
609 4287 704 4344 Dei
743 4303 866 4360 quae
917 4283 1269 4339 annuntiatur
1311 4297 1338 4336 a
1381 4280 1686 4344 Salvatore,
1731 4277 1884 4347 juxta

288 4384 605 4456 dignitatem
637 4381 720 4439 rei
763 4394 923 4437 nemo
968 4385 1146 4450 potest
1192 4375 1298 4431 nisi
1343 4372 1582 4444 Spiritus
1627 4379 1886 4428 sanctus:

291 4475 564 4548 quomodo
595 4490 812 4530 rursum
855 4471 1161 4528 inhabitare
1189 4465 1603 4526 sanctimoniam
1640 4464 1733 4520 Dei
1764 4477 1890 4534 quae

1979 3260 2065 3308 est
2091 3250 2161 3306 de
2181 3250 2358 3322 gloria
2383 3250 2480 3307 Dei
2504 3268 2518 3305 :
2549 3248 2615 3303 Et
2637 3250 2750 3305 dixi
2767 3267 2787 3307 :
2816 3250 2862 3306 0
2884 3251 3040 3308 miser
3059 3268 3154 3326 ego
3175 3253 3420 3323 quoniam
3441 3268 3576 3306 com-

1982 3355 2205 3420 punctus
2232 3364 2368 3402 sum.
2401 3346 2708 3416 Antequam
2737 3346 2922 3402 videas
2948 3346 3243 3414 visionem,
3272 3361 3381 3402 non
3405 3347 3581 3401 conli-

1984 3441 2118 3499 teris
2153 3451 2207 3497 te
2241 3456 2366 3497 esse
2392 3441 2680 3506 miserum,
2711 3454 2746 3494 ο
2785 3439 2926 3494 Isaia
2957 3440 2982 3495 ?
3011 3439 3128 3495 Non
3173 3439 3253 3494 ait
3279 3456 3293 3494 :
3321 3438 3580 3510 quamdiu

1983 3536 2119 3592 vixit
2139 3535 2322 3601 Osias,
2353 3548 2528 3604 neque
2551 3533 2606 3588 in
2628 3547 2850 3590 sensum
2881 3548 3062 3589 meum
3093 3531 3246 3589 venit
3262 3533 3387 3604 quia
3417 3533 3583 3588 miser

1983 3643 2187 3685 essem.
2215 3625 2424 3697 Incipio
2447 3633 2628 3681 autem
2660 3640 2825 3682 nosse
2850 3626 2977 3697 quia
3001 3626 3174 3682 miser
3201 3640 3343 3692 sum,
3367 3624 3587 3696 quando

1986 3723 2147 3779 video
2175 3722 2468 3788 visionem,
2501 3721 2776 3776 moriente
2821 3719 2956 3775 mihi
2985 3718 3114 3776 Osia
3162 3733 3292 3792 rege
3337 3718 3580 3788 leproso,

1987 3826 2043 3872 et
2062 3815 2184 3871 dico
2215 3833 2229 3870 :
2266 3813 2312 3868 0
2338 3816 2496 3869 miser
2519 3830 2613 3884 ego
2647 3811 2860 3885 (Paral.
2896 3810 3079 3884 xxvr)!
3108 3810 3262 3867 Nunc
3298 3811 3501 3882 incipio
3531 3821 3587 3868 et

1989 3925 2094 3982 ego
2139 3907 2392 3966 conﬁteri
2433 3907 2688 3975 Domino,
2731 3915 2788 3962 et
2828 3907 3016 3962 dicere
3047 3907 3116 3961 de
3146 3905 3508 3976 memetipso:
3541 3904 3587 3961 0

1993 4005 2160 4060 miser
2179 4003 2301 4074 ego!
2331 3999 2611 4074 quomodo
2641 3999 2811 4055 Isaias
2830 3999 2963 4056 dicit
2989 4017 3002 4054 :
3035 3997 3081 4055 Ο
3102 3998 3270 4054 miser
3297 3998 3418 4069 ego!
3448 3996 3588 4052 Pro-

1991 4101 2139 4156 xime
2153 4109 2337 4155 autem
2364 4096 2491 4152 huic
2512 4102 2568 4151 et
2586 4093 2880 4165 Apostolus
2911 4093 3080 4148 dicit:
3105 4091 3266 4148 Miser
3281 4107 3378 4164 ego
3408 4091 3585 4158 homo,

1991 4195 2108 4268 quis
2129 4210 2211 4248 me
2231 4191 2466 4247 liberabit
2483 4189 2546 4244 de
2567 4204 2781 4261 corpore
2803 4189 2982 4243 mortis
2998 4186 3154 4260 hujus
3175 4185 3454 4259 (Rom.vu,
3474 4179 3595 4253 24)?

1995 4292 2222 4348 Beatum
2247 4297 2334 4346 est
2360 4302 2492 4358 ergo
2518 4294 2578 4341 ut
2608 4284 2867 4340 miserum
2898 4299 2986 4340 me
3031 4281 3225 4339 fatear.
3259 4281 3318 4336 Si
3362 4295 3450 4335 me
3489 4279 3590 4333 hu-

1999 4386 2307 4450 miliavero,
2340 4391 2398 4438 et
2419 4381 2695 4452 ptenitens
2723 4391 2890 4448 super
2918 4376 3160 4448 peccatis
3187 4374 3322 4431 meis
3351 4371 3553 4430 ﬂevero
3573 4416 3587 4440 ,

1997 4478 2254 4537 exaudiet
2284 4493 2373 4534 me
2403 4475 2567 4541 Deus,
2601 4485 2657 4530 et
2686 4472 2834 4528 dabit
2863 4471 2995 4527 mihi
3027 4471 3402 4535 liberatorem,
3437 4466 3593 4524 etdi-

291 4571 642 4627 annuntiatur
667 4583 696 4623 a
716 4568 925 4639 Spiritu
965 4576 1174 4633 sancto,
1207 4577 1368 4621 nemo
1398 4571 1580 4634 potest
1601 4560 1710 4616 nisi
1738 4557 1890 4614 solus
1919 4555 1970 4616 D
2001 4587 2122 4629 cam
2157 4572 2363 4643 gratias
2387 4568 2504 4624 Deo
2531 4581 2629 4639 per
2656 4565 2842 4622 Jesum
2877 4565 3156 4620 Christum
3185 4562 3478 4618 Dominum
3509 4575 3599 4616 ηο.
3637 4608 3639 4610 ,

291 4667 567 4722 Salvator.
587 4663 670 4720 0b
694 4663 745 4717 id
764 4661 902 4717 alter
932 4660 1000 4716 ad
1029 4661 1262 4716 alterum
1286 4656 1618 4722 clamabant,
1652 4663 1708 4710 et
1732 4653 1886 4709 dice-

294 4762 419 4817 bant
450 4777 463 4814 :
490 4757 738 4821 Sanctus,
771 4765 1001 4823 sanctus,
1035 4763 1260 4808 sanctus.
1294 4751 1411 4806 Non
1444 4749 1526 4805 eis
1555 4747 1763 4804 sufﬁcit
1805 4760 1897 4800 se-

296 4855 400 4910 mel
433 4852 674 4908 clamare
701 4857 954 4915 sanctus,
983 4862 1164 4919 neque
1201 4845 1307 4910 bis,
1337 4843 1436 4900 sed
1465 4843 1763 4914 perlectum
1799 4854 1905 4894 nu-

262 4950 277 4958 ’
300 4961 508 5002 merum
536 4942 823 4999 Trinitatis
849 4946 1136 4994 assumunt
1168 4935 1323 5010 (Isai.
1357 4937 1436 5004 vr)
1459 4976 1473 5000 ,
1515 4942 1573 4990 ut
1601 4929 1905 4987 multitudi-

300 5055 421 5096 nem
450 5035 754 5094 sanctitatis
784 5031 1136 5089 manifestent
1162 5030 1282 5097 Dei,
1312 5045 1438 5100 quae
1457 5039 1542 5086 est
1559 5028 1718 5085 trinte
1745 5040 1906 5082 sanc-

299 5133 472 5189 titatis
501 5130 731 5201 repetita
758 5125 1150 5189 communitas,
1187 5125 1452 5180 sanctitas
1481 5123 1683 5187 Patris,
1703 5119 1908 5176 sancti-

301 5237 386 5284 tas
415 5223 678 5293 unigeniti
709 5221 856 5288 Filii,
879 5228 936 5277 et
965 5218 1200 5290 Spiritus
1235 5217 1430 5273 sancti.
1462 5216 1676 5272 Etenim
1701 5212 1908 5268 sancti-

307 5320 475 5376 licans
501 5327 557 5373 et
586 5315 910 5372 sanctiﬁcati
960 5329 1029 5370 ex
1080 5328 1187 5368 uno
1229 5325 1421 5366 omnes
1479 5308 1640 5383 (Heb.
1670 5309 1753 5380 ιι).
1805 5305 1909 5375 Qui

307 5408 884 5469 sanetilicatSalvatnr
909 5417 1016 5474 est,
1058 5406 1207 5477 juxta
1238 5405 1340 5460 hoc
1361 5403 1506 5474 quod
1542 5405 1706 5458 homo
1755 5409 1839 5456 est
1885 5415 1913 5454 a

310 5508 420 5563 Deo
445 5505 608 5562 Patre
625 5501 897 5571 accipiens
915 5500 1278 5556 sanctitatem.
1298 5497 1496 5552 Dicunt
1514 5497 1726 5565 itaque:
1750 5492 1919 5549 Sanc-

313 5613 418 5668 tus,
451 5607 680 5662 sanctus,
695 5604 930 5661 sanctus,
949 5593 1206 5649 Dominus
1219 5592 1360 5647 Deus
1379 5589 1636 5647 Sabaoth.
1653 5588 1928 5657 Interpre-

2002 4677 2179 4720 strum
2209 4662 2399 4734 (Ibid.,
2431 4657 2550 4732 25).
2580 4658 2780 4715 Verum
2826 4673 2891 4713 ex
2923 4655 3091 4713 corde
3129 4655 3396 4720 dicamus,
3431 4653 3599 4708 miser

1999 4773 2104 4829 ego
2147 4770 2293 4811 sum.
2325 4751 2713 4824 Unusquisque
2757 4749 3081 4807 recordetur
3120 4761 3316 4803 causas
3351 4743 3601 4799 miseria-

2008 4866 2129 4905 rum
2163 4861 2407 4912 suarum,
2459 4855 2516 4901 et
2556 4844 2789 4912 delicta,
2821 4853 2877 4899 et
2916 4842 3164 4898 dicamus
3205 4847 3490 4908 surgentes
3538 4836 3609 4891 ad

2013 4942 2340 5006 orationem,
2365 4951 2641 4997 memores
2660 4937 2881 5010 quidem
2905 4935 3061 5006 quasi
3083 4931 3431 4995 conﬁtentes,
3454 4927 3604 4983 obliti

2015 5048 2199 5094 autem
2223 5035 2376 5106 quasi
2402 5035 2513 5106 jam
2547 5048 2654 5089 non
2701 5032 2982 5100 iacientes,
3015 5037 3071 5085 et
3117 5025 3365 5082 dicamus
3399 5039 3414 5078 :
3448 5019 3614 5076 Miser

2017 5151 2134 5208 ego,
2163 5132 2413 5204 quoniam
2435 5139 2776 5201 compunctus
2802 5141 2939 5182 sum.
2979 5123 3096 5180 Non
3134 5127 3220 5176 est
3257 5123 3617 5188 compunctus

2019 5236 2313 5297 antequam
2346 5223 2558 5280 videret
2583 5221 2851 5278 visionem
2871 5261 2886 5286 ,
2929 5225 3218 5284 antequam
3249 5211 3408 5268 Osias
3437 5224 3622 5265 more-

2021 5332 2174 5379 retur
2199 5337 2213 5375 :
2243 5333 2368 5374 cum
2392 5317 2582 5390 incipit
2613 5312 2991 5388 paenitentiam
3021 5323 3206 5382 agere,
3237 5308 3419 5365 statim
3443 5305 3577 5363 dicit
3605 5323 3621 5362 :

2023 5421 2272 5492 quoniam
2298 5423 2638 5488 compunctus
2659 5427 2794 5468 sum.
2817 5410 2872 5464 Si
2894 5407 3017 5478 quis
3041 5406 3160 5460 sine
3183 5419 3350 5460 sensu
3371 5409 3457 5458 est
3471 5401 3624 5472 juxta

2031 5510 2347 5568 interiorem
2378 5508 2684 5568 hominem,
2733 5516 2856 5557 cum
2897 5505 3156 5570 peccator
3193 5495 3294 5563 sit,
3335 5510 3443 5549 non
3485 5505 3636 5548 com-

2036 5602 2298 5678 pungitur
2326 5618 2339 5655 :
2373 5600 2471 5656 sed
2495 5599 2650 5670 quasi
2683 5598 2736 5651 in
2757 5592 3038 5649 exteriora
3060 5590 3304 5646 membra
3333 5587 3462 5642 licet
3483 5584 3641 5678 adbi-

318 5687 716 5750 taturSabaotb
743 5685 1028 5758 (utAquila
1046 5684 1294 5754 tradidit)
1315 5679 1933 5746 Dominusmilitiarum,
2036 5673 2172 5751 heas—
2197 5690 2498 5756 stimulum,
2531 5702 2638 5742 non
2670 5682 2837 5740 sentit
2867 5688 3142 5736 mortuum
3174 5690 3372 5747 corpus
3400 5693 3414 5732 :
3445 5673 3642 5756 eodem

399 5785 466 5843 Il.
511 5782 680 5839 Plena
707 5788 784 5838 est
816 5776 984 5834 ilumis
1023 5787 1159 5836 terra
1207 5778 1376 5852 gloria
1417 5779 1552 5844 ejus.
1584 5773 1726 5831 Oliin
1777 5772 1936 5843 plena

2060 5787 2227 5844 modo
2257 5785 2304 5844 si
2333 5781 2593 5840 adhibeas
2623 5774 2896 5849 peccatorl
2931 5764 3095 5830 verba
3119 5766 3296 5829 divina
3328 5757 3654 5826 mortificata
