4080 6326
571 272 678 335 915

1821 277 1884 334 S.
1925 276 2197 335 EUSEBII
2235 271 2620 334 HIERUNYMI

3767 273 3866 335 916

573 410 670 464 per
697 405 996 466 peccatum,
1041 405 1094 452 et
1139 410 1247 451 non
1295 395 1473 466 agenti
1519 395 1940 466 pmoitentiam,
1987 398 2239 466 nequeA
2270 395 2471 451 residet
2525 396 2622 451 tibi
2669 397 2788 463 ille,
2839 398 2908 453 tle
2961 411 3071 468 quo
3117 397 3321 454 dictum
3355 410 3438 455 est
3469 417 3483 454 :
3516 401 3592 456 ite
3637 413 3667 453 a
3701 413 3786 454 me
3815 398 3864 455 in

575 498 802 544 tumstus
834 498 939 556 est,
987 505 1165 560 neque
1193 489 1442 560 ptPltilct,
1479 505 1657 560 neque
1689 488 1855 546 habet
1880 488 2164 544 tristitiam

572 593 887 650 operantem
932 583 1359 647 confessionem,
1395 583 1672 638 tristitiam
1715 599 1836 653 qua:
1867 583 2167 639 secundum

575 674 743 730 Deum
769 685 872 731 est.
905 676 964 732 Si
989 677 1104 749 quis
1119 686 1301 732 autem
1327 676 1441 732 vult
1465 677 1689 742 salvari,
1711 685 1768 731 et
1796 675 2029 732 audierit
2052 691 2171 732 ser-

577 783 766 824 mones
789 771 1068 840 arguentis
1094 787 1185 834 se.
1220 779 1274 826 et
1302 771 1684 841 corripientis,
1716 772 1898 826 statim
1928 771 2060 826 dicit
2085 789 2099 826 :
2127 771 2171 826 Ο

577 863 743 916 miser
772 866 894 933 ego!
929 865 1042 920 Nec
1065 863 1268 920 suilicit
1294 865 1502 930 dicere,
1532 865 1700 922 miser
1723 880 1824 935 ego
1858 882 1870 919 :
1894 880 2173 935 apponen-

576 956 702 1011 dutn
731 967 816 1013 est
837 960 910 1027 ei,
943 960 1068 1030 quia
1099 969 1460 1029 compunctus
1491 975 1636 1013 sum.
1685 957 1902 1016 Utinam
1937 957 2172 1030 amplius

575 1053 1042 1122 compungaman
1069 1052 1285 1121 Quanto
1317 1055 1460 1108 enim
1497 1054 1712 1125 1118
1745 1053 1868 1123 plus
1907 1067 2174 1122 compun—

575 1146 777 1216 gimur,
809 1157 958 1202 lauto
1002 1148 1122 1218 plus
1163 1147 1322 1203 nobis
1362 1159 1706 1219 peceatorum
1733 1148 1949 1204 vincula
1991 1149 2173 1203 laxan-

579 1253 688 1298 tur.
731 1243 964 1314 Propter
994 1243 1098 1300 huc
1141 1244 1330 1300 Achab
1361 1245 1456 1300 illc
1487 1262 1594 1300 non
1643 1245 1870 1300 multum
1922 1245 2174 1301 utilitatis

577 1347 662 1394 est
691 1348 1042 1405 Consecutus,
1091 1341 1217 1409 quia
1269 1355 1376 1393 non
1421 1339 1655 1394 multum
1703 1351 2063 1408 compunctus
2091 1349 2176 1395 est

579 1431 670 1502 (Ill
712 1431 842 1504 Reg.
887 1432 1036 1502 xxx):
1072 1431 1168 1487 sed
1196 1441 1558 1502 compunctus
1605 1432 1830 1502 quidem
1881 1441 1966 1487 est
2005 1433 2174 1488 semel

579 1534 809 1579 tantum.
858 1525 1228 1594 Quamobrem
1280 1525 1484 1582 dictum
1533 1534 1658 1580 est:
1701 1524 1886 1580 Vidisti
1916 1526 2175 1595 quomodo

577 1626 918 1688 compunctus
948 1627 1022 1673 est
1060 1618 1258 1674 Achab.
1293 1618 1352 1674 Si
1383 1635 1516 1674 vero
1560 1620 1684 1691 quis
1729 1621 1859 1676 talis
1907 1620 2072 1676 fuerit
2117 1631 2176 1676 ut

579 1728 686 1766 non
719 1722 901 1768 cesset
934 1715 1256 1784 compungi,
1291 1713 1430 1770 dicit
1458 1714 1720 1770 similiter
1749 1723 1807 1770 ut
1827 1714 2127 1786 Apostolus
2160 1735 2172 1770 :

2279 491 2492 562 1119
2521 492 2698 561 ignem
2727 503 3018 558 aitet-num,
3059 493 3150 562 qui
3194 503 3533 562 praeparatus
3563 503 3647 549 est
3675 491 3867 548 Zabulo

2271 592 2326 636 et
2356 583 2571 651 angelis
2597 582 2738 651 ejus.
2770 582 2886 638 Non
2914 595 2999 638 est
3030 583 3150 640 talis
3179 585 3320 655 ignis
3357 585 3427 642 de
3456 584 3643 640 altari.
3672 585 3868 642 Omnes

2273 675 2382 746 igni
2413 677 2662 733 tradendi
2687 689 2834 747 sunt,
2868 679 2963 736 sed
2999 696 3106 736 non
3138 695 3329 739 omnes
3359 685 3449 738 utti
3473 683 3607 754 igni,
3641 682 3779 738 alios
3807 681 3871 741 de

2273 768 2428 824 altari
2461 770 2597 836 ignis
2641 781 2950 842 exspectat,
3003 773 3141 829 alios
3193 774 3352 846 ignis,
3400 773 3494 847 qui
3543 788 3873 847 pratparatus

2274 874 2355 918 est
2377 863 2585 920 Zabulu
2617 874 2673 922 et
2700 866 2909 938 angelis
2937 867 3078 938 ejus.
3113 867 3324 940 Tangat
3348 885 3480 941 ergo
3505 869 3651 924 labia
3681 869 3870 927 mentis

2277 967 2330 1012 et
2363 959 2560 1014 animm
2609 969 2809 1016 nostrae
2849 977 3033 1018 sermo
3065 964 3392 1035 corripiens,
3429 976 3486 1019 ιιι
3517 973 3572 1020 et
3605 977 3706 1019 nos
3733 963 3870 1020 dica-

2278 1069 2398 1109 mus
2433 1071 2445 1108 :
2479 1065 2526 1109 et
2575 1055 2739 1128 tetigit
2787 1073 2842 1112 os
2883 1073 3074 1113 meum.
3107 1055 3166 1114 Si
3201 1059 3540 1116 tnuttdavero
3570 1075 3634 1116 os
3675 1077 3868 1129 meum,

2279 1158 2335 1203 ut
2367 1149 2499 1203 nihil
2531 1150 2766 1204 otiosum
2789 1192 2802 1216 ,
2855 1150 2990 1206 nihil
3042 1149 3285 1218 fatuum,
3322 1149 3457 1208 nihil
3514 1161 3692 1224 turpe,
3743 1151 3871 1211 nihil

2278 1243 2508 1298 currile
2549 1243 2634 1314 (ut
2679 1245 2861 1299 omnia
2917 1245 3085 1300 semel
3119 1243 3450 1319 nominem),
3497 1247 3633 1302 nihil
3665 1259 3870 1317 eorum,

2277 1351 2399 1407 qua:
2431 1337 2717 1393 interdicta
2749 1348 2896 1406 sunt,
2933 1338 3147 1410 loquar,
3176 1347 3304 1396 tunc
3336 1353 3631 1411 possumus
3655 1339 3871 1397 dicere:

2278 1432 2442 1503 tetigit
2472 1449 2527 1487 os
2557 1449 2745 1487 meum.
2794 1433 2964 1489 Porro
2994 1433 3254 1505 quamdiu
3285 1435 3565 1491 immunda
3599 1435 3743 1491 labia
3785 1435 3877 1490 ita-

2282 1525 2406 1590 beo,
2440 1535 2495 1582 et
2531 1527 2744 1599 1120
2788 1527 3098 1583 immundus
3145 1543 3235 1584 res
3266 1543 3399 1601 gero
3450 1541 3678 1602 propter
3720 1528 3874 1587 verba

2279 1622 2516 1690 peccati,
2553 1637 2658 1676 non
2695 1624 2868 1694 tangit
2908 1637 2970 1679 os
3001 1639 3182 1680 meum
3217 1625 3354 1696 ignis
3382 1625 3468 1697 de;
3493 1626 3675 1693 altari,
3707 1639 3874 1697 neque

2281 1713 2516 1768 mittitur
2539 1709 2604 1766 ad
2633 1730 2722 1768 tne
2751 1727 2894 1769 unus
2925 1715 2994 1769 de
3035 1713 3349 1784 Seraphim.

581 1806 702 1860 Non
730 1825 845 1861 sum
887 1810 1077 1878 dignus
1126 1811 1298 1863 vorari
1327 1809 1611 1878 Apostolus
1665 1823 1878 1882 prapter
1906 1811 2006 1867 hoc
2035 1814 2174 1881 quod
2205 1806 2254 1866 B
2355 1805 2439 1861 Vl.
2484 1804 2552 1858 Et
2577 1806 2711 1860 dixit
2743 1821 2762 1860 :
2796 1805 2932 1861 Ecce
2961 1808 3107 1880 tetigi
3143 1807 3280 1863 labia
3311 1817 3423 1878 tua,
3457 1818 3504 1865 et
3543 1811 3737 1864 abstuli
3781 1810 3876 1864 ini-

576 1911 874 1974 persecutus
900 1919 1014 1957 sum
1070 1902 1361 1958 Ecclesium
1384 1903 1482 1959 Dei
1529 1904 1577 1978 (Ι
1615 1905 1748 1960 Tim.
1798 1905 1860 1978 t).
1896 1906 1962 1961 Et
1997 1923 2011 1960 :
2043 1907 2178 1962 Mihi

580 1998 792 2051 minimo
807 1999 1038 2052 omnium
1061 2009 1362 2055 sanctorum
1385 1999 1507 2054 data
1530 2011 1602 2056 est
1626 2003 1726 2055 ista
1747 2004 1918 2074 gratia
1941 2001 2086 2074 (Gal.
2113 2004 2174 2074 1).

579 2091 648 2145 Ει
683 2109 694 2144 :
728 2089 932 2145 Fidelis
980 2091 1150 2160 Deus,
1182 2093 1306 2164 quia
1327 2092 1480 2147 Jesus
1511 2092 1749 2150 Christus
1785 2095 1920 2148 venit
1959 2096 2012 2149 iu
2043 2095 2179 2150 hunc

577 2185 852 2251 mundum,
884 2195 1184 2255 peccatores
1211 2189 1437 2255 salvare,
1468 2205 1688 2260 quorum
1719 2192 1916 2259 primus
1946 2206 2040 2261 ego
2065 2206 2180 2246 sum

579 2277 622 2349 (Ι
655 2278 774 2332 Cor.
809 2277 927 2351 xv).
967 2279 1206 2336 Videsne
1235 2283 1362 2352 quia
1412 2284 1642 2337 multum
1672 2295 2039 2354 compunctus
2069 2293 2176 2354 est,

581 2379 636 2425 et
669 2387 777 2425 non
811 2371 1008 2437 semel,
1040 2373 1135 2428 sed
1169 2387 1394 2444 semper
1425 2374 1708 2443 scribens,
1742 2384 1796 2431 ct
1842 2378 2096 2446 loquens,
2124 2385 2183 2434 ct

577 2479 750 2533 agens
782 2475 1152 2532 compunctus
1183 2466 1307 2522 est?
1339 2467 1620 2538 quomodo
1652 2481 1705 2523 et
1737 2467 1908 2524 Isaias
1941 2471 1995 2524 in
2042 2483 2182 2539 prir-

579 2558 748 2625 seuti,
783 2560 878 2628 qui
904 2558 1080 2614 dicit:
1113 2559 1159 2614 0
1193 2561 1351 2615 miser
1373 2577 1467 2631 ego
1491 2578 1628 2629 sum,
1657 2571 2000 2632 compunctus
2041 2579 2176 2631 simi,

577 2656 698 2725 quia
727 2671 844 2709 cum
867 2657 966 2709 sint
998 2656 1172 2723 Itomo,
1205 2666 1254 2709 et
1290 2657 1561 2710 immunda
1587 2657 1724 2710 labia
1765 2658 2004 2719 habeam,
2047 2666 2093 2712 et
2125 2659 2178 2712 iu

580 2745 749 2800 medio
782 2764 979 2818 quoque
1005 2750 1190 2819 papuli
1221 2748 1492 2802 immunda
1515 2749 1653 2802 labia
1671 2749 1906 2804 habentis
1930 2748 2176 2804 habitem.

580 2843 924 2896 Annotemus
953 2852 1007 2896 et
1034 2841 1184 2897 aliud
1223 2841 1525 2913 quiddam,
1573 2842 1699 2911 quia
1750 2850 1982 2913 peccata
2023 2841 2181 2898 Isaia:

582 2950 685 2988 non
741 2935 796 2989 in
853 2933 1033 2999 factis,
1069 2935 1165 2989 sed
1221 2945 1434 2988 tantum
1489 2935 1542 2989 in
1594 2934 1946 2990 sermonibus
1995 2941 2176 2990 erant.

586 3029 816 3097 Propter
845 3028 990 3098 quod
1018 3027 1094 3082 ait
1119 3045 1134 3081 :
1170 3027 1307 3095 Quia
1338 3043 1452 3081 cum
1484 3028 1640 3081 homo
1665 3029 1786 3095 sim,
1815 3037 1862 3082 et
1909 3029 2180 3083 immunda

579 3128 718 3182 labia
743 3128 979 3181 habeam.
1024 3127 1158 3182 Erat
1183 3136 1369 3181 autem
1393 3134 1452 3180 et
1497 3126 1731 3196 populus
1780 3123 2065 3179 immunda
2103 3127 2182 3179 la-

581 3221 666 3277 bia
699 3222 928 3276 habens.
961 3220 1077 3276 Non
1110 3221 1298 3275 decuit
1324 3235 1451 3275 eum
1497 3231 1760 3274 accusare
1800 3221 2088 3290 populum,
2119 3231 2178 3277 et

580 3316 764 3370 dicere
792 3316 947 3384 plura
979 3323 1202 3384 peccata
1231 3313 1285 3368 in
1307 3329 1375 3368 eo
1403 3325 1552 3380 esse,
1575 3326 1740 3382 quam
1773 3310 2178 3369 immundorum

581 3409 872 3462 laltiorttm.

653 3503 738 3558 IV.
783 3501 852 3556 Et
895 3519 1069 3574 regem
1116 3502 1396 3557 Dominum
1427 3503 1660 3558 Sabaoth
1701 3503 1808 3558 uidi
1839 3504 2001 3557 oculis
2030 3505 2177 3560 meis.

577 3597 634 3651 Si
665 3596 886 3666 quando
911 3596 982 3652 de
1014 3597 1126 3651 Deo
1156 3597 1610 3666 cogitaverimus,
1637 3611 1764 3651 cum
1785 3595 1962 3650 adhuc
1990 3610 2180 3650 sumus

583 3700 926 3758 peccatores,
961 3699 1017 3744 et
1048 3704 1149 3745 nos
1183 3688 1458 3758 dicamus,
1507 3705 1629 3760 quae
1673 3705 1823 3744 nunc
1865 3690 1998 3743 dicit
2049 3692 2183 3743 l'ro-

582 3784 744 3853 pheta
777 3802 790 3836 :
829 3781 894 3836 Et
925 3785 1112 3838 missus
1138 3792 1215 3838 est
1239 3783 1305 3837 de
1334 3800 1414 3836 me
1433 3801 1568 3837 unus
1590 3785 1652 3836 de
1680 3785 1978 3852 Serapltim.
2002 3783 2179 3851 Quum

585 3879 763 3932 bonus
825 3878 1002 3931 Deus!
1054 3878 1240 3945 Quia,
1304 3879 1517 3946 inquit,
1595 3877 1759 3931 audio
1818 3877 2179 3932 conﬁtentem

577 3971 796 4036 Isaiam,
829 3969 972 4025 dixit
1003 3971 1148 4025 enim
1185 3987 1200 4022 :
1233 3969 1277 4024 0
1326 3971 1496 4025 miser
1533 3985 1634 4041 ego
1658 4009 1673 4034 ,
1724 3971 1983 4040 quoniam
2015 3970 2179 4026 audio

579 4065 972 4134 pteuitentem,
1017 4065 1095 4118 ait
1146 4063 1349 4134 quippe
1389 4081 1401 4116 :
1451 4062 1806 4133 Compuuctus
1852 4071 1967 4118 sitm
2001 4080 2013 4116 :
2050 4064 2177 4135 quin

577 4157 798 4228 propria
825 4158 1024 4213 delicta
1059 4159 1444 4228 pronuntiavit
1470 4157 1664 4213 dicens
1697 4176 1709 4211 :
1741 4158 1882 4225 Quia
1913 4174 2038 4214 cum
2069 4161 2175 4216 sim

577 4253 765 4319 homo,
798 4262 852 4306 et
877 4251 1154 4306 immunda
1181 4251 1324 4305 labia
1357 4251 1556 4316 habeo,
1580 4261 1637 4306 et
1671 4251 1722 4305 in
1757 4252 1942 4307 medio
1961 4268 2178 4323 quoque

575 4346 761 4414 populi
817 4345 1093 4399 immunda
1127 4345 1266 4398 labia
1309 4345 1564 4402 habentis
1607 4345 1871 4401 habitem.
1918 4347 1986 4402 Et
2032 4362 2172 4417 ego,

575 4437 752 4492 adhuc
782 4437 1047 4506 loquente
1089 4453 1178 4502 eo,
1229 4437 1359 4492 dico
1390 4457 1404 4493 :
1441 4439 1582 4493 Erce
1621 4440 1842 4495 adsum.
1877 4439 1945 4494 Et
1989 4443 2176 4496 missus

575 4539 650 4582 est
679 4528 750 4581 ad
778 4544 856 4582 me
883 4545 1019 4583 unus
1045 4528 1109 4582 de
1133 4527 1432 4601 Serapltim,
1465 4538 1513 4583 et
1550 4531 1603 4583 in
1637 4547 1795 4584 manu
1824 4548 1918 4585 sua
1953 4533 2169 4586 habebat

2280 1900 2503 1967 quitates
2529 1905 2670 1961 tuas,
2704 1908 2752 1953 et
2781 1907 2993 1970 peccata
3038 1909 3126 1954 tua
3171 1901 3608 1974 circumpurgavi.
3641 1900 3876 1958 Mordeat

2285 2004 2385 2044 nos
2412 2005 2598 2044 sermo
2625 1987 2864 2058 divinus,
2897 2000 3093 2046 exurat
3117 1991 3330 2048 animas
3361 2001 3598 2047 nostras.
3638 1993 3878 2049 Dicamus

2280 2085 2572 2141 audientes
2607 2104 2619 2139 :
2654 2085 2845 2142 Nonne
2874 2103 2974 2142 cor
3003 2095 3254 2142 nostrum
3289 2086 3487 2143 ardens
3521 2097 3643 2144 erat
3692 2089 3744 2141 in
3788 2099 3878 2144 no-

2283 2179 2406 2234 bis?
2439 2189 2495 2234 ut
2526 2180 2850 2236 auferantur
2883 2181 3195 2253 iniquitates
3221 2191 3424 2236 nostra:
3445 2225 3458 2248 ,
3489 2191 3658 2252 atque
3690 2193 3877 2252 pecca-

2284 2286 2359 2345 ta,
2391 2287 2447 2333 et
2477 2277 2668 2332 mundi
2701 2277 2884 2334 eil'ecli
2929 2281 3131 2334 mundo
3180 2294 3301 2346 ore,
3337 2277 3652 2348 mundoque
3701 2277 3874 2344 corde,

2283 2382 2339 2428 et
2371 2374 2574 2428 munda
2607 2381 2720 2428 tota
2749 2374 3088 2430 conscientia
3108 2418 3121 2441 ,
3149 2375 3355 2447 gratias
3385 2383 3613 2444 agamus
3637 2373 3876 2441 omnipo-

2283 2469 2415 2522 tenti
2441 2467 2552 2523 Deo
2575 2465 2628 2522 in
2656 2465 2876 2525 Christo
2905 2467 3058 2535 Jesu,
3084 2469 3171 2524 cui
3199 2477 3285 2524 est
3307 2467 3481 2539 gloria
3505 2476 3569 2523 'et
3595 2466 3874 2538 imperium

2283 2563 2337 2616 in
2367 2563 2575 2618 saecula
2606 2563 2960 2619 saaculorum.
2997 2564 3190 2620 Amen.

2788 2673 3068 2732 ilOlllLl.-\
3112 2673 3397 2746 QUINTA.
3833 2747 3844 2760 κ

2287 2771 2363 2826 De
2392 2789 2470 2840 eo,
2504 2772 2643 2840 quod
2669 2773 2920 2835 scriptum
2969 2783 3042 2826 est
3069 2788 3086 2826 :
3117 2771 3248 2841 Quis
3287 2772 3522 2827 elevavit
3564 2769 3635 2825 ab
3665 2770 3876 2825 Oriente

2352 2865 2652 2936 justitiam,
2686 2875 2732 2920 et
2764 2865 2826 2920 de
2860 2865 3054 2920 visione
3091 2866 3274 2920 iterum
3320 2861 3498 2918 aliter.
3540 2856 3676 2934 Cap.
3721 2863 3809 2918 Vl.

2284 2984 2331 3045 (³ι
2359 2982 2478 3032 Haec
2502 2982 2745 3040 Allomlio
2774 2983 2823 3031 in
2843 2983 3011 3034 Gneco
3038 2996 3172 3044 [ιρι-νε
3195 2995 3296 3030 rant
3318 2980 3464 3045 valde
3484 2979 3598 3038 fuit,
3613 2979 3726 3045 ideo
3743 2977 3875 3045 iusta

2345 3059 2546 3096 sensum
2572 3047 2882 3103 etordinem,
2912 3059 3005 3093 non
3034 3041 3179 3094 etiam
3202 3047 3341 3106 juxta
3367 3043 3516 3092 verba
3543 3041 3815 3107 translata.)

2360 3129 2574 3203 1119
2604 3129 2644 3183 l.
2687 3130 2777 3186 Ait
2801 3129 3110 3199 Prophetes
3139 3143 3262 3184 esse
3289 3125 3574 3184 Christum
3604 3126 3874 3182 viventem

2205 3206 2250 3269 (ἶ
2279 3225 2572 3298 justitiam,
2609 3233 2662 3278 et
2706 3221 2734 3262 ι’
2785 3224 3108 3294 putabamus
3159 3235 3257 3277 nos
3287 3213 3356 3276 ah
3390 3221 3658 3292 Apostolo
3709 3220 3875 3274 solum

2284 3319 2488 3372 dictum
2523 3331 2668 3382 esse,
2703 3317 2826 3386 quia
2861 3315 3109 3370 Christus
3139 3315 3212 3370 sit
3233 3315 3464 3387 justitia,
3503 3325 3552 3369 et
3582 3314 3876 3380 sanctiﬁca-

2283 3415 2375 3478 tio,
2409 3421 2454 3465 et
2483 3411 2792 3481 redemptio,
2826 3421 2872 3466 et
2900 3412 3156 3481 sapientia
3190 3411 3230 3483 (1
3259 3410 3377 3465 Cor.
3413 3407 3473 3481 t).
3509 3408 3676 3464 Forte
3702 3417 3874 3463 autem

2283 3513 2338 3559 et
2367 3505 2664 3574 Apostolus
2704 3507 3005 3560 instructus
3035 3519 3062 3558 a
3095 3504 3381 3574 Prophetis
3403 3545 3418 3567 ,
3467 3505 3620 3558 novit
3670 3504 3873 3557 anima-

2283 3609 2394 3654 tam
2429 3615 2550 3654 esse
2578 3595 2846 3670 justitiam
2879 3611 2933 3656 et
2963 3599 3233 3654 viventem
3261 3618 3276 3653 :
3308 3599 3440 3667 Qure
3473 3609 3557 3653 est
3591 3597 3696 3652 ista
3729 3596 3875 3666 justi-

2285 3695 2396 3748 tia?
2435 3691 2757 3764 Unigenitus
2803 3693 2916 3749 Dei.
2961 3693 3098 3761 Quia
3141 3702 3323 3746 autem
3359 3704 3467 3746 non
3521 3701 3544 3729 ε
3598 3689 3772 3744 solum
3811 3689 3874 3744 ab

2286 3787 2549 3856 Apostolo
2583 3795 2762 3842 ortum
2817 3797 2900 3841 est
2933 3785 3208 3840 Chrismm
3240 3799 3365 3840 esse
3400 3784 3671 3854 justitiam
3721 3794 3773 3837 et
3803 3780 3876 3836 vi-

2283 3887 2524 3946 ventem,
2558 3889 2611 3936 et
2642 3880 3028 3935 subsistentem
3071 3878 3380 3949 justitiam;
3415 3877 3510 3934 sed
3545 3877 3788 3932 invenies
3819 3882 3870 3931 et

2283 3987 2310 4026 a
2333 3975 2672 4044 prapheticis
2699 3973 3047 4029 sermonibus
3070 3973 3174 4028 hoc
3197 3972 3358 4028 nobis
3375 3971 3702 4044 mysterium
3729 3969 3876 4025 exhio

2281 4068 2476 4123 hilum.
2511 4067 2734 4124 Certum
2785 4078 2838 4123 et
2872 4084 2900 4121 a
2931 4067 3206 4138 capitulo,
3263 4067 3315 4120 in
3357 4081 3465 4136 quo
3525 4079 3670 4119 nunc
3723 4063 3875 4118 lectio

2281 4161 2602 4234 conquievit
2658 4179 2670 4215 :
2725 4160 2854 4229 Quis
2908 4162 3081 4226 enim,
3129 4159 3338 4230 inquit,
3401 4173 3617 4230 surgere
3657 4157 3779 4224 fecit
3817 4155 3874 4209 ab

2281 4253 2497 4309 Oriente
2513 4255 2795 4326 justitiam,
2827 4262 2875 4306 et
2901 4254 3095 4307 vocarit
3123 4267 3236 4306 eam
3263 4253 3330 4304 ad
3362 4249 3520 4318 pedes
3551 4266 3673 4304 suos
3722 4247 3870 4320 (Isoi.

2279 4347 2400 4420 vr)?
2440 4348 2667 4404 Vocavit
2712 4347 3006 4417 juStitiam.
3054 4345 3396 4400 Manifestum
3441 4353 3528 4398 cst
3589 4341 3872 4397 animatum

2275 4459 2399 4499 eam
2432 4458 2576 4509 esse,
2610 4444 2654 4498 si
2687 4441 2932 4496 ambulet
2959 4449 3177 4496 vocata.
3224 4439 3455 4494 Vocavit
3483 4449 3666 4492 autem
3697 4434 3874 4490 Chris-

2279 4549 2391 4593 tum
2427 4537 2606 4601 Pater,
2651 4550 2764 4606 quo
2813 4536 2884 4590 ob
2916 4541 3162 4589 nostram
3204 4532 3442 4586 salutem
3469 4576 3483 4595 ,
3530 4533 3596 4584 ad
3641 4545 3741 4585 nos
3772 4529 3874 4583 iter

573 4622 869 4676 carbonem.
921 4619 1099 4677 Carbo
1129 4597 1381 4679 defertur
1420 4597 1498 4679 ad
1551 4624 1910 4696 Propltetaut,
1966 4637 2023 4682 ut
2071 4643 2172 4699 per
2199 4597 2252 4658 Β
2275 4634 2502 4697 iaceret,
2533 4597 2982 4685 etde-seenderet
3013 4627 3080 4683 de
3112 4627 3250 4684 cmlo
3281 4624 3347 4679 ad
3381 4641 3506 4680 nos.
3543 4625 3712 4680 Nemo
3734 4623 3872 4680 enim

571 4719 712 4788 ignis
741 4717 1016 4772 ustionem
1044 4731 1351 4788 purgentur
1380 4719 1526 4774 labia
1556 4720 1699 4789 ejus,
1735 4737 1856 4790 qua!
1872 4722 2172 4792 aliquando

570 4821 965 4881 peccaverant.
997 4808 1134 4876 Quis
1161 4819 1250 4865 cst
1283 4811 1388 4867 iste
1417 4827 1560 4868 unus
1591 4812 1663 4867 de
1689 4813 2027 4882 Seraphim?
2063 4815 2170 4870 Do-

568 4905 752 4958 minus
784 4918 937 4958 meus
966 4902 1130 4958 Jesus
1159 4904 1435 4972 Christus,
1472 4906 1576 4962 iste
1601 4906 1758 4977 juxta
1799 4907 2166 4976 dispensatio-

569 5016 694 5056 nem
729 4999 915 5054 carnis
947 4999 1148 5053 missus
1189 5009 1273 5053 est
1307 4998 1515 5058 habens
1551 5001 1608 5056 in
1639 5017 1806 5056 manu
1833 5017 1933 5058 sua
1965 5005 2163 5060 carbo-

561 5107 717 5158 nem,
752 5101 808 5146 et
833 5093 1022 5148 dicens
1050 5109 1066 5144 ε
1100 5089 1286 5162 Ignem
1313 5095 1428 5147 sviti
1461 5097 1663 5150 mittere
1683 5112 1841 5164 super
1865 5107 2082 5153 terram.

637 5187 703 5241 V.
745 5187 816 5241 Et
837 5191 1038 5244 utinm
1049 5191 1165 5262 jam
1191 5190 1406 5246 ardeat!
1423 5189 1493 5244 Et
1516 5192 1702 5248 ntissus
1727 5193 1896 5247 estad
1923 5209 2004 5250 me
2025 5210 2160 5250 unus

564 5279 629 5332 de
662 5279 959 5350 Seraphin»,
983 5293 1029 5337 et
1053 5285 1105 5338 in
1127 5299 1283 5337 manu
1315 5284 1427 5353 ejus
1455 5283 1669 5338 habebat
1691 5285 1985 5352 carbonem,
2009 5301 2156 5358 quem

560 5385 832 5443 acceperat
859 5379 1061 5448 forcipe
1088 5377 1152 5432 de
1179 5378 1358 5432 altari.
1410 5376 1528 5432 Non
1579 5393 1921 5450 quocumque
1951 5380 2159 5451 simpli.

559 5467 696 5521 citer
727 5476 783 5522 et
806 5467 1032 5524 fortuito
1055 5470 1330 5542 Propheta
1363 5471 1488 5544 igne
1517 5482 1796 5542 purgatur,
1829 5474 1926 5529 sed
1953 5475 2045 5545 qni
2069 5485 2158 5529 est

555 5560 624 5614 de
653 5562 807 5616 altari
843 5562 956 5618 Dei.
1006 5564 1064 5619 Si
1097 5575 1359 5636 purgatus
1401 5582 1508 5621 non
1554 5565 1721 5622 fueris
1766 5567 1952 5622 altaris
2005 5569 2150 5638 igne,

627 5697 1038 5773 “'Ab‘sunl‘duo
1079 5701 1166 5773 isti
1211 5711 1432 5767 versus,
1472 5702 1595 5757 Haec
1643 5701 1942 5772 Allocutio,
1999 5715 2141 5773 etc.,

551 5777 725 5835 usque
756 5770 1026 5836 translata,
1061 5781 1093 5824 a
1115 5772 1391 5828 Benedict.
1425 5775 1683 5830 editione.

621 5841 648 5884 ιι
691 5839 858 5894 Antea
907 5857 1003 5912 pro
1031 5843 1334 5914 putabamus
1379 5861 1492 5914 nos,
1523 5855 1642 5903 erat
1673 5845 1955 5908 dumtaxat
1985 5859 2142 5928 puta-

2276 4723 2525 4781 asceudit
2553 4725 2609 4778 in
2637 4723 2866 4788 'cmlum.
2903 4719 3010 4777 nisi
3043 4721 3132 4791 qui
3175 4719 3242 4774 de
3271 4717 3418 4774 coelo
3453 4716 3742 4774 desCendit
3788 4714 3874 4772 Fi-

2273 4821 2380 4875 lius
2407 4817 2674 4872 hominis.
2705 4813 2936 4872 Vocavit
2965 4827 3090 4869 eum
3121 4812 3188 4868 de
3215 4811 3452 4867 Oriente
3484 4829 3499 4866 :
3529 4827 3640 4866 non
3669 4809 3743 4864 de
3770 4809 3871 4864 isto

2273 4913 2540 4979 sensibili,
2573 4911 2666 4968 sed
2717 4907 2785 4967 de
2831 4911 3046 4966 oriente
3078 4905 3214 4964 lucis
3253 4921 3422 4962 verm.
3457 4906 3696 4975 Propter
3733 4903 3868 4975 quod

2266 5011 2529 5080 Scriptum
2563 5015 2647 5062 est
2683 5025 2695 5060 :
2735 5007 2864 5074 Quis
2909 5019 3182 5076 exsurgere
3230 5003 3294 5056 de
3327 4999 3546 5057 Oriente
3577 5002 3696 5072 fecit
3711 5000 3869 5074 justi—

2267 5103 2414 5173 tiam,
2446 5112 2494 5158 et
2535 5099 2734 5156 vocavit
2770 5117 2884 5156 eam
2923 5099 2992 5154 ad
3043 5099 3196 5165 pedes
3237 5098 3401 5151 suos?
3451 5097 3614 5152 Pater
3663 5093 3871 5151 vocavit

2267 5195 2493 5264 Filium,
2523 5197 2696 5251 immo
2727 5205 2785 5250 ut
2821 5209 2948 5249 vere
2981 5193 3246 5257 dicamus,
3293 5189 3441 5246 Deus
3465 5190 3744 5245 hominem
3779 5203 3869 5241 vo-

2268 5291 2410 5346 cavit
2440 5288 2712 5360 justitiam
2744 5285 2808 5343 ad
2835 5285 2999 5357 pedes
3031 5297 3180 5352 suos,
3213 5287 3265 5341 id
3294 5293 3399 5351 est,
3437 5285 3862 5339 incarnationem

2267 5379 2392 5438 Filii
2424 5381 2528 5437 sui.
2561 5381 2690 5436 Iden
2719 5389 2772 5436 et
2801 5381 3093 5436 adoramus
3123 5377 3429 5434 scabellum
3465 5377 3670 5447 pedum
3697 5375 3862 5442 illius,

2258 5477 2410 5549 juxta
2441 5473 2582 5546 quod
2614 5474 2875 5544 seriplum
2909 5483 2994 5530 est
3027 5491 3038 5527 :
3081 5473 3303 5527 Δάοι-ατε
3333 5471 3622 5526 scabellum
3677 5469 3860 5541 pedum

2260 5571 2393 5642 ejus,
2427 5570 2547 5641 quia
2574 5577 2809 5623 sanctum
2841 5577 2938 5625 est.
2969 5565 3109 5624 Caro
3136 5566 3408 5638 siquidem
3435 5561 3653 5622 Domini
3687 5565 3857 5621 hono-

2254 5724 2510 5834 ωέιθοι
2538 5779 2706 5834 solum
2729 5776 2883 5835 abest
2911 5794 2941 5834 a
2973 5776 3252 5835 Benedict.
3286 5777 3420 5860 edit.
