4080 6326
277 295 387 351 ³91⁸7
746 291 1190 351 TRANSLATIO
1230 285 1668 349 HOMILIAR‘UH
1703 283 1862 348 αικ

1967 287 2036 348 ΗΞ
2069 287 2143 347 (Ν
2181 285 2507 349 VISIUNES
2543 292 2780 350 ISAIE.
2821 293 2989 350 ΗΟΜ.
3032 293 3101 350 ν.
3471 289 3578 346 918

285 431 394 470 rem
426 413 650 470 dﬂitﬂlis
679 415 928 469 assumit.
967 411 1104 480 Qui:
1145 421 1337 467 autem
1383 409 1707 480 principium
1761 412 1872 466 lec-
1905 414 1956 472 Α
1984 408 2261 480 Baptis'ma
2287 409 2451 465 habeo
2497 409 2782 480 baptizare.
2821 411 2938 466 Cur
2965 411 3070 466 ista
3115 401 3397 466 dix’itims?
3425 403 3579 465 Prte-

283 507 443 562 tionis
497 507 714 580 1120
742 505 922 560 altiori
973 503 1176 576 indiget
1233 503 1608 574 expositione,
1656 517 1876 558 oremus
1977 517 2116 576 paro
2147 515 2201 562 et
2227 521 2318 562 me
2347 517 2400 562 et
2427 503 2714 562 audientes
2753 503 2818 561 ad
2849 507 3060 577 majora
3094 499 3376 579 mysteria.
3405 499 3466 559 Si
3491 509 3578 559 ta-

282 613 549 654 summum
585 614 789 670 regem,
820 606 879 654 ut
910 614 1113 662 sermo,
1149 597 1241 668 qui
1271 607 1498 651 vocatus
1528 596 1773 662 abierat,
1806 593 1873 650 ad
1977 611 2103 654 men
2131 600 2340 664 veniat,
2374 598 2419 654 si
2461 597 2758 654 descendat
2779 599 2852 654 ad
2889 615 2986 655 nos
3014 611 3194 656 sermo
3225 591 3319 654 Dei
3349 614 3363 650 :
3395 598 3566 653 timeo

282 707 380 748 nos
411 693 606 747 iterum
641 702 970 757 revertatur,
993 701 1051 746 ut
1075 705 1242 764 pauca
1267 691 1420 760 juxta
1455 688 1873 759 possibilitatem
1975 693 2124 746 enim
2157 707 2224 748 ne
2251 707 2342 749 me
2363 691 2561 764 fugiat,
2591 709 2658 749 ne
2685 693 3123 749 benedictionem
3154 706 3372 764 quoque
3398 707 3575 748 meam

281 794 523 842 nostram
555 784 944 840 edisseramus.

349 877 415 934 ll.
458 875 528 931 Et
583 879 783 948 factum
827 886 904 932 est
957 877 1013 930 iu
1059 890 1355 947 auuo,quo
1399 884 1632 930 mortuus
1675 881 1754 928 est
1783 888 1876 927 rem

281 971 434 1027 Ocius
463 987 483 1026 :
518 970 640 1026 Vidi
673 969 950 1024 Dominum
993 968 1252 1024 sedentem
1291 981 1452 1038 supra
1502 967 1746 1021 thronum
1785 980 1876 1019 es-

272 1068 492 1130 celsum,
519 1076 566 1120 et
599 1067 750 1135 plena
775 1074 885 1118 erat
916 1064 1097 1119 domus
1119 1064 1289 1135 gloria
1313 1066 1428 1136 ejus
1454 1078 1472 1128 ;
1517 1073 1565 1117 et
1598 1059 1875 1133 Seraphin:

276 1159 486 1216 stabant
505 1160 559 1213 in
585 1159 809 1214 circuitu
835 1161 975 1232 ejus,
1000 1174 1090 1212 sea:
1113 1159 1214 1212 nite
1239 1158 1355 1224 uni,
1382 1167 1430 1211 et
1452 1171 1544 1212 sex
1569 1157 1672 1211 aia:
1691 1156 1869 1211 atteri.

280 1255 341 1309 Et
369 1253 574 1308 duabus
595 1253 804 1324 quidem
831 1253 1067 1307 uelabant
1093 1253 1282 1323 faciem
1309 1253 1440 1323 ejus,
1473 1261 1520 1305 et
1563 1250 1765 1304 duabus
1793 1266 1873 1304 ve-

271 1347 450 1402 iabant
481 1348 656 1417 pedes,
693 1356 746 1400 et
775 1346 975 1400 duabus
1011 1346 1276 1408 volabant,
1329 1354 1376 1399 et
1406 1343 1700 1398 clamabant
1741 1344 1874 1398 alter

273 1442 342 1494 ad
369 1443 612 1505 alterum,
655 1449 703 1494 et
735 1440 974 1494 dicebant
1008 1455 1028 1494 :
1060 1438 1285 1495 Sanctus
1306 1480 1321 1505 ,
1363 1449 1574 1493 sanctus
1593 1481 1606 1502 ,
1661 1447 1872 1490 sanctus

275 1533 529 1588 Dominus
563 1532 703 1589 Deus
731 1533 997 1600 Sabaoth,
1023 1535 1176 1602 plena
1225 1543 1308 1588 est
1351 1542 1489 1588 terra
1515 1533 1684 1606 gloria
1710 1533 1822 1604 ejus
1851 1549 1871 1588 .'

273 1638 325 1684 et
356 1629 588 1700 reliqua.
641 1627 839 1684 Verum
885 1639 942 1682 ut
996 1640 1052 1684 et
1103 1642 1202 1682 nos
1246 1627 1534 1682 videamus
1567 1626 1869 1693 visionem,

271 1737 440 1794 quam
469 1722 606 1777 vidit
629 1722 821 1789 lsaias,
849 1736 1107 1778 vocemus
1131 1721 1338 1787 Jesum,
1365 1721 1458 1792 qui
1499 1735 1606 1775 non
1635 1719 1869 1775 videnti-

1977 787 2320 859 dedig‘netur.
2349 785 2516 860 Fugit
2541 789 2816 860 quondam
2841 801 3022 844 sermo
3055 790 3310 859 populum
3355 798 3579 858 propter

1977 878 2006 908 ⁸
2058 879 2242 936 Achar
2270 895 2441 936 unum
2477 891 2864 952 peccatore'm;
2916 880 3073 952 'l‘ugit,
3119 882 3359 952 inquam,
3394 896 3578 935 sermo

1971 973 2237 1044 populum
2270 982 2499 1044 propter
2535 985 2700 1029 unum
2733 963 3088 1046 peccatoreni
3135 975 3351 1042 Achar,
3409 973 3579 1028 [ilium

1976 1067 2201 1123 Zambri
2225 1066 2320 1123 filii
2351 1066 2489 1122 Zara
2518 1083 2582 1122 ex
2616 1069 2760 1124 tribu
2786 1067 2948 1133 Juda,
2980 1068 3073 1139 qui
3121 1067 3439 1124 inobediens
3475 1065 3577 1122 fuit

1978 1160 2114 1228 Deo,
2144 1169 2202 1215 et
2231 1159 2356 1215 ideo
2383 1160 2879 1217 auath‘ematizatus
2910 1169 2998 1217 est
3041 1160 3180 1234 (Jos.
3216 1177 3282 1217 m
3305 1205 3320 1229 ,
3359 1159 3478 1232 25).
3512 1160 3582 1215 Et

1977 1253 2103 1323 quia
2135 1268 2282 1308 nunc
2315 1253 2497 1324 populi
2529 1255 2825 1308 multitudo
2853 1251 2883 1292 ι’
2924 1265 3010 1310 est
3061 1265 3285 1326 propter
3325 1270 3580 1325 parascc-

1974 1361 2104 1414 ven,
2135 1358 2192 1404 et
2243 1350 2482 1404 maxime
2527 1348 2582 1403 in
2619 1347 2904 1404 Dominica
2959 1349 3082 1417 die,
3142 1365 3262 1421 quae
3310 1349 3579 1420 passionis

1973 1442 2181 1497 Christi
2213 1444 2694 1498 oommemoratrix
2726 1452 2809 1497 est
2838 1443 3040 1516 (neque
3069 1443 3216 1498 enim
3247 1443 3579 1498 resurrectio

1975 1535 2193 1590 Domini
2232 1535 2409 1590 semel
2439 1537 2499 1590 in
2527 1549 2693 1601 anno,
2722 1545 2775 1590 et
2808 1549 2915 1589 non
2949 1549 3166 1605 semper
3197 1544 3319 1604 p051
3365 1544 3578 1603 septem

1971 1627 2090 1683 dies
2118 1627 2480 1698 celebratur),
2503 1637 2665 1684 orate
2702 1627 2867 1682 Deum
2899 1627 3355 1698 omnipotentem,
3389 1634 3450 1681 ut
3487 1637 3580 1682 ve-

1973 1723 2092 1776 niat
2120 1721 2186 1776 ad
2221 1735 2322 1774 nos
2371 1733 2557 1776 sermo
2606 1721 2745 1792 ejus.
2780 1720 3008 1776 Etiamsi
3039 1730 3368 1791 peccatores
3422 1719 3578 1785 estis,

273 1816 374 1872 bus
408 1817 637 1887 largitus
667 1824 752 1872 est
780 1816 997 1871 oculos.
1031 1815 1216 1871 Potest
1237 1815 1385 1871 enim
1417 1817 1580 1869 etiam
1615 1827 1754 1868 num
1777 1827 1869 1869 ve-
1901 1822 1950 1883 Β
1975 1824 2131 1870 orate
2167 1813 2479 1869 Dominum.
2511 1813 2840 1870 Peccatores
2866 1813 3088 1870 exaudit
3127 1809 3299 1869 Deus.
3348 1811 3502 1880 Quod
3532 1813 3580 1867 si

273 1909 394 1964 nire
416 1918 472 1965 et
497 1911 709 1974 tacere,
745 1918 803 1964 ut
851 1924 934 1977 ea,
969 1924 1090 1979 quae
1142 1909 1195 1963 in
1243 1907 1475 1964 lectione
1531 1916 1873 1962 sacmmenta

270 2001 414 2056 dicta
439 2009 588 2068 sunt,
614 2001 822 2072 apertis
845 2001 1017 2058 oculis
1033 2001 1349 2056 intueamur
1380 2019 1393 2054 :
1423 2001 1871 2068 repromittamus

271 2098 320 2151 ei
352 2096 465 2166 jam
501 2111 600 2152 nos
650 2111 757 2150 non
811 2097 952 2150 ultra
990 2094 1177 2152 facere
1210 2109 1409 2165 corpus
1433 2092 1641 2148 Chrisu
1672 2107 1870 2164 corpus

269 2189 602 2254 meretricis,
637 2203 740 2244 nec
769 2187 951 2244 facere
979 2204 1146 2259 opera
1169 2189 1332 2259 digna
1362 2189 1536 2242 luctu.
1569 2185 1872 2255 Unusquis-

269 2297 377 2352 que
409 2293 655 2337 nostram
685 2282 804 2338 haec
831 2281 1002 2338 corde
1049 2283 1302 2353 loquatur
1329 2280 1397 2334 ad
1427 2281 1626 2344 Deum,
1653 2286 1715 2333 et
1741 2289 1866 2350 pre-

267 2390 482 2442 cemur,
523 2386 583 2431 ut
620 2377 888 2432 adventus
915 2375 1035 2446 eius
1082 2377 1248 2431 etiam
1295 2389 1443 2429 nunc
1472 2374 1585 2427 ttat.
1634 2373 1690 2428 Si
1719 2373 1866 2426 enim

271 2484 378 2524 non
408 2468 696 2524 advenerit
747 2468 931 2536 Jesus,
993 2470 1096 2524 ista
1149 2468 1337 2524 videre
1393 2481 1500 2521 non
1551 2477 1866 2536 possumus.

270 2562 478 2616 Precor
503 2570 566 2616 ut
589 2561 841 2616 mittatur
869 2562 1035 2616 etiam
1061 2561 1130 2615 ad
1155 2576 1246 2614 me
1273 2557 1589 2629 Seraphim,
1611 2566 1687 2622 et,
1711 2570 1866 2612 com-

272 2655 544 2727 prehenso
572 2656 640 2710 de
667 2654 876 2725 forcipe
903 2654 1165 2720 carbone,
1197 2662 1394 2724 purget
1423 2650 1567 2706 labia
1614 2664 1735 2706 mea
1769 2665 1782 2703 :
1813 2659 1869 2706 et

269 2751 397 2823 quid
427 2751 551 2806 dico
583 2749 727 2804 labia
761 2748 923 2805 mea?
953 2747 1122 2804 lsaias
1147 2756 1377 2803 sanctus
1431 2754 1578 2812 erat,
1629 2754 1685 2799 et
1743 2743 1868 2798 ideo

273 2854 478 2901 tantum
508 2845 654 2900 labia
688 2845 808 2913 ejus
831 2852 1060 2914 purgata
1087 2850 1240 2908 sunt,
1271 2841 1400 2912 quia
1433 2839 1594 2894 labiis
1627 2848 1861 2908 tantum,

268 2937 322 2994 id
345 2949 451 3006 est,
482 2954 738 2994 sermone
765 2938 1100 3008 deliquerat.
1121 2938 1234 3007 Ego
1261 2951 1396 2990 vero
1425 2949 1535 2989 non
1566 2949 1685 2988 sum
1717 2934 1864 3000 talis,

267 3044 326 3089 ut
355 3037 564 3104 possim
599 3034 806 3099 dicere,
837 3032 984 3103 quod
1029 3032 1207 3086 solum
1257 3029 1534 3084 immunda
1583 3027 1722 3082 labia
1773 3027 1860 3081 ha-

267 3127 404 3192 beo;
439 3129 651 3199 1121
681 3125 776 3182 sed
803 3137 1084 3181 metuone
1114 3124 1452 3180 immundum
1483 3137 1579 3178 cor
1609 3121 1861 3190 habeam,

1972 1905 2179 1962 timetis
2202 1904 2361 1971 illud,
2389 1905 2532 1977 quod
2559 1903 2614 1959 in
2641 1904 2943 1975 Evangelio
2963 1904 3166 1960 dicitur
3191 1923 3206 1961 :
3239 1905 3440 1962 Scimus
3456 1905 3581 1976 quia

1969 2005 2269 2069 peccatores
2313 2013 2418 2052 non
2449 1997 2698 2052 exaudiat
2746 1996 2888 2053 Deus
2917 1996 3102 2068 (Joau.
3131 2011 3211 2066 Ix,
3245 1995 3359 2068 15),
3414 1999 3582 2053 nolite

1971 2091 2384 2160 pertimescere,
2413 2091 2592 2145 nolite
2639 2090 2895 2146 credere.
2947 2091 3140 2146 Caecus
3178 2101 3298 2146 erat
3335 2091 3430 2163 qui
3477 2092 3582 2148 hoc

1971 2185 2130 2239 dixit.
2165 2181 2337 2253 Magis
2355 2195 2543 2240 autem
2567 2185 2874 2252 credite-ei,
2895 2185 2991 2255 qui
3021 2185 3172 2250 dicit,
3197 2197 3258 2242 et
3287 2201 3396 2241 non
3427 2199 3580 2241 men-

1966 2277 2126 2342 titur,
2159 2286 2208 2331 et
2230 2279 2274 2333 si
2293 2277 2493 2345 fuerint
2524 2287 2736 2349 peccata
2759 2288 2930 2334 vestra
2961 2289 3016 2332 ut
3065 2280 3354 2345 coccinum,
3406 2289 3464 2333 ut
3494 2282 3579 2336 la-

1967 2387 2090 2424 uant
2115 2370 2369 2424 deuitabo
2393 2369 2554 2443 (Isai.
2585 2389 2626 2433 ι,
2660 2373 2776 2440 18).
2803 2372 2869 2428 Et
2899 2373 3164 2445 :11”
3194 2371 3256 2428 Si
3281 2371 3570 2443 rolueritis,

1970 2471 2019 2515 et
2050 2463 2323 2516 audieritis
2339 2477 2442 2531 ne,
2475 2463 2609 2516 bona
2634 2464 2966 2518 terrm-edetis
2997 2462 3190 2534 (Ibid,
3223 2463 3338 2537 i9).
3365 2463 3424 2520 Si
3456 2466 3575 2519 vul-

1971 2556 2041 2610 tis
2061 2557 2148 2610 vel
2176 2571 2326 2611 nunc
2347 2556 2563 2622 audire,
2599 2571 2822 2612 oremus
2853 2557 2904 2611 in
2935 2571 3230 2613 commune
3254 2557 3569 2626 Dominum,

1973 2651 2247 2704 utsaltem
2273 2665 2440 2717 nunc,
2475 2649 2808 2707 adveniente
2843 2650 3016 2708 verbo
3053 2653 3375 2724 prophetica
3405 2647 3570 2710 verba

1967 2745 2111 2800 dicta
2139 2746 2421 2801 Valeanms
2449 2745 2756 2802 advertere.

2040 2837 2128 2892 Ill.
2163 2836 2388 2892 Factum
2421 2847 2520 2903 est,
2542 2840 2742 2908 inquit,
2775 2841 2829 2893 in
2861 2853 3022 2906 anno,
3061 2855 3165 2911 quo
3211 2850 3444 2896 mortuus
3489 2853 3566 2896 est

1965 2928 2125 2984 Osias
2150 2945 2267 2996 rex,
2294 2929 2399 2984 vidi
2428 2929 2714 2986 Dominum
2742 2931 3004 2986 sedentem
3034 2947 3192 3001 super
3215 2932 3456 2988 thronum
3481 2947 3570 2990 ex-

1967 3020 2186 3074 celsum.
2217 3021 2362 3076 Visio
2389 3021 2627 3094 ascripta
2662 3031 2764 3079 est.
2793 3023 2905 3079 Cur
2931 3025 3085 3096 regis
3109 3033 3327 3098 tempus
3357 3025 3566 3098 signiﬁ-

1967 3113 2184 3169 catum?
2213 3114 2482 3170 lntendite
2503 3115 2722 3186 quando
2752 3117 2947 3172 oborta
2971 3119 3045 3171 sit
3072 3118 3234 3174 visio.
3255 3115 3392 3174 Cum
3423 3133 3569 3176 mor-

263 3219 579 3274 immundos
599 3219 809 3281 oculos,
843 3217 1150 3274 immundas
1171 3231 1353 3284 aures,
1403 3215 1741 3269 immundum
1771 3228 1858 3268 os.

1967 3217 2092 3263 tuus
2137 3219 2222 3264 est
2263 3208 2420 3265 Osias
2469 3225 2585 3274 rex,
2629 3211 2767 3266 vidit
2797 3211 2966 3268 Isaias
2999 3214 3285 3269 Dominum
3323 3215 3565 3272 Sabaoth

266 3312 534 3382 Quamdiu
567 3319 620 3367 in
641 3311 899 3367 «inanibus
931 3310 1053 3367 istis
1102 3326 1300 3382 pecco,
1351 3320 1496 3363 totus
1549 3307 1863 3363 immundus

265 3424 410 3464 sum.
442 3407 501 3464 Si
539 3407 732 3464 videro
777 3407 1073 3462 mulierem
1103 3405 1171 3460 ad
1201 3404 1720 3474 concupiscendum,
1748 3403 1860 3472 jam

268 3503 574 3558 moechatus
599 3518 722 3557 sunt
746 3517 865 3557 eam
898 3503 949 3555 in
973 3500 1145 3556 corde
1175 3515 1320 3555 meo.
1365 3501 1505 3554 Ecce
1547 3498 1858 3553 immundos

265 3596 459 3651 oculos
487 3596 684 3652 habeo.
715 3596 770 3652 Si
803 3595 875 3650 de
915 3603 1137 3665 pectore
1170 3607 1295 3650 meo
1337 3605 1535 3649 exeant
1569 3592 1856 3663 cogitatio-

266 3705 364 3745 nes
393 3690 667 3760 pessimze,
699 3690 985 3754 adulteria,
1013 3689 1423 3754 fornicationes,
1455 3688 1589 3743 falsa
1613 3686 1861 3744 testimoo

265 3785 376 3852 nia,
407 3798 538 3839 ecce
565 3799 663 3839 cor
689 3785 1028 3839 immundum
1063 3784 1263 3840 habeo.
1317 3785 1485 3852 Quam
1534 3785 1746 3854 formosi
1771 3800 1862 3856 pe-

265 3879 353 3934 des
399 3879 866 3949 euangelizandum
919 3893 1099 3947 pacem
1123 3921 1136 3944 ,
1195 3879 1660 3951 euangelizandum
1727 3878 1860 3933 bona

261 3973 419 4044 (lsai.
445 3973 569 4045 ιιι)ε
601 3973 716 4044 Ego
745 3987 874 4026 vero
907 3972 1070 4027 timeo
1113 3986 1179 4026 ne
1209 3985 1440 4028 currens
1485 3971 1551 4027 ad
1577 3973 1719 4026 mala
1753 3972 1856 4026 im-

263 4069 495 4125 mundos
521 4067 689 4138 pedes
721 4068 970 4123 habeam.
1005 4066 1257 4123 Extendo
1303 4068 1368 4122 ad
1410 4066 1697 4122 Dominum
1745 4081 1860 4122 ma-

265 4179 365 4218 nus
403 4177 574 4218 meas.
611 4162 680 4217 Et
707 4161 850 4216 forte
877 4169 1135 4215 avertens
1165 4159 1362 4217 faciem
1408 4173 1560 4215 suam
1591 4161 1725 4216 dicit
1755 4179 1769 4213 :
1797 4160 1857 4216 Si

263 4256 599 4311 extendenti:
644 4267 848 4320 manus,
901 4264 1130 4308 avertam
1185 4255 1370 4323 faciem
1423 4269 1588 4308 meum
1637 4269 1672 4307 α
1719 4254 1858 4308 vobis

259 4348 418 4421 (lsai.
449 4365 491 4414 ι,
528 4347 638 4414 19).
667 4346 805 4414 Quis
835 4361 970 4414 ergo
994 4361 1084 4400 me
1115 4346 1383 4400 mundat?
1417 4346 1553 4414 Quis
1583 4345 1728 4399 lavat
1764 4358 1859 4414 pe-

261 4444 359 4501 des
387 4444 572 4499 meos?
601 4443 754 4508 Iesu,
779 4441 924 4505 veni,
941 4439 1194 4495 sordidos
1216 4441 1391 4496 habeo
1415 4439 1603 4510 pedes,
1629 4447 1858 4508 propter

259 4553 348 4592 me
381 4539 476 4591 tias
503 4550 698 4590 servus
730 4554 742 4588 :
775 4535 934 4590 mitte
959 4548 1156 4605 aquam
1187 4543 1334 4588 luant
1364 4534 1420 4588 in
1451 4532 1656 4604 pelvim
1679 4541 1850 4596 tuam,

1969 3300 2250 3357 sedentem
2279 3317 2447 3372 super
2475 3303 2730 3358 thronum
2757 3305 3063 3360 excelsum.
3095 3307 3151 3361 Si
3192 3305 3312 3378 quis
3351 3322 3420 3363 ex
3459 3323 3561 3363 no-

1967 3395 2101 3450 stris
2125 3395 2298 3462 novit,
2329 3396 2421 3466 qui
2445 3395 2609 3450 fuerit
2633 3395 2819 3462 Osias,
2837 3407 2898 3453 et
2925 3413 3047 3468 quae
3071 3401 3328 3468 gesserit,
3353 3401 3442 3456 ille
3469 3415 3568 3472 po-

1968 3495 2073 3543 test
2103 3504 2267 3543 nosse
2293 3489 2424 3558 quid
2448 3488 2698 3544 docuerit
2726 3491 2998 3560 Propheta
3021 3505 3120 3560 per
3147 3493 3419 3562 spiritum,
3437 3494 3566 3564 quid

1965 3582 2222 3638 exhibeat
2247 3582 2410 3637 nobis
2437 3597 2622 3637 sermo
2645 3582 2882 3638 divinus.
2899 3577 3103 3638 Vadam
3123 3586 3191 3639 ad
3207 3586 3376 3640 vitam
3393 3580 3562 3654 "Osite,

1965 3685 2021 3730 et
2047 3675 2322 3746 requiram
2355 3691 2420 3731 ea
2454 3675 2765 3746 Regnorum
2793 3676 2976 3745 libris,
3008 3688 3064 3732 et
3087 3691 3164 3733 ex
3195 3677 3565 3749 Paralipome-

1967 3787 2074 3826 non
2101 3770 2330 3826 historia
2362 3771 2432 3826 de
2457 3771 2586 3825 Osia
2624 3789 2637 3824 :
2681 3772 2866 3841 ibique
2905 3771 3130 3838 videbo,
3159 3772 3284 3842 quia
3315 3781 3567 3827 necessa-

1961 3863 2104 3918 rium
2131 3865 2225 3929 sit,
2247 3865 2296 3919 si
2321 3865 2560 3918 futurum
2583 3865 2676 3925 sit,
2696 3873 2758 3918 ut
2775 3863 2989 3918 videam
3012 3862 3300 3918 Dominum
3319 3863 3563 3919 Sabaoth

1963 3959 2243 4013 sedentem
2267 3972 2434 4027 super
2451 3959 2711 4010 thronum
2731 3957 3034 4024 excelsum,
3055 3956 3188 4012 mihi
3209 3959 3349 4014 mori
3375 3957 3561 4014 Osiam

1965 4065 2147 4121 regem
2177 4048 2248 4121 (ll
2274 4049 2404 4104 Par.
2437 4049 2605 4121 xxvr).
2635 4048 2742 4105 Iste
2769 4051 2926 4106 Osias
2949 4065 3014 4105 ex
3033 4052 3248 4107 semine
3267 4051 3439 4106 David
3463 4053 3564 4106 de-

1963 4144 2252 4208 scendens,
2285 4153 2342 4201 et
2369 4157 2606 4214 regnans
2637 4145 2688 4198 io
2717 4143 2924 4212 populo
2949 4143 3084 4199 Jnda
3106 4186 3122 4212 ,
3157 4145 3414 4212 quamdiu
3444 4145 3563 4215 qui-

1957 4239 2084 4295 dem
2115 4238 2243 4293 vixit
2271 4237 2588 4302 Zacharias,
2621 4238 2711 4308 qui
2741 4237 3083 4309 intelligebat
3109 4239 3215 4310 (sic
3245 4241 3390 4296 enim
3425 4242 3563 4295 srri-

1959 4342 2112 4404 ptum
2136 4343 2220 4388 est
2245 4332 2490 4388 secundo
2511 4332 2655 4387 libro
2670 4331 3172 4404 Paralipomenon),
3200 4333 3326 4389 fecit
3351 4343 3557 4389 rectum

1961 4428 2015 4482 in
2049 4435 2350 4497 conspectu
2378 4425 2616 4480 Domini.
2641 4424 2756 4482 Nec
2785 4425 3067 4481 sufﬁciens
3086 4427 3213 4492 iato,
3241 4428 3365 4482 fecit
3395 4427 3557 4482 lumi-

1962 4525 2115 4577 naria
2144 4535 2340 4594 magna
2372 4520 2627 4584 Domino,
2656 4530 2713 4576 et
2737 4522 3044 4592 composuit
3069 4523 3329 4592 tetnplum
3353 4521 3476 4587 Dei,
3505 4532 3562 4578 et

260 4633 410 4692 veni,
467 4631 585 4684 lava
641 4631 810 4699 pedes
863 4641 1044 4683 meos,
1093 4629 1160 4682 Et
1187 4629 1306 4683 scio
1337 4628 1689 4682 temerarium
1731 4637 1852 4680 esse
1880 4621 1932 4685 ι)
1961 4617 2142 4671 multa:
2173 4616 2398 4671 fuerunt
2427 4615 2478 4668 in
2505 4614 2771 4684 religione
2797 4617 2917 4684 ejus
2939 4617 3190 4671 virtutes.
3213 4611 3444 4682 Quando
3465 4630 3556 4670 au-

259 4727 402 4797 quod
415 4725 557 4780 dico.
575 4722 683 4778 Sed
705 4725 874 4777 timeo
885 4721 1365 4776 comminationem
1379 4721 1610 4776 dicontis
1631 4738 1646 4774 :
1663 4720 1724 4775 Si
1747 4735 1851 4773 non

260 4822 435 4875 lavero
465 4819 618 4888 pedes
643 4826 782 4881 tuos,
813 4833 917 4870 non
943 4814 1150 4869 habebis
1179 4825 1378 4882 partem
1425 4831 1622 4868 mecum
1665 4814 1846 4884 (Joan.

260 4914 400 4986 xm).
433 4913 560 4968 Ideo
607 4912 725 4966 lava
757 4909 923 4979 pedes
955 4924 1132 4975 meos,
1167 4919 1225 4962 ut
1255 4909 1484 4963 habeam
1523 4915 1740 4977 partem
1776 4917 1852 4960 te-

259 5025 402 5066 cum.
435 5007 546 5064 Sed
577 5005 703 5075 quid
735 5005 821 5058 aio
844 5003 962 5058 lava
993 5003 1157 5072 pedes
1185 5002 1385 5058 meos?
1413 4999 1612 5056 Petrus
1637 5001 1738 5053 hoc
1756 5013 1853 5069 po-

261 5107 364 5160 tuit
395 5105 604 5169 dicere,
635 5101 728 5171 qui
769 5112 880 5154 non
913 5098 1100 5154 habuit
1129 5111 1376 5163 necesse,
1419 5095 1525 5152 nisi
1557 5104 1761 5150 tantum
1795 5104 1855 5147 ut

261 5200 434 5270 pedes
475 5197 594 5266 ejus
627 5196 966 5260 lavarentur,
1016 5199 1164 5246 totus
1203 5190 1402 5261 quippe
1441 5187 1678 5244 numdns
1717 5195 1854 5243 erat.

260 5294 373 5362 Ego
405 5291 583 5359 petitis
611 5303 732 5342 cum
767 5285 939 5340 semel
969 5286 1114 5339 lotus
1141 5298 1260 5337 sum
1283 5281 1432 5356 {Leg.
1467 5279 1617 5354 sint],
1649 5281 1746 5336 illo
1777 5281 1860 5335 itt-

260 5387 419 5457 digeo
450 5381 800 5452 baptismate,
851 5379 920 5434 de
971 5393 1078 5448 quo
1111 5375 1372 5430 Dominus
1399 5374 1475 5429 ait
1507 5371 1661 5445 :Ego
1710 5371 1860 5426 aliud

329 5577 356 5606 σι
385 5569 660 5622 Annotaut
694 5564 1029 5620 Benedictini
1055 5562 1320 5627 editores,
1351 5575 1636 5630 perperam
1665 5558 1864 5630 editio-

259 5657 356 5696 nes
379 5657 404 5691 :l
428 5637 788 5695 Gencbrardo
801 5647 854 5690 et
871 5637 1094 5690 Erasmo
1119 5629 1424 5702 procurata:
1447 5632 1650 5686 habent
1665 5629 1862 5695 Arhaz;

299 5711 421 5765 aulo
442 5709 636 5765 melius
651 5706 818 5763 editio
842 5707 1053 5764 Merlini
1075 5705 1294 5768 Acham,
1313 5705 1517 5769 optime
1535 5719 1666 5758 vero
1688 5702 1858 5757 codex

293 5784 516 5839 Iebraic.
546 5779 740 5846 Achar,
775 5780 842 5833 de
863 5795 971 5850 quo
998 5778 1186 5850 Josue,
1212 5793 1306 5850 vn,
1329 5775 1422 5830 25.

335 5853 364 5921 Ρ
404 5854 570 5912 Iidem
601 5853 784 5908 aiunt:
814 5846 992 5929 verba
1017 5849 1237 5924 quidem
1270 5846 1742 5920 interpretationis
1792 5860 1859 5910 ex

1962 4719 2069 4765 tem
2101 4718 2352 4765 mortuus
2395 4717 2482 4764 est
2525 4705 2816 4762 Zacharias
2855 4709 3207 4778 intelligens,
3257 4719 3388 4764 tunc
3435 4708 3557 4763 fecit

1963 4803 2284 4873 malignum.
2315 4801 2450 4868 Quis
2479 4801 2565 4855 hic
2593 4801 2686 4871 qui
2721 4799 2849 4856 fecit
2896 4802 3228 4872 malignum?
3255 4801 3366 4856 Rex
3413 4809 3554 4867 erat,

1963 4912 2070 4952 non
2102 4895 2384 4951 sacerdos.
2411 4893 2565 4950 Alius
2612 4895 2748 4949 ordo
2785 4895 3000 4966 regios,
3033 4896 3170 4951 alius
3197 4895 3334 4950 ordo
3368 4907 3554 4948 sacer-

1961 4991 2181 5046 dotalis.
2225 4989 2407 5044 Voluit
2445 4989 2656 5060 ingredi
2695 4991 2746 5044 in
2781 4992 3040 5061 templum
3065 5035 3080 5057 ,
3107 5001 3162 5045 et
3191 4992 3368 5044 locum
3394 5003 3558 5059 agere

1962 5083 2291 5148 sacerdotis,
2313 5092 2369 5136 et
2409 5085 2589 5138 facere
2617 5099 2777 5153 opus,
2805 5084 2952 5155 quod
2983 5097 3094 5138 non
3123 5083 3292 5138 fuerat
3335 5083 3385 5135 ei
3419 5095 3558 5134 con-

1961 5194 2202 5236 cessum.
2237 5177 2453 5233 Introiit
2480 5178 2827 5248 praeveniens
2849 5177 3198 5244 sacerdotes,
3230 5185 3284 5230 et
3307 5187 3559 5244 assump-

1963 5276 2032 5329 sit
2061 5288 2158 5328 vas
2187 5273 2486 5328 libaminis.
2515 5269 2803 5344 Ingressus
2827 5280 3010 5326 autem
3031 5279 3083 5324 et
3107 5269 3363 5339 princeps
3383 5281 3563 5321 sacer-

1962 5368 2149 5424 dotum
2167 5399 2184 5436 -,
2205 5367 2299 5438 qui
2321 5374 2572 5438 tempore
2593 5366 2688 5421 illo
2704 5375 2846 5429 erat,
2869 5374 2927 5420 et
2950 5362 3226 5432 octoginta
3243 5359 3562 5416 sacerdotes

1964 5557 2160 5615 Graeco
2182 5563 2439 5625 corrupto
2468 5554 2746 5610 adornata».
2779 5553 2858 5607 sic
2889 5551 3088 5625 habent
3118 5552 3351 5625 :_At_re_s
3373 5560 3559 5618 postuo

1963 5630 2044 5684 lat
2069 5648 2079 5683 :
2101 5627 2326 5698 Pr0pter
2349 5620 2694 5694 parascet'em,
2719 5641 2833 5695 qua:
2858 5624 3112 5698 pqasionis
3136 5620 3327 5698 Christi
3346 5637 3563 5675 comme-

1963 5693 2223 5755 moratris'
2265 5707 2372 5766 est;
2423 5707 2468 5753 et
2513 5693 2738 5752 maxime
2794 5693 2866 5751 in
2893 5693 3168 5750 ﬂaminica
3221 5693 3341 5760 die;
3399 5707 3564 5764 neque

1962 5775 2116 5843 enim,
2145 5779 2252 5828 etc.

4074 929 4080 1272 Ξ

4075 1275 4080 1400 l

4073 1407 4080 1614 ἲ

4073 1621 4080 1812 ἶ
