4080 6326
524 241 635 299 919

531 466 588 510 tu
619 470 681 513 es
709 455 888 523 Osias,
918 465 974 512 et
1004 471 1113 514 non
1143 456 1446 514 Sacerdos?
1481 457 1764 515 Violenter
1805 473 2125 530 persevera-

536 550 633 615 vit,
668 563 724 606 et
745 551 894 622 lepra
922 553 1171 609 ascendit
1203 553 1255 608 in
1290 553 1527 609 frontem
1556 552 1696 624 ejus.
1723 552 2006 623 Projectus
2045 563 2132 610 est

532 652 801 712 mortuus,
831 660 1085 716 egressus
1115 645 1290 702 estde
1324 646 1560 718 templo,
1580 645 1769 703 eduxit
1800 662 1925 704 eum
1949 645 2133 701 Domi-

535 752 657 792 nus.
686 736 854 808 Igitur
881 738 1128 808 leprosus
1167 738 1340 794 lactus
1359 750 1444 794 est
1473 752 1694 811 propter
1718 739 2130 812 praevaricatio-

534 844 662 884 nem
693 828 850 900 legis.
879 828 1261 901 Unusquisque
1298 831 1402 886 sub
1438 847 1608 903 regno
1634 842 1714 888 est
1742 833 1855 890 sive
1899 833 2129 904 peccati,

533 923 651 979 sive
670 923 921 995 iustitiae.
953 925 1318 998 S'epeccatum
1345 925 1482 983 mibi
1511 938 1723 998 regnat,
1749 946 1886 984 unus
1918 945 2034 984 smn
2063 928 2134 984 de

538 1015 760 1086 regibus
780 1017 970 1083 Israel,
995 1018 1088 1088 qui
1116 1019 1379 1089 templum
1413 1019 1690 1076 violenter
1721 1022 1954 1092 ingressi
1981 1031 2129 1077 sunt.

534 1107 590 1163 Si
613 1108 794 1179 justus
815 1110 1107 1181 sumjuxta
1129 1127 1443 1168 mensuram
1485 1114 1762 1184 prolectus
1798 1117 1941 1185 mei,
1974 1126 2029 1173 et
2058 1118 2135 1174 Ia-

537 1203 622 1257 cio
653 1213 888 1272 rectum,
921 1215 977 1261 et
1005 1221 1298 1276 persevero
1327 1219 1454 1265 ante
1493 1223 1845 1282 conspectum
1885 1213 1976 1269 Dei
2006 1257 2021 1281 ,
2047 1230 2136 1272 re-

534 1307 667 1368 gnat
685 1299 815 1353 mihi
833 1299 1063 1369 justitia.
1081 1301 1347 1371 Quamdiu
1373 1320 1503 1360 vero
1521 1307 1655 1361 vixit
1674 1307 1947 1378 Ieprosus,
1968 1308 2135 1366 Isaias

536 1392 818 1448 immunda
847 1393 987 1450 labia
1032 1395 1240 1451 habuit.
1262 1397 1530 1466 Quamdiu
1559 1399 1694 1455 vixit
1739 1401 1957 1472 iniquus
1977 1445 1992 1469 ,
2027 1420 2134 1459 non

540 1489 719 1557 potuit
751 1489 918 1546 Isaias
959 1492 1248 1548 Dominum
1290 1494 1529 1551 Sabaoth
1564 1495 1780 1565 videre,
1829 1497 2040 1571 1123
2084 1508 2138 1555 et

541 1583 825 1639 immunda
855 1585 1000 1641 labia
1030 1586 1238 1654 habuit,
1272 1590 1375 1644 sub
1399 1589 1588 1661 iniquo
1615 1593 1814 1663 quippe
1841 1609 1969 1666 rege
1995 1604 2133 1651 erat.

541 1676 773 1744 Quando
816 1679 961 1734 enim
1013 1680 1204 1752 incipit
1248 1682 1438 1738 videre
1488 1683 1754 1740 visionem
1801 1684 1937 1741 Dei?
1981 1687 2138 1740 Anno

1775 249 1834 307 S.
1878 248 2153 309 EUSEBII
2193 248 2576 310 HIERONYMI

526 376 653 417 cum
681 377 786 430 eo;
815 363 953 419 dixit
981 363 1050 420 ad
1089 379 1213 422 eum
1245 365 1501 438 princeps
1522 365 1868 422 sacerdotum
1897 383 1911 423 :
1935 365 2128 422 Nonne
2155 367 2206 429 Α

3725 256 3826 312 ς)ὶο

2751 367 3037 428 llOMlLlA
3074 368 3326 428 SEXTA.

2236 506 2312 562 De
2333 523 2392 562 eo
2417 507 2558 579 quod
2586 511 2838 580 scriptum
2861 519 2938 564 est
2967 526 2986 565 :
3014 509 3192 578 Quem
3225 511 3464 580 mittam,
3497 521 3553 568 et
3582 512 3704 584 quis
3735 513 3825 570 ibit

2305 603 2481 670 nobis,
2505 613 2638 674 etc.,
2658 622 2819 678 usque
2839 606 2908 660 ad
2929 623 3050 661 eum
3083 607 3272 673 locum,
3291 609 3344 662 in
3369 624 3470 680 quo
3487 609 3586 676 ait,
3613 608 3682 664 Et
3700 624 3824 666 con-

2307 706 2607 768 vertantur,
2642 709 2694 754 et
2726 715 2912 757 sanem
2941 715 3060 756 eos.
3089 699 3221 771 Cap.
3251 700 3342 756 VI.

2314 833 2542 906 1123.
2569 831 2610 888 I.
2635 833 2838 890 Videns
2865 835 3038 890 Isaias
3067 834 3354 891 Dominum
3380 835 3624 893 Sabaoth
3643 835 3828 892 seden-

2237 936 2344 984 tem
2369 941 2550 1006 super
2579 926 2832 984 thronum
2865 927 3150 984 excelsum
3193 937 3250 983 et
3287 929 3565 984 elevatum
3593 969 3608 994 ,
3647 927 3830 985 videns

2235 1029 2419 1076 autem
2445 1028 2500 1076 et
2519 1021 2792 1090 serapbim
2813 1021 3226 1077 circumstantia
3256 1036 3404 1086 eum,
3427 1031 3484 1078 et
3505 1030 3533 1059 ι
3552 1022 3830 1078 remissam

2239 1125 2586 1186 peccatorum
2617 1116 2891 1186 recipiens
2921 1130 3021 1187 per
3050 1132 3174 1172 eum
3202 1117 3405 1187 ignem,
3431 1116 3526 1187 qui
3555 1116 3752 1171 allatus
3769 1115 3832 1172 de

2237 1209 2458 1276 altario,
2489 1209 2624 1263 labia
2658 1208 2775 1279 ejus
2806 1218 3058 1264 contactu
3089 1209 3372 1280 purgavit,
3415 1208 3494 1264 ait
3531 1222 3594 1264 se
3621 1207 3830 1264 audisse

2240 1316 2428 1357 vocem
2463 1301 2673 1356 Domini
2697 1316 2804 1356 non
2837 1301 3179 1372 imperantis,
3207 1300 3301 1357 sed
3339 1301 3644 1356 excitantis
3679 1309 3832 1370 atque

2240 1394 2472 1450 dicentis
2499 1410 2516 1449 :
2543 1411 2691 1466 quem
2714 1396 2934 1464 mittam,
2965 1404 3014 1450 et
3035 1395 3147 1467 quis
3173 1395 3264 1448 ibit
3289 1396 3359 1448 ad
3387 1393 3638 1466 pupulum
3663 1394 3832 1449 istum?

2243 1487 2448 1543 Deinde
2476 1486 2611 1543 dicit
2639 1503 2700 1544 se
2721 1487 3079 1560 respondisse
3106 1487 3340 1542 Domino
3369 1504 3382 1541 :
3409 1485 3544 1542 Ecce
3571 1503 3686 1540 sum
3707 1503 3833 1559 ego:

2243 1582 2383 1635 mitte
2405 1597 2502 1636 me.
2531 1580 2728 1636 Factus
2751 1591 2932 1637 autem
2961 1582 3017 1638 in
3059 1581 3160 1637 hoc
3190 1582 3339 1646 loco,
3377 1590 3436 1638 et
3473 1590 3726 1637 scrutans
3750 1597 3830 1649 ea,

2241 1691 2364 1746 qua:
2388 1676 2592 1746 scripta
2622 1685 2770 1742 sunt,
2798 1676 3015 1731 invenio
3035 1675 3182 1731 aliud
3211 1674 3408 1732 fecisse
3435 1674 3834 1748 Muysen,aliud

540 1783 651 1839 quo
672 1779 920 1827 mortuus
947 1782 1031 1828 est
1061 1772 1237 1829 Osias.
1258 1773 1354 1830 llis
1383 1774 1604 1839 similia,
1625 1786 1674 1831 el
1704 1776 1773 1831 de
1795 1775 1978 1833 multis
2007 1777 2144 1833 scri-
2171 1775 2219 1836 Β
2246 1769 2464 1825 Isaiam.
2497 1769 2711 1842 Moyses
2757 1771 2902 1826 enim
2942 1771 3150 1826 electus
3179 1770 3245 1826 ad
3277 1772 3628 1828 eductiooem
3657 1771 3833 1842 populi

540 1865 646 1934 ptis
695 1867 903 1936 poteris
939 1867 1144 1934 dicere,
1181 1868 1454 1925 tribuente
1484 1869 1613 1924 Deo.
1645 1869 1703 1924 In
1735 1868 1927 1925 Exodo
1957 1869 2142 1926 istius-

544 1956 693 2012 modi
720 1958 980 2029 quiddam
1005 1961 1270 2031 scriptum
1300 1971 1386 2016 est
1413 1978 1427 2018 :
1459 1960 1530 2017 Et
1560 1963 1756 2034 factum
1787 1972 1861 2018 est
1891 1972 2008 2035 post
2037 1964 2146 2018 dies

545 2048 765 2121 aliquot,
796 2064 1029 2107 mortuus
1055 2062 1129 2108 est
1154 2069 1248 2108 rea:
1269 2052 1515 2126 ngypti,
1547 2062 1594 2108 et
1625 2054 2018 2123 suspiraverunt
2049 2055 2149 2124 ﬁlii

547 2140 740 2209 Israel,
776 2153 823 2198 et
843 2145 1075 2200 ascendit
1117 2145 1317 2200 clamor
1345 2163 1523 2202 eorum
1549 2147 1618 2202 ad
1645 2145 1816 2203 Deum
1844 2147 2047 2219 (Exod.
2085 2165 2146 2214 II,

546 2236 662 2308 ‘23).
693 2237 963 2306 Quamdiu
995 2239 1127 2295 vixit
1169 2240 1403 2308 Pharao,
1440 2256 1547 2297 non
1588 2240 2009 2312 suspiraverunt
2052 2239 2148 2295 ﬁlii

541 2333 736 2400 Israel,
762 2344 818 2390 et
839 2335 891 2390 in
917 2336 1071 2406 pejus
1103 2336 1290 2407 positi,
1317 2353 1384 2393 ne
1409 2336 1660 2408 gemendi
1690 2336 1911 2407 quidem
1946 2336 2152 2393 habue-

549 2438 676 2483 runt
708 2427 935 2484 liberam
961 2428 1296 2485 facultatem.
1319 2428 1547 2484 Vivebat
1576 2431 1776 2502 quippe
1796 2444 1916 2496 rex,
1937 2428 2030 2500 qui
2053 2429 2153 2483 im-

550 2522 776 2592 perabat
807 2524 890 2579 eis
911 2533 967 2579 et
993 2525 1198 2581 lateres
1219 2533 1274 2580 et
1291 2524 1476 2596 paleas
1504 2524 1705 2581 facere.
1729 2524 1998 2593 Quamdiu
2021 2526 2154 2582 vixit

553 2614 789 2682 Pharao,
815 2631 926 2672 non
955 2616 1370 2688 suspiraverunt
1391 2618 1461 2674 ad
1498 2617 1666 2675 Deum
1703 2637 1715 2674 :
1746 2634 1869 2674 cum
1907 2630 2154 2676 mortuus

555 2718 641 2764 est
671 2709 906 2776 Pharao,
935 2718 1062 2765 tunc
1092 2711 1382 2768 valuerunt
1409 2711 1624 2767 madida
1656 2711 1874 2769 ﬂetibus
1904 2728 1999 2768 ora
2026 2728 2170 2770 sus-v

555 2804 768 2860 tollere.
801 2803 951 2861 Vivit
975 2821 1072 2862 rex
1097 2806 1369 2878 malignus
1395 2807 1449 2861 in
1474 2817 1698 2877 pectore
1719 2818 1933 2877 nostro,
1966 2824 2156 2878 quam-

555 2898 648 2953 diu
669 2900 808 2954 vivit
837 2898 1048 2956 Pharao
1071 2901 1328 2957 Zabulus.
1360 2900 1511 2958 Tunc
1536 2903 1735 2960 lateres
1763 2918 2078 2973 operamur,
2101 2915 2158 2961 et

557 2991 770 3060 paleas,
801 3002 857 3048 et
881 3003 1007 3048 tunc
1035 2994 1310 3066 lacrymas
1333 2995 1475 3051 intra
1504 2994 1783 3052 silentium
1804 2997 2154 3065 devoramus,

555 3095 611 3141 et
637 3087 940 3160 iniquitatis
965 3104 1128 3160 opera
1159 3091 1336 3161 prima
1364 3088 1618 3147 facimus.
1651 3093 1782 3148 Cum
1806 3103 1985 3148 autem
2014 3107 2160 3149 mor-

2247 1863 2314 1918 de
2370 1873 2511 1920 terra
2561 1862 3217 1936 :Egypli,ait:1’rovide
3268 1864 3433 1918 alium
3480 1881 3632 1937 quem
3681 1866 3839 1921 mittas

2249 1954 2450 2027 (Exod.
2499 1972 2573 2023 1v,
2623 1957 2734 2027 I5),
2791 1959 2954 2013 etiam
3012 1959 3227 2014 videtur
3277 1959 3660 2016 contradicere
3714 1957 3835 2015 Deo.

2249 2049 2416 2107 Isaias
2446 2067 2579 2108 vero
2608 2068 2714 2107 nou
2743 2053 2954 2109 electus
2978 2094 2994 2121 ,
3029 2055 3122 2110 sed
3153 2055 3383 2111 audiens
3411 2071 3572 2127 quem
3617 2057 3838 2122 mittam,

2248 2157 2302 2202 et
2328 2146 2450 2217 quis
2477 2146 2614 2201 ibit:
2640 2144 2795 2213 Ecce,
2830 2147 3027 2217 inquit,
3060 2165 3152 2221 ego
3173 2165 3308 2215 sum,
3332 2149 3476 2204 mitte
3505 2149 3839 2221 me.Dignum

2250 2248 2338 2295 est
2369 2254 2500 2311 ergo
2530 2239 2873 2310 spiritalibus
2903 2241 3165 2312 spiritalia
3198 2256 3554 2312 comparare,
3588 2251 3646 2299 et
3674 2245 3843 2315 requi-

2254 2349 2397 2403 rere,
2425 2335 2546 2403 quis
2574 2349 2606 2389 e
2631 2335 2845 2392 duobus
2887 2336 3086 2393 melius
3133 2336 3325 2394 fecerit
3358 2354 3372 2393 :
3404 2337 3730 2409 Moysesne,
3760 2339 3842 2410 qui

2254 2437 2542 2499 postquam
2567 2427 2777 2484 electus
2804 2439 2912 2496 est,
2947 2429 3219 2485 recusavit
3253 2447 3268 2483 :
3303 2446 3370 2484 an
3407 2429 3580 2486 Isaias
3601 2473 3616 2497 ,
3659 2431 3750 2502 qui
3785 2446 3844 2486 ne

2256 2520 2466 2577 electus
2487 2520 2706 2592 quidem
2736 2522 2855 2592 ipse
2882 2537 2943 2578 se
2969 2522 3197 2592 obtulit,
3231 2534 3291 2579 ut
3311 2524 3633 2580 mitteretur
3656 2525 3721 2580 ad
3761 2541 3846 2596 po-

2258 2616 2461 2686 pulum.
2491 2615 2692 2673 Nescio
2719 2618 2862 2673 enim
2889 2617 2935 2672 si
2968 2627 3150 2688 potest
3181 2619 3304 2690 quis
3329 2635 3450 2676 eam
3497 2622 3846 2678 contrarieta-

2259 2718 2368 2766 tem
2395 2711 2764 2782 negotiorum,
2793 2709 3009 2784 1124¹
3028 2727 3148 2783 quae
3183 2712 3236 2768 in
3263 2722 3493 2785 utroque
3519 2715 3752 2782 videtur,
3775 2717 3846 2770 in-

2259 2804 2511 2870 tendens,
2542 2804 2752 2872 dicere,
2782 2807 2907 2877 quia
2941 2806 3177 2876 idipsum
3206 2807 3398 2864 fecerit
3423 2808 3643 2882 Moyses
3669 2852 3682 2874 ,
3713 2810 3844 2881 quod

2260 2897 2447 2953 Isaias.
2482 2897 2594 2968 Ego
2625 2898 2888 2955 audacter
2911 2899 3034 2967 feci,
3057 2917 3386 2972 comparans
3416 2903 3556 2958 duos
3605 2917 3841 2966 sanctos.

2261 3002 2316 3048 et
2337 2993 2525 3048 beatos
2553 2993 2722 3058 viros,
2757 3003 2811 3050 et
2841 2994 3172 3062 decernens,
3195 3004 3251 3052 et
3273 2996 3466 3053 dicens
3499 2999 3846 3055 verecundius

2261 3085 2501 3156 Moysem
2528 3085 2740 3151 iecisse,
2766 3103 2926 3156 quam
2961 3087 3406 3164 lsaiam.bloyses
3425 3093 3630 3164 quippe
3656 3095 3844 3166 magni-

559 3189 683 3235 tuus
706 3181 890 3249 fuerit,
919 3180 1147 3236 Domino
1181 3183 1292 3238 Deo
1322 3198 1421 3239 nos
1453 3184 1728 3250 visitante,
1755 3193 1886 3240 tunc
1916 3185 2158 3256 suspira-
2182 3169 2228 3234 (ἶ
2263 3180 2503 3237 tudinem
2522 3182 2928 3251 considerabat,
2949 3200 3183 3255 praeesse
3205 3187 3402 3256 pepqu
3425 3187 3493 3242 ad
3517 3188 3845 3246 educendum

560 3289 680 3328 mus
701 3274 768 3328 ad
796 3275 1109 3332 Dominum.
1133 3276 1342 3332 Idcirco
1370 3292 1591 3334 oremus
1633 3278 1946 3347 Dominum,
1975 3289 2035 3335 ut
2068 3298 2158 3336 re-

557 3388 723 3442 gnum
762 3374 994 3444 peccati,
1022 3373 1167 3444 quod
1208 3383 1292 3428 est
1333 3374 1387 3429 in
1419 3374 1637 3430 mortali
1670 3383 1858 3430 nostro
1899 3391 2154 3447 corpore.

559 3469 845 3522 moriatur.
879 3465 1158 3522 Peccatum
1188 3467 1361 3536 enim,
1387 3467 1484 3535 ait,
1515 3479 1778 3523 mortuum
1803 3479 1877 3523 est
1901 3486 1919 3524 :
1948 3487 2043 3542 ego
2064 3488 2161 3524 au-

558 3572 661 3615 tem
697 3560 912 3634 1124Ι
941 3561 1120 3615 revixi.
1148 3558 1329 3631 (Rom.
1357 3577 1451 3626 vu,
1482 3560 1564 3630 9).
1587 3561 1654 3616 Et
1681 3576 1896 3618 rursum
1919 3604 1934 3629 ,
1960 3561 2157 3618 Pecca-

555 3665 668 3710 tum
697 3657 904 3722 revixit,
927 3671 1021 3729 ego
1051 3665 1223 3711 autem
1249 3665 1484 3711 mortuus
1509 3673 1622 3711 sum
1656 3655 1858 3730 (Ibid.,
1889 3658 2016 3729 I0).
2047 3657 2160 3713 Mo-

557 3751 734 3807 riente
761 3765 898 3816 uno,
931 3750 1024 3821 qui
1053 3749 1261 3822 petitur
1305 3765 1476 3820 regno
1509 3751 1718 3820 peccati
1740 3751 1897 3816 0.~.ia,
1931 3752 2159 3806 moritur

556 3852 613 3898 et
642 3843 875 3899 Pharao.
909 3840 1046 3898 Cum
1079 3843 1309 3897 moritur
1348 3857 1440 3898 rex
1487 3843 1757 3910 pessimus
1783 3842 1936 3912 erigo
1958 3842 2025 3898 ad
2049 3858 2159 3900 cte-

556 3937 668 3991 lum
695 3935 908 4000 oculos,
943 3945 999 3991 et
1027 3936 1250 3991 exaudit
1280 3935 1400 4007 [Αι.
1435 3935 1737 4008 exaudivit]
1760 3951 1952 3992 vocem
1979 3953 2157 3992 meam

549 4028 714 4097 Deus,
737 4029 1011 4102 quomodo
1031 4030 1326 4097 Abraham,
1361 4038 1417 4085 et
1441 4029 1616 4096 Isaac,
1640 4041 1695 4084 et
1733 4029 1902 4087 Jacob
1937 4049 1950 4086 :
1993 4039 2048 4086 et
2077 4032 2158 4086 vi-

551 4124 657 4179 deo
685 4125 971 4180 Dominum
1000 4123 1242 4181 Sabaoth
1279 4122 1560 4180 sedentem
1588 4167 1603 4192 ,
1629 4133 1684 4180 et
1711 4136 2030 4197 regnantem
2061 4142 2153 4182 suo

552 4233 649 4287 per
669 4218 945 4275 excelsum
970 4219 1190 4286 solium,
1225 4234 1386 4289 quem
1416 4218 1648 4289 populus
1675 4235 1783 4275 non
1819 4219 1974 4276 vidit.
2007 4219 2156 4277 Non-

551 4311 680 4366 dum
739 4313 887 4366 euim
935 4311 1092 4365 Osias
1152 4318 1399 4366 mortuus
1451 4309 1650 4366 fuerat.
1707 4311 1844 4367 Volo
1893 4312 2152 4383 quiddam

551 4404 729 4458 simile
751 4406 1107 4473 interponere
1132 4404 1289 4457 bonae
1312 4405 1411 4467 rei,
1435 4419 1557 4474 qure
1582 4405 1710 4460 huic
1741 4407 2020 4461 contraria
2045 4417 2148 4462 est.

551 4493 658 4552 Iste
687 4497 805 4566 ipse
833 4495 992 4550 Osias
1021 4494 1278 4566 quamdiu
1329 4496 1462 4551 vixit
1490 4495 1782 4552 Zacharias
1814 4499 2146 4570 intelligens,

2259 3293 2384 3332 eum
2407 3276 2476 3332 de
2499 3285 2646 3333 terra
2675 3277 2920 3350 Egypti,
2946 3290 2999 3335 et
3031 3296 3336 3352 repugnare
3366 3281 3746 3356 Egyptiorum
3769 3286 3846 3341 in-

2260 3369 2665 3426 cantationibus
2705 3383 2760 3426 et
2789 3371 3091 3429 maleﬁciis.
3109 3373 3340 3445 Propter
3365 3377 3468 3431 hoc
3493 3377 3570 3432 ait
3594 3395 3608 3431 :
3633 3375 3848 3433 Provide

2259 3464 2425 3519 aliunt
2453 3481 2604 3532 quem
2635 3468 2828 3521 mittas.
2867 3467 2971 3522 Iste
3003 3475 3188 3523 autem
3241 3483 3349 3523 non
3389 3480 3714 3540 exspectans
3761 3486 3847 3526 au-

2259 3557 2378 3613 dire
2403 3557 2532 3628 quid
2563 3559 2610 3614 ei
2630 3557 2918 3628 iuberetur
2949 3567 3007 3614 ut
3029 3559 3234 3614 diceret
3255 3601 3270 3624 ,
3295 3575 3357 3615 ac
3401 3561 3447 3616 si
3491 3561 3701 3618 electus
3727 3563 3847 3618 Inis-

2261 3658 2342 3705 set
2377 3670 2388 3704 :
2421 3649 2574 3717 Ecce,
2623 3650 2820 3720 inquit,
2868 3669 2983 3705 sum
3030 3669 3145 3725 ego,
3199 3653 3342 3708 mitte
3391 3671 3492 3709 me.
3525 3653 3684 3712 Unde
3729 3658 3845 3727 quia

2261 3744 2512 3814 ignorans
2555 3743 2683 3814 quid
2715 3745 2763 3800 ei
2791 3745 3096 3815 juberetur,
3131 3757 3187 3800 ut
3213 3746 3455 3814 diceret,
3485 3764 3548 3804 ac
3577 3750 3624 3805 si
3649 3749 3847 3806 electus

2258 3835 2470 3903 luisset,
2492 3833 2648 3905 Ecce,
2682 3838 2777 3903 ait,
2812 3853 2903 3910 ego
2933 3854 3070 3906 sum,
3093 3839 3235 3905 mitte
3264 3855 3344 3893 me
3371 3859 3389 3895 :
3421 3840 3538 3897 hth
3560 3841 3778 3913 iubetur
3797 3855 3846 3897 ut

2259 3932 2427 3995 dicat.
2460 3948 2580 4002 quae
2602 3942 2758 3987 erant
2787 3933 3027 4002 inoptata
3054 3933 3281 3990 dicenti.
3312 3936 3394 3990 An
3422 3950 3530 3991 non
3575 3946 3694 3992 erat
3740 3937 3846 3992 ino-

2261 4023 2466 4094 piabile
2512 4024 2695 4080 statim
2736 4025 2948 4094 jussum
2976 4024 3377 4096 prophetizare,
3407 4044 3436 4080 a
3465 4028 3845 4084 maledictioni-

2260 4123 2360 4178 bus
2387 4122 2630 4191 incipere
2654 4123 2928 4180 dicentem
2964 4126 3142 4180 :Aure
3159 4125 3381 4180 audietis
3404 4167 3420 4189 ,
3453 4135 3500 4178 et
3533 4140 3636 4178 non
3663 4123 3847 4178 intelli-

2257 4215 2406 4287 getis,
2427 4225 2477 4269 et
2505 4215 2732 4271 ridentes
2755 4219 2996 4284 cernetis,
3015 4229 3065 4274 et
3087 4235 3189 4275 non
3211 4219 3444 4273 videbitis
3464 4235 3481 4273 :
3503 4216 3844 4272 Incrassatum

2257 4317 2330 4361 est
2360 4309 2493 4362 enim
2523 4325 2610 4363 cor
2640 4311 2822 4379 populi
2854 4313 3034 4385 hujus,
3067 4323 3121 4367 et
3153 4313 3379 4383 reliqua.
3410 4311 3576 4367 Forte
3615 4325 3744 4381 ergo
3767 4311 3784 4382 (
3806 4311 3844 4364 si

2258 4411 2440 4456 tamen
2470 4401 2740 4458 audenter
2764 4405 2986 4475 expedit
3014 4404 3223 4475 dicere)
3256 4405 3582 4460 temeritatis
3609 4413 3668 4459 et
3692 4404 3846 4458 auda-

2255 4497 2352 4551 ciae
2383 4497 2694 4553 mercedem
2724 4509 3049 4556 consecutus
3075 4510 3180 4566 est,
3206 4508 3266 4554 ut
3293 4515 3354 4555 ea
3373 4500 3633 4570 jubeatur
3650 4499 3846 4563 ditere,

551 4605 658 4646 non
691 4562 821 4646 fecit
845 4562 1126 4660 peccatum
1157 4591 1212 4645 in
1244 4601 1542 4662 conspectu
1575 4592 1670 4648 Dei
1701 4609 1714 4657 ;
1746 4591 2015 4649 moriente
2047 4594 2148 4648 Za-
2179 4562 2232 4622 Β
2255 4605 2377 4661 quae
2409 4591 2791 4660 prophetizare
2822 4594 3064 4650 nolebat.
3101 4594 3311 4668 1125
3332 4595 3467 4664 Quia
3494 4605 3677 4652 autem
3701 4611 3842 4650 com-

549 4682 757 4751 charia,
791 4681 1084 4740 declinavit
1105 4697 1134 4736 a
1161 4681 1394 4739 Domino
1417 4727 1432 4751 ,
1472 4683 1564 4738 ubi
1606 4685 1894 4755 imperavit
1921 4686 2146 4756 populo,

547 4791 601 4836 et
634 4781 774 4835 rexit
806 4779 1018 4834 urbem.
1049 4778 1177 4834 Haec
1198 4779 1392 4834 diebus
1423 4787 1478 4833 et
1506 4779 1756 4834 noctibus
1784 4779 2027 4853 legentes
2047 4825 2061 4846 ,
2097 4793 2152 4836 et

547 4875 833 4932 audientes
859 4875 1148 4930 Dominum
1177 4874 1449 4930 dicentem
1476 4891 1488 4928 :
1512 4873 1751 4947 Oportuit
1773 4887 1821 4930 te
1840 4877 2040 4930 mittere
2062 4894 2149 4946 pe-

545 4973 752 5027 cuniam
774 4987 939 5026 meam
963 4969 1032 5024 ad
1075 4984 1330 5033 mensam;
1358 4981 1407 5023 et
1437 4986 1532 5040 ego
1575 4970 1783 5024 veniens
1819 4987 1935 5023 cum
1975 4972 2147 5026 usuris

541 5081 656 5120 eam
686 5065 971 5135 exegissem
1001 5059 1217 5133 (Matth.
1247 5061 1398 5129 xxv),
1420 5077 1528 5115 nou
1556 5060 1876 5130 colligamus
1903 5061 1953 5115 in
1984 5062 2146 5117 suda-

540 5158 624 5214 rio
647 5171 829 5212 mnam
857 5155 1155 5219 creditam,
1189 5168 1289 5209 nec
1330 5153 1613 5222 pecuniam
1645 5153 1925 5208 mittamus
1954 5155 2004 5209 in
2038 5165 2145 5210 ter-

538 5267 677 5312 ram,
702 5250 800 5306 sed
825 5250 1138 5304 feneremur
1164 5262 1284 5302 eam
1316 5245 1551 5317 populis.
1584 5245 1655 5300 Et
1682 5261 1804 5302 cum
1838 5263 1938 5304 nos
1965 5250 2144 5305 credi-

535 5344 778 5400 derimus
803 5341 1133 5397 dominicam
1167 5341 1433 5395 rationem
1455 5377 1470 5404 ,
1505 5337 1659 5393 vobis
1694 5341 1802 5394 erit
1847 5340 2142 5399 videndum

533 5435 810 5507 quomodo
841 5434 1048 5491 credita
1072 5449 1194 5490 cum
1241 5433 1422 5489 usuris
1454 5433 1772 5489 exsolvatis.
1799 5433 1996 5506 Quam,
2027 5447 2135 5492 etc.

534 5531 735 5586 Amen.

603 5676 627 5702 α
665 5664 801 5722 Cod.
835 5664 1139 5735 Turonens.
1174 5665 1315 5736 apud
1361 5662 1745 5732 Benediqtinos
1779 5666 2130 5724 remissionem

525 5737 715 5802 habet,
743 5737 834 5791 alii
861 5737 1154 5802 remissam,
1170 5747 1226 5792 et
1252 5739 1536 5808 remissam
1564 5736 1781 5808 quidem
1807 5751 1904 5806 pro
1930 5739 2128 5800 remis,-

533 5808 685 5863 sione
704 5801 1073 5864 annotaverat
1110 5813 1166 5864 ct
1195 5801 1598 5865 Genelirardus'
1629 5801 1949 5864 vocabulum
2007 5807 2128 5872 csse

2254 4683 2560 4752 paravimus
2589 4684 2782 4741 Isaiam
2815 4697 2868 4742 et
2891 4686 3150 4759 Moysem,
3174 4703 3570 4759 componamus
3597 4701 3654 4744 et
3683 4689 3839 4745 aliam

2257 4777 2558 4844 proximam
2581 4777 3044 4848 comparationem
3066 4777 3221 4834 Isaiae
3256 4788 3312 4836 et
3329 4780 3504 4836 .lonm.
3541 4779 3640 4836 Ille
3683 4780 3846 4836 mitti-

2257 4878 2344 4923 tur
2364 4869 2663 4940 prtrdicare
2694 4873 3036 4928 eversionem
3057 4871 3311 4928 Ninivitis
3343 4881 3465 4943 post
3493 4883 3606 4929 tres
3635 4873 3774 4936 dies,
3795 4883 3844 4928 et

2254 4965 2402 5034 piget
2428 4980 2550 5019 eum
2584 4964 2852 5034 proﬁcisci
2875 4965 3154 5021 nolentem
3176 4981 3339 5022 causa
3373 4966 3644 5022 malorum
3663 4967 3844 5021 civita-

2252 5059 2340 5112 tis.
2375 5057 2481 5114 Iste
2508 5073 2636 5114 vero
2667 5074 2770 5112 non
2803 5069 3134 5130 exspectans
3163 5059 3291 5128 quid
3319 5057 3764 5129 eiimperaretur
3791 5071 3844 5116 ut

2249 5151 2479 5212 diceret,
2513 5151 2624 5205 ait:
2659 5148 2795 5205 Ecce
2821 5168 2913 5222 ego
2943 5167 3081 5218 sum,
3111 5152 3256 5205 mitte
3281 5166 3379 5206 me.
3405 5150 3618 5208 Bonum
3639 5162 3842 5209 estnon

2248 5245 2498 5316 prosilire
2524 5245 2590 5300 ad
2621 5261 2735 5312 eas,
2757 5261 2832 5317 qu
2851 5262 2879 5299 e
2910 5261 2939 5300 a
2963 5245 3075 5300 Deo
3093 5255 3240 5307 sunt,
3266 5245 3590 5315 dignitates,
3619 5259 3672 5302 et
3692 5248 3839 5318 prin-

2243 5341 2456 5410 cipatus
2477 5381 2492 5404 ,
2523 5350 2578 5395 et
2607 5340 2867 5411 mysteria
2900 5339 3176 5405 Ecclesiae,
3208 5339 3306 5394 sed
3341 5338 3547 5395 imitari
3579 5341 3796 5414 Moysen
3823 5384 3837 5409 ,

2243 5450 2296 5494 et
2327 5437 2512 5494 dicere
2539 5453 2662 5493 cum
2692 5453 2796 5494 eo:
2833 5436 3054 5492 Provide
3095 5437 3277 5503 alium,
3320 5453 3472 5507 quem
3499 5438 3697 5492 mittas.
3733 5436 3835 5499 Ne-

2242 5549 2350 5606 que
2371 5534 2514 5590 enim
2535 5534 2601 5588 ad
2633 5532 2996 5604 principatum
3028 5530 3290 5588 Ecclesiae
3320 5530 3492 5596 venit,
3526 5531 3831 5601 quisalvari

2239 5680 2483 5726 veterum
2528 5669 2946 5742 theologorum,
2999 5665 3357 5732 Tertulliani,
3387 5662 3652 5738 Cypriani
3703 5666 3838 5722 alioa

2239 5757 2488 5812 rumque.
