4080 6326
264 284 361 342 92!

733 276 1173 339 TRANSLATIO
1211 274 1651 337 HOMILIARUM
1689 272 2012 333 ORIGENIS
2048 271 2116 330 ΙΝ
2160 265 2468 329 VlSlONES
2504 266 2728 328 ISAIE.
2770 265 2937 327 HOM.
2982 265 3071 324 Vl.

3448 259 3556 318 993

263 404 397 471 vult,
440 402 544 461 etsi
589 411 788 476 praeest
824 418 839 469 ;
882 398 981 458 sed
1010 400 1080 456 ad
1119 397 1439 458 servitutem
1485 395 1770 460 Ecclesiae,
1806 395 1857 451 si
1882 395 1935 457 Α
1961 392 2115 449 baoth
2142 392 2247 447 vidi
2266 389 2430 446 oculis
2456 390 2607 446 uicis.
2630 388 2748 447 Hoc
2781 386 2974 445 dicens
3002 393 3060 443 et
3099 385 3363 443 miserum
3389 394 3453 437 se
3479 379 3563 436 la-

264 505 481 569 oportet
509 497 695 555 dicere
742 505 800 555 et
832 496 900 553 de
942 494 1282 568 Evangelia:
1326 491 1606 566 Principes
1653 490 1863 565 quidem

261 593 491 668 gentium
516 591 854 648 dominantur
891 592 985 655 eis,
1023 599 1074 647 et
1119 589 1210 662 qui
1251 596 1561 660 potestatem
1591 585 1783 643 habent
1805 586 1861 641 in

258 686 366 742 illis
389 726 405 749 ,
436 685 769 759 magistratus
796 692 1065 740 uocantur.
1099 680 1223 738 Non
1252 681 1329 736 sic
1351 691 1521 737 autem
1560 679 1658 735 erit
1687 680 1741 734 in
1767 693 1862 733 oa-

262 776 338 833 bis
365 791 386 833 :
414 793 511 834 nec
538 776 677 832 enim
709 776 1046 831 dominantur
1077 774 1335 847 principes
1364 773 1419 827 in
1452 772 1595 827 vobis
1620 813 1636 839 ,
1663 772 1754 827 sed
1774 769 1864 842 qui

264 869 369 924 uult
396 884 506 925 esse
529 877 753 925 vestrum
781 870 984 941 major,
1009 867 1108 923 erit
1128 867 1357 922 omnium
1389 865 1637 921 malimus
1662 863 1860 936 (Marc.

262 962 366 1033 sx).
398 960 502 1031 Qui
531 962 644 1018 vult
668 975 793 1019 esse
823 961 1029 1032 primus
1052 1003 1068 1029 ,
1097 958 1207 1017 erit
1231 960 1479 1017 omnium
1511 958 1859 1016 novissimus.

263 1055 365 1126 Qui
382 1064 609 1113 vocatur
637 1068 771 1127 ergo
799 1056 869 1110 ad
896 1053 1278 1127 episcopatum
1302 1093 1320 1120 ,
1349 1066 1460 1109 non
1488 1051 1558 1109 ad
1588 1051 1866 1125 principa-

266 1157 379 1204 tum
417 1157 666 1213 vocatur,
691 1147 791 1204 sed
825 1147 894 1204 ad
920 1146 1240 1205 servitutem
1270 1146 1444 1203 totius
1479 1144 1770 1203 Ecclesiae.
1806 1144 1866 1201 Si

262 1242 346 1298 vis
364 1240 591 1299 credere
613 1240 683 1297 de
701 1240 1006 1312 Scripturis
1027 1282 1043 1309 ,
1065 1241 1190 1311 quia
1213 1240 1268 1296 in
1297 1239 1547 1297 Ecclesia
1574 1253 1769 1296 servus
1789 1236 1866 1294 sit

263 1338 508 1393 omnium
532 1376 549 1403 ,
578 1336 672 1408 qui
700 1345 922 1408 praeest.
955 1334 1183 1392 suadeat
1211 1334 1308 1391 tibi
1348 1334 1465 1405 ipse
1502 1331 1761 1391 Salvator
1808 1341 1868 1388 et

268 1429 554 1496 Dominus,
598 1429 688 1501 qui
726 1430 848 1486 talis
895 1437 1186 1500 tantusque
1234 1427 1417 1485 factus
1455 1436 1541 1484 est
1584 1428 1639 1483 in
1683 1426 1865 1486 medio

264 1521 681 1595 discipulorum,
713 1537 820 1579 non
851 1522 1005 1595 quasi
1034 1521 1411 1591 discumbens,
1451 1521 1548 1579 sed
1579 1520 1736 1593 quasi
1766 1521 1867 1578 tui—

1962 486 2134 553 ciens,
2166 493 2410 541 meretur
2433 481 2691 539 auxilium
2719 523 2735 551 ,
2767 477 3103 551 suscipiente
3141 476 3253 532 Deo
3282 470 3564 532 humilita-

1966 588 2075 639 tem
2099 578 2218 650 ejus
2241 595 2255 632 :
2288 577 2443 647 Quod
2476 585 2562 634 est
2592 574 2737 633 istud
2757 572 3018 630 auxilium
3046 572 3073 628 ‘l
3100 569 3301 627 Missus
3328 576 3437 637 est,
3460 566 3559 635 ait,

1963 674 2033 728 ad
2052 689 2131 728 me
2159 688 2294 726 unus
2325 672 2389 727 de
2419 669 2717 742 Seraphim,
2740 679 2790 725 et
2809 667 3026 724 habebat
3055 667 3110 720 in
3140 664 3335 738 forcipe
3379 660 3560 716 carbo-

1965 781 2102 835 nem,
2136 779 2291 837 quem
2323 762 2569 820 attulerat
2596 763 2661 818 de
2688 762 2866 828 altari,
2914 768 2963 815 et
2992 757 3160 832 tetigit
3196 754 3335 811 labia
3365 769 3478 808 mea
3512 760 3562 806 et

1964 864 2098 921 dixit
2127 879 2149 918 :
2184 860 2319 917 Ecce
2336 858 2528 916 abstuli
2555 859 2852 931 iniquitates
2881 864 3019 924 tuas,
3040 860 3088 931 et
3108 860 3317 925 peccata
3337 857 3428 903 tua
3456 847 3562 900 cir-

1966 955 2323 1029 cumpurgavi.
2370 953 2715 1009 Consecutus
2765 956 2850 1006 est
2891 944 3220 1004 beneﬁcium
3247 987 3264 1013 ,
3325 938 3561 997 mundus

1966 1049 2215 1117 ell‘ectus,
2245 1057 2300 1106 et
2320 1047 2698 1105 remissionem
2719 1043 2996 1116 accipiens
3016 1046 3389 1114 peccatorum.
3422 1035 3558 1092 Cum

1967 1145 2243 1202 audisset:
2268 1140 2435 1209 Quem
2453 1141 2655 1196 mittam
2675 1138 2743 1193 ad
2764 1134 3036 1211 populum,
3057 1132 3238 1204 etquis
3257 1130 3348 1185 ibit
3368 1127 3517 1183 nobis
3538 1128 3564 1182 ?

1965 1236 2088 1295 Non
2109 1245 2331 1309 propter
2352 1233 2587 1306 priorem
2608 1228 2996 1288 conscientiam
3017 1240 3182 1282 ausus
3206 1224 3307 1280 luit
3335 1222 3519 1281 dicere
3546 1237 3558 1274 :

1970 1333 2102 1390 Ecce
2119 1348 2235 1407 ego,
2257 1332 2402 1386 mitte
2422 1346 2522 1385 me.
2545 1325 2652 1386 Sed
2673 1325 2763 1382 ubi
2783 1323 3032 1380 audierat
3055 1339 3070 1378 :
3092 1317 3229 1375 Ecce
3247 1315 3439 1372 abstuli
3457 1315 3562 1368 ini-

1966 1432 2187 1500 quitates
2218 1439 2356 1485 tuas.
2380 1426 2547 1499 igitur
2573 1423 2700 1495 quia
2721 1420 2892 1477 sancti
2913 1421 3373 1487 compunguntur,
3399 1419 3449 1466 et
3474 1421 3561 1464 re-

1967 1524 2201 1597 quiritur
2231 1523 2371 1580 inter
2399 1519 2646 1591 Moysen,
2678 1525 2734 1573 et
2771 1512 2996 1581 Isaiam,
3035 1504 3434 1566 satisfaciamus
3464 1514 3562 1571 pro

267 1594 522 1672 nistrans.
554 1614 845 1688 Accipiens
872 1594 1026 1673 enim
1059 1616 1315 1685 linteum,
1347 1623 1635 1687 postquam
1667 1624 1866 1673 exutus
1970 1594 2177 1694 ﬁoyse,
2196 1629 2252 1676 et
2273 1618 2438 1676 etiam
2468 1609 2565 1689 pro
2583 1613 2748 1681 Isaia,
2771 1610 2966 1668 dantes
2990 1613 3048 1663 et
3064 1604 3146 1660 eis
3172 1601 3243 1659 de
3262 1594 3564 1669 Scripllll‘is

265 1719 351 1769 est
388 1711 751 1782 vestimentis,
797 1712 1089 1786 prmcinxit
1123 1729 1206 1781 se,
1246 1723 1305 1772 et
1325 1711 1548 1769 mittens
1568 1725 1765 1784 aquam
1808 1714 1863 1768 in

1981 1693 2171 1772 sortem
2198 1728 2374 1770 suam.
2407 1709 2618 1782 Moyses
2650 1720 2758 1762 non
2787 1699 2999 1772 accepit
3026 1693 3409 1754 remissionem
3442 1700 3566 1760 pec-

264 1803 493 1877 pelvim,
525 1805 695 1877 erepit
732 1784 915 1863 lavare
945 1806 1113 1877 pedes
1138 1806 1557 1878 discipulorum,
1588 1815 1646 1863 et
1681 1805 1864 1863 deter-
1893 1798 1942 1860 B
1967 1804 2537 1874 catorum,utdiceret
2557 1800 2710 1872 quasi
2731 1799 2843 1869 jam
2864 1792 3199 1852 consciusse
3220 1784 3562 1850 mundatum,

263 1912 395 1969 gere
431 1897 620 1967 linteo,
651 1913 760 1970 quo
788 1910 908 1955 erat
952 1899 1304 1971 praecinctus.
1330 1900 1398 1956 Et
1424 1900 1631 1958 docens
1670 1899 1866 1971 quales

263 1999 516 2062 oporteat
557 2006 682 2049 esse
720 1993 995 2065 principes
1034 2004 1309 2068 tamquam
1354 2010 1545 2052 servos
1581 1995 1706 2052 ait:
1765 1994 1865 2051 Vos

266 2085 459 2140 vocatis
478 2101 558 2142 me
587 2087 962 2162 magistrumet
989 2089 1279 2156 dominum,
1302 2098 1354 2145 et
1382 2089 1507 2145 bene
1530 2090 1734 2163 dicitis,
1750 2105 1868 2144 sum

266 2179 475 2234 etenim.
500 2177 563 2235 Si
583 2195 704 2253 ergo
731 2197 825 2252 ego
852 2181 1099 2236 dominus
1121 2190 1168 2237 et
1195 2181 1440 2255 magister
1461 2191 1623 2238 vester
1650 2181 1753 2237 lavi
1778 2197 1869 2236 oo—

266 2272 345 2329 bis
366 2274 545 2344 pedes,
568 2284 619 2330 et
643 2291 729 2331 vos
750 2275 944 2331 debetis
964 2277 1271 2332 alterutrum
1293 2277 1469 2332 lauare
1497 2279 1652 2349 pedes
1679 2273 1864 2347 (Joan.

267 2368 411 2438 xm).
446 2366 505 2422 lu
536 2369 853 2426 servitutem
894 2370 1060 2441 igitur
1086 2382 1310 2427 vocatur
1336 2370 1445 2445 [AL
1490 2369 1739 2444 vocatus]
1769 2370 1869 2427 Ec-

268 2458 453 2515 clesiae
485 2460 736 2533 princeps
758 2503 774 2529 ,
833 2470 893 2518 ut
923 2462 1097 2533 possit
1128 2479 1194 2519 ex
1242 2462 1512 2520 servitute
1542 2463 1647 2518 ista
1679 2463 1763 2519 ire
1800 2461 1870 2517 ad

271 2550 466 2606 solium
501 2552 751 2624 caeleste,
787 2554 929 2612 sicut
956 2555 1219 2626 scriptum
1251 2563 1375 2612 est:
1419 2553 1676 2610 Sedebitis
1714 2569 1871 2625 super

275 2643 485 2701 thronos
526 2647 799 2703 duodecim
829 2648 1130 2721 judicantes
1177 2648 1452 2703 duodecim
1495 2649 1660 2702 tribus
1697 2645 1871 2703 Israel

277 2737 491 2812 (Matth.
523 2740 694 2813 χχιιι).
728 2742 867 2798 Audi
913 2756 1044 2798 vero
1074 2751 1131 2799 et
1148 2741 1379 2798 Paulum
1404 2751 1510 2798 tam
1552 2743 1870 2814 praclarum

275 2834 451 2891 virum
471 2835 743 2893 dicentem
772 2879 785 2902 .
817 2837 945 2907 quia
971 2852 1166 2894 servus
1195 2836 1360 2893 luerit
1378 2837 1623 2894 omnium
1643 2837 1875 2894 creden-

277 2926 455 2984 tium:
494 2927 610 3003 Ego
653 2930 791 2985 enim
837 2945 990 2997 sum,
1040 2930 1156 2998 ait,
1201 2931 1446 2986 minimus
1481 2930 1872 3000 Apostolorum,

1967 1906 2111 1960 mitte
2153 1918 2255 1969 me,
2313 1909 2535 1971 propter
2582 1893 2727 1968 quod
2768 1894 2846 1949 ait
2885 1908 2900 1947 :
2955 1886 3179 1945 Provide
3216 1881 3378 1937 alium
3414 1891 3564 1949 quem

1968 2000 2181 2063 mittas;
2214 1991 2620 2052 habebat-enim
2663 1989 2717 2046 in
2745 1982 3083 2044 conscientia
3123 1974 3564 2036 interiectionem

1969 2090 2212 2164 Egyptii
2239 2130 2254 2155 ,
2277 2087 2417 2143 forte
2438 2097 2621 2141 autem
2642 2092 2701 2137 ut
2728 2081 2894 2136 homo
2924 2074 3136 2133 sciebat
3156 2086 3219 2127 se
3237 2079 3295 2164 et
3319 2064 3568 2138 quaedam

1969 2163 2307 2241 aliahabere
2337 2186 2557 2252 peccata
2586 2217 2602 2242 ,
2643 2180 2933 2246 propterea
2963 2174 3205 2225 recusat.
3248 2163 3359 2219 lste
3385 2166 3568 2214 autem

1970 2292 2079 2334 non
2122 2274 2276 2347 quasi
2316 2282 2508 2329 natura
2534 2271 2715 2341 justus
2754 2263 2995 2339 postulat
3041 2252 3569 2347 ministerium,‘sed

1970 2343 2395 2444 quasi'gratiam
2426 2371 2780 2422 consecutus.
2823 2358 2914 2416 Sic
2943 2364 3000 2412 et
3030 2353 3247 2421 Moyses
3271 2394 3286 2417 ,
3336 2346 3387 2402 si
3414 2343 3572 2444 simi.-

1970 2435 2078 2521 lem
2123 2435 2354 2534 gratiam
2394 2457 2755 2530 percepisset,
2804 2449 3180 2517 audissetque,
3212 2455 3332 2498 ecce
3378 2435 3570 2492 abstuli

1974 2556 2268 2626 iniquitates
2295 2561 2415 2607 tuas
2434 2591 2448 2612 ,
2479 2561 2531 2605 et
2567 2551 2672 2603 hoc
2701 2538 3149 2600 circummumlaui
3194 2541 3403 2607 peccata
3434 2538 3525 2585 tua
3556 2569 3571 2594 ,

1974 2622 2293 2719 neutiquam
2317 2644 2461 2701 forte
2480 2641 2742 2698 dixisset:
2766 2634 2992 2691 Provide
3013 2632 3178 2687 alium
3201 2642 3350 2700 quem
3372 2622 3571 2678 mittas.

1977 2741 2151 2798 ilabet
2198 2752 2330 2811 ergo
2358 2734 2563 2808 aliquid
2607 2730 2863 2797 rationis,
2918 2737 2976 2783 et
3020 2725 3241 2797 Moyses
3281 2730 3570 2783 recusans,

1982 2833 2191 2909 1127
2243 2842 2301 2889 et
2342 2830 2515 2886 Isaias
2558 2826 2791 2882 dicens:
2827 2821 2962 2878 Ecce
2995 2834 3088 2892 ego
3125 2830 3267 2909 sum,
3297 2812 3442 2909 mitte
3469 2824 3571 2909 me.

2050 2902 2286 2987 lli—Sed
2316 2925 2601 2982 videamus
2629 2921 2797 2978 etiam
2839 2931 2926 2984 ea,
2952 2928 3075 2985 qua:
3108 2906 3358 2983 praecipit
3382 2902 3573 2960 Domi-

277 3042 381 3081 non
433 3042 548 3081 sum
587 3025 777 3098 dignus
819 3026 993 3082 vocari
1036 3026 1314 3097 Apostolus
1343 3068 1357 3092 ,
1410 2998 1537 3099 quia
1579 3036 1875 3098 persecutus

1981 3040 2082 3082 nus
2124 3032 2181 3080 ut
2229 3020 2430 3096 populo
2457 3018 2706 3075 diceret:
2744 3013 2909 3075 Vade,
2943 3021 2991 3066 et
3029 3008 3115 3063 dic
3143 3003 3343 3099 papula
3375 3017 3393 3057 :
3435 2998 3577 3053 Aure

277 3136 393 3175 sunt
420 3118 708 3175 Ecclesium
728 3120 825 3175 Dei
858 3120 900 3192 (ι
926 3118 1047 3176 Cor.
1079 3120 1191 3191 xv).
1218 3121 1389 3177 Porro
1415 3097 1496 3177 sic
1516 3097 1620 3177 hoc
1641 3135 1751 3176 non
1793 3121 1877 3176 vi-
1977 3120 2224 3185 audietis,
2247 3126 2296 3172 et
2316 3131 2420 3172 nou
2449 3110 2778 3183 intelligetis,
2802 3116 2851 3163 et
2879 3105 3107 3160 videntes
3130 3097 3370 3163 cernetis,
3393 3104 3445 3149 et
3469 3108 3571 3148 non

280 3209 440 3266 detur
468 3210 774 3282 approbare
803 3190 1120 3270 servitutem
1151 3214 1290 3285 ejus,
1325 3214 1421 3271 sed
1459 3224 1670 3277 tantum
1695 3215 1875 3270 ltumi-
1902 3196 1949 3260 Ο
1979 3211 2215 3268 videbitis
2254 3227 2274 3278 ;
2309 3210 2661 3264 incrassatum
2690 3209 2766 3257 est
2794 3199 2931 3255 enim
2966 3212 3057 3252 cor
3086 3192 3271 3269 populi
3295 3190 3455 3263 hujus
3481 3227 3497 3253 ,
3530 3193 3578 3239 et

281 3305 485 3363 litatent
509 3322 525 3372 ;
557 3306 682 3362 audi
704 3321 830 3363 eum
860 3305 1131 3364 dicentem
1157 3325 1171 3362 :
1208 3305 1360 3364 Facti
1386 3324 1564 3364 sumus
1594 3306 1799 3379 parvuli
1819 3309 1872 3363 in
1978 3305 2191 3362 auribus
2231 3303 2453 3376 grauiter
2481 3298 2787 3360 audierunt,
2819 3302 2869 3349 et
2899 3287 3079 3347 oculos
3109 3288 3407 3342 clauserunt
3436 3296 3453 3335 :
3484 3293 3577 3333 ne-

281 3398 451 3454 medio
494 3410 736 3467 vestrum,
791 3401 942 3473 quasi
985 3401 1029 3456 si
1075 3400 1254 3455 nutrix
1299 3401 1468 3472 foveat
1521 3374 1660 3472 ﬁlios
1716 3417 1873 3470 suos,
1978 3401 2188 3473 quando
2204 3374 2413 3455 videant
2439 3392 2627 3459 oculis,
2658 3402 2705 3448 et
2736 3387 2949 3444 auribus
2970 3384 3213 3446 audiant,
3248 3387 3295 3433 et
3316 3375 3469 3432 corde
3494 3374 3580 3427 in-

281 3508 397 3548 cum
418 3508 682 3566 possemus
700 3510 879 3567 graves
905 3511 1038 3561 esse,
1065 3506 1118 3550 ut
1144 3465 1338 3551 Christi
1359 3465 1664 3567 Apostoli(l
1691 3465 1873 3549 Thess.
1981 3465 2240 3565 lelligant,
2294 3500 2343 3547 et
2385 3494 2774 3551 convertantur,
2817 3490 2865 3535 et
2914 3476 3106 3534 salvam
3156 3489 3264 3528 eos.
3312 3465 3573 3524 Bilariant

281 3586 373 3660 ιι).
402 3564 719 3644 imitatores
741 3602 875 3660 ergo
906 3605 1004 3647 nos
1032 3604 1158 3646 esse
1186 3587 1413 3657 expedit
1459 3564 1748 3644 humilium
1794 3587 1878 3658 ip-
1980 3564 2166 3643 sciens
2204 3581 2478 3639 sermonis
2516 3575 2887 3640 auditionem,
2934 3577 2990 3626 et
3033 3564 3306 3636 duplicem
3332 3571 3576 3660 noscens

283 3683 399 3741 sius
428 3682 639 3738 Domini
666 3696 982 3739 sermonum
1013 3692 1174 3754 atque
1204 3682 1497 3747 laetorum,
1543 3688 1599 3736 et
1627 3648 1880 3751 Apostdli
1980 3676 2456 3742 constitutionem,
2483 3672 2583 3725 hoc
2606 3662 2857 3725 estaliud
2884 3675 3075 3718 eorum
3096 3652 3406 3754 corporale,
3431 3648 3578 3705 aliud

285 3780 425 3851 ejus,
458 3785 514 3834 et
540 3775 724 3834 facere
752 3776 896 3849 quod
935 3744 1149 3851 112-6
1181 3775 1379 3831 factum
1407 3744 1493 3831 est
1519 3789 1550 3830 a
1582 3744 1788 3847 Mopse,
1819 3781 1883 3829 ut
1983 3771 2254 3844 spiritale,
2287 3776 2381 3823 aut
2408 3764 2476 3821 ad
2514 3760 2776 3836 populum
2812 3753 3203 3851 prophetizans
3233 3744 3428 3851 dehis
3457 3758 3579 3813 qna!

284 3872 498 3931 etiamsi
527 3881 751 3929 vocatur
778 3869 977 3943 aliquis
1011 3870 1079 3926 ad
1111 3871 1501 3942 principatum,
1525 3868 1671 3925 dicat
1695 3884 1715 3924 :
1745 3866 1883 3923 Pro-

285 3968 400 4023 vide
424 3967 611 4035 alium,
653 3982 807 4039 quem
832 3966 1006 4020 mittas
1028 3963 1229 4039 (Exod.
1262 3962 1359 4038 tv).
1397 3964 1510 4020 Deo
1559 3963 1731 4021 dicit:
1761 3962 1883 4019 Non

286 4074 407 4116 sum
439 4059 635 4130 dignus
663 4066 792 4115 ante
821 4055 939 4113 beri
969 4068 1025 4114 et
1055 4054 1473 4114 nudiustertius.
1510 4055 1682 4113 Exilis
1733 4057 1884 4111 vocis

288 4171 407 4213 sum
435 4163 494 4214 et
539 4154 905 4225 tardilinguis.
950 4152 1020 4209 Et
1059 4153 1185 4225 quia
1232 4153 1344 4208 Deo
1393 4152 1531 4206 dixit
1580 4150 1883 4218 humiliter,

287 4250 446 4307 exilis
475 4250 623 4306 vocis
653 4262 772 4305 sum
793 4290 808 4317 ,
842 4255 899 4303 et
930 4246 1294 4317 tardilinguis,
1325 4244 1478 4299 audit
1507 4259 1535 4298 a
1571 4244 1683 4299 Deo
1713 4261 1728 4298 :
1758 4243 1888 4310 Quis

289 4346 430 4401 dedit
458 4361 514 4400 os
549 4343 774 4399 hominis
791 4383 806 4409 ,
837 4350 885 4397 et
913 4340 1029 4413 quis
1055 4341 1181 4413 facit
1223 4338 1443 4394 surdum
1471 4348 1519 4393 et
1547 4345 1749 4392 mutum
1770 4377 1784 4400 ,
1811 4337 1887 4390 vi-

289 4439 490 4496 dentem
517 4448 564 4495 et
585 4452 778 4493 ctecum
807 4437 831 4492 ?
860 4431 1054 4490 Nonne
1077 4450 1174 4506 ego
1200 4431 1459 4488 Dominus
1500 4430 1639 4487 Deus
1661 4432 1688 4488 ?
1714 4427 1891 4488 Crede

294 4536 405 4593 Deo
430 4577 446 4603 ,
478 4544 504 4572 ει
535 4548 797 4592 consecro
838 4540 891 4588 te
917 4532 989 4588 ei.
1022 4530 1188 4587 Licet
1205 4527 1423 4585 subtilis
1450 4531 1601 4584 vocis
1644 4529 1743 4597 sis,
1775 4538 1887 4584 tar-

1986 3843 2039 3921 in
2071 3862 2308 3920 adventu
2343 3857 2544 3914 Christi
2586 3853 2768 3910 futura
2800 3856 2993 3915 erant,
3025 3843 3158 3916 quia
3185 3846 3333 3896 esset
3365 3844 3581 3904 tempus

1984 3959 2205 4035 quando
2234 3956 2492 4014 audirent
2532 3959 2591 4007 et
2627 3965 2737 4005 non
2768 3943 3142 4014 intelligerent
3163 3951 3264 4035 ea.
3297 3928 3580 4003 Siquidem

1985 4030 2111 4114 cum
2136 4052 2392 4111 audirent
2419 4047 2707 4104 Dominum
2729 4054 2913 4099 meum
2940 4037 3127 4095 Jesum
3152 4030 3463 4092 Christum,
3491 4037 3587 4079 vo-

1988 4166 2108 4206 cem
2141 4156 2348 4203 tantum
2375 4143 2646 4199 dictorum
2674 4133 2922 4200 audiere,
2959 4145 3066 4186 non
3098 4137 3345 4182 sensum.
3379 4119 3446 4175 Et
3482 4116 3584 4172 hoc

1989 4259 2054 4299 ex
2080 4256 2150 4298 eo
2176 4239 2528 4295 manifestum
2558 4244 2662 4297 est,
2694 4228 2820 4300 quia
2848 4224 2979 4281 loris
3006 4223 3073 4278 ad
3106 4216 3366 4292 pupulum
3396 4212 3452 4269 in
3484 4224 3583 4279 pa-

1990 4334 2193 4392 rabolis
2219 4330 2542 4403 loquebatur
2569 4343 2582 4379 :
2616 4318 2906 4391 Discipulis
2927 4327 3110 4372 autem
3140 4319 3359 4368 secreto
3380 4304 3582 4362 dissol-

1993 4432 2155 4489 vebat
2184 4443 2298 4485 eas.
2339 4424 2641 4494 Prophetat
2669 4428 2877 4480 autem,
2899 4411 3044 4484 quod
3072 4407 3257 4467 evenit
3281 4422 3294 4459 :
3322 4403 3461 4460 Aure
3490 4417 3588 4454 au—

1995 4529 2168 4595 dietis,
2193 4531 2240 4580 et
2271 4539 2375 4579 non
2402 4515 2706 4588 intelligetis
2738 4509 2958 4586 (Matth.
2982 4505 3122 4574 xm).
3155 4503 3332 4559 Porro
3355 4497 3501 4595 quod
3521 4496 3592 4551 de

291 4593 484 4703 dasque
518 4631 741 4702 linguai,
776 4628 932 4684 trade
962 4640 1016 4685 te
1044 4626 1289 4687 sermoni
1319 4625 1438 4680 Dei.
1475 4624 1631 4681 Dices
1662 4593 1847 4695 postea
1876 4643 1889 4681 :
1923 4602 1979 4664 Ῑ)
2005 4593 2255 4680 Adventu
2288 4616 2501 4674 Domini
2548 4613 2651 4668 hoc
2680 4610 2754 4665 sit
2783 4599 3409 4703 pop‘ulo‘propbctal‘um.
3426 4633 3444 4659 ς
3475 4593 3592 4703 ίβξξε

297 4725 369 4782 0s
416 4742 587 4782 meum
627 4725 818 4796 aperui
857 4733 904 4777 et
935 4724 1130 4779 attraxi
1169 4723 1415 4793 spiritum
1454 4717 1631 4792 (Psal.
1676 4722 1889 4791 csvtn).

295 4820 423 4878 Hac
451 4818 668 4890 quidem
698 4827 920 4889 propter
953 4815 1079 4885 hoc,
1112 4814 1258 4887 quod
1285 4815 1363 4870 ait
1390 4810 1592 4870 lsaias:
1620 4812 1758 4868 Ecce
1779 4829 1895 4867 sum

296 4931 410 4988 ego,
441 4916 585 4969 mitte
610 4928 711 4968 me.

368 5008 434 5064 ll.
471 5007 756 5064 Faciamus
784 5015 968 5062 autem
1008 5020 1075 5064 ex
1122 5013 1300 5076 parte,
1344 5010 1550 5059 etcum
1581 5019 1669 5060 eo.
1717 5001 1900 5059 Voluit

298 5101 444 5158 enim
474 5114 599 5157 cum
629 5098 933 5170 accepisset
958 5097 1069 5169 jam
1091 5095 1321 5169 gratiam
1350 5109 1381 5149 a
1413 5093 1548 5160 Deo,
1581 5095 1765 5150 nonin
1797 5109 1890 5151 va-

298 5210 460 5250 cuum
501 5209 621 5249 eam
669 5191 948 5263 accipere.
991 5190 1087 5248 sed
1118 5191 1196 5247 uti
1223 5205 1289 5247 ea
1328 5184 1757 5246 ad'necessaria.
1807 5187 1897 5245 Vi-

302 5291 435 5344 dens
459 5287 772 5357 Seraphim,
804 5286 994 5345 videns
1016 5286 1309 5344 Dominum
1340 5285 1583 5343 Sabaoth
1613 5285 1897 5346 sedentem

302 5394 469 5451 super
499 5380 756 5435 thronum
787 5378 1066 5436 excelsum
1095 5387 1154 5436 et
1190 5378 1488 5441 elevatum,
1518 5377 1657 5433 dixit
1687 5394 1700 5432 :
1742 5375 1787 5432 0
1807 5378 1906 5430 mi-

305 5488 388 5529 ser
408 5488 523 5546 ego,
540 5473 1145 5546 quoniam‘compunctus
1164 5487 1301 5536 sum,
1328 5470 1453 5543 quia
1470 5486 1589 5524 cum
1608 5469 1764 5525 homo
1781 5469 1902 5533 sint,

309 5578 355 5622 et
373 5566 640 5621 immunda
672 5565 811 5620 labia
840 5565 1055 5623 habeam
1078 5608 1095 5635 ,
1113 5568 1171 5621 in
1186 5564 1357 5621 medio
1376 5579 1580 5636 quoque
1616 5560 1800 5634 populi
1828 5562 1907 5616 la-

312 5660 395 5714 bia
432 5656 700 5714 immunda
736 5657 970 5715 habentis
999 5659 1241 5728 habitem,
1281 5673 1452 5729 regem
1491 5653 1776 5711 Dominum
1805 5651 1908 5711 Sa-

1997 4718 2251 4778 Salvator
2272 4713 2406 4769 dicit
2430 4728 2444 4765 :
2488 4707 2627 4763 Bene
2658 4697 3032 4776 prophetisavit
3052 4695 3117 4750 de
3134 4693 3272 4749 vobis
3300 4688 3470 4778 Isaias
3512 4684 3595 4738 di-

1998 4777 2118 4865 cens
2150 4824 2169 4864 :
2198 4808 2336 4862 Aure
2364 4802 2606 4865 audietis,
2641 4807 2690 4854 et
2715 4812 2823 4851 non
2857 4788 3173 4865 intelligetis.
3217 4777 3596 4841 Concedamus

2000 4919 2133 4973 ergo
2153 4900 2278 4974 quia
2302 4908 2587 4953 sermones
2617 4888 2835 4948 Domini
2865 4885 3104 4957 populus
3130 4876 3462 4974 auscultans
3488 4883 3594 4974 non

2002 4962 2241 5069 pollici-it
2267 4989 2378 5066 [Αι.
2418 4984 2640 5060 poterit]
2680 4996 2848 5040 nosse
2883 4994 3005 5051 qua:
3040 4976 3189 5032 dicta
3221 4971 3352 5069 sint.
3400 4962 3599 5069 γιιιιιει-

2004 5059 2125 5148 inus
2155 5059 2339 5144 autem
2376 5082 2503 5156 quid
2535 5081 2608 5136 sit
2633 5078 2739 5135 hoc
2767 5073 2915 5147 quod
2944 5069 3197 5143 sequitur
3232 5084 3244 5119 :
3285 5062 3349 5118 Et
3377 5059 3602 5114 videntes

2004 5182 2257 5248 videbitis,
2304 5187 2487 5235 etnon
2524 5173 2714 5231 scietis.
2767 5168 2885 5225 Neu
2929 5167 2975 5221 si
3007 5162 3131 5234 quis
3172 5156 3311 5213 vidit
3339 5168 3429 5216 ea,
3477 5164 3600 5220 qua:

2002 5276 2256 5334 Salvator
2275 5270 2536 5338 iaciebat,
2561 5266 2744 5323 statim
2768 5261 2961 5319 videns
2984 5253 3148 5328 potuit
3176 5250 3488 5320 intelligere
3506 5258 3603 5300 cur

2007 5368 2148 5426 facta
2180 5367 2310 5423 sint.
2344 5362 2533 5420 Veluti
2559 5357 2897 5433 (exentplum
2931 5342 3298 5417 assumamus)
3348 5338 3485 5396 lavit
3513 5352 3605 5408 pe-

2007 5463 2106 5520 des
2153 5458 2572 5529 discipulorum.
2625 5452 2689 5508 Et
2742 5447 3006 5504 videbant
3048 5442 3270 5513 quidem
3300 5437 3440 5529 bene
3468 5448 3605 5529 quo-

2011 5555 2175 5614 modo
2212 5524 2430 5611 lavabat
2468 5548 2639 5623 pedes
2667 5542 2928 5613 magister
2971 5532 3296 5603 discipulis:
3348 5524 3605 5623 vidi-haut

2011 5660 2193 5708 autem
2241 5658 2296 5706 et
2327 5646 2447 5712 alii,
2471 5621 2576 5716 qui
2616 5646 2774 5699 erant
2805 5637 3135 5710 prasentes,
3179 5625 3277 5684 sed
3318 5621 3371 5679 id
3401 5629 3609 5676 tantum

390 5848 411 5874 ιι
456 5833 746 5895 ualuimus
766 5804 887 5892 cum
914 5804 1197 5895 benedice
1213 5832 1345 5896 edit;
1364 5801 1912 5907 reponictecoiisecra,
1938 5810 2038 5900 pro
2064 5823 2209 5904 quod
2230 5830 2349 5882 erat
2376 5820 2640 5877 conserta.
