1923 3606
218 154 275 182 923

810 153 840 181 S.
863 152 1001 182 EUSEBII
1022 151 1214 181 ιιιειιοιιγιιι

1781 155 1821 184 $9.4

221 216 291 251 quod
310 216 402 250 ﬁebat,
416 224 469 244 non
484 218 567 244 etiam
580 225 630 245 cur
643 216 734 244 ﬁebat.
750 215 909 243 Similitudo
918 215 1019 249 quippe
1031 217 1056 246 Α
1071 216 1120 243 viri
1137 215 1184 242 ﬁat
1196 237 1203 248 ,
1218 215 1264 243 sed
1278 219 1309 243 ot
1322 215 1479 243 castitatem
1496 214 1628 243 suadeant
1642 216 1820 251 adolescentulis,

218 268 277 289 erat
292 263 390 290 lavatio
411 263 526 298 pedum,
547 264 608 297 quia
630 263 695 290 lavit
717 262 837 290 Verbum
860 262 907 289 Dei
930 262 1016 297 pedes

220 310 427 344 discipulorum.
450 310 555 338 idcirco
577 311 614 338 ait
639 310 767 337 Salvator
791 309 823 336 ad
844 314 1019 336 recusantem

219 357 343 390 Petrum,
359 362 386 384 et
399 357 535 385 dicentem
556 366 561 384 :
580 357 639 384 Non
650 358 748 385 (anubis
764 357 840 393 pedes
856 364 934 383 meos.
949 355 1019 389 Quid

220 404 275 431 ait?
289 404 364 438 Quod
381 413 427 442 ego
447 406 514 441 fnrio
529 410 555 432 lu
573 406 653 432 noscis
665 405 751 437 modo,
769 405 833 431 aries
848 408 933 430 autem
952 407 1021 439 post-

220 459 250 477 ea
264 451 355 485 (Joan.
374 451 445 484 χιιι).
457 451 527 486 Quid
544 457 635 479 atttem
649 452 716 479 facis
729 451 809 478 modo
823 450 889 477 dicit
912 449 1018 477 Petnts.

221 497 308 525 Video
321 503 347 525 te
361 498 495 525 lavantem
509 499 594 533 pedes
606 503 726 529 nostros,
739 502 766 524 et
777 497 877 532 pelvim
890 497 1020 531 positam,

221 544 305 571 linteo
321 549 346 572 te
361 546 556 579 priocinctum,
581 550 609 573 et
628 545 795 573 servientem
812 544 909 575 nobis,
933 547 961 570 et
976 543 1021 571 de-

221 594 371 626 tergentem
388 592 472 627 pedes
489 597 606 620 nostros.
626 592 725 620 Verum
741 592 804 627 quia
818 599 875 618 non
891 594 952 618 erat
966 590 1020 618 hoc.

223 638 362 671 negotium
377 640 531 674 C(ll‘DOl’ﬂie.
552 640 599 667 sed
615 639 748 675 spiritale.
762 639 888 667 Salvator
904 638 1020 665 nudatus

222 686 305 712 ntittit
317 686 467 721 spiritalem
482 695 579 723 aqttam
593 687 620 714 in
636 687 735 722 pelvim
756 686 906 714 secundum
927 686 1020 720 Scrip-

222 738 296 760 lnras
310 756 316 767 ,
331 739 359 761 et
381 734 452 761 lavat
470 735 553 769 pedes
568 734 761 769 discipulorum
778 741 901 767 suorum,
914 738 944 759 ut
957 740 1019 760 cum

222 780 315 807 mundi
332 780 441 811 fuerint.
458 781 608 809 ascendant
619 781 651 808 ad
664 781 799 808 dicentem
817 789 824 807 :
839 779 893 816 Ego
908 787 965 805 sum
980 780 1020 806 via

222 827 312 863 (Jomi.
328 836 383 861 xtv,
399 827 438 864 (ἱ),
452 834 480 855 et
496 837 548 856 non
566 828 638 863 pleni
655 828 778 863 pulvere,
793 835 874 862 quem
890 830 1020 854 excutere

221 874 310 901 voluit
331 882 413 909 super
432 874 568 909 indignos,
591 879 617 901 ct
633 883 686 901 non
708 875 890 910 suscipientes
914 880 1018 907 pacem,

1069 268 1206 290 clamare
1221 262 1295 290 viros
1315 268 1341 290 et
1356 263 1457 290 liberos
1472 270 1549 290 suos.
1566 262 1695 290 Discamus
1707 272 1759 299 ergo
1771 265 1822 292 lava-

1070 318 1114 337 res
1129 310 1212 344 pedes
1228 310 1440 344 discipulorum.
1454 310 1506 337 Ista
1518 315 1630 345 propter
1640 310 1685 338 hoc
1695 311 1753 338 dicta
1761 318 1821 340 sunt:

1075 357 1194 384 Videntes
1220 357 1348 390 videbitis,
1372 362 1395 384 et
1420 365 1471 383 non
1491 357 1587 384 scietis.
1611 357 1728 390 Quoniam
1746 359 1822 393 siquid

1069 405 1152 432 ﬁebat
1167 413 1181 432 a
1199 404 1359 437 S.ilv:itore,
1376 405 1411 432 ab
1428 406 1469 432 his
1485 405 1608 440 quidem,
1626 406 1666 439 qtti
1686 413 1730 433 non
1748 405 1823 433 intelli-

1069 451 1181 486 gebant,
1196 452 1342 480 videbatur
1352 452 1428 487 juxta
1441 460 1553 487 corpus.
1570 460 1625 479 non
1639 452 1822 487 videbatnrjuxta

1070 498 1205 525 rationein
1222 507 1228 528 :
1248 497 1281 524 ab
1297 498 1339 525 his
1355 505 1431 529 vero,
1446 499 1491 532 qiti
1509 498 1703 533 intelligebant,
1717 498 1824 527 videbatur

1071 545 1181 580 quidem
1196 546 1275 581 juxta
1300 546 1405 578 oculos,
1422 545 1568 572 videbatur
1580 551 1666 572 autem
1683 550 1707 573 et
1722 546 1782 579 juxta
1793 545 1823 572 itt-

1071 591 1234 624 tellecturn,
1264 592 1298 618 ita
1328 597 1357 618 ut
1389 600 1441 619 non
1467 592 1653 626 compleretur
1677 599 1747 625 super
1767 592 1824 619 beate

1071 639 1181 675 1129
1191 639 1329 670 videntes,
1347 639 1400 666 hoc
1415 639 1485 674 quod
1500 639 1605 666 dictum
1618 644 1657 666 est
1671 647 1676 665 :
1693 639 1824 665 Videnlisri-

1071 685 1172 717 itebitis,
1191 690 1215 712 et
1229 693 1282 711 non
1299 685 1395 716 scietis,
1411 685 1459 712 sed
1476 692 1560 719 super
1576 689 1731 720 peccatores.
1749 684 1791 712 Sed
1803 689 1825 711 et

1071 737 1168 759 cuncta
1194 732 1405 766 Evangeliorum
1429 739 1542 759 oremus
1574 732 1692 759 videntes
1716 731 1824 766 dupliciter

1072 780 1178 812 videre,
1195 779 1334 815 quomodo
1351 779 1420 807 facta
1437 780 1492 806 sint
1514 779 1587 814 juxta
1614 786 1704 813 corpus
1715 799 1722 811 ,
1745 777 1825 813 quando

1071 825 1197 854 Salvator
1216 831 1309 853 noster
1331 827 1406 854 venit
1419 826 1451 852 ad
1467 830 1566 853 terras.
1590 825 1690 852 Etenim
1712 824 1825 851 similitudo

1071 877 1141 904 erat,
1156 878 1185 900 et
1200 878 1279 908 typus
1293 872 1444 900 futurorum
1462 871 1682 907 unumquodque,
1696 871 1754 906 quod
1767 869 1825 898 ﬁebat

223 928 310 954 neque
325 920 423 956 dignos
438 929 533 949 eorum
555 929 615 956 quae
635 921 807 949 dicebantur.
829 921 862 947 Et
883 920 945 955 quia
968 919 1020 947 hoc
1035 914 1060 943 Β
1074 919 1099 946 iit
1114 926 1239 954 corpore.
1258 919 1347 947 Veluti
1361 919 1454 946 nescio
1468 920 1529 954 quis
1542 926 1557 946 a
1574 919 1707 946 nativitatc
1720 917 1825 945 caicusu-

221 972 281 994 erat
295 966 365 1000 quod
382 967 597 1002 signiﬁcabatur.
615 968 677 996 ideo
692 969 750 995 ait:
765 968 841 1001 Quod
852 975 898 1004 i’go
916 967 1023 1003 1128

223 1014 300 1049 facio,
315 1019 341 1040 tu
352 1015 434 1041 uaris
448 1015 534 1047 modo,
548 1016 612 1042 scies
632 1021 718 1042 autem
734 1020 832 1050 postea.
849 1015 915 1042 Erat
929 1019 1021 1042 autem

222 1060 284 1093 hoc,
303 1061 374 1095 quod
391 1067 417 1088 et
434 1062 547 1097 reliquis
568 1062 670 1090 dictum
685 1068 726 1089 est
744 1072 750 1090 :
774 1062 843 1094 Quia
863 1062 959 1088 uocatis
983 1070 1022 1088 me

223 1107 378 1141 magistrum
395 1112 418 1134 et
435 1108 580 1140 dominum,
598 1113 620 1135 et
637 1108 701 1135 bene
716 1107 814 1135 dicitis.
836 1108 901 1135 Sum
916 1108 1020 1134 etenim.

224 1152 255 1180 Si
269 1153 349 1189 igitur
362 1162 408 1188 ego
421 1154 542 1181 dominus
562 1159 587 1181 et
605 1155 728 1190 magister
743 1154 795 1181 laci
811 1155 887 1189 pedes
903 1159 1001 1180 vestros
1013 1174 1021 1186 ,

223 1204 245 1225 et
259 1207 302 1226 vos
320 1199 417 1227 debetis
431 1200 541 1227 inuicem
556 1200 652 1227 lavare.
664 1201 736 1235 Ergo
751 1201 802 1228 hoc
817 1200 893 1233 dicit,
910 1206 938 1227 ut
963 1200 1021 1235 epi-

223 1253 324 1281 scopus
340 1248 451 1274 mittens
468 1255 565 1282 aquatu
582 1248 609 1275 in
625 1247 723 1282 pelvim
739 1251 767 1275 et
783 1252 881 1274 exutus
899 1247 1022 1274 vestibus

222 1292 289 1325 anis,
306 1297 332 1319 et
348 1294 512 1327 praecinctus
529 1294 622 1326 linteo,
641 1302 683 1322 me
699 1294 877 1326 extendente,
893 1294 964 1321 lavet
975 1301 1020 1327 pe-

223 1338 270 1365 des
281 1346 357 1366 meos
370 1339 382 1365 ‘t
396 1339 537 1374 Siquidem
548 1348 607 1372 vos,
624 1341 721 1375 inquit,
739 1341 845 1368 debetis
858 1341 973 1367 invicem
985 1340 1023 1366 la-

224 1392 288 1412 vare
309 1385 392 1419 pedes
413 1392 530 1414 vestros.
550 1387 577 1414 Si
594 1387 645 1415 ltoc
668 1392 709 1414 est
727 1386 798 1422 quod
814 1387 924 1419 dicitur,
943 1393 1023 1414 nemo

224 1438 343 1460 vestrum
369 1434 528 1461 mandatum
553 1435 686 1462 servabit.
709 1435 796 1462 Nemo
818 1435 891 1461 enim
913 1434 1024 1468 quibus-

223 1488 339 1516 cumque
355 1482 526 1510 venientibus
537 1491 679 1510 assumens
690 1483 806 1510 linteum
818 1483 962 1515 diaconus,
978 1482 1022 1509 vel

224 1527 379 1564 presbyter,
397 1529 455 1556 sive
469 1529 624 1563 episcopus,
637 1529 706 1556 lavat
719 1529 814 1564 pedes.
831 1529 886 1557 Sed
903 1530 924 1555 si
941 1528 1022 1556 intel-

227 1572 294 1607 ligas
308 1582 351 1607 ea,
366 1583 427 1609 quin
438 1575 538 1610 scripta
557 1580 630 1608 sunt,
654 1576 699 1610 qui
714 1583 777 1603 vere
792 1575 864 1602 beati
881 1579 947 1602 sunt
961 1575 1020 1610 epi-

1073 971 1133 991 sum
1149 964 1320 998 recuperavit
1337 964 1428 1000 (Joan.
1447 964 1488 999 ix)
1504 973 1510 991 :
1529 971 1592 992 vere
1606 971 1690 992 autent
1701 970 1775 991 eiectis
1790 963 1825 990 iste

1073 1019 1087 1037 ει
1105 1012 1245 1038 nativitate
1268 1016 1331 1038 erat
1353 1011 1498 1045 gentilium
1528 1012 1651 1046 papulas,
1675 1011 1714 1038 cui
1734 1010 1826 1037 Salvator

1075 1059 1191 1086 reddidit
1207 1059 1306 1091 Yialllll,
1324 1058 1407 1085 saliva
1431 1066 1480 1085 sua
1505 1066 1609 1094 ungens
1624 1058 1710 1086 oculos
1727 1057 1788 1091 ejus,
1807 1059 1826 1083 et

1074 1107 1184 1133 mittens
1198 1106 1230 1132 ad
1245 1106 1359 1138 Siloam,
1374 1105 1445 1141 quod
1459 1105 1654 1140 interpretatur
1675 1105 1764 1131 missus.
1785 1101 1826 1130 Mit-

1075 1152 1147 1179 tebat
1162 1151 1263 1187 quippe
1277 1160 1336 1185 eos,
1353 1159 1422 1187 quos
1450 1152 1546 1187 spiritu
1565 1152 1641 1179 nnait
1658 1157 1686 1179 ut
1700 1151 1824 1182 crederent,

1075 1200 1107 1226 ad
1123 1200 1237 1232 Siloam,
1252 1200 1277 1226 id
1289 1200 1372 1227 διιιά
1389 1199 1536 1234 Apostolus
1550 1205 1576 1226 et
1591 1199 1733 1234 magistros,
1746 1201 1825 1233 propter

1073 1247 1146 1282 quod
1161 1248 1293 1282 scriptuut
1309 1253 1351 1275 est
1368 1248 1401 1275 de
1416 1248 1502 1281 Siloa,
1518 1248 1581 1283 quia
1597 1247 1772 1283 interpretatur
1784 1246 1825 1284 atii-

1074 1303 1129 1322 sus.
1144 1295 1178 1322 Et
1193 1295 1419 1330 quotiescumque
1436 1295 1585 1330 incipimus
1600 1304 1613 1321 ιι
1629 1295 1688 1323 Jesu
1704 1294 1796 1324 visitari,
1806 1297 1825 1319 ut

1076 1343 1240 1376 recipiamus
1255 1343 1353 1369 animze
1366 1342 1472 1376 oculos,
1489 1343 1572 1370 mittit
1584 1351 1634 1371 nos
1645 1342 1675 1370 ad
1689 1342 1782 1372 Siloam,
1791 1340 1824 1366 hoc

1074 1394 1117 1416 est
1133 1390 1233 1416 missus.
1251 1390 1483 1424 EtunuSquisque
1508 1397 1572 1425 ergo
1598 1397 1728 1422 nostrum,
1749 1386 1825 1423 Quando

1075 1436 1140 1471 ii'gtt
1155 1444 1185 1464 ea
1202 1444 1264 1472 quae
1281 1437 1306 1463 in
1323 1437 1478 1472 Evangeliis
1490 1437 1558 1464 facta
1576 1443 1652 1470 sum,
1668 1441 1721 1464 oret
1732 1443 1759 1463 ne
1769 1435 1825 1462 etiam

1076 1484 1102 1511 iit
1119 1492 1148 1511 se
1161 1484 1352 1519 compleatur:
1372 1483 1493 1511 Videntes
1509 1484 1637 1517 uidebitis,
1663 1489 1684 1510 ct
1703 1491 1745 1510 non
1766 1480 1825 1508 arietis

1077 1530 1166 1567 (Joan.
1185 1530 1243 1566 Vn).

1114 1578 1156 1605 IV.
1172 1578 1200 1606 Si
1214 1582 1318 1610 autem,
1336 1582 1364 1605 tit
1377 1578 1537 1606 existimant
1548 1578 1732 1613 simpliciores,
1742 1576 1776 1603 illa
1786 1581 1825 1609 qua

224 1622 298 1655 scopi
319 1622 472 1649 servientes
490 1623 628 1655 Ecclesia),
642 1623 754 1649 mittunt
766 1631 863 1658 aquam
878 1623 914 1650 ile
929 1622 1022 1657 Scrip-
1037 1613 1058 1644 ί)
1076 1626 1145 1654 facta
1160 1631 1233 1658 sunt,
1251 1633 1304 1653 non
1321 1631 1431 1661 propter
1449 1634 1497 1653 nos
1509 1648 1515 1657 ,
1533 1626 1580 1654 sed
1596 1630 1702 1662 propter
1714 1632 1739 1651 se
1752 1628 1824 1650 tantum

224 1667 291 1693 tttris
305 1666 331 1694 in
345 1668 443 1700 pelvim
459 1668 568 1702 θιιίιιιιιε,
585 1671 658 1705 quod
677 1675 718 1697 est
734 1671 880 1698 secundum
892 1669 1022 1706 Scriptu-

225 1720 279 1743 ras,
291 1716 318 1739 et
334 1717 438 1740 tentant
454 1715 550 1749 pedum
561 1715 756 1751 discipulorum
768 1718 861 1744 sordes
876 1717 979 1749 lavare,
996 1721 1024 1744 et

224 1760 328 1792 eluere,
345 1766 372 1787 et
385 1761 530 1796 projicere.
548 1763 577 1789 lit
594 1763 615 1789 si
629 1763 789 1790 custodiunt
803 1764 923 1799 episcopi
946 1771 1020 1791 man-

224 1806 316 1834 datum
338 1808 475 1836 imitantes
490 1810 581 1836 Jesum
596 1831 602 1842 ,
627 1810 667 1837 sic
681 1815 707 1837 et
725 1810 886 1846 presbyteri.
912 1810 1020 1838 Utinam

224 1858 252 1880 et
274 1862 324 1888 ego
345 1854 473 1889 accipiam
498 1864 570 1883 nunc
594 1864 703 1891 aqttaut,
727 1865 788 1891 quin
814 1857 897 1891 possit
922 1857 1021 1884 animus

225 1905 322 1927 vestrae
336 1902 421 1935 pedes
440 1902 546 1929 lavare!
564 1908 593 1930 ut
607 1904 792 1938 unusquisque
812 1908 932 1930 vestrum
948 1904 1021 1931 dicat

223 1955 284 1975 cuin
306 1948 385 1975 fuerit
401 1949 491 1977 lotus:
517 1950 580 1977 Lavi
597 1951 673 1986 pedes
693 1959 772 1982 meos,
793 1952 922 1985 quomodo
936 1952 1021 1987 inqui-

224 1994 290 2020 nabo
306 1994 365 2022 illas
377 1995 466 2031 (Cant.
482 1998 522 2032 ιιι)
538 1997 548 2024 ?
563 1997 619 2024 Hoc
632 1998 703 2025 enini
720 2006 818 2033 sponsa
832 1998 898 2026 dicit
912 1999 937 2025 in
949 1998 1020 2025 Catt-

224 2040 283 2067 ticis
305 2042 478 2070 Canticorum
493 2065 500 2077 ,
518 2051 571 2070 non
593 2045 742 2072 ostendens
761 2053 777 2072 e
791 2052 912 2079 -rporeos
938 2045 1020 2080 pedes

223 2086 304 2121 lotos,
317 2088 364 2115 scd
377 2089 459 2123 pedes
474 2099 527 2117 non
540 2090 719 2118 oﬂettdentes.
734 2091 771 2118 De
782 2091 880 2126 quibus
890 2092 957 2119 dicit
969 2093 1018 2120 Sa-

223 2133 313 2161 lomon
328 2143 334 2161 :
352 2134 401 2161 Pes
417 2141 502 2163 autem
517 2142 575 2164 tutis
587 2146 637 2164 non
653 2138 771 2173 offendat
787 2137 880 2173 (Prov.
903 2146 942 2171 ιιι,
958 2138 1016 2175 25).

223 2179 262 2207 De
277 2180 375 2214 quibus
397 2187 424 2209 et
448 2182 473 2209 iit
492 2184 602 2217 psallitis
624 2185 756 2219 scriptum
772 2188 830 2211 est:
858 2184 911 2211 Mei
931 2190 1018 2212 autem

222 2234 286 2260 pene
301 2229 362 2254 moti
376 2234 435 2256 stitit
451 2231 527 2264 pede:
541 2231 548 2264 (
562 2231 635 2258 I‘siil.
652 2231 762 2268 thtttt).
781 2232 881 2259 Verum
906 2237 934 2259 et
955 2241 1016 2266 qua:

221 2275 424 2302 constituuntur
438 2277 526 2303 vidum
544 2278 569 2304 iit
584 2278 715 2305 Ecclesiis
730 2288 736 2305 2
757 2278 788 2306 Si
798 2285 960 2313 sam-torum,
976 2280 1017 2306 in-

220 2321 291 2356 quit,
317 2322 395 2357 pedes
416 2322 478 2350 lavit
499 2324 521 2359 (Ι
538 2323 604 2351 Tim.
620 2325 657 2359 ν).
674 2324 703 2352 Si
725 2331 815 2352 autent
837 2326 875 2352 vis
890 2326 1016 2361 apertius

220 2370 327 2402 audire,
340 2373 476 2405 quomodo
494 2372 570 2400 vidua
588 2374 656 2400 lavat
670 2378 828 2401 sanctorum
840 2374 937 2409 pedes,
952 2375 1016 2402 audi

221 2417 333 2445 Paulum
355 2419 381 2445 in
398 2420 452 2447 alio
469 2422 527 2447 loCo
541 2423 752 2449 constituetttent
767 2422 865 2455 viduis,
877 2428 904 2450 et
920 2423 1013 2450 dicen-

219 2468 273 2491 tcm
290 2474 295 2490 :
313 2464 381 2493 Bene
396 2467 526 2500 docentes,
540 2474 568 2495 ut
584 2469 691 2504 pudicas
707 2469 822 2504 efﬁciant
835 2470 1017 2497 adolescentu-

218 2514 268 2546 los,
286 2515 399 2541 lavantes
412 2515 501 2541 sordes
517 2516 612 2551 pedum
625 2517 835 2552 juvencularum.
851 2517 886 2544 Et
901 2518 959 2544 istic
972 2518 1012 2544 vi-

218 2561 279 2588 dtttc
295 2561 384 2595 digna:
402 2568 464 2589 sunt
480 2562 668 2590 ecclesiastico
684 2563 789 2591 honore
803 2585 810 2597 ,
834 2572 1014 2599 quotcumque

217 2614 374 2636 Sanctorum
385 2609 467 2644 pedes
480 2610 571 2637 lavant
582 2617 710 2638 sermone
721 2612 856 2646 spiritalis
867 2612 1010 2645 doctrinae,

217 2660 373 2682 sanctorum
398 2664 463 2684 vero
484 2665 537 2683 non
563 2657 759 2691 masculorum,
781 2657 830 2685 sed
853 2658 1011 2686 mulierum.

218 2703 321 2730 Docere
337 2705 409 2730 enim
426 2704 566 2731 mulierem
582 2712 634 2731 non
652 2705 795 2738 permittit,
809 2712 897 2740 neque
911 2705 1014 2740 princi-

218 2750 276 2785 pari
294 2751 360 2777 viro.
378 2750 438 2777 Vult
452 2758 514 2779 esse
530 2752 658 2779 mulieres
674 2752 743 2779 bene
754 2751 886 2780 docentes
903 2773 909 2786 ,
934 2757 963 2779 ut
978 2754 1011 2780 ad

216 2799 370 2825 castitatem
388 2799 519 2827 suadeant
535 2807 587 2826 non
603 2799 797 2827 adolescentes
810 2821 816 2832 ,
834 2800 882 2827 sed
902 2800 1010 2828 ailoles.

216 2845 339 2871 Ccttlulas
357 2854 361 2870 :
381 2845 508 2872 inducens
531 2847 631 2880 quippe
645 2852 703 2879 cst,
720 2850 749 2873 ut
767 2847 866 2873 mulier
883 2854 1012 2882 magistra

257 2943 267 2955 η
285 2938 335 2966 Alii
352 2938 466 2967 fortasse
481 2939 582 2968 rcctius
596 2945 718 2967 seri-ctum
734 2940 793 2976 legn
817 2945 846 2977 ι.Δ

1075 1673 1143 1700 facta
1160 1678 1231 1707 sunt,
1249 1678 1276 1700 et
1290 1681 1345 1701 non
1360 1679 1438 1701 erant
1454 1674 1580 1708 exempla
1595 1673 1702 1700 alterius
1712 1671 1754 1701 rei,
1766 1675 1825 1703 expo-

1074 1725 1142 1750 nant
1156 1729 1235 1756 quem
1253 1720 1314 1753 hoc,
1326 1721 1398 1755 quod
1415 1721 1515 1748 dictum
1537 1726 1579 1747 est
1596 1729 1603 1747 :
1633 1719 1740 1746 Videntes
1758 1714 1825 1742 ridebi-

1073 1770 1116 1803 tis,
1133 1776 1156 1797 et
1171 1777 1222 1798 non
1238 1769 1321 1795 scietis
1333 1789 1340 1800 ,
1364 1769 1462 1795 habeat
1483 1776 1608 1796 sensum.
1629 1766 1689 1794 Nam
1703 1766 1722 1793 si
1736 1772 1777 1791 non
1795 1768 1824 1792 ea.

1074 1826 1133 1853 quae
1149 1819 1321 1848 videbantur.
1340 1816 1475 1843 habebant
1491 1816 1607 1850 aliquem
1626 1821 1724 1842 scnsum
1739 1816 1749 1829 α
1761 1815 1825 1837 sam-

1074 1870 1143 1900 tum,
1160 1871 1189 1893 ιιι
1205 1874 1265 1893 cum
1281 1859 1438 1894 carnalibus
1454 1863 1540 1890 orulis
1556 1863 1635 1890 etiaut
1657 1859 1789 1896 spiritaliter
1801 1856 1826 1882 iu-

1073 1915 1256 1948 sricet'cntur,
1274 1915 1421 1948 numquam
1437 1910 1551 1938 dixisset
1568 1918 1574 1936 :
1595 1909 1708 1936 Vidrntes
1728 1902 1824 1934 ridebitit,

1072 1965 1095 1987 et
1118 1969 1169 1987 non
1185 1961 1279 1987 scietis.
1307 1960 1346 1988 Ad
1368 1949 1592 1996 approm‘tionetn
1612 1960 1694 1982 autem
1709 1953 1825 1981 humane!

1071 2007 1185 2034 alterius
1206 2008 1301 2043 scripti
1317 2009 1351 2035 de
1365 1997 1714 2047 Evangelio‘tcglimmlilll“
1734 1997 1825 2034 Ρτθίεκ·

1072 2062 1141 2086 mus,
1157 2055 1311 2089 quodjinla
1329 2062 1386 2087 eos,
1399 2055 1443 2089 qui
1461 2061 1564 2082 tantunt
1576 2046 1824 2089 iilﬁel‘amsc‘luummg

1071 2100 1242 2128 mendacium
1257 2105 1309 2128 est.
1327 2100 1528 2129 DicitSalvator
1543 2107 1570 2129 et
1586 2086 1707 2141 Ι)οΜ
1721 2086 1825 2141 ¹¹⁰⁵ίθτῇ

1070 2147 1221 2182 discipulos
1244 2147 1272 2174 in
1297 2147 1443 2184 Evangelio
1475 2149 1624 2176 secundum
1662 2134 1825 2184 Joii.‘§,"“,si

1070 2194 1241 2227 credideritis,
1259 2203 1308 2220 non
1324 2195 1408 2221 solum
1422 2203 1481 2229 qui:
1493 2204 1540 2232 ego
1554 2196 1637 2231 facio,
1660 2192 1766 2231 facietis

1070 2241 1171 2276 majora
1182 2240 1273 2267 horum
1285 2241 1385 2276 facietis
1398 2241 1490 2275 (Junii.
1504 2249 1561 2274 xtv,
1577 2241 1632 2275 12).
1648 2240 1800 2271 νὶϐθιιιιιιὲ

1069 2288 1091 2314 si
1107 2273 1207 2322 majora
1224 2273 1311 2322 aliqua
1336 2273 1451 2315 fecerint
1466 2273 1702 2323 discipuliiQuid
1726 2273 1834 2327 majus.

1073 1915 1256 1948 spicereutur,
1274 1915 1421 1948 numquam
1437 1911 1551 1938 dixisset
1568 1918 1574 1936 :
1595 1911 1708 1936 Vidrntes
1728 1911 1824 1934 ridemur,

1072 1965 1095 1987 et
1118 1969 1169 1987 non
1185 1961 1279 1987 scietis.
1307 1960 1346 1988 Ad
1368 1949 1592 1996 approiiELliUne'“
1612 1960 1694 1982 alim"
1709 1953 1825 1981 δ⁰¹υ¹¹ῖν⁸ῑ

1071 2007 1185 2034 alterius
1206 2008 1301 2043 scripti
1317 2009 1351 2035 de
1365 1997 1714 2047 Evangelio‘tcglimmlilll“
1734 1997 1825 2034 Ρτθίεκ·

1072 2062 1141 2086 mus,
1157 2055 1311 2089 quodjinla
1329 2062 1386 2087 eos,
1399 2055 1443 2089 qui
1461 2061 1564 2082 tantunt
1576 2046 1824 2082 ιῖιιεηπιεοιιιιυηιυτι

1071 2100 1242 2128 mendacium
1257 2105 1309 2128 est.
1327 2100 1528 2129 DicitSalvator
1543 2107 1570 2129 et
1586 2086 1707 2141 Ι)οΜ
1721 2086 1825 2139 ¹¹⁰⁵ίθηέ

1070 2147 1221 2182 discipulos
1244 2147 1272 2174 in
1297 2147 1443 2184 Evangelio
1475 2149 1624 2176 secundum
1662 2141 1786 2179 1095"“
1805 2134 1825 2162 δ’

1070 2194 1241 2227 credideritis,
1259 2203 1308 2220 non
1324 2195 1408 2221 solum
1422 2203 1481 2229 qui:
1493 2204 1540 2232 ego
1554 2196 1637 2231 facio,
1660 2180 1824 2231 facietis“;

1070 2241 1171 2276 majora
1182 2240 1273 2267 horum
1285 2241 1385 2276 facietis
1398 2241 1490 2275 (Junii.
1504 2249 1561 2274 xtv,
1577 2241 1632 2275 12).
1648 2227 1824 2271 νὶιιιειιιιιιὲιο

1069 2288 1091 2314 si
1107 2288 1207 2322 majora
1224 2287 1311 2322 aliqua
1336 2287 1451 2315 fecerint
1466 2288 1609 2323 discipuli?
1623 2288 1702 2322 Quid
1726 2273 1846 2328 majug,‘

1069 2341 1150 2368 quant
1165 2339 1302 2361 mortuum
1317 2335 1471 2362 suscitare?
1486 2336 1552 2368 Quis
1576 2344 1628 2362 non
1647 2337 1717 2365 dico
1741 2324 1879 2388 ttostrdi“,

1069 2380 1114 2407 sed
1123 2380 1318 2414 Apostolorum
1331 2386 1466 2408 mortuum
1477 2382 1639 2409 suscitavit?
1652 2382 1756 2412 Refert
1765 2380 1872 2416 histori

1069 2427 1131 2463 quia
1147 2428 1246 2455 Paulus
1263 2428 1415 2464 Eutychum
1434 2430 1637 2456 rcsuscitaverit
1655 2439 1671 2457 a
1689 2435 1837 2468 mortuis;
1861 2442 1890 2464 et

1067 2380 1114 2407 sed
1123 2380 1318 2414 Apostolorum
1331 2386 1466 2408 mortuum
1477 2382 1639 2409 suscitavit?
1652 2382 1756 2412 Refert
1765 2380 1872 2416 histori

1880 2442 1890 2464 ι

1067 2427 1131 2463 quia
1147 2428 1246 2455 Paulus
1263 2428 1415 2464 Eutychum
1434 2430 1637 2456 rcsuscitaverit
1655 2439 1671 2457 a
1689 2435 1837 2468 mortuis;
1861 2446 1876 2464 ε

1067 2474 1166 2502 Petrus
1177 2475 1333 2509 Tabithant,
1345 2485 1405 2511 qua:
1418 2477 1611 2511 interpretatur
1622 2476 1732 2507 Dorcas
1741 2482 1816 2515 (Act.
1833 2486 1887 2519 Ix).

1066 2521 1118 2548 Ista
1134 2527 1238 2555 autem,
1257 2523 1347 2549 ctnlia
1363 2523 1514 2550 istiusmodi
1532 2523 1650 2550 inveniri
1671 2532 1796 2559 possunt
1812 2538 1818 2555 :
1839 2531 1888 2558 tibi

1068 2574 1131 2596 sunt
1156 2569 1282 2603 majora?
1297 2569 1351 2597 Sed
1373 2576 1400 2597 et
1424 2577 1513 2604 caecos
1534 2571 1660 2598 Salvator
1682 2572 1752 2600 fecit
1767 2582 1887 2606 rursum

1064 2614 1170 2647 videre,
1187 2620 1215 2642 et
1229 2616 1301 2650 quod
1322 2616 1411 2651 majus
1427 2621 1479 2650 est,
1505 2625 1568 2651 eos,
1582 2617 1629 2652 qui
1658 2617 1701 2645 sic
1729 2622 1790 2649 nati
1821 2624 1887 2653 fue-

1065 2667 1138 2689 runt.
1149 2662 1411 2699 Exhibcanthiquos
1425 2671 1513 2691 θωοιιε
1526 2665 1560 2690 ab
1572 2668 1650 2690 tttcro
1659 2668 1800 2697 inanibus
1809 2671 1889 2707 Αβο-

1063 2708 1195 2736 stoloruut
1210 2714 1319 2736 curatos
1333 2710 1490 2744 aspexerint
1503 2709 1611 2745 (Manli.
1629 2709 1681 2745 ix).
1704 2712 1740 2740 Et
1765 2716 1824 2743 alia
1842 2719 1888 2746 in-

1065 2755 1141 2782 [inita
1156 2761 1247 2791 potest
1261 2757 1297 2784 de
1312 2756 1470 2792 Evangeliis
1485 2757 1609 2784 invenire
1620 2758 1666 2791 qui
1681 2763 1803 2798 quierit,
1818 2767 1886 2801 quia

1064 2810 1152 2837 neque
1167 2803 1290 2837 Apostoli
1306 2803 1348 2831 his
1364 2803 1469 2837 majora
1492 2803 1629 2837 fecerint,
1656 2813 1753 2841 neque
1781 2818 1885 2841 eorum

1065 2856 1247 2876 successores.
1273 2850 1370 2877 Verum
1396 2857 1487 2877 sermo
1503 2850 1650 2884 Scrtpturae
1668 2854 1725 2880 tale
1742 2857 1885 2889 quiddam

1907 1571 1913 1900 l

452 2992 1916 3606 ,η
