4080 6326
319 285 430 340 525

803 285 1247 342 TRANSLATIO
1288 287 1721 345 llUMlLlARUM
1759 284 2085 344 ORIGENIS
2127 285 2193 342 ΙΝ
2238 287 2548 348 VISIONES
2587 289 2818 349 lSAUE.
2867 291 3028 346 HOM.
3074 288 3162 346 Vl.

3503 289 3611 348 926

315 411 530 468 locutus
555 420 674 468 est:
709 412 925 485 1130
947 412 1066 478 llis,
1093 425 1218 482 qua:
1247 424 1349 480 ego
1379 408 1481 463 feci
1510 405 1906 479 corporalibus,
1935 408 1983 466 Α
2015 404 2137 474 vn),
2169 415 2222 460 et
2255 407 2381 477 quia
2409 407 2590 477 justus
2615 408 2847 476 accipiat
2865 409 3010 463 hunc
3037 407 3290 463 subtilem
3327 407 3611 477 spiritum.

316 521 414 560 vos
439 507 642 575 majora
672 505 909 562 facietis.
938 506 1054 576 Ego
1084 503 1186 560 feci
1235 517 1524 574 resurgere
1570 518 1639 556 ex
1683 499 1911 556 mortuis

314 599 686 668 corporaliter
707 639 723 666 ,
759 613 858 654 vos
888 613 1177 669 resurgere
1209 594 1419 652 facietis
1445 611 1514 651 ex
1541 593 1771 650 mortuis
1797 591 1908 662 spi-

315 693 572 747 ritaliter.
608 691 721 764 Ego
751 690 916 747 caecis
943 690 1205 746 sensibile
1233 689 1336 744 hoc
1365 689 1548 744 lumen
1576 686 1777 752 inludi,
1810 699 1908 740 vos

312 785 613 856 spiritalem
657 785 833 840 lucem
879 799 988 840 non
1024 783 1331 840 videntibus
1365 780 1585 837 dabitis.
1620 779 1806 850 Usque
1839 777 1906 833 ad

313 879 452 935 hanc
477 888 659 935 autem
687 877 831 935 diem
867 879 982 933 litee
1017 877 1221 948 majora
1253 877 1407 946 signa
1441 892 1468 929 ιι
1497 872 1902 945 corporalibus,

311 988 431 1044 quae
457 970 780 1039 fecitlesus,
807 986 908 1041 ego
937 969 1096 1026 video
1117 968 1232 1024 fieri
1261 984 1353 1038 per
1375 966 1722 1022 ﬁdelissimos
1742 963 1908 1019 disci-

311 1066 472 1136 pulos
521 1064 671 1122 Jesu.
717 1065 799 1120 An
842 1079 952 1120 non
990 1063 1117 1118 cteci
1171 1077 1314 1118 nunc
1357 1061 1583 1116 vident?
1629 1068 1683 1115 et
1726 1058 1906 1115 claudi

305 1161 610 1228 ambulant,
635 1169 692 1216 et
730 1159 936 1227 leprosi
963 1158 1342 1215 mandantur?
1383 1165 1441 1212 ct
1486 1155 1691 1226 reliqua
1725 1152 1906 1208 ﬁunt?

309 1254 369 1311 Si
402 1255 470 1320 is,
501 1253 596 1325 qui
625 1252 743 1308 heri
793 1253 1098 1310 obcaacatus
1130 1262 1214 1306 est
1257 1248 1525 1304 accedens
1564 1247 1630 1301 ad
1675 1247 1903 1314 idolum,

313 1348 469 1418 quasi
502 1345 568 1401 ad
600 1344 794 1414 Deum,
829 1344 988 1402 hodie
1019 1345 1235 1400 invocet
1255 1344 1423 1399 Deum
1447 1343 1649 1408 vivum,
1677 1340 1903 1410 pristina

302 1438 717 1511 derelinquens,
749 1453 930 1494 nonne
960 1436 1142 1492 videt?
1169 1437 1252 1493 An
1283 1451 1388 1490 non
1420 1435 1509 1506 qui
1535 1434 1652 1489 heri
1675 1432 1904 1488 claudus

265 1533 269 1537 ’
307 1540 434 1588 erat
463 1541 688 1603 propter
713 1538 998 1601 peccatum
1018 1571 1033 1598 ,
1062 1545 1205 1584 nunc
1246 1536 1472 1599 propter
1508 1527 1900 1596 discipulorum

299 1624 612 1680 doctrinam
641 1624 744 1679 iter
772 1639 959 1680 verum
991 1622 1219 1678 edoctus
1247 1619 1430 1676 stabili
1459 1619 1704 1690 graditur
1731 1617 1903 1687 pede?

301 1717 406 1786 Qui
436 1717 558 1772 heri
591 1716 796 1771 aridam
832 1714 1066 1770 habebat
1096 1729 1340 1780 manum,
1367 1722 1424 1768 et
1447 1713 1678 1768 otiosam
1711 1711 1778 1766 ad
1807 1712 1902 1766 bc—

2017 495 2204 551 Ditlert
2221 499 2424 568 quippe
2449 498 2543 555 hic
2574 501 2798 571 spiritus
2826 501 2897 556 ab
2926 501 3183 555 omnibus
3221 498 3508 571 spiritibus
3531 496 3615 552 in-

2011 591 2440 660 tellectualibus,
2472 595 2714 662 mundis,
2747 594 3064 651 subtilibus.
3103 593 3204 649 Est
3251 609 3385 664 ergo
3411 591 3616 664 princi-

2013 685 2136 756 pale
2164 686 2348 742 cordis
2379 696 2544 744 tenue
2572 689 2817 759 quidem,
2855 690 2999 760 quod
3039 705 3108 745 ex
3152 688 3456 758 corporalis
3487 702 3608 742 ma-

2012 777 2160 832 teriae
2201 779 2332 834 vitio
2377 791 2698 837 concretum
2746 793 2867 848 cst,
2918 783 3138 853 plenum
3183 779 3615 852 cogitationibus

2009 873 2385 942 corporalibus
2407 915 2420 939 ,
2451 891 2575 946 quae
2597 887 2728 932 sunt
2755 876 2810 931 in
2843 875 3292 948 reprehensione.
3343 873 3436 930 Sic
3475 873 3614 929 dici-

2009 970 2096 1018 tur
2127 981 2143 1022 :
2173 964 2535 1020 lncrassatum
2565 978 2637 1022 est
2669 984 2758 1022 cor
2789 968 2971 1038 populi
3021 966 3198 1038 hujus.
3247 965 3496 1036 intellige
3539 978 3608 1020 ex

2007 1071 2075 1112 eo
2105 1059 2465 1114 inerassatum
2498 1075 2622 1115 esse
2651 1075 2771 1127 eor,
2803 1061 2932 1131 quia
2963 1059 3097 1115 nihil
3127 1061 3199 1114 sit
3231 1059 3284 1113 in
3316 1072 3385 1113 eo
3409 1065 3610 1127 preter

2009 1153 2274 1208 humanas
2303 1163 2362 1209 et
2401 1155 2656 1210 carnales
2683 1156 3107 1211 sollicitudines.
3147 1153 3432 1222 Quomodo
3460 1151 3610 1208 enim

2007 1248 2233 1302 materia
2261 1249 2512 1316 corporis
2561 1248 2777 1318 pinguis
2823 1257 2942 1314 est,
2985 1249 3175 1303 eodem
3224 1247 3391 1302 modo
3435 1245 3608 1300 etiam

2003 1342 2251 1410 corporei
2285 1341 2616 1406 intellectus,
2643 1351 2702 1396 et
2716 1341 3092 1412 cogitationes.
3118 1341 3196 1397 Ex
3219 1357 3328 1413 quo
3351 1356 3476 1396 cum
3497 1340 3608 1395 duo

2005 1439 2180 1504 posita
2224 1437 2352 1498 sint,
2398 1437 2692 1492 inerassari
2739 1452 2836 1492 cor
2865 1455 2932 1492 ex
2967 1437 3324 1494 stecttlaribus
3353 1433 3524 1500 curis,
3553 1441 3612 1490 et

2000 1530 2272 1584 attenuari
2305 1546 2372 1585 ex
2401 1530 2774 1587 sollicitudine
2804 1530 3062 1602 Spiritali,
3093 1546 3220 1586 cum
3249 1529 3377 1599 quis
3401 1528 3608 1599 cogitat

2004 1636 2065 1676 ea
2093 1663 2108 1687 ,
2158 1639 2280 1692 (ιιιτε
2323 1623 2537 1680 Domini
2567 1633 2716 1689 sunt,
2765 1623 3062 1694 projieiens
3113 1621 3496 1693 pinguedinem
3538 1634 3606 1678 ex

2003 1715 2188 1780 corde,
2214 1727 2271 1770 et.
2293 1717 2498 1784 sciens,
2529 1719 2655 1787 quia
2685 1715 2733 1771 si
2760 1716 3121 1772 incrassatum
3155 1717 3322 1771 fuerit
3347 1730 3443 1768 cor
3462 1714 3606 1784 ejus,

303 1809 714 1874 nelaciendum,
767 1809 928 1865 hodie
973 1808 1251 1875 recipiens
1278 1823 1498 1864 manum
1526 1849 1542 1874 ,
1589 1807 1751 1860 habet
1779 1820 1899 1859 eam
1933 1825 1982 1886 Β
2009 1824 2183 1879 neque
2207 1810 2438 1882 accipiat
2469 1825 2760 1867 sermones
2791 1811 2925 1874 Dei,
2960 1827 3138 1882 neque
3186 1810 3368 1866 videat
3417 1809 3610 1864 salutis

298 1901 700 1958 viventem?Si
726 1901 930 1957 videris
973 1901 1215 1972 aliquem
1259 1901 1548 1971 pollutum,
1597 1909 1650 1955 et
1693 1900 1900 1968 leprant

294 1999 349 2055 in
378 1997 569 2054 anima
617 1997 908 2054 habentem
959 1996 1142 2052 subito
1187 1996 1489 2066 pmnitere,
1531 2009 1596 2049 ac
1637 1991 1904 2050 doctrinae

293 2105 559 2147 sermone
602 2100 988 2161 compunctum
1009 2130 1024 2155 ,
1076 2105 1183 2144 non
1225 2098 1278 2144 te
1312 2089 1495 2159 pigeat
1529 2087 1744 2151 dicere,
1777 2085 1901 2154 quia

297 2185 478 2257 majus
501 2185 570 2239 sit
605 2186 748 2240 hunc
767 2183 1084 2255 spiritaliter
1101 2183 1400 2253 leprosum,
1427 2197 1588 2254 quam
1614 2181 1900 2250 quemdam

295 2277 600 2332 carnaliter
631 2276 800 2332 fuisse
830 2288 1136 2348 purgatum.
1181 2277 1246 2331 Et
1279 2276 1392 2330 haec
1425 2277 1646 2346 quidem
1699 2273 1901 2344 largius

301 2368 544 2440 proludit
589 2370 811 2438 oratio,
855 2369 1089 2442 cupiens
1133 2371 1426 2426 ostendere
1467 2368 1598 2441 quid
1644 2368 1714 2424 sit
1753 2367 1898 2435 hoc,

299 2462 443 2532 quod
469 2462 674 2518 dictum
701 2471 788 2518 est
813 2481 829 2518 τ
873 2460 940 2517 Ει
977 2464 1207 2519 uidentes
1250 2463 1506 2528 videbitis,
1539 2472 1585 2516 et
1616 2478 1720 2516 non
1748 2459 1904 2516 intel-

299 2557 493 2628 ligetis.

375 2649 440 2704 V.
471 2651 605 2716 ριιιε
625 2660 812 2706 autent
853 2665 1012 2707 causa
1041 2660 1128 2706 est
1172 2651 1490 2706 audientem
1541 2665 1648 2704 non
1697 2647 1902 2704 intelli-

303 2758 458 2813 gere,
483 2753 542 2798 et
573 2727 849 2800 videntem
884 2759 991 2798 non
1027 2744 1252 2800 videre?
1278 2743 1637 2799 Irrerassatum
1674 2752 1769 2808 est,
1819 2740 1903 2797 in-

299 2835 440 2904 quit,
467 2854 560 2890 cor
589 2836 768 2907 populi
798 2837 954 2908 {cujus
989 2834 1146 2909 (lsai.
1177 2838 1278 2907 vt).
1317 2835 1594 2906 Siquidem
1645 2850 1901 2890 necessa-

302 2930 444 2982 rium
478 2936 564 2984 est
603 2927 836 2999 intelligi
877 2940 934 2984 et
981 2930 1084 2984 hoc
1115 2931 1256 2983 unde
1300 2930 1408 2995 sit,
1455 2944 1562 2983 non
1590 2929 1780 2983 eadem
1819 2936 1904 2982 est

300 3020 637 3089 corporalis,
677 3031 733 3078 et
761 3021 1026 3090 spiritalis
1057 3020 1346 3092 pinguedo,
1376 3036 1555 3090 tteqtte
1580 3021 1769 3076 eadem
1815 3028 1904 3076 est

301 3110 610 3178 corporalis
641 3111 876 3165 tenuitas
901 3153 917 3178 ,
947 3123 1002 3167 et
1032 3113 1321 3183 spiritalis.
1355 3114 1566 3168 Etenim
1597 3113 1741 3183 quod
1781 3127 1904 3170 cor-

2005 1913 2372 1971 saeramenta,
2385 1903 2798 1972 deponamuset
2811 1919 2912 1959 nos
2927 1903 3369 1967 crassitudinem,
3389 1912 3440 1958 et
3457 1916 3611 1957 assu-

2007 2011 2217 2050 mamus
2247 2011 2392 2061 eam,
2419 2014 2542 2067 qua:
2572 1998 2716 2052 dicta
2747 2005 2835 2052 est
2856 1998 3203 2062 tenuitatem,
3237 2005 3298 2050 ut
3325 2006 3380 2050 et
3398 2011 3500 2051 nos
3521 1995 3611 2050 di-

2005 2102 2194 2142 camus
2223 2089 2500 2158 quomodo
2532 2089 2834 2160 PrOphetes
2864 2107 2877 2142 :
2911 2089 3090 2144 Sitivit
3117 2091 3171 2142 in
3203 2101 3249 2144 te
3273 2092 3451 2142 anima
3465 2104 3606 2157 utea,

2002 2197 2159 2251 quam
2179 2183 2539 2252 multipliciter
2551 2183 2641 2238 tibi
2669 2199 2793 2238 caro
2814 2199 2944 2239 utea.
2970 2180 3039 2237 In
3061 2191 3200 2237 terra
3221 2183 3446 2247 deserta,
3469 2181 3614 2235 inuia

2003 2284 2050 2328 et
2066 2273 2339 2346 inuquosa,
2364 2275 2438 2330 sic
2457 2275 2511 2330 in
2531 2287 2710 2331 saneto
2729 2276 2953 2348 apparui
2971 2276 3064 2330 tibi
3083 2275 3264 2349 (Psal.
3301 2273 3474 2345 1.1m),
3497 2287 3610 2330 non

2003 2367 2156 2435 quasi
2179 2376 2398 2423 sanctus
2422 2369 3088 2437 luerimnattualiter,sed
3109 2371 3153 2425 si
3169 2372 3353 2424 carnis
3374 2368 3612 2438 pruden-

2005 2460 2078 2512 tia
2107 2459 2363 2524 tabescit,
2395 2467 2456 2516 et
2483 2463 2529 2516 si
2555 2462 2850 2530 prudentia
2877 2463 3062 2517 carnis
3081 2461 3426 2528 extabucrit,
3475 2470 3608 2518 tunc

2007 2553 2058 2606 in
2091 2563 2280 2608 sancto
2309 2555 2582 2624 apparebo
2605 2556 2682 2610 ei.
2713 2557 2842 2612 llaec
2880 2557 2932 2610 in
2961 2555 3387 2625 explicationem
3443 2554 3564 2626 ejus
3587 2593 3606 2624 ,

2001 2646 2145 2716 quod
2175 2647 2383 2702 dictum
2431 2657 2519 2704 est
2549 2666 2564 2702 :
2612 2647 2969 2704 Incrassatunt
2999 2659 3074 2704 est
3095 2663 3187 2703 cor
3213 2647 3396 2720 papuli
3426 2649 3605 2719 hujus.

2081 2741 2165 2797 Vl.
2197 2741 2462 2813 Sequitur
2483 2753 2666 2801 autem
2701 2761 2716 2800 :
2749 2743 2822 2798 Et
2849 2745 3066 2798 auribus
3107 2745 3221 2798 suis
3261 2744 3490 2816 graviter
3513 2758 3612 2796 ast-

2003 2834 2231 2889 dierunt.
2261 2834 2408 2890 Nihil
2439 2837 2568 2892 mihi
2606 2849 2767 2893 nocet
2808 2841 2851 2892 si
2881 2839 3124 2908 graviter
3163 2837 3378 2893 audiant
3409 2851 3607 2906 corpo-

2005 2928 2215 2994 raliter,
2243 2945 2422 3000 neque
2453 2933 2555 2986 ista
2588 2932 2722 2986 mihi
2769 2948 2935 2988 causa
2987 2931 3080 2999 iit,
3134 2943 3193 2987 ut
3240 2947 3345 2986 non
3387 2931 3605 2987 audiam

2003 3035 2293 3078 sermones
2325 3025 2442 3080 Dei.
2473 3025 2763 3094 Quomodo
2790 3025 2937 3082 enirn
2969 3026 3106 3082 nihil
3135 3026 3271 3082 mihi
3305 3036 3469 3081 nocet
3497 3039 3605 3080 cte-

2004 3116 2142 3170 citas
2165 3119 2490 3186 corporalis,
2513 3121 2559 3173 si
2584 3136 2696 3174 non
2727 3119 2894 3176 luerit
2924 3120 3198 3176 obcaecata
3223 3123 3404 3176 astitna
3434 3135 3553 3175 mea
3586 3135 3602 3174 :

303 3203 569 3272 por-aliter
598 3219 841 3259 crassum
872 3216 983 3273 est,
1035 3209 1087 3262 in
1139 3223 1305 3266 carne
1347 3210 1437 3274 lit,
1489 3218 1545 3265 et
1592 3209 1730 3263 nihil
1763 3209 1895 3266 mihi
1924 3237 1967 3298 Ο
2003 3210 2083 3263 sic
2111 3225 2290 3280 neque
2317 3211 2532 3275 levitas,
2559 3228 2740 3284 neque
2767 3214 3058 3284 gravitudo
3080 3213 3378 3269 auditionis
3405 3228 3602 3283 corpo-

299 3305 460 3352 nocet
487 3311 583 3352 cor
608 3312 872 3354 carneutn
899 3302 944 3354 si
971 3303 1303 3358 inerassetur
1333 3345 1348 3371 ,
1379 3319 1556 3373 neque
1581 3303 1824 3374 prodest,
1851 3302 1896 3358 si

299 3406 328 3443 a
365 3390 648 3460 languore,
680 3393 763 3450 vel
791 3410 819 3446 a
851 3410 1192 3466 quacumque
1216 3412 1380 3452 causa
1402 3408 1738 3453 attenuctur.
1764 3398 1895 3454 Tale

297 3493 480 3538 autem
514 3483 769 3541 existimo
814 3488 1050 3542 liericor
1085 3505 1344 3544 eat-neum
1375 3507 1598 3557 eorum,
1645 3492 1732 3560 qui
1785 3492 1894 3546 lor-

297 3575 500 3629 midine
541 3578 914 3634 continentur.
947 3580 1234 3648 Quomodo
1269 3583 1414 3636 enim
1457 3583 1552 3636 toti
1607 3583 1894 3638 tabescunt

294 3669 364 3720 ab
391 3673 769 3739 trgrotatt'one,
801 3674 880 3728 sic
909 3679 1064 3730 aiunt
1087 3685 1144 3732 et
1169 3675 1589 3732 crassitudinem
1610 3719 1624 3743 ,
1656 3689 1711 3734 et.
1739 3679 1894 3745 quid-

288 3761 422 3830 quid
465 3761 661 3833 pingue
689 3775 775 3820 est
797 3767 941 3823 circa
971 3783 1070 3824 eor
1103 3784 1292 3824 eorum
1319 3811 1334 3835 ,
1385 3773 1692 3826 extenuari.
1744 3773 1887 3840 Quid

289 3871 424 3927 ergo
453 3859 586 3914 mihi
613 3872 793 3927 nocet,
825 3862 870 3916 si
898 3866 1182 3932 corporale
1202 3879 1299 3920 cor
1321 3880 1500 3921 meum
1535 3867 1885 3923 incrussatur.

290 3950 424 4006 Esto
456 3967 585 4009 vero
612 3966 665 4010 et
700 3959 969 4012 attenuari
998 3973 1094 4014 cur
1125 3977 1329 4026 incum,
1361 3961 1490 4032 quid
1521 3962 1656 4018 mihi
1683 3979 1747 4018 ex
1782 3966 1887 4018 isto

289 4046 558 4114 prodest?
583 4048 688 4106 Sed
720 4065 818 4106 cor
846 4055 1213 4122 ntmcupativo
1244 4070 1364 4110 cum
1411 4070 1680 4126 corporeo
1721 4057 1888 4114 corde

286 4140 558 4219 vocabulo
596 4144 798 4200 animae
845 4157 1048 4202 nostra:
1089 4150 1393 4219 principale
1429 4150 1783 4217 nominatur,
1829 4160 1888 4206 ut

285 4235 641 4294 manifestum
667 4249 754 4294 est
789 4255 857 4296 ex
905 4256 994 4310 eo,
1027 4243 1173 4312 quod
1217 4242 1275 4298 in
1315 4245 1610 4315 Evangelia
1637 4245 1839 4300 dicitur
1869 4264 1882 4300 :

279 4329 434 4385 Beati
465 4333 658 4390 mundo
687 4333 1086 4406 corde(Mattlt.
1119 4335 1192 4408 ν).
1217 4335 1402 4407 Neque
1427 4338 1572 4392 enim
1603 4337 1655 4391 hi
1681 4337 1886 4393 mundo

279 4426 450 4483 corde
477 4437 624 4495 sunt,
645 4431 743 4502 qui
766 4432 1112 4502 sanguinem,
1137 4433 1219 4488 vel
1239 4432 1620 4503 quodcumque
1637 4436 1884 4491 materia;

278 4522 588 4590 corporalis
619 4524 950 4580 intrinsecus
981 4541 1087 4582 non
1111 4525 1338 4584 habent.
1372 4526 1480 4582 Sed
1511 4529 1720 4584 dictum
1752 4539 1838 4586 est
1863 4547 1878 4584 :

2001 3301 2131 3356 ralis
2165 3302 2387 3372 impedit
2410 3305 2706 3375 quidquam
2736 3306 2892 3362 mihi.
2921 3305 3018 3362 Est
3049 3306 3156 3360 alia
3185 3305 3436 3377 quaedam
3468 3320 3599 3376 gra-

2000 3393 2185 3448 vitudo
2215 3395 2531 3460 auditionis,
2560 3413 2681 3466 quae
2709 3407 2904 3452 noceat
2929 3399 3130 3454 anima:
3161 3400 3418 3454 hominis.
3463 3399 3601 3465 Quae

1997 3497 2082 3541 est
2111 3488 2209 3543 ista
2231 3489 2545 3558 gravitudo.
2575 3507 2695 3560 quae
2733 3500 2818 3546 est
2861 3492 2916 3545 in
2965 3493 3308 3548 auditionem
3355 3493 3599 3546 autin-ta)?

1999 3579 2285 3636 Peccatum
2311 3583 2612 3638 secundum
2663 3581 2978 3653 Scriptor-as
3007 3601 3172 3656 grave
3211 3596 3313 3642 est.
3367 3585 3599 3654 Propter

1997 3675 2141 3743 quod
2177 3677 2420 3730 sentiens
2446 3677 2655 3750 "32
2679 3679 2801 3748 quis
2827 3688 3053 3748 peccata
3075 3695 3197 3744 sua,
3229 3679 3358 3733 dicit
3389 3697 3401 3732 :
3433 3679 3596 3744 Quasi

1993 3785 2123 3824 onus
2149 3779 2378 3842 gravata:
2399 3783 2521 3826 sunt
2540 3788 2695 3844 super
2725 3789 2802 3828 me
2827 3772 3000 3843 (Psal.
3055 3775 3303 3844 xxxviii).
3356 3773 3424 3828 Et
3468 3777 3596 3841 quia

1989 3865 2176 3934 gravis
2221 3875 2304 3920 est
2359 3865 2637 3936 iniquitas,
2669 3877 2894 3937 propter
2951 3867 3053 3922 hoc
3107 3883 3274 3938 super
3329 3870 3592 3923 talentum

1993 3959 2198 4028 plutnbi
2230 3958 2402 4024 sedet,
2436 3969 2496 4014 ut
2521 3959 2574 4015 in
2597 3959 2855 4015 Zacltaria
2880 3963 3144 4029 scriptum
3165 3971 3252 4016 est
3277 3959 3462 4033 (Zaclt.
3511 3961 3589 4031 ν).

1992 4052 2234 4124 Ᾱξεγριὶἰ
2268 4063 2450 4108 autem
2501 4069 2610 4108 non
2658 4054 2913 4124 quoniam
2939 4055 3130 4124 gravia
3165 4055 3441 4110 habebant
3468 4068 3594 4108 eor-

1983 4163 2142 4218 .pora.
2179 4146 2454 4203 submersi
2485 4156 2613 4203 sunt
2647 4149 2801 4218 quasi
2849 4149 3130 4219 plumbum
3165 4149 3214 4201 in
3247 4165 3386 4218 aqua
3423 4150 3592 4202 vehe-

1983 4241 2154 4298 menti
2182 4239 2381 4311 (Eadd.
2405 4241 2530 4313 υ),
2560 4243 2654 4297 sed
2680 4243 2810 4313 quia
2845 4243 3044 4299 anima:
3093 4259 3286 4299 eorum
3315 4243 3383 4297 ad
3416 4243 3590 4297 talen-

1983 4347 2098 4392 tum
2122 4338 2327 4407 plumbi
2353 4351 2525 4408 super
2543 4337 2689 4408 quod
2719 4337 2954 4393 sedebat
2971 4338 3259 4408 iniquitas,
3281 4347 3589 4408 aggravata

1983 4442 2142 4488 erant
2169 4450 2185 4486 :
2220 4441 2444 4504 propter
2471 4432 2615 4503 quod
2648 4432 2918 4489 submersi
2949 4441 3081 4488 sunt
3111 4443 3387 4504 tamquam
3411 4432 3589 4503 pluru-

1985 4526 2110 4582 bum
2140 4528 2194 4582 in
2219 4543 2359 4599 aqua
2409 4529 2743 4585 vehementi.
2787 4526 3090 4582 Gravitudo
3139 4543 3272 4598 ergo
3313 4526 3525 4582 aurium
3555 4541 3587 4581 a

275 4609 428 4667 Beati
439 4615 637 4667 mundo
653 4615 828 4686 corde,
844 4632 940 4687 pro
953 4633 1019 4674 eo
1031 4620 1171 4689 quod
1186 4629 1298 4677 est:
1321 4621 1492 4686 Beati,
1513 4624 1604 4691 qui
1623 4624 1882 4680 mundum
1909 4632 1962 4693 Β
1993 4638 2154 4693 pecca
2165 4631 2220 4679 to
2253 4625 2330 4689 tit,
2363 4634 2424 4679 et
2446 4625 2648 4680 levitas
2674 4638 2703 4676 a
2730 4623 2962 4690 jnstitia.
2987 4623 3126 4688 Quid
3147 4632 3234 4678 est
3254 4623 3401 4693 quod
3426 4620 3590 4676 faciat

274 4705 480 4762 habent
506 4707 804 4779 principale
827 4711 1046 4767 animate.
1087 4714 1391 4786 Principale
1429 4719 1740 4774 nominatur
1778 4735 1878 4790 pro

271 4802 460 4858 corde.
474 4804 517 4874 ι
529 4803 628 4874 13
638 4805 947 4876 lQuoniam
963 4807 1124 4879 igitur
1139 4811 1432 4879 principale
1441 4811 1637 4868 anima:
1653 4827 1878 4882 nostrae,

271 4896 419 4965 quod
441 4911 564 4953 esse
585 4899 785 4955 dicitur
805 4901 856 4954 in
881 4901 1046 4957 corde
1069 4919 1353 4974 corporeo,
1378 4904 1494 4960 sive
1511 4907 1767 4963 Illllndum
1791 4919 1881 4964 est

271 5005 372 5048 cor
393 5002 680 5061 nostrum,
714 4995 831 5050 sive
861 4996 1198 5051 immundum
1235 5017 1246 5052 2
1275 4998 1614 5054 immundum
1654 5003 1873 5072 quidem

271 5086 492 5155 quando
507 5091 864 5160 cogitationes
881 5090 1130 5160 pessimae
1149 5091 1502 5162 egrediuntur
1515 5109 1581 5148 ex
1595 5110 1684 5161 eo,
1708 5095 1876 5151 ιιοωὶ-

271 5177 438 5245 cidia,
466 5180 754 5251 adulteria,
785 5182 948 5248 furta,
978 5181 1173 5238 falsum
1203 5185 1594 5254 testimonium,
1628 5187 1878 5258 blasphe-

271 5272 418 5325 mite:
451 5275 709 5329 mundum
738 5287 919 5331 autem
943 5275 1157 5347 quando
1183 5277 1542 5347 cogitationes
1567 5289 1792 5348 sancta,
1823 5290 1880 5337 et

272 5363 580 5422 intellectus
599 5366 784 5437 divini,
811 5383 861 5425 et
887 5385 1192 5441 menspura
1209 5390 1225 5427 :
1241 5381 1464 5443 propter
1483 5373 1584 5428 hoc
1607 5374 1878 5431 arbitran-

271 5457 400 5512 dum
418 5468 506 5514 est
527 5467 861 5518 attenuatum
887 5464 1104 5534 quidem
1125 5480 1251 5520 esse
1273 5466 1501 5530 dictum,
1530 5475 1871 5525 attenuatum

271 5562 304 5603 a
331 5563 522 5608 sancto
552 5551 759 5623 Spirittt
785 5555 924 5626 ejus,
955 5559 1046 5629 qui
1075 5559 1314 5613 salvetur
1345 5577 1359 5612 :
1391 5557 1748 5617 incrassatum
1775 5579 1873 5618 au-

271 5651 401 5707 tem,
429 5655 483 5700 et
513 5644 871 5716 praefoeatmu
903 5665 932 5704 a
965 5651 1169 5707 malitia
1207 5653 1331 5719 eius
1357 5692 1373 5717 ,
1407 5655 1497 5723 qui
1523 5665 1742 5725 peccat.
1779 5655 1869 5712 Di-

273 5735 416 5791 citur
443 5741 589 5795 enim
621 5739 690 5797 de
721 5754 909 5802 sancto
938 5747 1162 5818 Spiritu,
1195 5749 1285 5819 qui
1319 5759 1401 5804 est
1446 5751 1751 5806 secundum
1785 5767 1872 5807 sa-

289 5833 569 5928 pientiam,
607 5841 733 5914 quia
763 5842 835 5900 sit
862 5844 1215 5919 multifariut,
1248 5845 1435 5918 tenuis,
1469 5846 1670 5927 mobilis
1709 5849 1867 5928 (Sep.

1980 4716 2222 4772 auditum
2234 4731 2344 4772 non
2356 4714 2822 4788 graviter-audire,
2845 4714 2940 4769 sed
2959 4715 3150 4770 leviter
3165 4715 3188 4768 ?
3202 4713 3584 4779 Pennteverbi,

1980 4827 2171 4884 penna:
2193 4811 2433 4868 virtutis.
2460 4811 2675 4868 Etenim
2707 4825 2905 4881 penum
2931 4810 3078 4866 verbi
3095 4811 3324 4865 multum
3351 4808 3591 4863 levitatis

1980 4905 2215 4962 alierum.
2235 4926 2247 4962 :
2271 4907 2400 4976 Quis
2429 4907 2571 4962 dabit
2592 4907 2722 4960 mihi
2742 4923 2937 4978 pennas
2961 4907 3092 4960 sicut
3119 4905 3390 4970 columba,
3421 4913 3468 4958 et
3493 4921 3583 4958 re-

1977 5000 2425 5074 quiescam(Psal.
2451 5000 2586 5073 Liv)?
2606 4999 2871 5056 [laodicit
2894 4999 3193 5069 Prophetes
3218 5013 3325 5053 non
3345 5013 3510 5052 orans
3527 5007 3588 5052 tit
3636 5068 3640 5072 Δ

1977 5097 2284 5166 corporalis
2317 5111 2527 5166 pennas
2547 5096 2784 5165 accipiat
2803 5094 3092 5158 colornbaz,
3125 5093 3221 5148 sed
3254 5109 3466 5163 pennas
3489 5108 3584 5148 c0-

1979 5190 2179 5247 lnmba:
2209 5191 2453 5260 Spiritus
2485 5191 2683 5245 sancti.
2707 5189 2850 5244 Dicit
2877 5199 3060 5242 autem
3098 5203 3288 5242 rursus
3318 5186 3581 5242 Salomon

1978 5287 2046 5341 de
2067 5285 2238 5342 divite
2272 5283 2617 5356 :Componet
2663 5297 2844 5340 autent
2898 5283 3001 5336 sibi
3055 5296 3258 5350 pennas
3303 5283 3581 5353 quomodo

1976 5381 2180 5451 aquila,
2210 5389 2266 5436 et
2287 5380 2631 5436 convertitur
2659 5381 2715 5434 in
2743 5379 2909 5432 domo
2939 5375 3058 5444 ejus
3104 5375 3194 5445 qui
3231 5383 3430 5444 praeest
3471 5375 3574 5429 illis

1978 5474 2033 5528 Si
2087 5475 2424 5544 accipiamus
2478 5473 2646 5544 igitur
2713 5483 2966 5541 pennas,
3031 5467 3231 5522 leviter
3289 5467 3579 5524 audiemus

1977 5567 2164 5640 (Prov.
2199 5566 2380 5639 unt).
2409 5567 2466 5623 Si
2497 5575 2680 5622 autem
2703 5563 3137 5634 peccaverimos,
3162 5571 3218 5617 et
3235 5562 3580 5633 negligentes

1977 5661 2434 5720 fuerimuseirea
2475 5660 2616 5723 aias,
2645 5669 2702 5714 et
2736 5654 3070 5713 deduxerint
3110 5672 3309 5726 penna:
3353 5665 3579 5721 nostrae,

1978 5758 2328 5830 gravabimur
2355 5800 2370 5826 ,
2421 5767 2477 5812 et
2518 5755 2758 5828 graviter
2803 5753 3110 5810 audiemus.
3163 5753 3399 5810 Auribus
3427 5767 3581 5824 ergo

2015 5855 2130 5914 suis
2165 5863 2480 5932 peccatores
2507 5851 2748 5929 graviter
2775 5851 3082 5930 audierunt.
3127 5851 3328 5928 Otnues
3369 5850 3592 5929 quidem
