3846 7232
285 300 392 360 927

1536 310 1594 368 S.
1637 307 1908 368 EUSEBII
1950 310 2336 371 IIIERONYMI

3485 322 3591 381 9‘28

285 420 485 490 Judaei,
511 423 603 492 qui
631 414 760 478 ttiuc
779 423 1073 480 audierunt
1099 423 1464 495 Salvatorem,
1490 427 1732 498 graviter
1759 443 1883 486 eum
1911 431 1966 493 A
1989 430 2220 500 Quando
2247 433 2654 501 convertimur,
2691 447 2746 492 et
2783 443 2943 491 sanat
2985 450 3085 492 nos
3129 436 3276 494 Deus
3298 479 3314 504 ,
3369 438 3595 495 mittens

281 514 598 582 audierunt,
616 514 740 572 ideo
766 531 870 572 non
892 515 1261 573 crediderunt.
1291 517 1476 589 Usque
1510 518 1674 575 hodie
1701 527 1886 575 autem

284 616 555 679 quotquot
581 608 870 665 audientes
899 608 1212 680 Scripturas
1235 653 1250 678 ,
1282 626 1391 667 non
1420 611 1648 668 audiunt
1677 628 1893 668 sermo-

290 715 416 757 nem
446 701 788 773 spiritaliter,
820 704 910 775 qui
941 704 1079 760 levis
1099 714 1203 771 est,
1235 706 1331 763 sed
1353 707 1614 777 litteram,
1656 724 1778 779 quae
1807 720 1891 766 est

283 796 468 865 gravis
496 806 548 852 et
573 797 852 864 occidens,
874 798 1115 869 graviter
1135 799 1386 856 audiunt.
1413 802 1587 874 Atque
1618 803 1691 858 ita
1713 801 1890 874 dupli-

281 888 419 944 citer
445 889 662 946 auditur
686 890 986 963 Scriptura.
1029 892 1112 948 Ab
1142 907 1209 949 eo
1232 893 1329 965 qui
1353 909 1460 951 non
1496 895 1753 968 intelligit
1771 913 1892 966 qute

285 981 564 1051 dicuntur,
597 987 834 1057 graviter
854 987 1075 1043 auditur
1100 1006 1114 1046 :
1146 989 1214 1044 ab
1236 1005 1302 1045 eo
1334 1005 1491 1058 vero,
1518 991 1610 1062 qui
1638 991 1894 1062 intelligit

285 1090 431 1144 eam,
480 1092 585 1133 non
641 1079 817 1135 solum
869 1081 1086 1136 auditur
1135 1097 1241 1137 non
1273 1084 1531 1154 graviter,
1583 1083 1678 1140 sed
1710 1086 1892 1156 potius

281 1179 464 1225 acute.
489 1169 644 1226 Unde
687 1181 741 1227 et
784 1173 877 1244 qui
929 1173 992 1228 ﬁt
1037 1174 1371 1246 intelligens,
1404 1176 1466 1230 fit
1489 1175 1728 1232 auditor.

365 1266 481 1322 VII.
513 1267 609 1324 Est
634 1277 690 1323 et
718 1269 866 1325 aliud
897 1280 1078 1326 autem
1110 1271 1260 1342 quod
1295 1273 1651 1343 prophetatur
1683 1272 1753 1328 de
1797 1287 1893 1344 po-

299 1360 428 1430 pulo
473 1360 809 1428 Judzeorum,
839 1374 893 1418 et
925 1362 996 1420 de
1023 1365 1279 1421 omnibus
1329 1366 1486 1422 nobis
1531 1365 1579 1421 si
1628 1380 1890 1436 peccave-

293 1456 466 1511 rimus
496 1471 510 1509 :
541 1455 608 1510 Et
637 1457 816 1512 oculos
842 1474 963 1513 suos
992 1460 1324 1526 clauserunt,
1368 1460 1641 1530 nequando
1682 1460 1888 1516 rideant

289 1549 477 1616 oculis,
503 1560 549 1604 et
571 1551 792 1605 auribus
814 1552 1052 1619 audiant,
1085 1563 1134 1608 et
1165 1551 1320 1607 corde
1338 1553 1654 1624 intelligant.
1690 1554 1890 1609 Eorum

290 1643 382 1714 qui
411 1659 516 1700 non
549 1645 759 1713 vident,
792 1647 1013 1718 quidam
1045 1647 1176 1703 czeci
1200 1658 1348 1715 sunt,
1384 1657 1438 1704 et
1465 1657 1691 1719 propter
1736 1649 1894 1704 caeci-

292 1748 458 1794 tatem
493 1754 601 1796 non
626 1741 809 1796 vident
835 1759 846 1796 :
873 1741 1096 1813 quidam
1129 1742 1181 1796 in
1214 1742 1454 1798 tenebris
1473 1753 1622 1807 sunt,
1647 1751 1704 1798 et
1729 1758 1891 1814 prop-

1993 525 2243 593 verbum,
2263 528 2406 598 quod
2433 539 2588 584 sanat
2611 544 2729 596 eos,
2752 531 2843 601 qui
2869 531 3065 587 volunt
3085 532 3269 588 curari
3294 532 3350 588 in
3375 531 3598 589 Christo

1993 618 2144 686 Jesu,
2178 620 2266 675 cui
2291 629 2378 676 est
2404 621 2578 692 gloria
2613 632 2669 679 et
2701 623 2994 696 imperium
3025 622 3078 680 in
3112 627 3317 681 smcula
3367 625 3597 682 sarculo-

1994 728 2136 771 rum.
2163 713 2358 769 Amen.

2517 807 2804 865 HOMILIA
2831 807 3154 868 SEPTIMA.

2069 944 2146 1000 De
2172 962 2228 1000 eo
2249 945 2387 1017 quod
2415 947 2665 1018 scriptum
2686 957 2763 1002 est
2786 964 2804 1003 :
2832 948 2976 1006 Ecce
2995 964 3096 1022 ego
3126 958 3181 1005 et
3208 949 3386 1021 pueri,
3413 958 3521 1007 clc.

2642 1038 2771 1111 Cap.
2804 1039 2940 1098 VIII.

2073 1177 2284 1250 1133
2327 1176 2364 1230 Ι.
2410 1177 2492 1233 Da
2545 1178 2766 1251 sapienti
2823 1179 3166 1247 occasionem,
3222 1189 3267 1234 et
3313 1178 3601 1250 sapientior

1997 1273 2112 1340 erit,
2145 1273 2277 1328 dicit
2302 1288 2485 1329 sermo
2515 1273 2736 1330 divinus
2759 1272 2958 1347 (Prov.
2984 1291 3038 1330 ιιι
3057 1275 3099 1346 ).
3121 1273 3482 1329 Occasionem
3503 1288 3602 1328 au-

2000 1377 2107 1422 tem
2134 1379 2460 1438 aet-cperunt
2487 1367 2842 1423 sacratissimi
2871 1367 3119 1438 Apostoli
3147 1366 3217 1421 ad
3253 1366 3599 1422 intellectum

1999 1461 2443 1532 propheticorum
2466 1477 2804 1519 sermonum.
2831 1463 3064 1518 Oremus
3087 1461 3258 1517 Deum
3281 1470 3341 1516 ut
3361 1460 3601 1531 accipia-

1997 1569 2120 1610 mus
2147 1555 2472 1625 sapientiam
2516 1564 2570 1611 et
2617 1556 2892 1626 possimus
2940 1555 3057 1611 fieri
3104 1553 3474 1625 sapientiores
3504 1570 3602 1624 per

1995 1649 2337 1705 occasionem
2372 1649 2758 1720 Apostolorum
2798 1651 2866 1705 ad
2894 1649 3196 1722 Prophetas
3217 1649 3598 1718 exponendas.

1998 1741 2292 1812 Apestolus
2325 1741 2622 1798 recordans
2651 1742 2814 1814 hujus
2855 1743 2984 1799 dicti
3012 1762 3025 1797 :
3064 1741 3201 1797 Ecce
3220 1758 3316 1814 ego
3344 1752 3394 1798 et
3420 1743 3596 1814 pueri,

292 1844 442 1890 terea
467 1851 573 1890 non
605 1836 953 1892 videntzalii
975 1846 1157 1893 autem
1182 1853 1362 1909 neque
1390 1838 1442 1892 in
1470 1837 1711 1894 tenebris
1739 1846 1888 1907 sunt,
1927 1855 1970 1914 Β
2000 1850 2130 1906 quos
2184 1833 2323 1890 Deus
2364 1835 2505 1889 dedit
2547 1833 2697 1903 mihi,
2744 1834 2948 1891 deinde
2988 1833 3155 1890 infert
3207 1843 3265 1890 et
3301 1833 3600 1890 edisserit:

293 1934 472 1999 neque
499 1930 631 1985 caaci
662 1939 805 1996 sunt,
839 1931 933 1986 sed
962 1933 1088 2002 quia
1115 1930 1376 1987 claudunt
1407 1931 1597 1987 oculos
1619 1972 1633 1996 ,
1667 1945 1776 1986 non
1811 1929 1892 1986 vi-

290 2021 444 2077 dent.
482 2021 551 2078 Et
579 2023 683 2079 scit
705 2023 803 2078 has
824 2023 1184 2092 differentias,
1207 2041 1328 2096 qua:
1351 2025 1686 2096 principales
1708 2023 1892 2080 cordis

290 2115 466 2171 nostri
497 2125 644 2182 sunt,
685 2116 965 2185 Scriptura
993 2117 1200 2174 divina.
1251 2117 1390 2173 Dicit
1441 2119 1588 2174 enim
1639 2118 1892 2174 Salvator

293 2209 398 2274 his,
427 2209 518 2280 qui
549 2219 677 2264 sunt
703 2210 754 2265 in
784 2211 1042 2278 vinculis,
1071 2210 1230 2266 Exite
1253 2229 1271 2267 :
1294 2222 1349 2268 et
1378 2211 1483 2278 his,
1527 2213 1616 2282 qui
1658 2213 1712 2266 in
1742 2221 1893 2268 tene-

296 2301 408 2355 bris
441 2318 458 2356 :
490 2312 547 2356 ut
584 2303 656 2356 eis
697 2302 972 2357 reveletur.
1007 2303 1076 2358 Et
1112 2304 1406 2359 sedentibus
1449 2306 1502 2359 in
1551 2307 1795 2378 regione,
1845 2318 1893 2360 et

291 2396 478 2449 umbra
529 2398 710 2452 mortis
738 2439 753 2464 ,
799 2398 893 2452 tua:
937 2407 1053 2453 orta
1097 2409 1172 2454 est
1208 2400 1304 2456 eis.
1350 2400 1443 2455 Isti
1477 2414 1584 2456 non
1636 2400 1895 2457 viderunt

293 2491 438 2557 ideo,
471 2491 595 2562 quia
630 2491 851 2548 fuerunt
880 2495 934 2548 in
965 2492 1210 2550 tenebris
1235 2536 1250 2559 ,
1301 2493 1477 2550 donec
1527 2495 1769 2550 oriretur
1815 2495 1896 2551 eis

291 2583 405 2637 lux.
431 2584 622 2650 Surdi,
653 2586 874 2652 audite;
916 2597 972 2642 et
1007 2588 1167 2654 eieci,
1220 2588 1473 2659 aspicite.
1522 2589 1588 2644 Et
1632 2590 1754 2646 ideo
1806 2591 1893 2645 isti

296 2690 404 2729 non
434 2675 700 2732 viderunt
731 2688 878 2745 ante,
909 2680 1035 2749 quia
1070 2681 1396 2736 naturaliter
1425 2683 1555 2737 caeci
1587 2691 1764 2737 erant.
1794 2681 1896 2749 Qui

295 2785 428 2825 vero
455 2771 665 2844 1133
697 2784 860 2829 extra
891 2758 991 2829 ista
1040 2785 1198 2842 sunt,
1248 2776 1448 2846 quique
1497 2775 1565 2831 ad
1611 2792 1895 2848 compara-

294 2866 500 2921 tionem
555 2882 824 2923 czeeorum
875 2879 929 2924 et
963 2885 1154 2925 eorum
1204 2873 1295 2941 qui
1350 2871 1401 2926 iu
1458 2872 1702 2928 tenebris
1745 2883 1892 2942 sunt,

299 2961 472 3017 multo
501 2964 724 3032 pejores
754 2975 881 3019 sunt
913 2985 926 3020 :
963 2965 997 3019 ii
1026 2975 1192 3029 sunt,
1241 2967 1329 3036 qui
1372 2965 1496 3020 ideo
1528 2982 1634 3021 non
1684 2966 1891 3029 vident,

293 3060 420 3126 quia
450 3057 636 3113 oculos
658 3071 854 3128 sponte
873 3061 1199 3115 clauserant.
1231 3059 1343 3114 Hoc
1373 3070 1552 3114 autem
1577 3060 1648 3114 ita
1672 3075 1815 3131 esse,
1841 3073 1898 3115 ut.

295 3149 651 3215 asseruimus,
681 3149 932 3205 Salvator
953 3150 1082 3204 mihi
1113 3150 1422 3206 testimonio
1445 3151 1548 3205 erit
1577 3151 1766 3208 dicens
1790 3169 1803 3207 :
1838 3153 1898 3207 Si

294 3241 420 3294 eieci
446 3241 644 3306 essetis,
680 3258 784 3296 non
813 3243 1072 3296 haberetis
1094 3252 1379 3310 peccatum.
1416 3241 1575 3296 Nunc
1613 3253 1784 3298 autem
1816 3245 1899 3297 di-
1925 3271 1972 3335 Ο

295 3335 412 3387 citis
435 3335 557 3402 quia
579 3336 835 3400 videmus,
861 3347 1130 3406 peccatum
1150 3347 1376 3391 vestrum
1391 3348 1566 3392 manet
1587 3338 1768 3410 (Joan.
1795 3339 1895 3410 Is).

217 3425 222 3432 ’
301 3426 361 3481 Et
396 3428 534 3483 bene
565 3428 662 3494 ait,
697 3427 880 3484 dicitis
908 3430 1034 3497 quia
1063 3428 1314 3485 videmus
1343 3472 1356 3495 ,
1411 3447 1538 3487 vere
1577 3433 1724 3487 enim
1771 3433 1903 3490 dicit

294 3520 423 3591 quia
450 3521 693 3587 videant,
719 3530 775 3578 et
802 3521 1041 3578 habeant
1069 3523 1491 3594 possibilitatem
1525 3525 1773 3594 videndi,
1803 3527 1898 3581 sed

295 3614 616 3670 claudentes
647 3616 861 3683 oculos,
894 3631 1002 3672 non
1024 3617 1235 3673 vident.
1274 3617 1343 3672 Et
1374 3607 1418 3672 Si
1449 3619 1668 3689 quando
1695 3619 1899 3675 videris

299 3710 638 3780 ingeniosam
672 3710 739 3766 ad
766 3711 1182 3781 intelligendum
1206 3712 1468 3780 animam,
1498 3723 1553 3768 et
1577 3714 1824 3769 velocem
1845 3725 1900 3770 et

294 3804 559 3871 alacrem,
617 3820 722 3859 non
766 3804 1122 3860 meditantem
1168 3804 1386 3876 eloquia
1433 3805 1570 3874 Dei,
1629 3821 1900 3878 cognosce

293 3900 420 3970 quia
448 3915 556 3956 non
588 3913 814 3969 propter
844 3901 1149 3956 caecitatem
1183 3916 1290 3954 non
1325 3899 1471 3956 videt
1497 3915 1590 3966 ea,
1620 3916 1741 3972 quae
1771 3917 1902 3956 con-

291 3994 534 4048 tinentur
582 3996 634 4049 in
677 3992 1009 4064 Seripturis;
1043 3994 1253 4065 nongob
1283 3994 1370 4061 id,
1403 3995 1530 4066 quia
1561 3995 1615 4050 in
1647 3995 1896 4051 tenebris

287 4085 379 4152 sit,
411 4086 506 4142 sed
531 4088 653 4157 quia
674 4086 877 4142 claudit
901 4087 1111 4142 oculos.
1143 4085 1199 4143 Si
1231 4102 1364 4158 ergo
1389 4086 1631 4142 audieris
1650 4087 1899 4159 Scriptu-

292 4191 411 4234 ram
447 4178 686 4234 divinam
717 4179 991 4235 dicentem
1039 4181 1144 4248 his,
1197 4183 1290 4252 qui
1340 4181 1606 4239 claudunt
1654 4185 1892 4242 oculos:

289 4273 446 4340 aperi
477 4273 668 4328 oculos
700 4283 846 4339 tuos,
880 4283 934 4329 et
964 4283 1114 4330 recta
1145 4274 1290 4342 vide,
1321 4276 1474 4347 aperi
1502 4278 1694 4334 oculos
1731 4279 1802 4335 ab
1829 4293 1895 4334 eo

292 4365 436 4436 quod
467 4365 746 4421 clauseras
776 4385 788 4420 :
827 4378 957 4420 tunc
1001 4367 1208 4437 poteris
1241 4368 1431 4426 videre
1478 4380 1649 4437 recta,
1677 4383 1729 4426 et
1764 4386 1895 4427 con-

294 4458 539 4514 siderare
571 4460 759 4516 lumen
795 4459 1008 4532 1134
1029 4460 1298 4518 veritatis.
1331 4464 1398 4520 Et
1427 4477 1653 4522 accusat
1673 4467 1892 4538 quidem

290 4567 410 4619 eos,
439 4553 506 4606 de
535 4553 732 4622 quibus
761 4556 1046 4624 queritur,
1079 4573 1178 4612 cur
1207 4559 1396 4613 oculos
1423 4558 1687 4614 claudant
1719 4575 1788 4616 ne
1813 4562 1896 4614 vi-
1945 4598 1949 4602 -

2002 1929 2138 1994 Quia
2160 1944 2281 2002 ergo
2307 1929 2453 2000 pueri
2477 1929 2981 1984 communicaverunt
3005 1929 3252 2001 sanguini
3271 1940 3319 1983 et
3348 1929 3516 1995 carni,
3553 1939 3602 1982 et

1999 2023 2110 2094 ipse
2139 2023 2374 2095 proxime
2403 2039 2490 2078 eos
2520 2024 2712 2093 factus,
2755 2023 2846 2094 qui
2880 2023 3264 2096 participantur
3293 2037 3474 2075 eorum
3497 2037 3516 2076 :
3543 2033 3602 2075 ut

2001 2131 2091 2186 per
2120 2125 2337 2170 mortem
2366 2114 2601 2170 destruat
2626 2132 2764 2181 eum,
2797 2116 2884 2186 qui
2911 2115 3190 2188 imperium
3219 2113 3372 2170 habet
3393 2121 3599 2180 mortis,

2003 2209 2107 2263 hoc
2129 2219 2232 2276 est,
2258 2209 2546 2275 Zabulum,
2577 2220 2624 2264 et
2643 2218 2790 2264 eruat
2815 2226 2902 2265 eos
2925 2210 3234 2281 quicumque
3257 2218 3401 2262 metu
3421 2211 3603 2262 mortis

1999 2303 2054 2356 in
2082 2304 2442 2373 sempiternam
2486 2303 2640 2356 vitam
2680 2303 2752 2356 rei
2794 2311 2939 2357 erant
2965 2301 3221 2357 servitutis
3261 2299 3462 2371 (Hebr.
3502 2313 3601 2372 ιι).

2003 2395 2170 2468 Igitur
2196 2395 2320 2467 quia
2355 2397 2508 2467 pueri
2544 2397 2840 2467 participes
2873 2395 3052 2452 effecti
3083 2403 3210 2450 sunt
3237 2395 3520 2466 sanguinis
3547 2403 3607 2450 et

2003 2491 2207 2559 carnis,
2240 2501 2292 2547 et
2321 2492 2576 2548 Salvator
2597 2502 2786 2547 noster
2811 2489 3234 2547 communicavit
3262 2491 3414 2545 carni
3438 2499 3606 2561 atque

2004 2585 2290 2657 sanguini;
2331 2585 2569 2641 alienum
2603 2585 2748 2641 enim
2773 2596 2892 2641 erat
2924 2602 2954 2639 a
2978 2593 3171 2640 natura
3217 2593 3273 2640 et
3313 2582 3607 2638 divinitate

2005 2681 2148 2751 ejus,
2174 2681 2495 2751 sanguinem
2544 2690 2598 2735 et
2631 2696 2855 2736 carnem
2882 2680 3168 2750 suscipere
3193 2697 3207 2734 :
3231 2686 3461 2750 propter
3501 2693 3605 2734 nos

2003 2783 2190 2829 autem
2213 2787 2300 2838 ea,
2331 2789 2453 2843 quze
2481 2773 2586 2829 sibi
2609 2782 2768 2829 erant
2795 2773 2974 2828 aliena
2997 2773 3266 2843 suscepit,
3287 2781 3350 2827 ut
3377 2770 3603 2827 domes-

2009 2866 2145 2922 ticos
2175 2866 2275 2921 sibi
2305 2866 2530 2934 faceret,
2555 2869 2646 2937 qui
2671 2866 2948 2922 [iteramus
2970 2865 3134 2922 alieni
3156 2879 3258 2937 per
3289 2876 3601 2936 peccatum.

2009 2961 2073 3016 Et
2113 2960 2332 3030 quidem
2365 2960 2666 3031 Apostolus
2705 2959 2787 3015 sic
2831 2961 3122 3032 exposuit,
3167 2957 3363 3015 dicens
3407 2976 3419 3014 :
3466 2957 3606 3026 Quia

2004 3072 2129 3128 ergo
2160 3057 2304 3123 pueri
2335 3057 2838 3112 communicaverunt
2868 3056 3116 3129 sanguini
3139 3067 3188 3110 et
3214 3056 3382 3123 carni,
3415 3067 3464 3109 et
3496 3055 3605 3128 ipse

2004 3153 2238 3223 proxime
2268 3167 2354 3205 eos
2379 3152 2549 3222 factus
2578 3160 2672 3219 est,
2703 3151 2793 3223 qui
2824 3151 3202 3222 participantur
3246 3165 3452 3204 eorum.
3489 3148 3606 3216 Ego

2005 3256 2188 3302 autem
2217 3246 2417 3313 dicam,
2447 3246 2703 3314 quoniam
2733 3245 3008 3315 quomodo
3037 3256 3094 3301 et
3115 3245 3266 3315 pueri
3301 3258 3606 3298 commmu-

2005 3340 2324 3394 nicaverunt
2353 3340 2601 3410 sanguini
2642 3351 2698 3396 et
2738 3339 2915 3405 carni,
2956 3348 3014 3394 et
3060 3338 3177 3408 ipse
3228 3334 3445 3409 1135.
3474 3350 3604 3406 pro-

2005 3436 2153 3490 xime
2187 3449 2283 3490 eos
2316 3433 2514 3502 factus,
2547 3436 2636 3506 qui
2667 3435 3066 3505 participantur
3095 3447 3284 3487 eorum
3324 3431 3441 3485 :sic.
3473 3433 3599 3500 quia

2007 3528 2158 3598 pueri
2225 3543 2334 3582 non
2403 3537 2633 3598 possunt
2706 3526 2965 3582 fortiores
3039 3524 3226 3580 audire
3299 3537 3606 3587 sermones,

2001 3623 2204 3678 debent
2250 3621 2394 3677 enim
2429 3632 2485 3676 ut
2525 3623 2680 3693 pueri
2730 3620 2919 3676 audire
2971 3632 3258 3676 sermones
3299 3617 3415 3682 Dei,
3482 3634 3604 3688 pro-

2005 3728 2123 3790 pter
2170 3717 2272 3772 hoc
2317 3715 2491 3772 iactus
2543 3718 2598 3771 in
2645 3715 2907 3786 sanguine
2959 3728 3254 3784 puerorum
3297 3726 3457 3767 (ausa
3504 3714 3599 3780 qui

2008 3811 2557 3866 communicaverunt
2586 3809 2737 3864 carni
2765 3820 2819 3863 et
2855 3807 3128 3878 sanguini,
3172 3805 3329 3875 quasi
3363 3803 3605 3875 parvulis

2005 3906 2255 3976 loquens,
2290 3904 2530 3975 loquitur
2557 3919 2664 3958 nou
2687 3902 2867 3958 divina
2893 3911 2949 3958 et
2971 3899 3288 3967 ineffabilia,
3313 3898 3408 3954 sed
3452 3915 3603 3969 qutu-

2002 4013 2235 4070 Cumque
2264 4013 2461 4070 capere
2495 4007 2721 4069 possunt
2745 3997 2971 4068 parvuli.
3000 3995 3215 4051 Parvuli
3260 4005 3444 4048 autem
3478 4008 3600 4047 om-

2003 4107 2101 4148 nes
2127 4092 2374 4162 homines
2405 4101 2549 4158 sunt,
2578 4092 2623 4146 si
2650 4104 2744 4146 eos
2767 4103 3054 4160 comparas
3084 4088 3151 4142 ad
3201 4086 3598 4158 perfectionem

2003 4189 2177 4256 vet-hi,
2215 4189 2342 4244 licet
2373 4188 2598 4259 Moysen
2643 4186 2917 4253 nomines,
2943 4183 3070 4240 licet
3091 4197 3259 4238 unum
3291 4181 3502 4236 dixeris
3530 4181 3599 4234 de

2004 4281 2324 4351 Pr0phetis;
2349 4281 2474 4336 licet
2494 4279 2785 4348 Joannem,
2813 4293 2922 4350 quo
2946 4277 3121 4348 major
3144 4277 3199 4332 in
3230 4275 3376 4331 natis
3407 4274 3599 4329 mulie—

2005 4390 2124 4430 rum
2161 4388 2324 4429 nemo
2356 4373 2454 4428 fttit
2486 4371 2722 4446 (Matth.
2755 4371 2875 4438 x1):
2915 4371 3044 4426 licet
3074 4368 3143 4425 ad
3172 4368 3470 4440 Apostolos
3509 4383 3598 4421 ve-

2006 4467 2125 4522 nias
2157 4486 2167 4520 :
2202 4466 2445 4534 Petrum,
2475 4466 2560 4521 cui
2587 4475 2759 4536 porta:
2790 4462 2950 4520 inferi
2977 4478 3084 4518 non
3108 4462 3450 4517 invalescent
3479 4461 3598 4514 :vel

2003 4559 2254 4625 Paulum,
2281 4560 2372 4630 qui
2406 4569 2591 4627 raptus
2618 4569 2703 4614 est
2733 4574 2902 4629 usque
2925 4557 2991 4612 ad
3021 4556 3239 4612 tertium
3276 4555 3504 4619 caelum,
3533 4564 3587 4608 et

287 4648 474 4702 deant.
507 4648 622 4704 Non
656 4663 839 4706 autem
872 4661 923 4706 et
957 4651 1058 4707 hoc
1104 4653 1259 4719 dicit,
1307 4653 1431 4723 quia
1482 4668 1588 4708 non
1638 4654 1890 4723 expediat
1925 4666 1977 4726 ι)
2003 4651 2215 4707 audivit
2249 4651 2542 4706 indicihilia
2575 4651 2738 4707 verba
2781 4650 2867 4723 (ll
2897 4650 3017 4705 Cor.
3067 4647 3206 4720 stt):
3231 4665 3339 4702 non
3369 4647 3598 4720 deponis

291 4741 588 4809 aliquando
616 4751 672 4798 et
699 4742 960 4801 claudere
989 4747 1188 4802 animm
1218 4747 1430 4803 oculos.
1477 4747 1711 4819 Expedit
1741 4751 1886 4805 enim

291 4836 434 4891 sicut
463 4838 815 4894 manifestum
843 4839 974 4895 fecit
1004 4842 1191 4908 Isaias,
1223 4842 1415 4899 dicens
1440 4843 1494 4898 in
1525 4842 1630 4909 his,
1659 4860 1782 4915 qua:
1813 4860 1893 4900 se-

289 4941 529 5000 quttutur
556 4949 569 4984 :
607 4931 736 4999 Quis
765 4934 1089 4989 annuntiavit
1104 4936 1243 4990 vobis
1259 4937 1429 4991 locum
1452 4945 1700 4990 wternum
1730 4935 1886 5008 (Isni.

287 5041 481 5090 nutu,
509 5025 652 5096 ‘24)?
683 5026 785 5093 Qui
814 5028 1055 5084 ambulat
1080 5029 1133 5084 in
1153 5030 1399 5099 justitia,
1426 5041 1482 5087 et
1513 5032 1751 5103 loqttitur
1796 5050 1889 5088 ve-

288 5134 403 5173 ram
437 5120 600 5183 viam.
631 5129 687 5175 et
714 5132 948 5187 rectam,
977 5123 1240 5179 obturans
1263 5141 1446 5192 aures,
1474 5135 1534 5181 ut
1561 5142 1669 5182 non
1702 5127 1894 5183 audiat

283 5210 546 5279 judicium
577 5213 883 5283 sanguinis,
912 5224 966 5268 et
997 5215 1260 5271 claudens
1291 5219 1514 5285 oculos,
1564 5230 1620 5274 ut
1663 5235 1768 5274 non
1805 5222 1885 5274 vi-

287 5304 412 5359 deat
440 5305 801 5376 iniquitatem.
831 5307 886 5364 Si
918 5307 1160 5363 futurum
1190 5321 1292 5375 est,
1326 5319 1386 5366 ut
1415 5311 1667 5382 aperiens
1693 5313 1887 5369 oculos

291 5401 508 5460 animae.
544 5402 785 5466 audiam,
815 5414 871 5458 et
892 5403 1125 5458 sentiam
1160 5405 1511 5476 turpiloquia,
1558 5407 1756 5463 melius
1807 5417 1896 5464 est

290 5494 543 5550 claudere
557 5495 799 5562 auditus,
830 5511 993 5575 quam
1019 5495 1211 5551 audire
1235 5513 1355 5567 quae
1375 5509 1632 5553 noceant.
1662 5500 1894 5566 Quando

289 5604 422 5659 ergo
452 5588 744 5644 claudam?
772 5587 1000 5658 Quando
1033 5589 1174 5644 mala
1207 5588 1488 5656 dicuntur,
1521 5601 1578 5645 ut
1603 5607 1781 5662 neque
1815 5593 1895 5646 in-

297 5681 536 5753 telligam
585 5695 670 5738 ea.
725 5681 957 5749 Quando
1004 5680 1241 5739 videnda
1302 5689 1435 5738 sunt
1481 5680 1702 5753 eloquia
1760 5683 1896 5739 Dei?

2000 4760 2188 4800 eorum
2216 4745 2473 4815 gloriam,
2493 4745 2704 4813 dicens,
2730 4747 2853 4817 quia
2884 4755 2939 4801 et
2970 4745 3070 4816 ipsi
3104 4743 3156 4799 in
3184 4744 3268 4800 eis
3291 4760 3412 4812 qua:
3441 4743 3603 4798 intel-

2002 4841 2256 4895 lexerunt
2299 4841 2710 4911 comparatione
2754 4857 2970 4910 eorum,
3022 4856 3142 4909 qua:
3174 4855 3281 4895 non
3318 4839 3603 4896 intellexe-

2005 4944 2151 4997 runt,
2177 4933 2524 5002 parvulorum
2544 4933 2848 5002 disciplinis
2879 4933 3075 4990 eruditi
3099 4941 3249 4999 sunt,
3278 4949 3398 5002 qua:
3423 4931 3604 4986 homi-

2003 5025 2162 5083 nibus
2185 5024 2489 5080 traduntur.
2517 5025 2655 5080 Dicit
2677 5040 2810 5094 ergo
2832 5025 3084 5082 Salvator
3105 5040 3214 5080 non
3238 5024 3307 5079 de
3331 5024 3440 5092 his,
3464 5040 3602 5095 quos

2002 5115 2201 5171 Paulus
2224 5117 2276 5172 in
2303 5115 2521 5172 Christo
2544 5119 2804 5188 parvulos
2830 5129 3129 5189 nuncupat,
3155 5129 3214 5174 et
3233 5120 3434 5173 asserit
3460 5120 3599 5172 lacte

2000 5211 2290 5279 putandos,
2334 5219 2390 5265 et
2419 5226 2525 5267 non
2557 5210 2682 5265 forti
2726 5211 2873 5275 cibo,
2922 5211 3020 5266 sed
3050 5211 3117 5268 de
3145 5213 3402 5267 omnibus
3435 5213 3593 5266 simul

1997 5303 2348 5358 hominibus:
2378 5301 2513 5358 Ecce
2545 5321 2638 5378 ego
2669 5315 2716 5359 et
2746 5307 2951 5377 parruli
2983 5307 3100 5374 mei,
3136 5323 3266 5378 quos
3299 5305 3428 5360 mihi
3458 5307 3598 5360 dedit

1998 5395 2138 5454 Deus
2160 5397 2210 5470 (I
2231 5397 2353 5452 Cor.
2377 5402 2492 5470 ιιι).
2529 5399 2728 5456 Verum
2749 5401 3028 5473 quomodo
3051 5403 3102 5456 iu
3135 5403 3320 5472 pueris
3348 5403 3440 5456 alii
3471 5413 3597 5456 sunt

1999 5493 2121 5548 aliis
2159 5494 2421 5559 acriores,
2469 5505 2522 5550 et
2566 5509 2628 5551 ea
2661 5512 2782 5566 qua:
2824 5497 2902 5551 eis
2945 5505 3072 5552 sunt
3109 5495 3306 5550 tradita
3355 5496 3594 5550 velocius

2005 5600 2462 5662 consequuntur:
2503 5594 2600 5659 sic,
2649 5593 2886 5665 inquam,
2932 5601 2957 5630 α
3005 5593 3240 5648 similem
3299 5593 3595 5664 ingeniosis

2004 5687 2188 5756 pueris
2222 5685 2435 5760 1135
2461 5685 2669 5745 factum
2697 5687 2940 5760 Moysen,
2975 5699 3033 5747 et
3060 5685 3385 5759 Prophetas,
3419 5686 3514 5744 sed
3546 5697 3598 5743 et

372 5861 392 5892 ί
441 5861 635 5917 Deerat
666 5863 720 5919 in
764 5865 1092 5936 praecedenti
1123 5851 1362 5925 editione
1393 5864 1497 5924 vox
1526 5861 1774 5932 similem,
1809 5848 2207 5938 typotlietarum
2238 5871 2545 5928 oscitantis.

571 6284 3844 6888 -ή-ιι

3827 6124 3838 6180 i
