4080 6326
225 240 326 298 929

685 239 1126 302 TRANSLATIO
1163 239 1605 302 HOMILIARUM
1645 238 1970 300 ORIGENIS
2008 238 2076 296 IN
2121 237 2430 299 VISIONES
2469 239 2698 300 ISALE.
2741 239 2906 300 HOM.
2952 241 3070 301 VII.

3418 242 3523 300 950

227 357 438 415 Domini
489 357 658 414 nostri
713 359 841 415 Jesu
916 358 1117 416 Christi
1168 361 1482 432 Apostolos.
1529 361 1821 432 Propterea
1854 357 1908 425 Α
1929 357 2047 412 sive
2073 367 2343 413 sacratam
2373 358 2912 430 contemplationem,
2943 355 3272 424 respondete
3295 354 3375 415 eis
3399 372 3520 428 quae
3555 409 3562 414 .

226 453 524 510 sentientes
553 455 900 524 semetipsos,
935 457 1027 527 qui
1057 455 1270 512 etiamsi
1304 455 1654 526 profecerint,
1682 470 1812 525 pue-

227 560 409 602 rorunt
445 545 774 613 profecerint
812 545 1081 618 profectu,
1117 546 1410 604 dixerunt:
1439 545 1523 602 Ea:
1552 556 1700 620 parte
1730 563 1820 602 co-

228 643 542 714 gnoscimus,
579 651 631 698 et
667 658 732 697 ea:
768 651 917 710 parte
950 641 1323 713 prophetamus
1362 639 1549 713 (lCor.
1578 640 1684 712 tu).
1711 640 1824 696 Nec

228 733 372 789 enim
395 731 573 788 adhuc
588 732 836 788 veritatis
859 733 1096 810 negotia,
1113 731 1209 788 sed
1234 732 1457 788 umbras
1478 734 1821 804 negotiorum

230 825 670 896 conspiciebant;
689 839 789 881 nec
813 825 1030 897 plenam
1049 825 1247 892 lucem,
1262 824 1358 881 sed
1378 825 1666 881 obscuram
1685 825 1791 880 ima
1804 855 1824 866 -

229 919 431 990 ginem.
459 916 698 990 ideoque
717 917 1062 989 repetebant,
1095 916 1344 974 dicentes
1370 936 1384 972 :
1424 917 1662 972 Videmus
1692 933 1826 972 nunc

231 1029 321 1085 per
347 1011 631 1085 speculum,
673 1021 720 1068 et
768 1013 822 1067 in
870 1013 1168 1084 tenigniate,
1216 1021 1339 1067 tunc
1364 1021 1541 1067 autem
1583 1012 1715 1082 facie
1757 1011 1826 1066 ad

232 1107 414 1178 faciem
437 1107 481 1178 (Ι
491 1104 610 1162 Cor.
630 1107 774 1179 xtu).
796 1107 929 1175 Quis
944 1121 1074 1178 ergo
1094 1107 1211 1164 haec
1235 1106 1420 1179 legens
1445 1117 1500 1162 et
1520 1105 1830 1178 intelligens

232 1199 530 1268 inflabitur,
581 1207 639 1257 et
676 1199 921 1272 erigetur
965 1215 1130 1268 super
1160 1201 1474 1269 scientiam,
1519 1217 1618 1257 seu
1664 1214 1830 1272 super

232 1291 618 1364 quodcumque
637 1292 951 1350 donorum?
979 1293 1194 1350 Etenim
1223 1303 1439 1359 cuncta,
1463 1310 1587 1364 quae
1612 1293 1678 1349 ad
1699 1309 1832 1366 pue-

233 1403 326 1443 ros
356 1387 718 1456 devenerunt,
752 1387 927 1443 multo
985 1386 1253 1444 inferiora
1283 1396 1411 1444 sunt
1449 1387 1558 1453 his,
1587 1404 1710 1460 quin
1743 1403 1834 1445 re-

231 1480 413 1551 posita
435 1487 564 1536 sunt
591 1479 750 1536 viris.
780 1480 987 1536 Debent
1017 1495 1148 1552 ergo
1177 1494 1284 1536 non
1307 1480 1514 1536 elevari
1559 1490 1618 1536 et
1644 1495 1832 1551 super-

233 1571 352 1630 bire
384 1575 442 1642 ii,
473 1573 564 1644 qui
598 1572 854 1629 videntur
895 1573 1036 1629 inter
1077 1588 1276 1645 pueros
1308 1573 1536 1628 acrioris
1594 1572 1823 1643 ingenii,

232 1673 289 1721 et
318 1664 634 1721 velocioris.
669 1665 806 1720 istos
837 1674 1015 1721 autem
1047 1679 1247 1736 pueros
1277 1664 1528 1720 homines
1557 1663 1687 1720 dicit
1716 1679 1834 1720 om-

1924 449 2046 505 dico
2080 469 2092 504 :
2123 451 2254 520 Qua:
2284 461 2433 517 sunt,
2465 468 2588 524 quae
2610 468 2705 508 eos
2733 454 2932 510 docet?
2963 455 3021 509 in
3050 452 3407 525 sequentibus
3429 450 3520 508 di-

1924 544 2019 599 cit.
2054 545 2120 599 Et
2147 554 2274 600 sunt
2310 545 2556 617 quidam,
2588 549 2678 617 qui
2715 551 2941 603 mittunt
2973 562 3090 614 vos,
3127 547 3304 619 magis
3336 554 3547 604 autem.

1925 635 2376 706 catechumenos,
2397 649 2658 710 quantum
2683 639 2736 695 in
2762 641 2899 710 ipsis
2924 649 3008 697 est
3029 640 3096 695 ad
3119 640 3521 711 ventriloquos.

1926 726 2027 796 Qui
2058 727 2202 783 enim
2232 729 2422 784 volunt
2463 746 2564 786 vos
2604 732 2685 788 ire
2712 732 2778 788 ad
2813 732 2979 801 idola,
3025 733 3094 788 de
3141 735 3343 804 quibus
3384 734 3523 789 scri-

1927 831 2078 893 ptum
2127 830 2250 878 est:
2286 823 2354 877 Et
2398 841 2571 880 omnes
2618 825 2694 879 dii
2740 827 2972 900 gentium
3001 826 3294 904 daemonia,
3330 827 3521 882 volunt

1928 929 2031 970 vos
2069 915 2150 970 ire
2179 930 2286 970 non
2315 916 2492 972 solum
2524 917 2590 972 ad
2619 919 3015 991 ventriloquos,
3063 918 3162 975 sed
3194 918 3261 974 ad
3301 933 3521 976 omnem

1929 1010 2168 1080 speciem
2209 1010 2540 1066 tlazmonum.
2572 1013 2968 1069 Verumtamen
2998 1012 3142 1070 Deus
3181 1023 3388 1078 noster,
3421 1011 3520 1086 qui

1929 1105 1984 1162 in
2015 1106 2158 1161 coelo
2189 1116 2244 1162 et
2275 1105 2331 1161 in
2365 1115 2508 1160 terra
2541 1105 2794 1161 universa
2825 1106 2973 1174 facit,
3004 1106 3204 1162 evellat
3229 1121 3328 1162 nos
3355 1121 3385 1160 a
3415 1107 3526 1162 da:-

1933 1200 2208 1266 monibus,
2240 1207 2298 1256 et
2327 1199 2621 1255 familiares
2665 1199 2770 1255 sibi
2826 1201 2992 1256 faciat
3046 1216 3143 1272 per
3169 1201 3524 1256 Salvatorem

1934 1303 2176 1350 nostrum
2199 1293 2382 1350 Jesum
2411 1293 2713 1350 Christum.
2747 1292 2939 1350 Videte
2957 1309 3087 1365 ergo
3115 1294 3406 1366 nequando
3430 1294 3526 1350 dc-

1933 1385 2166 1453 cipiatur
2194 1385 2428 1456 alicujus
2449 1401 2518 1442 ex
2548 1385 2706 1441 vobis
2735 1383 2941 1452 anima,
2973 1395 3031 1439 ut
3059 1386 3236 1442 adhuc
3267 1386 3530 1458 ambigat,

1934 1491 1992 1540 et
2019 1482 2408 1547 dubitet.-cum
2439 1480 2674 1536 audierit
2720 1480 2896 1549 illum,
2939 1487 2997 1537 et
3028 1481 3180 1536 illum
3215 1479 3529 1538 hominem:

1937 1575 1997 1632 In
2029 1575 2120 1631 illo
2148 1585 2173 1612 ⁸
2205 1575 2354 1630 idolo
2387 1575 2601 1630 dazmon
2631 1574 2848 1629 curavit
2892 1573 3045 1629 illum
3078 1572 3434 1643 languorem:
3463 1573 3533 1628 il—

1938 1666 2031 1722 lud
2062 1675 2117 1724 et
2144 1667 2274 1723 illud
2307 1665 2594 1723 divinavit.
2623 1667 2729 1722 Ista
2763 1667 2948 1721 omnia
2982 1666 3130 1722 idola
3168 1674 3300 1722 sunt
3326 1665 3536 1722 daemo-

236 1774 360 1824 nes,
387 1774 521 1832 quos
541 1769 596 1814 et
623 1757 877 1813 Salvator
896 1757 1310 1814 demonstrabat
1339 1775 1352 1812 :
1379 1757 1536 1824 Ecce,
1566 1758 1825 1830 inquiens,
1858 1760 1910 1822 B
1937 1776 2087 1828 num,
2129 1769 2186 1817 et
2226 1761 2511 1818 hominum
2561 1776 2670 1816 non
2717 1761 3168 1831 cognoscentium
3220 1758 3535 1814 veritatem.

234 1869 353 1928 ego,
378 1863 426 1908 et
456 1852 604 1924 pueri
631 1853 735 1908 mei
763 1868 890 1922 quos
921 1852 1050 1907 mihi
1079 1852 1220 1907 dedit
1249 1851 1408 1908 Deus.
1442 1855 1651 1909 Donum
1673 1869 1832 1909 acce-

237 1945 312 2017 pit
347 1956 405 2002 et
435 1945 687 2002 Salvator
717 1961 747 2000 a
779 1945 910 2002 Deo.
946 1945 1117 2002 Nemo
1143 1947 1288 2002 enim
1319 1948 1470 2003 venit
1499 1948 1566 2003 ad
1597 1964 1742 2015 eum,
1789 1950 1833 2005 si

237 2057 347 2097 non
380 2040 470 2112 qui
502 2040 650 2098 misit
679 2056 825 2109 eum,
857 2043 1144 2098 attraxerit
1187 2043 1503 2099 venientem
1541 2043 1608 2098 ad
1646 2043 1837 2100 Salva—

238 2141 440 2202 torem,
472 2134 615 2190 sicut
643 2136 696 2190 in
721 2134 1036 2206 Evangelio,
1067 2135 1211 2206 quod
1241 2137 1540 2192 secundum
1569 2135 1838 2193 Joannem

235 2238 321 2282 est
373 2226 684 2283 didicimus.
720 2226 788 2282 Et
817 2227 1076 2298 quoniam
1125 2228 1338 2298 accepit
1367 2229 1570 2286 donum
1603 2245 1634 2286 a
1673 2230 1838 2287 Patre

235 2334 356 2384 eos,
377 2322 468 2391 qui
485 2319 735 2389 credunt,
751 2321 954 2378 idcirco
983 2321 1251 2394 Propheta
1271 2323 1340 2379 de
1360 2324 1437 2380 eis
1463 2324 1540 2380 ait
1564 2340 1578 2381 :
1600 2324 1732 2380 Ecce
1745 2341 1839 2397 ego

237 2425 288 2472 et
301 2418 476 2488 pueri,
493 2434 622 2490 quos
644 2415 768 2472 mihi
790 2418 930 2473 dedit
944 2416 1101 2473 Deus.
1123 2416 1232 2474 Nec
1253 2419 1520 2489 putandus
1534 2429 1616 2477 est
1632 2435 1736 2476 non
1752 2419 1844 2475 ha-

239 2508 428 2566 buisse
444 2509 534 2580 qui
552 2509 782 2580 accepit,
799 2525 922 2565 cum
951 2510 1127 2566 adhuc
1146 2509 1342 2566 habeat
1362 2510 1478 2582 ipse
1495 2511 1583 2582 qui
1607 2511 1836 2568 dederit.

311 2604 383 2661 ll.
427 2605 634 2662 Deinde
663 2606 715 2660 in
744 2605 971 2675 reliquis
1001 2606 1294 2678 prephetat
1323 2605 1575 2661 Salvator
1615 2605 1672 2661 in
1701 2605 1839 2662 Pro-

242 2701 411 2773 pheta
443 2701 631 2757 dicens
659 2700 902 2756 futurum
926 2713 1052 2755 esse
1083 2711 1141 2754 ut
1167 2715 1289 2755 cum
1307 2701 1589 2770 acceperit
1616 2714 1840 2772 pueros,

242 2792 399 2864 signa
427 2801 483 2848 et
527 2791 775 2863 prodigia
804 2790 935 2847 fiant
970 2792 1024 2846 in
1065 2791 1255 2846 Israel.
1300 2791 1472 2848 liabet
1498 2803 1682 2847 autem
1716 2793 1792 2847 ita
1825 2809 1840 2846 :

241 2887 313 2944 Et
357 2898 506 2944 erunt
547 2889 697 2963 signa
728 2898 774 2943 et
807 2887 1051 2961 prodigia
1091 2888 1146 2943 in
1187 2885 1358 2943 Israel
1387 2905 1420 2941 a
1464 2885 1692 2943 Domino
1742 2888 1844 2943 Sa-

243 2979 426 3047 baoth,
458 2981 546 3048 qui
573 2979 775 3034 habitat
803 2981 859 3034 in
886 2986 1059 3034 monte
1100 2979 1254 3036 Sion.
1288 2979 1391 3048 Qui
1443 2980 1590 3037 enim
1635 2980 1848 3035 habitat

245 3073 305 3128 in
329 3071 723 3144 speculatorio,
751 3081 809 3128 et
840 3075 896 3128 in
923 3073 1072 3128 omni
1099 3072 1283 3128 anima
1312 3081 1493 3143 potest
1519 3074 1846 3146 conspicere

1936 1854 2232 1912 Ascendite
2260 1855 2444 1911 animo
2467 1855 2535 1910 ad
2564 1855 2762 1922 Deum,
2789 1855 2881 1926 qui
2912 1863 3000 1910 est
3021 1854 3264 1909 omnium
3293 1863 3534 1922 creator,

1937 1958 1992 2004 ct
2013 1959 2329 2020 comparate
2352 1949 2608 2020 pietatem
2636 1949 2796 2004 istam
2825 1951 2996 2014 omni,
3019 1963 3142 2020 qua:
3171 1947 3533 2004 annuntiatur

1938 2057 2062 2098 esse
2095 2043 2290 2113 pietas,
2327 2058 2427 2098 nec
2454 2052 2538 2099 est
2560 2042 2755 2112 pietas,
2781 2050 2837 2097 et
2865 2041 3072 2107 videte,
3105 2043 3230 2113 quia
3260 2057 3361 2098 vos
3391 2041 3538 2100 beati

1938 2135 2093 2191 estis.
2143 2136 2274 2203 Quis
2303 2136 2449 2190 enim
2495 2135 2695 2191 similis
2728 2135 2850 2203 tibi,
2884 2135 3083 2206 popule
3121 2135 3332 2192 salvate
3361 2150 3392 2190 a
3423 2135 3536 2190 Do-

1941 2226 2126 2282 mino?
2173 2227 2239 2281 Et
2280 2228 2430 2282 beata
2457 2245 2578 2301 gens
2610 2230 2761 2299 cujus
2805 2227 3061 2284 Dominus
3093 2227 3234 2284 Deus
3271 2231 3408 2302 ejus,
3440 2245 3540 2299 po-

1941 2330 2096 2400 pulus
2124 2345 2276 2400 quem
2305 2328 2458 2400 elegit
2488 2329 2542 2383 in
2573 2327 2945 2383 habitationem
2977 2327 3074 2381 sibi
3103 2326 3290 2400 (Psol.
3319 2329 3538 2397 cxuv).

1941 2421 2108 2477 Beata
2149 2422 2351 2492 quippe
2409 2434 2548 2490 gens
2584 2419 2691 2474 fuit
2727 2418 3001 2491 quondam
3057 2417 3402 2486 Juddorum,
3443 2419 3544 2477 sed

1941 2515 2183 2589 perdidit
2204 2515 2621 2581 beatitudinem,
2641 2522 2698 2572 et
2717 2515 2890 2585 ejecta
2918 2524 3001 2571 est
3023 2513 3093 2571 de
3117 2515 3236 2570 loco
3264 2530 3385 2580 suo,
3414 2515 3542 2586 quia

1945 2624 2091 2675 eum,
2134 2609 2224 2679 qui
2255 2609 2457 2665 missus
2486 2616 2596 2674 est,
2628 2618 2684 2663 et
2705 2607 3082 2663 testimonium
3117 2606 3308 2663 habuit
3347 2609 3546 2679 patris,

1945 2719 2053 2761 non
2094 2704 2269 2759 solum
2303 2719 2404 2775 per
2434 2703 2659 2774 Legem,
2712 2712 2768 2758 et
2813 2701 3142 2774 Prophetas,
3176 2718 3367 2758 verum
3400 2712 3456 2760 et
3489 2705 3544 2761 in

1945 2799 2140 2870 signis,
2187 2807 2243 2854 et
2286 2795 2570 2868 prodigiis,
2614 2795 2882 2851 insidians
2925 2795 3220 2852 interfecit.
3254 2795 3548 2854 Beatitudo

1947 2904 2076 2960 ergo
2125 2887 2536 2959 transmigravit
2583 2885 2650 2941 ad
2681 2899 2784 2942 nos
2813 2883 2945 2940 Jesu
2972 2884 3178 2941 Christi
3207 2884 3532 2956 discipulos,

1948 2993 2004 3040 et
2023 2985 2300 3040 credimus
2331 2984 2384 3039 in
2413 2996 2482 3038 eo
2502 2982 2833 3037 inconcusse
2860 2989 2917 3037 et
2947 2981 3102 3037 firme
3123 2981 3370 3036 viventes
3387 2979 3542 3051 juxta

1952 3077 2055 3131 hoc
2082 3075 2226 3146 quod
2257 3075 2404 3130 docti
2433 3089 2645 3130 sumus.

244 3167 563 3235 veritatem,
597 3166 703 3222 iste
734 3165 868 3223 facit
901 3166 1056 3238 signa
1087 3176 1143 3224 et
1171 3168 1418 3240 prodigia
1463 3184 1564 3240 per
1593 3169 1847 3226 Salvato-
1873 3149 1919 3213 Ο
2022 3169 2111 3224 Ill.
2156 3168 2220 3223 Et
2250 3169 2294 3224 si
2319 3167 2544 3224 dixerint
2571 3167 2641 3220 ad
2675 3182 2762 3222 vos
2787 3183 2807 3222 :
2832 3166 3062 3236 Quwrite
3105 3167 3458 3240 ventriloquos
3499 3175 3549 3222 et

244 3269 465 3327 rem,et
485 3270 604 3331 post
624 3261 966 3317 Salvatorem
989 3276 1086 3332 per
1105 3263 1419 3332 Apostolus,
1444 3272 1497 3319 et
1517 3262 1849 3336 ubicumque

244 3351 526 3408 invenitur
541 3351 720 3409 anima
739 3361 862 3424 apta
879 3353 1186 3410 ministerio
1208 3354 1492 3426 signorum
1509 3367 1563 3412 et
1574 3356 1850 3430 prodigio«

249 3461 375 3504 rum
421 3445 541 3513 Dei,
591 3447 706 3504 sive
747 3446 902 3519 juxta
959 3448 1261 3519 spiritalem
1307 3451 1674 3520 curationem,
1725 3451 1848 3508 sive

249 3542 597 3600 sensibiliter
626 3541 974 3600 exhortando
1007 3559 1122 3610 eos,
1158 3548 1251 3615 qui
1286 3544 1516 3600 veniunt
1549 3545 1616 3600 ad
1662 3545 1846 3610 fidem,

251 3652 365 3693 non
397 3643 485 3691 est
515 3639 728 3692 otiosus
752 3637 917 3706 Deus,
951 3638 1041 3708 qui
1069 3648 1196 3693 tunc
1227 3637 1362 3694 fecit
1400 3628 1552 3710 signa
1584 3647 1640 3694 et
1669 3638 1854 3708 prodi-

251 3729 366 3802 gia,
398 3727 566 3783 etiam
600 3743 744 3785 nunc
773 3729 992 3800 operari
1038 3745 1123 3786 ea.
1169 3729 1236 3785 Et
1278 3731 1322 3784 si
1352 3730 1579 3786 dixerint
1619 3732 1690 3784 ad
1718 3747 1805 3786 vos
1834 3747 1853 3786 :

256 3828 493 3897 Qucerite
518 3825 863 3900 ventriloquos
902 3837 949 3883 et
991 3844 1076 3885 eos
1108 3829 1198 3901 qui
1227 3828 1292 3883 de
1312 3835 1451 3883 terra
1481 3828 1733 3897 clamant,
1765 3828 1853 3896 qui

252 3923 434 3977 inania
463 3921 764 3994 loquuntur,
806 3923 895 3994 qui
935 3921 999 3976 de
1025 3931 1198 3976 ventre
1237 3920 1486 3990 clamant,
1534 3938 1638 3977 non
1681 3930 1856 3996 gentes

255 4016 328 4071 ad
359 4015 524 4072 Deum
549 4033 699 4070 suum
728 4017 1017 4087 requirunt,
1049 4016 1140 4087 qui
1168 4017 1450 4089 exquirunt
1479 4016 1542 4071 de
1570 4016 1858 4071 viventibus

261 4123 498 4168 mortuos
526 4110 673 4185 (Isa.
703 4127 820 4177 vtu,
856 4109 976 4183 t9).
1010 4111 1293 4168 Attendite
1316 4113 1576 4182 quoniam
1615 4111 1850 4170 obscure

259 4208 403 4265 dicta
433 4214 588 4275 sunt,
619 4215 677 4262 et
705 4205 869 4263 debet
909 4221 1129 4274 sensus,
1186 4207 1299 4262 Deo
1327 4205 1448 4278 ipso
1481 4205 1750 4277 largiente
1791 4215 1848 4261 et

257 4300 558 4370 revelante,
597 4299 880 4357 cohaerere
919 4299 1320 4370 superioribus.
1374 4300 1541 4356 Docet
1568 4313 1702 4371 ergo
1733 4312 1853 4367 nos,

261 4403 326 4451 ut
351 4410 461 4451 non
488 4394 659 4450 simus
689 4393 919 4450 aliorum
944 4406 1263 4449 sermonum
1293 4389 1573 4462 discipuli,
1605 4391 1709 4446 nisi
1743 4404 1860 4447 cm—

265 4491 483 4548 Iestium
529 4498 586 4548 et
631 4491 923 4547 bonorum.
983 4489 1124 4544 Sunt
1179 4487 1327 4544 enim
1368 4485 1586 4559 quidam
1645 4485 1860 4558 1136

1949 3279 2035 3320 eos
2064 3263 2152 3336 qui
2187 3262 2248 3317 de
2281 3271 2419 3317 terra
2449 3261 2680 3316 clamant
2710 3259 2906 3334 (Joan.
2939 3277 2978 3330 ι,
3017 3260 3146 3334 16).
3187 3260 3324 3330 Quia
3361 3260 3548 3317 inania

1951 3359 2270 3430 loquuntur,
2304 3355 2634 3426 vaniloquos
2665 3354 2988 3410 nominavit.
3017 3352 3209 3410 Omnis
3238 3369 3426 3410 sermo
3459 3353 3551 3425 qui

1950 3450 2169 3518 dicitur,
2203 3457 2297 3505 aut
2326 3462 2534 3503 vacuus
2555 3455 2661 3513 est,
2692 3454 2785 3501 aut
2815 3445 3010 3516 plenus
3041 3445 3296 3501 veritate.
3333 3443 3553 3500 Vacuus

1951 3553 2034 3598 est
2064 3556 2250 3599 sermo
2279 3541 2458 3596 omnis
2486 3538 2578 3610 qui
2610 3538 2842 3593 mendax
2872 3547 2977 3593 est.
3012 3536 3212 3593 Plenus
3234 3537 3445 3609 1137
3467 3545 3554 3592 est

1952 3647 2134 3693 autem
2167 3635 2428 3702 veritate,
2461 3633 2552 3704 qui
2586 3631 2755 3688 habet
2784 3631 3074 3686 scientiam
3112 3630 3209 3687 Dei
3261 3633 3554 3687 universo-

1953 3747 2094 3800 rnm,
2124 3737 2180 3785 et
2208 3729 2373 3784 docet
2399 3725 2767 3782 utcredamus
2789 3723 2903 3780 Deo
2936 3723 3220 3794 pollicenti
3252 3738 3419 3794 regna
3445 3737 3564 3780 ete-

1956 3823 2130 3880 lorum
2162 3821 2366 3878 sanctis
2392 3821 2527 3875 suis.
2576 3817 2716 3875 Vide
2745 3833 2877 3889 ergo
2905 3817 3035 3889 quid
3067 3816 3276 3884 dicant,
3320 3815 3414 3888 qui
3446 3832 3552 3873 non

1953 3916 2180 3973 fuerunt
2207 3913 2508 3984 vaniloqui,
2543 3926 2720 3982 neque
2765 3909 2925 3966 vacui
2981 3925 3241 3982 umquam
3280 3924 3556 3981 apparue-

1956 4020 2086 4068 runt
2113 4013 2165 4066 in
2196 4018 2496 4080 conspectu
2553 4004 2795 4062 Domini.
2827 4003 2940 4060 Nos
2987 4019 3182 4060 omnes
3213 4019 3284 4060 cx
3319 4003 3558 4074 plenitu-

1957 4107 2086 4164 dine
2123 4105 2241 4178 ejus
2280 4104 2596 4174 accepimus
2644 4099 2846 4172 (Joan.
2878 4115 2918 4163 ι.
2957 4099 3084 4172 l6).
3119 4098 3223 4168 Qui
3273 4097 3550 4168 vaniloqui

1958 4211 2087 4259 sunt
2119 4217 2227 4258 non
2259 4200 2463 4256 habent
2491 4197 2596 4254 hoc
2615 4211 2681 4252 ex
2718 4194 3082 4267 plenitudine,
3113 4193 3209 4250 sed
3247 4207 3444 4250 omnes
3473 4209 3559 4248 va-

1958 4296 2048 4352 cui
2095 4302 2224 4350 sunt
2275 4292 2532 4360 veritate,
2585 4289 2740 4346 vacui
2771 4297 2898 4344 sunt
2952 4289 3188 4355 virtute,
3241 4290 3397 4344 vacui
3427 4296 3560 4344 sunt

1961 4387 2200 4444 Christo.
2231 4385 2287 4442 Si
2324 4384 2562 4441 dixerint
2601 4382 2779 4449 vobis,
2820 4381 3038 4454 quaerite
3083 4397 3170 4438 eos
3201 4382 3291 4452 qui
3328 4382 3392 4437 de
3421 4391 3562 4437 terra

1962 4481 2206 4548 clamant,
2230 4479 2317 4550 qui
2346 4478 2528 4534 inania
2553 4475 2854 4546 loquuntur,
2889 4475 2979 4547 qui
3014 4474 3079 4531 de
3111 4484 3282 4530 ventre
3310 4475 3559 4530 clamant.

266 4584 630 4658 loquentium,
663 4593 719 4641 et
745 4583 1124 4654 pollicentium
1157 4543 1473 4638 doctrinam
1503 4543 1860 4650 veram,-
1887 4543 1940 4604 D
1966 4573 2102 4631 Volo
2132 4574 2318 4630 dicere
2348 4582 2403 4630 et
2437 4587 2684 4638 causam,
2733 4584 2903 4642 quare
2939 4570 3044 4628 hoc
3073 4570 3414 4641 potissimum
3445 4570 3560 4625 dic-

267 4697 376 4737 non
406 4680 702 4750 loquuntur
725 4677 995 4742 caelestia,
1021 4675 1114 4732 sed
1142 4684 1382 4732 terrena.
1403 4673 1508 4743 Qui
1525 4683 1601 4728 est
1621 4689 1684 4728 ea:
1706 4682 1862 4737 terra,

266 4775 331 4829 de
359 4783 498 4828 terra
526 4771 753 4842 loquitur
777 4785 796 4825 :
817 4771 903 4840 qui
935 4769 998 4823 de
1025 4767 1154 4823 caelo
1184 4768 1338 4836 venit,
1369 4782 1524 4838 super
1553 4781 1727 4820 omnes
1756 4773 1864 4820 est:

265 4875 314 4923 et
358 4865 494 4938 quod
538 4863 664 4919 vidit
708 4873 756 4917 et
799 4861 1017 4928 audivit,
1065 4859 1375 4932 testiﬁcatur
1407 4856 1599 4929 (Joan.
1645 4857 1760 4922 Ill).
1806 4855 1864 4912 Si

267 4959 416 5030 quis,
444 4957 540 5022 ait,
570 4956 778 5029 pueris,
812 4954 906 5024 qui
936 4955 990 5010 in
1020 4967 1108 5010 me
1134 4953 1398 5018 credunt,
1433 4950 1644 5006 dixerit
1674 4967 1688 5003 :
1715 4950 1876 5017 Qum-

268 5055 366 5110 rite
414 5051 764 5118 t'entriloquos
817 5058 867 5104 et
917 5064 1001 5104 eos
1043 5047 1133 5118 qui
1175 5046 1240 5102 de
1281 5055 1420 5102 terra
1471 5045 1726 5110 clamant,
1776 5041 1866 5114 qui

269 5148 449 5204 inania
476 5149 774 5216 loquuntur,
804 5144 892 5217 qui
921 5145 984 5200 de
1015 5151 1186 5198 ventre
1227 5143 1478 5208 clamant,
1513 5141 1684 5198 veluti
1717 5154 1864 5210 quaa-

270 5244 375 5300 rite
395 5242 665 5299 daemonia
694 5260 708 5298 :
736 5243 805 5299 ab
835 5254 941 5297 una
970 5239 1118 5294 enim
1149 5238 1336 5310 specie
1365 5237 1628 5292 daemonis
1658 5234 1866 5292 ventri-

273 5338 420 5411 loqui
450 5345 701 5415 τροπικῶς
725 5336 914 5394 omnia
939 5333 1214 5391 daemonia
1243 5332 1603 5403 nuncupavit.
1626 5331 1684 5388 Si
1713 5329 1868 5387 dixe-

274 5433 386 5490 rint
429 5431 610 5498 vobis,
641 5431 872 5503 quaarite
917 5427 1328 5499 ventriloquos,
1361 5427 1465 5483 hoc
1500 5434 1607 5492 est,
1637 5424 1868 5497 qumrite

273 5542 304 5584 a
343 5524 704 5592 daemonibus,
755 5524 872 5581 sive
915 5523 1338 5591 divinationem,
1387 5521 1504 5578 sive
1548 5519 1864 5589 veritatem,

1967 4671 2207 4727 monium
2239 4668 2706 4739 ventriloquorum
2754 4679 2900 4720 nunc
2945 4666 3309 4735 assumpserit
3355 4679 3563 4728 sermo,

1964 4773 2025 4818 ut
2052 4762 2198 4818 dicat
2227 4778 2242 4814 :
2274 4760 2337 4817 Si
2365 4759 2593 4815 dixerint
2613 4758 2682 4812 ad
2702 4773 2809 4827 vos,
2841 4757 3052 4829 qumrite
3081 4757 3446 4828 ventriloquos.
3477 4755 3565 4811 ln-

1965 4857 2153 4914 venies
2183 4867 2398 4923 omnes,
2428 4853 2522 4926 qui
2553 4853 2966 4924 repromittunt,
2997 4865 3102 4908 nec
3131 4850 3336 4907 habent
3364 4849 3566 4905 verita-

1965 4960 2097 5019 tem,
2128 4949 2303 5007 ventri
2333 4963 2437 5006 suo
2466 4947 2792 5014 servientes,
2822 4954 2881 5004 et
2908 4943 3317 5019 quodammodo
3343 4952 3567 5015 propter

1972 5047 2310 5118 voluptatem
2338 5042 2458 5114 ejus
2483 5051 2538 5098 et
2577 5039 2964 5098 abundantiam
2989 5048 3185 5096 cuncta
3217 5037 3418 5094 facere.
3449 5035 3566 5092 Non

1968 5142 2143 5199 solum
2187 5147 2370 5196 autem
2419 5135 2672 5210 gentiles,
2729 5135 2826 5192 sed
2855 5143 2912 5192 et
2939 5149 3055 5200 eos,
3097 5132 3351 5204 quicum
3380 5147 3570 5202 repro-

1969 5237 2188 5292 mittant
2216 5234 2271 5290 in
2299 5232 2524 5290 Christo
2553 5230 2900 5304 religionem,
2938 5227 3180 5284 haeretici
3214 5234 3363 5294 sunt,
3391 5234 3572 5282 etnon

1969 5337 2179 5384 tantum
2212 5326 2360 5396 illos,
2410 5323 2506 5382 sed
2537 5322 2702 5380 etiam
2735 5323 2788 5379 in
2820 5319 3005 5387 nobis,
3059 5317 3153 5390 qui
3193 5317 3571 5375 Ecclesiastici

1970 5437 2188 5490 sumus,
2220 5420 2467 5477 invenies
2498 5419 2734 5490 aliquem
2759 5431 2858 5488 pro
2878 5412 3174 5472 saturitate
3203 5413 3414 5470 ventris
3441 5428 3574 5470 cun-

1971 5523 2058 5573 cta
2087 5529 2302 5587 gerere,
2350 5520 2412 5569 ut
2443 5512 2745 5569 honoretnr
2801 5517 2858 5564 et
2911 5504 3144 5578 accipiat
3174 5519 3423 5574 munera,
3456 5521 3580 5576 qua:

356 5675 383 5703 ιι
423 5663 694 5721 Fortasse
708 5659 875 5732 idolio
897 5657 1197 5732 scripsitS.
1216 5657 1519 5729 Interpres,
1540 5654 1686 5732 quod
1707 5653 1925 5732 Graece
1991 5651 2090 5732 lia.
2117 5648 2310 5732 Altero
2347 5646 2420 5704 ab
2447 5645 2568 5732 hoc.
2580 5658 2745 5732 versu
2772 5638 3586 5732 istd-(intuit:.prggttigbuserat

281 5737 482 5796 dicitur
534 5733 776 5800 “animo,
812 5731 864 5787 id
894 5724 1024 5799 est;
1048 5731 1177 5787 idoli
1214 5724 1412 5797 statua,
1443 5724 1729 5785 autetiam
1757 5724 1902 5800 εἰδῳ-

2000 5721 2088 5778 Ita
2127 5721 2326 5790 omnia,
2373 5715 2756 5783 emendamus,
2788 5721 2848 5770 ut
2873 5721 2930 5770 et
2965 5710 3129 5785 paulo
3181 5710 3416 5769 inferius
3443 5714 3586 5772 omni

284 5789 472 5878 iiiJ,‘
492 5789 1038 5880 quodest'idolorum
1065 5803 1336 5875 templum,
1366 5789 1638 5858 delubrum
1665 5807 1721 5856 et
1748 5797 1899 5855 simi-
1997 5809 2114 5867 qure
2141 5808 2241 5866 pro
2269 5789 2497 5848 omnium
2523 5803 2659 5860 quce,
2689 5794 2797 5844 etc.
