3846 6920
319 268 421 342 93t

1564 275 1621 335 s.
1666 269 1942 333 susum
1980 255 2358 334 muneretur

3502 265 3635 351 {95¢

316 398 373 458 iu
408 399 650 457 Ecclesia
681 398 1019 457 deferuntur.
1057 397 1165 454 iste
1193 397 1321 454 talis
1348 395 1419 453 de
1437 404 1631 453 ventre
1652 396 1916 469 loquitur,
1944 388 2003 454 Δ
2026 404 2137 452 tem
2163 396 2423 453 Israelita:
2454 397 2719 454 habentes
2752 397 2921 454 Deum
2949 411 3166 465 verum,
3215 399 3309 472 qui
3354 409 3443 458 est
3463 416 3629 475 super

316 501 375 551 et
399 493 525 550 fons
553 508 870 551 sermonum
894 492 1087 563 ejusin
1108 500 1297 549 ventre
1317 491 1593 547 consistit.
1626 489 1748 547 Non
1777 493 1920 547 enim

317 587 444 645 fons
472 603 793 645 sermonum
823 587 944 659 ejus
965 588 1033 643 de
1055 586 1223 643 corde
1252 586 1399 641 bono
1423 584 1563 649 lluit,
1596 600 1705 641 non
1734 584 1803 639 de
1829 585 1926 639 bo-

317 686 406 743 nis
444 684 893 757 cogitationibus,
940 697 1051 738 non
1087 683 1158 739 de
1198 689 1388 737 sancto
1429 680 1660 751 Spiritu.
1708 678 1766 737 Si
1804 676 1926 750 quis

319 793 456 851 ergo
485 775 783 850 aliquando
803 790 863 832 se
884 776 1086 831 docere
1107 773 1401 846 promittit,
1427 770 1715 829 observate
1743 779 1929 824 utrum

317 887 610 929 sermones
653 871 774 942 ejus
804 870 875 927 de
905 876 1103 929 ventre
1152 867 1392 924 habeant
1444 865 1798 937 principium,
1854 879 1922 917 an

318 979 452 1022 lion.
503 964 943 1035 Propositionem
990 971 1197 1031 autem,
1232 975 1360 1033 quae
1386 959 1520 1016 mihi
1563 958 1671 1014 dici
1719 966 1922 1027 potest,

315 1058 435 1131 ipse
465 1059 836 1130 interponam,
874 1071 945 1113 ne
971 1055 1116 1111 forte
1157 1055 1279 1125 quis
1302 1070 1369 1110 ex
1401 1053 1557 1108 vobis
1588 1065 1621 1107 a
1647 1064 1925 1123 quoquam

317 1167 445 1209 eam
483 1152 731 1220 audiens,
788 1150 1070 1206 existimet
1124 1156 1223 1204 aut
1252 1147 1594 1218 Scripturam
1643 1144 1745 1199 sibi
1801 1157 1926 1198 esse

316 1248 673 1315 contrariam,
716 1255 809 1302 aut
836 1254 861 1284 ι
889 1261 995 1302 non
1027 1244 1337 1315 inspexisse
1367 1239 1647 1314 quomodo
1673 1246 1928 1311 oporteat

317 1341 629 1413 approbare
676 1353 989 1395 sermonem
1021 1339 1075 1394 in
1106 1351 1204 1394 eos
1239 1333 1682 1403 accusator-ium,
1729 1331 1821 1403 qui
1859 1329 1931 1385 de

317 1444 514 1489 ventre
547 1432 812 1489 clamant.
846 1432 981 1500 Quae
1011 1440 1097 1488 est
1126 1444 1263 1501 ergo
1292 1426 1639 1500 propositio?
1692 1425 1753 1480 Si
1786 1422 1923 1492 quis,

319 1525 416 1593 ait,
453 1526 617 1581 credit
642 1527 696 1580 in
729 1542 832 1592 me,
885 1524 1107 1594 ﬂamina
1137 1522 1202 1577 de
1227 1530 1401 1577 ventre
1430 1522 1543 1593 ejus
1573 1520 1760 1591 ﬂuent,
1808 1517 1929 1588 fons

314 1635 466 1691 aqum
508 1619 744 1673 salientis
784 1619 838 1671 in
878 1618 1035 1671 vitam
1071 1624 1323 1671 «sternam
1363 1610 1554 1685 (Joan.
1601 1616 1732 1681 vn).
1775 1610 1930 1665 Dicat

318 1714 508 1783 itaque
529 1711 727 1782 aliquis
750 1710 820 1767 de
846 1711 953 1776 his,
984 1709 1075 1782 qui
1108 1716 1420 1781 proponunt
1461 1706 1507 1761 si
1548 1703 1798 1763 Salvator
1843 1717 1931 1758 re-

2028 490 2231 553 omnia,
2262 505 2384 544 cum
2426 489 2692 562 quaeritis,
2747 489 2918 546 nolite
2949 490 3324 562 ventriloquos
3348 507 3624 564 quaerere,

2029 598 2211 653 neque
2242 583 2315 640 de
2369 591 2511 639 terra
2543 585 2866 647 clamantes,
2924 600 3100 657 neque
3156 586 3502 659 vaniloquos,
3534 589 3633 645 sed

2029 678 2311 748 proprium
2339 679 2531 734 Deum.
2565 679 2668 746 Qui
2693 689 2935 752 qumnt
2961 680 3026 737 de
3070 681 3357 737 uirentibus
3379 691 3627 738 mortuos.

2028 769 2225 827 Μοτιυί
2255 774 2398 828 enim
2434 785 2558 828 sunt
2614 772 2893 832 daemones
2924 776 3123 846 privati
3176 790 3302 833 vera
3347 777 3481 843 vita,
3511 792 3631 849 qum

2028 863 2163 921 dicit
2186 883 2199 919 :
2225 865 2335 939 Ego
2360 883 2475 921 sum
2504 867 2623 922 vita.
2652 866 2833 926 Nolite
2854 883 2985 940 ergo
3013 879 3263 926 mortuos
3282 869 3540 927 suscitari
3564 871 3631 927 de

2029 957 2174 1013 vivis
2204 959 2439 1030 negotiis
2471 956 2652 1032 (Joan.
2687 960 2823 1033 xiv).
2864 960 3067 1033 Legem
3110 963 3256 1018 enim
3289 962 3630 1033 suscepistis.

2030 1049 2081 1105 0
2105 1064 2224 1119 vos,
2245 1052 2447 1123 quibus
2479 1054 2792 1124 persuaderi
2841 1069 2951 1111 non
2984 1057 3179 1126 potuit,
3214 1066 3273 1111 ut
3311 1056 3632 1128 qumreretis

2032 1143 2134 1202 ista
2157 1143 2227 1201 de
2253 1146 2636 1216 ventriloquis,
2688 1156 2744 1204 et
2790 1148 2865 1205 de
2896 1158 3041 1205 terra
3071 1149 3457 1217 clamantibus,
3480 1150 3632 1205 vanis

2030 1241 2383 1299 sermonibus
2408 1258 2719 1299 sermonem
2741 1244 2987 1300 veritatis
3015 1254 3070 1300 et
3102 1242 3305 1315 legem,
3340 1246 3635 1317 Suscipien-

2032 1344 2116 1392 tes
2139 1350 2261 1392 eam
2314 1336 2368 1391 in
2417 1337 2747 1408 atljutorium
2782 1336 2942 1410 Legis
2968 1350 3187 1406 veSIrm,
3238 1338 3508 1396 attendite
3539 1357 3553 1393 :
3583 1341 3635 1396 iu

2033 1428 2153 1501 lege
2185 1439 2369 1485 vestra
2398 1429 2659 1487 scribitur
2692 1447 2706 1489 :
2737 1428 2852 1487 Non
2883 1433 3130 1505 sequaris
3152 1432 3300 1489 idola
3333 1450 3351 1488 :
3377 1433 3533 1506 juxta
3562 1435 3638 1493 le;

2032 1539 2154 1595 gem
2190 1524 2449 1579 iacientes
2481 1541 2586 1579 nou
2613 1523 2904 1581 attendatis
2918 1526 3303 1599 ventriloquis,
3327 1542 3509 1599 neque
3530 1527 3631 1596 his,

2033 1617 2127 1689 qui
2154 1617 2225 1673 de
2246 1626 2393 1673 terra
2419 1618 2679 1673 clamant.
2714 1618 2907 1691 Legem
2934 1621 3069 1675 enim
3115 1621 3167 1675 in
3198 1621 3525 1695 adiutorium
3554 1624 3639 1677 de-

2032 1711 2131 1779 dit,
2160 1720 2216 1766 ut
2242 1712 2442 1777 dicant,
2468 1729 2569 1768 non
2587 1722 2660 1768 est
2682 1713 2814 1768 sicut
2844 1714 3054 1769 verbum
3082 1715 3246 1785 istud,
3277 1734 3372 1789 pro
3400 1734 3504 1790 quo
3533 1735 3632 1773 non

320 1806 594 1877 promittit
614 1806 759 1861 hunc
794 1820 920 1861 esse
941 1804 1010 1860 de
1033 1811 1225 1860 ventre
1245 1801 1458 1858 fontem
1487 1813 1643 1872 aqua
1683 1797 1931 1854 salientis
1960 1788 2011 1850 B
2035 1811 2111 1859 est
2154 1820 2371 1860 munera
2398 1804 2524 1859 dare
2553 1804 2708 1880 (lsai.
2738 1821 2813 1874 vt,
2866 1806 2975 1880 l0).
3008 1806 3113 1878 Qui
3157 1788 3303 1865 enim
3347 1788 3639 1884 assumpsit

320 1898 378 1956 in
421 1900 587 1954 vitam
620 1910 906 1965 aeternam,
941 1896 1009 1953 de
1050 1897 1203 1968 justo
1231 1895 1529 1968 egreditur,
1562 1904 1619 1949 et
1659 1892 1840 1961 justus
1867 1890 1936 1945 de

322 2002 518 2049 ventre
542 1993 772 2047 clatnat.
805 1989 1093 2062 Siquidem
1124 1989 1247 2045 lens
1273 2002 1453 2060 aquae,
1483 2001 1643 2059 quem
1670 1987 1814 2042 Deus
1846 2000 1934 2040 re-

322 2088 614 2161 promittit,
646 2088 699 2143 in
731 2098 931 2143 ventre
959 2086 1078 2157 ejus
1115 2095 1222 2141 est.
1267 2084 1375 2142 Sed
1406 2083 1701 2140 dicendum
1735 2089 1823 2139 est
1865 2095 1935 2137 ne

319 2182 473 2239 forte
489 2184 629 2238 duos
661 2184 963 2239 habeamus
986 2191 1231 2251 ventres,
1255 2191 1310 2238 et
1341 2182 1480 2237 alius
1508 2181 1583 2237 sit
1608 2178 1931 2249 corporalis,

319 2275 461 2332 alius
482 2276 788 2346 spiritalis;
816 2272 1094 2348 quomodo
1117 2275 1347 2349 reliquae
1377 2282 1582 2347 partes,
1602 2289 1724 2346 qum
1744 2274 1934 2330 viden-

322 2378 413 2427 tur
460 2370 521 2426 in
547 2385 781 2442 corpore
834 2372 1133 2440 neruinari,
1166 2371 1334 2427 veiuti
1386 2382 1511 2427 sunt
1539 2370 1709 2438 oculi,
1740 2385 1935 2426 verum

318 2465 415 2522 alii
442 2467 716 2538 corporis,
744 2467 839 2521 alii
868 2465 1088 2523 anim.
1122 2466 1180 2524 Si
1207 2467 1359 2523 enim
1387 2466 1593 2523 dicitur
1624 2466 1694 2522 de
1730 2464 1933 2521 oculis:

319 2560 636 2616 Mandatum
674 2561 892 2617 Domini
935 2562 1171 2617 lucidum
1196 2562 1509 2618 illuminans
1544 2559 1933 2634 oculos(Psal.

317 2672 485 2715 cxvrtt
500 2657 548 2728 ),
573 2674 679 2714 non
714 2668 847 2731 puto
876 2659 983 2716 hoc
1009 2658 1365 2716 referendum
1392 2658 1461 2715 ad
1508 2658 1705 2715 oculos
1733 2670 1934 2729 corpo-

320 2752 487 2809 rales.
520 2753 588 2808 Et
618 2753 663 2808 si
687 2753 893 2810 dicitur
917 2771 932 2810 :
957 2752 1063 2820 Qui
1097 2754 1254 2809 habet
1282 2770 1437 2810 aures
1460 2753 1718 2809 audiendi
1745 2753 1933 2809 audiat

323 2844 563 2917 (lenit.
596 2844 750 2913 aut),
788 2847 1004 2921 1138
1020 2863 1133 2904 non
1162 2860 1245 2905 est
1275 2848 1575 2920 putandum
1602 2848 1706 2904 hoc
1731 2849 1836 2903 dici
1862 2848 1930 2903 de

315 2940 567 3009 corporis
613 2940 859 3007 auribus,
907 2942 1007 2997 sed
1057 2940 1133 2997 de
1174 2942 1398 3010 animae,
1429 2957 1566 3012 quas
1594 2941 1806 2998 habent
1835 2941 1928 3013 qui

316 3033 509 3088 mundi
531 3042 662 3089 sunt
685 3034 740 3089 in
768 3034 956 3091 auditu
984 3037 1203 3092 anima».
1240 3036 1350 3093 Sed
1377 3037 1485 3092 etsi
1516 3036 1723 3092 dicitur
1754 3036 1807 3092 in
1834 3053 1923 3093 rc-

319 3126 913 3196 promissionemzPes
949 3139 1071 3185 tuus
1116 3146 1222 3184 non
1265 3127 1490 3197 offendet
1530 3128 1720 3202 (Joau.
1772 3144 1863 3186 ιιν
1879 3129 1921 3203 ),

317 3226 428 3276 non
473 3229 561 3276 est
600 3221 979 3279 arbitrantium
1018 3223 1086 3279 de
1124 3225 1378 3295 corporis
1429 3224 1589 3293 pede.
1635 3224 1733 3280 Est
1780 3226 1927 3281 enim

318 3314 545 3386 quidam
568 3330 663 3386 pes
683 3316 869 3373 cordis
896 3317 1212 3388 ingrediens
1234 3316 1302 3373 ad
1331 3332 1478 3385 eum,
1504 3319 1595 3389 qui
1617 3318 1791 3374 dixit:
1820 3318 1931 3393 Ego

313 3425 439 3467 sum
462 3409 564 3465 via.
619 3410 709 3467 Sic
745 3410 910 3483 igitur
955 3411 1159 3468 similis
1197 3413 1378 3469 ventri
1425 3414 1705 3484 corporali
1735 3423 1930 3470 venter

317 3509 406 3558 est
434 3501 654 3570 animae,
686 3502 757 3559 de
785 3519 897 3575 quo
957 3505 1202 3577 loquitur
1238 3507 1463 3577 justus:
1492 3507 1535 3561 A
1580 3507 1765 3562 timore
1812 3516 1922 3577 tuo,

315 3591 565 3663 Domine,
598 3597 657 3650 in
681 3606 854 3652 ventre
876 3599 1232 3671 concepimus,
1256 3609 1305 3654 et
1334 3599 1736 3669 parturivimus,
1767 3609 1814 3655 et
1838 3617 1929 3672 pe-

320 3690 556 3761 perimus
587 3691 833 3759 spiritum
860 3689 1050 3748 salutis
1078 3702 1203 3762 tute,
1245 3708 1400 3762 quam
1437 3695 1611 3767 fecisti
1639 3711 1797 3765 super
1824 3706 1925 3750 ter-

317 3798 436 3838 ram
463 3781 633 3854 (Isai.
669 3799 816 3848 xxvr,
845 3784 969 3857 l6).
998 3787 1338 3857 Quicumque
1368 3796 1548 3844 autem
1579 3788 1799 3860 plenum
1834 3789 1928 3845 ha-

318 3877 452 3934 bent
484 3887 732 3934 ventrem
771 3879 926 3934 vanis
954 3880 1328 3949 sermonibus,
1364 3882 1455 3952 qui
1486 3879 1556 3938 de
1599 3889 1745 3938 terra
1776 3894 1924 3954 sunt,

314 3972 521 4031 habent
548 3982 796 4031 ventrem
827 3974 898 4031 de
932 3985 1079 4031 terra
1110 3977 1505 4033 subsistentem
1547 3978 1616 4035 de
1654 3993 1765 4049 quo
1794 3978 1929 4036 scri-

318 4078 473 4141 ptum
523 4078 609 4125 est
639 4085 656 4126 :
683 4070 823 4126 Deus
861 4080 1034 4126 autem
1074 4081 1125 4128 et
1151 4072 1330 4142 istam,
1381 4082 1428 4128 et
1469 4075 1578 4130 Iure
1626 4073 1931 4147 des!ruet(l

317 4161 440 4219 Cor.
468 4162 566 4235 vr).
607 4163 796 4221 Sancti
834 4180 967 4237 ergo
1000 4178 1257 4223 ventrem
1287 4166 1606 4235 habent,-in
1649 4184 1758 4240 quo
1787 4185 1817 4225 a
1863 4172 1929 4226 ti-

316 4272 479 4314 more
522 4256 742 4312 Domini
772 4269 830 4315 et
861 4272 1257 4330 concepcruut,
1299 4270 1354 4317 et
1385 4262 1583 4333 plenus
1622 4271 1703 4318 est
1736 4272 1931 4322 venter

318 4363 510 4406 eorum
543 4349 788 4407 fontibus
835 4366 993 4424 aquae
1025 4352 1279 4409 salientis
1324 4354 1378 4410 in
1422 4354 1591 4411 vitam
1635 4366 1927 4416 aeternam.

321 4442 400 4500 De
443 4442 550 4499 isto
581 4453 772 4501 ventre
816 4444 894 4501 ait
942 4444 1033 4502 ille
1062 4463 1076 4502 :
1107 4449 1272 4503 Aures
1303 4459 1351 4503 et
1381 4457 1560 4506 uenter
1607 4467 1753 4507 meus
1781 4454 1931 4524 quasi

320 4547 438 4594 uter
467 4537 649 4606 plenus
677 4547 848 4595 musto
877 4554 941 4594 ac
972 4540 1164 4612 ligatus
1194 4539 1355 4612 (Job.
1387 4542 1588 4617 χχιιι).
1624 4544 1750 4601 llaec
1778 4547 1925 4603 enim

320 4630 458 4687 dixit
480 4647 585 4687 non
618 4631 691 4688 de
716 4633 994 4704 corporali
1022 4640 1214 4691 ventre
1244 4652 1258 4688 :
1285 4648 1387 4692 nec
1417 4636 1560 4692 enim
1590 4646 1783 4694 venter
1807 4638 1926 4711 ejus
1952 4647 2008 4710 1)

318 4725 647 4795 corporalis,
677 4726 872 4799 plenus
901 4736 1025 4784 crat
1050 4726 1395 4802 divinorum,
1429 4739 1486 4789 et
1522 4732 1609 4791 his
1638 4735 1925 4806 proximo-

321 4832 444 4876 rum
498 4821 629 4875 vino
670 4819 894 4895 alligato
934 4822 987 4879 in
1015 4820 1055 4861 δι
1084 4831 1285 4880 utrem.
1329 4823 1435 4882 ista
1485 4828 1540 4883 in
1595 4826 1925 4885 solutionem

324 4913 739 4985 propositionis.

398 5003 484 5060 IV.
528 5006 680 5064 Nunc
708 5007 779 5063 ad
809 5007 917 5065 hoc
956 5009 1099 5081 quod
1125 5010 1414 5082 cepimus,
1445 5026 1807 5072 revertamur.
1865 5017 1929 5074 Si

320 5116 445 5175 ergo
471 5101 696 5157 dixerint
724 5102 795 5157 ad
824 5121 932 5173 res,
965 5106 1178 5177 querire
1218 5107 1587 5181 ventriloquos,
1651 5119 1696 5165 et
1729 5126 1813 5166 eos
1840 5113 1930 5183 qui

322 5197 387 5250 de
406 5206 545 5253 terra
573 5198 823 5269 clamant,
858 5217 963 5255 non
990 5216 1116 5275 gens
1148 5205 1217 5257 ad
1252 5203 1416 5261 Deum
1438 5222 1591 5261 suum
1617 5251 1630 5276 ,
1682 5206 1800 5264 haac
1847 5206 1928 5263 eis

324 5290 677 5364 respondete.
733 5292 1069 5353 Deﬁcienter
1089 5304 1275 5355 autem
1305 5299 1525 5358 dicitur.
1552 5301 1678 5359 ΙΙωο
1717 5300 1797 5358 eis
1844 5316 1933 5359 rc-

325 5385 617 5455 spondetc,
646 5404 750 5442 non
794 5405 923 5461 gens
947 5390 1016 5445 ad
1053 5388 1217 5445 Deum
1247 5408 1399 5448 suum
1445 5395 1750 5463 exquiritur.
1787 5392 1933 5452 Una-

327 5490 559 5551 qttt'cquc
587 5493 743 5548 gens,
771 5482 815 5535 si
848 5485 1043 5553 quam
1070 5483 1287 5551 Jovem,
1336 5485 1405 5542 ad
1455 5488 1732 5559 proprium
1763 5488 1929 5544 Deum

328 5573 505 5631 refert
533 5574 682 5646 quod
706 5578 980 5648 qumsivit.
1034 5580 1159 5638 llaec
1188 5582 1271 5639 eis
1317 5583 1665 5654 respondete.
1698 5582 1805 5642 Vos
1832 5601 1932 5641 au-

331 5776 591 5924 ωέιξέπιξ
618 5774 675 5835 iit
705 5779 981 5840 Betiedict.
1009 5784 1153 5851 edit.
1202 5804 1294 5845 uos
1342 5786 1542 5862 legitur
1572 5802 1668 5865 pro
1692 5790 1925 5863 negandi

2038 1896 2262 1969 Legem,
2295 1905 2352 1954 et
2400 1901 2574 1967 novit,
2606 1901 2729 1971 quia
2758 1900 2871 1958 Lex
2921 1900 2975 1957 in
3031 1902 3366 1976 adjutorium
3422 1916 3532 1973 est,
3581 1913 3633 1962 et

2037 1992 2312 2064 prtecipue
2360 1993 2640 2064 spiritalis,
2671 2010 2793 2067 qua:
2821 1994 3100 2053 interdicit
3127 2013 3158 2053 a
3192 1997 3557 2070 ventriioquis
3584 2008 3637 2056 ct

1984 2120 2002 2127 -
2038 2087 2282 2158 auguriis
2322 2103 2612 2158 qua-rere:
2643 2088 2859 2162 1139
2892 2089 2980 2145 hic
3028 2105 3149 2146 cum
3184 2090 3523 2148 intellexerit
3544 2091 3639 2148 Le-

2035 2194 2184 2253 gem,
2219 2182 2380 2239 debet
2406 2181 2684 2237 admirans
2733 2198 2853 2239 eam
2885 2183 3092 2252 dicere,
3143 2182 3354 2240 nullum
3408 2186 3633 2242 verbum

1999 2274 2115 2330 ‘ita
2148 2276 2409 2331 mundum
2464 2276 2605 2348 apud
2645 2275 2866 2334 Graecos
2896 2291 2950 2334 et
3002 2277 3290 2348 Barbaros,
3338 2280 3506 2353 quale
3558 2292 3639 2338 est

2034 2371 2265 2427 verbum
2292 2371 2472 2444 Legis.
2527 2373 2609 2429 Ah
2654 2374 2803 2429 omni
2841 2376 2986 2430 enim
3035 2373 3224 2444 verbo,
3270 2376 3339 2431 ab
3384 2378 3633 2434 universa

2032 2463 2279 2519 doctrina
2330 2466 2611 2520 veritatem
2664 2465 2955 2537 pollicente
3010 2464 3196 2522 differt
3253 2465 3388 2534 Lex,
3440 2483 3563 2539 qu:e
3605 2483 3633 2523 a

2035 2557 2148 2614 Deo
2168 2559 2327 2614 nobis
2346 2557 2472 2615 data
2493 2569 2598 2615 est.
2621 2559 2821 2632 Legem
2845 2560 2991 2616 enim
3031 2561 3083 2616 in
3104 2561 3442 2631 adiutorium
3463 2562 3634 2628 dedit,

2034 2663 2089 2709 ut
2111 2654 2309 2722 dicunt,
2334 2672 2439 2711 non
2472 2659 2605 2711 sicut
2626 2656 2831 2711 uerbum
2862 2658 3020 2713 istud.
3077 2658 3216 2727 Quid
3243 2670 3326 2716 est
3358 2661 3506 2730 quod
3536 2676 3635 2716 non

2033 2756 2118 2802 est
2146 2747 2291 2803 sicut
2322 2749 2550 2804 verbum
2583 2748 2769 2805 istud?
2794 2750 2957 2807 Multa
3002 2761 3128 2807 sunt
3160 2752 3350 2824 verba,
3385 2754 3486 2809 sed
3531 2768 3630 2810 non

2034 2842 2181 2898 sicut
2207 2843 2433 2898 verbum
2476 2843 2643 2898 istud.
2673 2842 2891 2900 Nullum
2922 2842 3070 2901 enim
3117 2845 3343 2907 verbum
3378 2855 3503 2917 post
3519 2860 3635 2902 ver-

2035 2935 2165 2991 bum
2199 2935 2395 3009 Moysi,
2440 2943 2563 3009 post
2586 2935 2810 2993 verbum
2846 2935 3268 3009 Prophetarum,
3326 2939 3501 2995 multo
3554 2953 3637 2993 au-

2034 3040 2138 3087 tem
2172 3030 2401 3099 amplius
2436 3038 2558 3102 post
2595 3031 2817 3088 verbum
2841 3028 2973 3087 Jesu
3001 3029 3207 3087 Christi
3234 3039 3290 3087 et
3335 3030 3629 3105 Apostolo-

2033 3142 2152 3182 rum
2185 3126 2323 3197 ejus.
2359 3124 2496 3182 Vide
2523 3126 2569 3182 si
2602 3142 2710 3183 non
2739 3127 2979 3183 clamant
3007 3140 3202 3182 sensus
3230 3127 3323 3184 Dei
3351 3128 3498 3199 quod
3527 3128 3635 3184 dic-

2036 3229 2145 3275 tum
2175 3231 2254 3278 est
2294 3241 2307 3277 :
2340 3219 2540 3291 Legem
2581 3221 2730 3277 enim
2762 3220 2815 3276 in
2868 3220 3198 3288 adiutorium
3254 3220 3445 3278 dedit:
3481 3233 3534 3277 ut
3559 3220 3634 3278 di-

2032 3322 2180 3381 cant,
2217 3312 2433 3387 ιιω
2457 3313 2547 3386 qui
2581 3322 2913 3385 acceperunt
2962 3314 3159 3387 Legem
3194 3315 3245 3377 in
3287 3314 3631 3385 adjutorium,

2032 3422 2138 3461 non
2168 3413 2253 3462 est
2280 3416 2338 3461 ut
2367 3407 2593 3462 verbum
2628 3407 2795 3474 istud,
2825 3406 2973 3479 quod
2995 3408 3209 3465 locutus
3233 3417 3320 3465 cst
3342 3408 3556 3482 Moyses
3577 3409 3628 3464 in

2032 3497 2189 3570 Lege
2211 3499 2321 3554 lata
2348 3515 2447 3573 per
2478 3502 2715 3572 Angelos
2744 3502 2797 3557 in
2826 3516 2994 3558 manu
3026 3502 3340 3560 mediatoris
3383 3500 3529 3577 (σαι.
3558 3519 3632 3570 Ill,

2034 3589 2144 3661 19).
2180 3589 2349 3645 Multo
2374 3600 2555 3647 autem
2587 3592 2808 3665 dignius
2835 3603 3012 3664 potest
3034 3593 3138 3650 hoc
3159 3593 3406 3651 Ecclesia
3433 3593 3630 3662 dicere,

2033 3697 2143 3738 non
2175 3693 2260 3738 est
2291 3686 2434 3739 sicut
2462 3684 2690 3741 verbum
2725 3685 2891 3755 istud,
2925 3686 3073 3759 quod
3116 3703 3245 3743 caro
3290 3686 3490 3743 iactum
3532 3695 3631 3753 est,

2032 3776 2181 3847 quod
2200 3772 2462 3834 babitaiit
2485 3778 2539 3833 in
2573 3780 2753 3847 nobis,
2787 3778 2945 3851 cujus
2973 3780 3220 3837 videmus
3247 3781 3505 3853 gloriam,
3532 3795 3637 3839 non

2032 3868 2175 3925 sicut
2202 3868 2419 3942 Moyses
2448 3870 2725 3927 velamine
2771 3872 3069 3939 obtectam,
3103 3870 3204 3929 sed
3238 3873 3471 3945 gloriam
3503 3883 3639 3930 tam-

2031 3977 2194 4033 quam
2218 3956 2481 4034 unigeuiti
2515 3976 2546 4017 a
2579 3962 2760 4029 Patre,
2818 3963 2971 4034 pleni
3014 3965 3211 4037 gratia:
3255 3974 3311 4022 et
3360 3967 3633 4023 veritatis.

2031 4059 2148 4115 Non
2181 4071 2265 4117 est
2295 4063 2436 4117 sicut
2473 4061 2705 4118 verbum
2727 4062 2895 4133 istud,
2924 4063 3071 4137 quod
3100 4067 3338 4138 suscepit
3370 4064 3633 4132 Ecclesia,

2038 4157 2091 4213 in
2119 4171 2226 4228 quo
2247 4158 2443 4227 credit,
2470 4173 2569 4229 per
2595 4157 2741 4230 quod
2783 4166 2840 4214 et
2867 4158 3189 4229 salvabitur,
3219 4159 3461 4218 Verbum
3484 4161 3629 4233 quod

2030 4252 2084 4308 in
2107 4253 2374 4324 principio
2394 4262 2510 4309 erat
2541 4251 2687 4323 apud
2715 4252 2905 4323 Deum,
2929 4254 3070 4310 Deus
3095 4253 3361 4320 Verbum,
3394 4256 3483 4312 cui
3515 4254 3632 4329 glu-

2032 4348 2117 4405 ria
2138 4357 2195 4405 et
2225 4347 2509 4419 imperium
2540 4348 2591 4403 in
2620 4348 2815 4404 sarcula
2836 4349 3183 4406 saeculorum.
3218 4351 3415 4408 Amen.

2527 4483 2806 4542 llOMILIA
2844 4483 3146 4543 OCTAVA.

2036 4598 2115 4657 De
2136 4617 2217 4667 eo,
2248 4599 2391 4670 quod
2420 4599 2675 4671 scriptum
2694 4607 2769 4654 est
2793 4614 2812 4655 :
2835 4597 3052 4656 Ululate
3081 4599 3359 4671 sculptilia
3388 4600 3447 4658 iu
3472 4600 3633 4660 lent-

2102 4695 2275 4750 salem
2304 4702 2360 4750 et
2387 4693 2443 4748 in
2464 4690 2714 4749 Samaria
2752 4710 2768 4749 :
2806 4708 2969 4764 usque
3003 4692 3077 4748 ad
3111 4709 3234 4749 eum
3259 4694 3433 4751 locum
3464 4697 3635 4766 inque

2102 4787 2176 4842 ait
2209 4804 2228 4842 :
2260 4797 2315 4843 et
2362 4785 2727 4843 commovebo
2768 4785 3031 4842 civitates
3056 4827 3081 4855 ,.
3127 4801 3250 4858 qua
3298 4786 3632 4845 habitantur.

2101 4878 2242 4950 Cap.
2269 4880 2337 4935 X.

2107 5019 2386 5093 11391.
2429 5017 2564 5075 Olim
2597 5016 2815 5091 quidem
2863 5017 3083 5091 quando
3113 5020 3357 5091 peccavit
3399 5020 3629 5093 populus

2035 5114 2204 5187 prior,
2238 5113 2489 5171 cxcidita
2520 5114 2803 5185 religione,
2837 5124 2894 5171 et
2924 5115 3201 5188 sculptilia
3234 5114 3534 5173 fabricatus
3550 5125 3639 5173 est

2036 5208 2203 5265 Judas
2256 5208 2308 5264 in
2364 5207 2669 5266 Jerusalem
2712 5209 2843 5267 etis
2898 5210 2990 5283 qui
3019 5210 3189 5267 Israel
3232 5210 3553 5278 vocabatur,
3582 5214 3635 5268 in

2036 5303 2306 5361 Samaria.
2364 5302 2422 5359 Si
2448 5285 2629 5359 autem
2678 5312 2735 5359 et
2777 5319 2920 5361 nunc
2969 5304 3169 5375 aliquis
3207 5304 3524 5363 consideret
3567 5321 3637 5361 ex

2035 5395 2387 5452 multitudine
2416 5409 2632 5464 eorum,
2675 5395 2766 5467 qui
2798 5395 3130 5467 colliguntur
3158 5408 3499 5467 peccatores,
3530 5414 3637 5454 non

2036 5492 2241 5564 pigebit
2266 5505 2388 5546 cum
2413 5489 2623 5554 dicere,
2652 5489 2797 5560 quod
2819 5489 3195 5563 unusquisque
3218 5492 3387 5548 Deum
3409 5488 3636 5559 faciens,

2034 5585 2185 5658 quod
2234 5582 2511 5640 existimat
2557 5598 2681 5641 esse
2722 5584 2949 5657 bonum,
3012 5596 3071 5643 et
3108 5582 3357 5644 serviens
3390 5597 3634 5659 peccato,

2108 5790 2136 5831 ι’
2161 5791 2532 5878 Emendamus
2552 5806 2617 5850 ex
2650 5793 2774 5856 aliis
2796 5786 2945 5854 libris
2970 5792 3021 5853 in
3056 5806 3224 5855 utrem
3268 5804 3365 5870 pro
3406 5814 3517 5873 quo
3546 5814 3644 5861 aue

2049 5872 2135 5920 tea
2163 5875 2283 5921 erat
2308 5872 2361 5919 in
2392 5875 2639 5922 ventrem.
