4080 6326
269 262 378 342 sua

740 281 1190 343 russeum
1223 264 1654 343 ttOMtLIARUM
1697 280 2028 342 cateruis.
2063 282 2135 340 IN
2172 245 2488 342 “smmis
2524 267 2751 344 issit.
3000 281 3095 340 rx.

3467 285 3572 344 954

271 399 598 458 maledictus
638 408 724 457 est
767 401 974 459 faciens
1022 402 1314 475 sculptile,
1347 411 1406 459 et
1456 402 1702 458 conﬂatis
1731 417 1870 473 opus
1896 402 1944 462 Α
1975 397 2188 454 habens
2233 402 2514 458 existimat
2559 417 2622 459 se
2659 417 2785 459 esse
2825 402 3149 473 sapientem,
3182 410 3237 458 et
3265 403 3398 458 dicit
3429 423 3438 458 :
3472 405 3575 460 Sa-

271 509 528 549 manunm
579 494 827 564 artiﬁcis,
861 505 915 551 et
953 510 1163 567 ponens
1215 494 1349 550 illud
1397 496 1448 550 in
1481 496 1776 550 absconso.
1811 492 1870 548 In

271 587 544 644 absconso
571 588 770 658 quippe
801 589 984 644 cordis
1016 589 1182 644 multa
1217 588 1448 643 facimus
1479 589 1645 656 idola,
1680 588 1724 644 si
1750 603 1872 660 pec-

269 695 479 737 cemus.
504 679 657 737 Unde
688 696 870 736 sermo
917 696 1016 737 nos
1046 683 1242 738 edocet
1273 681 1650 752 paenitentiam
1687 695 1868 752 agere,

268 775 556 832 etululare
583 792 749 846 super
780 776 1121 849 scnlptilibns
1169 791 1224 833 et
1278 777 1463 846 idolis,
1521 787 1793 849 qntcmnt
1817 777 1872 832 in

267 867 569 924 Jerusalem
602 880 654 926 et
680 869 948 926 Samaria.
1003 872 1066 926 Et
1122 871 1390 941 sit-[uident
1426 887 1524 927 nos
1557 886 1866 943 peccemus,

273 965 364 1036 qui
399 979 524 1020 esse
541 965 608 1019 de
639 965 890 1022 Ecclesia
907 965 1179 1036 cupimus,
1230 971 1282 1021 in
1313 966 1612 1023 Jerusalem
1647 966 1872 1022 faciams

271 1056 568 1127 sculptilis.
602 1057 658 1114 Si
687 1072 816 1113 vero
849 1056 888 1113 ii
913 1058 1003 1128 qui
1057 1068 1208 1115 extra
1243 1059 1542 1115 Ecclesium
1589 1057 1878 1115 constituti

270 1161 416 1220 sunt,
447 1150 722 1221 quntnodo
740 1151 982 1207 haeretici
1009 1153 1376 1222 peccaverint,
1413 1152 1613 1208 faciunt
1648 1152 1794 1208 iduia
1819 1153 1870 1206 in

269 1241 544 1300 Samaria.
566 1243 963 1299 Verumtamen
979 1259 1169 1300 omnes
1210 1247 1555 1318 omnipotens
1579 1245 1725 1302 Dens
1745 1247 1871 1315 jux-

272 1345 323 1393 ta
341 1353 492 1393 suam
523 1336 843 1404 bonitatem,
869 1338 934 1393 ad
961 1340 1342 1410 prettitentiam
1354 1348 1636 1411 provocat,
1659 1340 1870 1396 dicens:

275 1432 490 1490 Ulutate
518 1432 790 1501 sculptit-ia
814 1432 870 1486 in
898 1430 1215 1499 Jerusalem,
1239 1443 1287 1488 et
1311 1436 1365 1488 in
1385 1434 1650 1490 Samaria.
1673 1434 1874 1502 Quem-

269 1527 562 1583 admodum
591 1527 789 1582 etenim
825 1523 924 1582 ieci
966 1526 1232 1582 Samaria:
1277 1538 1332 1583 et
1369 1525 1699 1583 matutiactis
1727 1527 1868 1597 ejus,

264 1620 336 1678 ita
387 1623 580 1676 iaciam
609 1619 915 1676 Ierusalem
965 1632 1020 1676 et
1074 1622 1236 1677 idolis
1291 1623 1431 1693 ejus.
1493 1621 1876 1677 Comminatur

265 1731 628 1787 quaecumque
693 1715 824 1772 fecit
895 1715 1298 1786 Samaritanis,
1357 1728 1412 1774 et
1487 1717 1609 1786 bis,
1663 1718 1754 1788 qui
1804 1717 1872 1771 de

1975 494 2222 563 pientinm
2243 495 2534 550 intellectus
2563 497 2820 567 auferam,
2854 497 2984 567 ﬁnes
3031 497 3282 570 gentium,
3343 507 3392 552 et
3439 499 3575 554 vires

1973 602 2150 641 eorum
2197 588 2463 659 ὀρρωδίαν.
2521 589 2775 645 Pervenit
2823 592 2968 646 enim
3037 590 3104 645 ad
3154 607 3344 646 omnes
3385 602 3576 662 gentes

1975 679 2226 749 operatio
2256 679 2408 748 ejus;
2445 681 2540 736 sed
2563 680 2814 737 Salvator
2843 681 2900 736 in
2925 697 3116 738 omnes
3138 693 3328 753 gentes
3353 684 3576 738 mittens

1941 801 1946 806 -
1975 785 2258 828 scrmones
2309 788 2438 828 suns
2459 816 2471 837 ,
2503 775 2646 830 eruit
2677 791 2794 837 eos,
2829 775 2920 845 qui
2970 790 2998 828 a
3033 775 3236 829 Zabtdo
3283 777 3334 830 in
3367 776 3577 832 cunctis

1973 867 2236 937 gentibus
2261 869 2468 936 captivi
2488 870 2832 925 tenebantur.
2863 869 2929 923 Et
2947 870 3080 924 uires
3097 886 3274 925 eorum
3303 870 3578 943 depart-er.

1973 958 2210 1015 Minatur
2239 975 2299 1016 se
2332 961 2476 1017 vires
2528 971 2748 1017 nostras
2773 962 3075 1032 praedatum
3111 963 3204 1030 iri,
3256 973 3311 1018 et
3363 965 3580 1020 tradere

1974 1055 2239 1112 adversus
2270 1072 2368 1110 nos
2400 1056 2784 1112 militantibus.
2817 1058 2885 1112 Et
2908 1073 3096 1113 revera
3128 1066 3213 1114 est
3245 1059 3430 1114 videre
3453 1075 3578 1116 eum

1975 1151 2310 1221 quibusdam
2343 1151 2445 1206 hoc
2480 1151 2790 1208 iacientem.
2825 1153 3058 1220 Quando
3089 1153 3236 1208 ert-im
3267 1155 3390 1225 quis
3420 1155 3580 1210 vinci-

1978 1250 2068 1298 tur
2090 1259 2116 1298 a
2150 1244 2364 1318 11ῆ2
2384 1245 2613 1310 Zabulo,
2641 1253 2695 1300 et
2719 1244 2956 1300 traditur
2983 1247 3327 1303 dammnibus
3376 1249 3584 1316 spiriti-

1976 1336 2078 1392 bus
2099 1338 2378 1408 pessimis,
2395 1338 2684 1394 virtu-tibus
2711 1339 3024 1406 contra-riis,
3046 1339 3180 1410 quid
3201 1339 3346 1394 aliud
3381 1339 3579 1394 factum

1975 1437 2080 1492 est,
2114 1444 2274 1498 quam
2298 1429 2344 1484 is
2375 1429 2594 1484 dixerat
2619 1447 2630 1482 :
2670 1429 2738 1484 Et
2763 1431 2896 1484 vires
2926 1445 3103 1484 eorum
3129 1433 3400 1498 depector.
3426 1432 3583 1487 Acci-

1979 1522 2142 1590 piens
2159 1522 2378 1577 nostras
2417 1525 2586 1591 vires,
2615 1523 2873 1593 depastus
2905 1532 2987 1578 est
3013 1538 3132 1578 nos.
3162 1523 3234 1577 Et
3259 1526 3582 1579 commonebo

1976 1616 2229 1683 civitates,
2255 1633 2372 1688 quia
2397 1617 2756 1672 inltubitantur
2798 1617 2953 1689 (Isai.
2991 1635 3042 1683 tt,
3090 1617 3206 1692 24).
3260 1621 3325 1674 Et
3346 1619 3448 1674 huc
3480 1621 3580 1674 Za-

1977 1709 2140 1766 bulus
2162 1715 2558 1778 comminatur;
2586 1713 2884 1768 inhabitari-
2912 1713 3086 1769 cernit
3103 1715 3368 1780 civitates,
3400 1714 3584 1770 Eccle-

271 1812 518 1868 Ecclesia
547 1822 696 1866 sunt.
715 1809 846 1866 Cum
869 1822 1042 1876 autem
1069 1816 1504 1870 consummat-erit
1525 1813 1668 1870 Deus
1696 1815 1872 1869 omnia
1905 1811 1958 1870 Β
1979 1804 2084 1859 sias
2108 1805 2204 1860 Dei
2227 1805 2282 1860 in
2304 1804 2530 1861 Christo
2559 1807 2793 1861 Domino
2821 1818 3192 1872 constt-notas,
3220 1807 3315 1862 itas
3337 1821 3584 1863 commo-

271 1905 468 1977 faciens
497 1904 552 1957 in
571 1913 746 1957 arente
769 1903 922 1969 Sion,
968 1915 1018 1959 et
1039 1905 1091 1957 in
1119 1903 1414 1960 Jerusaiem
1452 1907 1681 1972 inducet,
1715 1921 1872 1977 super

268 2013 474 2052 sensum
502 2011 746 2068 mag-num
777 1996 1062 2067 principem
1091 1996 1438 2069 Assyriorum,
1472 2009 1520 2054 et
1549 2013 1705 2067 super
1751 1997 1876 2051 alti-

272 2088 504 2144 tudinem
530 2088 716 2159 gloria!
739 2089 1012 2142 oculorum
1031 2091 1146 2162 ejus
1180 2087 1336 2160 (Iani.
1362 2088 1872 2163 tt).Docemurquid

272 2181 511 2237 futurum
533 2183 607 2236 sit
632 2181 854 2237 inimico
874 2191 1062 2238 nostro
1086 2193 1138 2238 et
1167 2181 1378 2239 Zabulo
1397 2182 1552 2256 (Gen.
1579 2182 1686 2254 tu),
1711 2197 1872 2253 quem

269 2291 494 2333 sensum
523 2278 818 2348 quemdam
855 2292 1110 2349 magnum
1133 2293 1276 2334 nunc
1305 2277 1582 2351 Propheta
1600 2293 1880 2350 nuncupa-

269 2353 364 2427 v'i‘t.
393 2373 680 2442 Quomodo
716 2373 866 2429 enim
897 2387 1128 2444 serpens
1159 2374 1464 2445 Sapientior
1507 2384 1630 2430 erat
1661 2373 1886 2447 nm

284 2466 544 2522 omnibus
571 2466 760 2521 bestiis
789 2481 913 2535 (prat-
935 2475 1064 2522 sunt
1106 2482 1269 2537 super
1315 2479 1536 2531 terram,
1569 2477 1625 2523 et
1653 2468 1748 2520 ﬁlii
1775 2483 1880 2522 stc-

273 2559 382 2614 Culi
417 2559 576 2630 hujus
597 2559 962 2631 sapientiores
996 2576 1162 2632 super
1193 2559 1334 2615 ﬁlios
1385 2561 1524 2615 lueis
1554 2560 1613 2615 in
1640 2575 1876 2630 genera-

273 2650 422 2709 tione
447 2669 548 2708 sua
577 2665 736 2720 sunt;
763 2663 818 2708 et
857 2654 1208 2722 dispensator
1247 2654 1548 2723 iniquitatis
1599 2653 1877 2721 sapienter

277 2745 410 2802 fecit
437 2751 742 2803 secundum
765 2747 1090 2819 sapientiam
1123 2761 1234 2802 non
1267 2747 1459 2801 btvnam
1488 2759 1500 2800 :
1535 2745 1728 2802 eodem
1760 2761 1876 2801 me-

275 2838 346 2894 do
374 2839 476 2895 iste
499 2843 590 2910 qui
622 2839 926 2911 ﬁguraliter
974 2840 1230 2909 princeps
1258 2838 1612 2911 Assyriorum
1655 2839 1875 2906 dicitur,

274 2947 508 3001 magnus
528 2944 606 2987 est
640 2947 862 2999 sensus,
890 2941 946 2988 et
975 2939 1060 2987 est
1084 2931 1273 2986 mirari
1297 2930 1730 3002 magnitudinem
1751 2946 1878 2988 sen-

274 3042 370 3084 sus
397 3028 514 3097 ejus
545 3044 559 3080 :
595 3028 648 3082 in
679 3043 792 3097 quo
813 3027 1016 3082 abusus
1056 3034 1142 3081 est
1191 3026 1258 3080 ad
1290 3025 1641 3082 instruendus
1669 3029 1880 3098 sapiens

277 3127 364 3176 tes
413 3121 604 3174 mundi
653 3119 812 3175 istius
845 3162 860 3188 ,
903 3119 1000 3190 q-tti-
1026 3134 1155 3173 cunt
1190 3121 1338 3174 omni
1370 3119 1870 3186 verisimilitudine,

277 3227 584 3287 cunctaque
604 3216 806 3270 virtute
837 3213 1130 3269 falsitatem
1162 3222 1437 3269 sectarum
1472 3229 1696 3268 suarum
1728 3229 1878 3268 cont-
1904 3204 1950 3266 C

276 3320 548 3382 ponentes
573 3309 853 3365 exhibent.
897 3308 1031 3364 Cum
1059 3323 1194 3380 ergo.
1210 3308 1392 3364 omnia
1425 3308 1616 3364 fecerit
1653 3309 1798 3365 Deus
1821 3311 1874 3363 in

278 3413 474 3460 monte
508 3403 664 3471 Sion,
697 3415 750 3460 et
783 3405 836 3458 in
877 3402 1208 3470 Jerusalem,
1240 3409 1296 3458 et
1317 3402 1619 3458 reddiderit
1639 3419 1726 3472 ea,
1759 3417 1878 3473 quae

273 3495 446 3568 iustis
472 3495 806 3564 repromissa
851 3501 1002 3563 sunt,
1041 3505 1170 3548 tunc
1195 3491 1420 3548 induc-et
1459 3507 1624 3563 supra
1654 3509 1878 3548 sensum

279 3605 540 3660 maguum
560 3588 862 3660 principem
885 3589 1256 3660 Assyriorum.
1283 3587 1518 3656 etsnper
1539 3585 1878 3641 altitudinem

277 3683 476 3756 gloriae
507 3683 798 3736 oculorum.
851 3682 992 3751 ejus.
1033 3681 1157 3737 Alta
1186 3696 1310 3736 eum
1341 3679 1648 3751 sapientem
1696 3693 1882 3733 sermo

279 3777 453 3844 novit,
478 3786 536 3832 et
556 3776 842 3832 exordium
867 3777 1037 3830 ruina:
1067 3776 1188 3847 ejus
1217 3779 1286 3832 ab
1315 3775 1597 3830 inﬂatione
1625 3773 1879 3842 cepisse.

282 3870 443 3926 Unde
473 3879 522 3925 el
561 3871 612 3924 si-
636 3869 806 3924 inﬂ-ati
834 3868 1116 3935 fuerimus,
1161 3869 1215 3924 in
1257 3869 1528 3940 judicium
1582 3867 1888 3922 incidam-

277 3959 520 4028 diaboli,
543 3961 596 4016 in
627 3977 736 4032 quo
765 3959 958 4016 incidit
984 3962 1105 4032 ipse
1123 3961 1380 4016 Zabulus.

357 4056 426 4110 ll.
463 4055 762 4111 Videamus
791 4064 974 4110 autem
1005 4065 1060 4110 et
1099 4053 1438 4110 inﬂationem
1493 4055 1633 4126 ejus,
1683 4063 1884 4124 quanta

285 4149 382 4216 sit,
418 4157 477 4204 ut
497 4165 616 4204 eam
647 4163 962 4214 careamus,
999 4157 1054 4204 et
1085 4164 1192 4204 non
1238 4149 1620 4218 permittamus
1649 4163 1772 4202 eum
1799 4162 1890 4201 su-

281 4257 381 4313 per
404 4258 512 4298 nos.
529 4257 655 4296 vera
683 4241 888 4297 dicere.
915 4240 1051 4307 Quid
1067 4241 1230 4311 igitur
1251 4241 1418 4296 eliciti
1445 4239 1656 4296 Viribus
1669 4239 1882 4310 facim,

279 4347 332 4391 et
355 4335 668 4408 sapientiam
680 4333 974 4389 intellectus
984 4333 1380 4406 auferamﬁnes
1396 4332 1626 4403 gentium
1640 4329 1886 4406 (leuis).

284 4427 906 4484 ExiStimatfertitudi-ne
924 4443 1040 4494 sua,
1071 4427 1213 4498 qttod
1246 4427 1612 4482 vult-innubis
1641 4440 1710 4480 se:
1725 4437 1888 4493 posse

285 4519 572 4592 perlicere.
607 4522 672 4577 Et
702 4535 892 4576 revera
927 4521 971 4577 si
1001 4521 1308 4590 vincamur,
1349 4527 1547 4590 etpost
1573 4519 1694 4576 haec
1723 4517 1892 4573 verba

1980 1907 2160 1952 turum
2183 1913 2308 1954 esse
2329 1915 2392 1954 se
2422 1909 2703 1970 personat.
2732 1899 2799 1954 Et
2831 1900 3152 1971 frequenter
3203 1900 3426 1970 quidem
3450 1917 3581 1955 cnn-

1976 1992 2150 2048 cttssit
2205 1991 2464 2048 civitates
2514 1992 2852 2047 inhabitants
2910 1993 3384 2062 persccutienibus
3415 2035 3429 2060 ,
3475 1993 3582 2048 fre-

1981 2095 2220 2155 quenter
2249 2086 2542 2141 cocussit
2561 2086 2858 2142 scandatis.
2895 2084 3006 2142 Sed
3025 2101 3128 2140 nos
3155 2093 3428 2141 tentems
3460 2087 3582 2141 iun-

1976 2178 2298 2233 dmentum
2333 2179 2599 2233 habentes
2621 2192 2792 2248 super
2818 2187 3032 2247 petram
3053 2178 3188 2233 tales
3222 2176 3366 2245 ﬁeri,
3396 2185 3458 2232 ut
3477 2177 3580 2232 istc

1977 2271 2074 2340 qui
2101 2271 2233 2327 dicit
2265 2289 2283 2326 :
2305 2271 2648 2327 ϐίλιππονώο
2667 2271 2920 2337 civitates,
2951 2287 3067 2344 qua:
3085 2271 3456 2339 inhabitet-near,
3484 2287 3583 2328 nos

1979 2378 2204 2419 movere
2245 2380 2351 2417 un
2405 2365 2591 2418 valeat
2639 2378 2739 2435 per
2765 2364 3034 2433 procellas
3055 2379 3214 2431 suas,
3257 2379 3438 2434 neque
3484 2381 3582 2435 per

1980 2457 2210 2526 spiritus
2238 2456 2522 2512 adversos.
2561 2457 2764 2512 Verum
2792 2457 2858 2510 ad
2884 2458 3073 2510 omnia
3101 2473 3228 2528 (pate
3253 2459 3578 2525 acciderint,

1981 2549 2211 2606 statutos
2238 2565 2688 2620 perseveremus,
2733 2561 2924 2622 utpote
2967 2552 3235 2607 habentes
3290 2551 3584 2608 atditicium

1979 2658 2152 2715 super
2174 2653 2390 2716 petram
2435 2643 2630 2701 Iesum
2655 2643 2978 2711 Christum,
3027 2648 3112 2701 cui
3169 2656 3254 2703 est
3296 2647 3472 2719 gloria
3529 2655 3586 2703 et

1981 2737 2354 2810 imperiumin
2380 2741 2582 2796 stucula
2610 2740 2968 2796 saeculorum».
2987 2739 3186 2797 Amen.

2513 2875 2796 2933 HOMILIA
2839 2875 3046 2934 NONA.

1981 2984 2062 3043 De
2107 3005 2170 3043 eo
2207 2989 2346 3060 quod
2391 2989 2638 3062 scriptum
2671 2999 2793 3044 est:
2827 2990 2893 3045 Et
2914 2989 3096 3046 audivi
3126 3005 3318 3048 vocem
3366 2991 3582 3048 Domini

2049 3081 2320 3138 dicentis:
2357 3083 2533 3150 Quem
2566 3083 2818 3150 mittam,
2857 3093 2914 3138 et
2951 3084 3080 3154 quis
3102 3084 3202 3140 ibit
3236 3084 3300 3138 ad
3327 3086 3582 3156 pOpUIltm

2055 3174 2260 3230 istum?
2287 3185 2332 3228 ct
2356 3175 2736 3249 transgrediens
2779 3177 3012 3245 modica,
3052 3180 3286 3250 pervenit
3328 3196 3487 3251 usque
3517 3179 3584 3232 ad

2057 3269 2226 3324 locum
2256 3270 2307 3326 in
2329 3287 2430 3341 quo
2450 3271 2731 3326 scribitur:
2761 3271 2894 3330 Pete
2917 3273 3012 3330 tibi
3043 3275 3270 3344 signum
3291 3290 3321 3330 a
3353 3275 3586 3332 Domino

2055 3364 2168 3420 Deo
2193 3373 2283 3421 tuo
2312 3365 2366 3421 iu
2402 3363 2750 3436 profundum,
2783 3378 2876 3421 aut
2909 3367 2970 3422 in,
2996 3367 3304 3424 excelsum.
3332 3367 3462 3441 Cap.
3489 3369 3590 3436 Vl,

2056 3455 2174 3512 VII.

2065 3585 2300 3658 1141.
2351 3585 2422 3641 Et
2458 3587 2632 3642 audi-ri
2671 3603 2842 3642 recent
2885 3587 3098 3644 Domini
3141 3590 3399 3658 dicentis,
3439 3607 3590 3660 quem

1987 3680 2207 3746 mittam,
2239 3689 2294 3733 ει
2316 3681 2434 3752 quis
2468 3680 2558 3734 ibit
2583 3681 2652 3734 ad
2674 3680 2930 3753 populum
2958 3681 3244 3738 istum?Et
3272 3685 3384 3740 dixi
3404 3702 3426 3739 .'
3455 3683 3591 3740 Ecce

1985 3789 2078 3846 ego
2103 3789 2238 3841 sum,
2266 3774 2408 3828 mitte
2431 3792 2529 3829 me.
2585 3774 2654 3828 Et
2693 3777 2809 3830 ait:
2831 3778 2979 3846 unde,
3013 3786 3060 3832 et
3101 3779 3188 3831 die
3206 3777 3396 3851 populo
3427 3776 3548 3832 huic
3571 3795 3590 3834 .'

1986 3865 2125 3919 Aure
2143 3865 2364 3921 audietis
2389 3909 2404 3935 ,
2437 3878 2484 3921 et
2529 3884 2632 3922 non
2663 3867 2964 3942 inteNigrtis
2991 3909 3006 3935 ,
3054 3879 3109 3924 et
3151 3872 3382 3940 reliqua.
3423 3873 3500 3926 De
3523 3887 3590 3927 eo

1987 3963 2076 4031 qui
2109 3974 2255 4015 nunc
2290 3961 2464 4016 lectus
2502 3970 2588 4017 est
2615 3961 2772 4016 Isaia!
2818 3961 3106 4032 Propheta
3148 3977 3424 4032 sermone,
3463 3980 3590 4020 ore-

1988 4069 2114 4110 mus
2165 4054 2357 4122 Deum,
2413 4063 2473 4111 at
2521 4055 2680 4111 nobis
2728 4056 2960 4125 gratiam
3011 4055 3296 4127 largiatur,
3335 4069 3394 4113 ut
3428 4057 3592 4129 digna

1990 4147 2311 4217 pr0pltetico
2353 4147 2552 4215 spiritu
2603 4147 2887 4204 valeamus
2924 4163 3221 4220 exponere.
3266 4149 3334 4204 Et
3375 4151 3586 4222 audivi,

1991 4239 2167 4310 inquit
2219 4237 2422 4312 (Exod.
2456 4238 2555 4310 tv),
2615 4257 2789 4294 vocem
2843 4240 3052 4294 Domini
3098 4241 3314 4295 diccmtis
3366 4261 3378 4297 :
3427 4242 3594 4308 Quem

1990 4331 2232 4386 mittam?
2263 4331 2556 4402 Postquam
2598 4342 2858 4402 purgatus
2903 4347 2990 4389 eat
3032 4333 3242 4408 labiis-[
3271 4335 3357 4388 Αι.
3402 4334 3595 4410 labia]

1992 4427 2302 4498 PrOpheta,
2354 4437 2572 4496 paratus
2613 4429 2862 4499 suscepit
2910 4427 3275 4484 ministerium
3339 4430 3592 4501 Domini,

1991 4529 2049 4578 et
2076 4521 2213 4576 dicit
2248 4539 2261 4576 :
2301 4520 2413 4594 Ego
2451 4538 2588 4585 sum,
2625 4520 2770 4574 mitte
2805 4538 2903 4575 me.
2927 4520 3035 4577 Sed
3072 4535 3126 4575 ut
3169 4523 3410 4594 paratior
3453 4534 3601 4579 esset

285 4627 614 4687 peccemus;
639 4614 688 4668 si
717 4624 842 4684 post
866 4615 1166 4671 Ecclesium
1198 4631 1422 4671 rursum
1448 4615 1510 4670 in
1548 4615 1777 4679 circum,
1833 4623 1890 4669 et
1915 4606 1969 4666 D
1994 4613 2059 4668 ad
2092 4613 2217 4679 hoc,
2252 4613 2572 4667 meminerat
2610 4611 2760 4666 vocis
2798 4613 2986 4668 Musei.
3022 4613 3167 4669 Nam
3197 4624 3252 4671 et
3285 4617 3376 4671 iile
3405 4615 3596 4672 eadem

287 4707 358 4764 ad
379 4722 660 4777 equorum
677 4711 896 4774 cursus,
925 4718 983 4762 et
1022 4707 1088 4762 ad
1125 4717 1430 4764 conventus
1465 4706 1752 4776 gentilium
1805 4721 1896 4762 ea—

288 4815 427 4866 mus,
456 4799 585 4870 quid
605 4798 752 4854 aliud
777 4798 864 4864 fit,
899 4815 1057 4870 quam
1083 4810 1370 4869 superatos
1392 4814 1492 4854 nos
1522 4798 1801 4870 possidet?
1826 4799 1893 4854 Et

289 4892 418 4962 quid
441 4891 579 4947 dixit
618 4891 875 4958 Zabulus,
926 4891 1132 4946 viribus
1180 4891 1419 4947 faciam?
1451 4892 1806 4962 consequitur
1838 4893 1890 4946 in

289 4988 448 5045 nobis
471 4986 880 5059 peccatoribus,
911 4985 1062 5057 quod
1092 4985 1341 5040 minatus
1357 4995 1458 5039 est.
1495 4985 1602 5041 Sed
1626 4994 1684 5041 et
1709 4990 1751 5039 si
1784 4985 1893 5040 ior-

289 5084 536 5139 nicemur
566 5093 686 5154 post
715 5080 1020 5137 castitatem
1040 5082 1180 5152 longi
1221 5077 1429 5153 1141
1457 5079 1740 5150 temporis,
1775 5087 1900 5150 post.

288 5176 701 5232 sanctimoniam
761 5174 1032 5240 multam,
1075 5173 1204 5242 quid
1237 5172 1386 5228 aliud
1419 5174 1476 5228 tit
1514 5216 1528 5239 ,
1569 5189 1732 5244 quam
1767 5189 1896 5229 vera-

289 5267 504 5322 iocutus
534 5267 793 5337 probatur
824 5282 990 5336 super
1017 5281 1136 5334 nos,
1171 5265 1441 5336 qui-dixit,
1475 5265 1668 5320 viribus
1680 5266 1899 5338 faciam?

293 5359 432 5429 Quid
465 5373 643 5416 autem
696 5373 748 5417 et
780 5361 924 5418 aliud
974 5361 1322 5432 repromittat
1354 5363 1456 5417 iste
1486 5360 1893 5432 tuagnilnquax,

293 5454 626 5510 intueamur.
653 5453 720 5508 Et
749 5457 1054 5525 sapientiam
1109 5455 1403 5508 intellectus
1454 5455 1709 5524 auferam,
1769 5454 1895 5524 ﬁnes

293 5549 545 5621 gentium.
575 5546 908 5618 Sapientiam
937 5551 1125 5605 nescio
1155 5565 1317 5618 quant
1354 5549 1661 5617 pollicetur,
1693 5545 1759 5602 de
1789 5562 1892 5618 qua

292 5651 348 5699 et
379 5641 649 5714 Propheta
710 5643 968 5711 loquitur.
1003 5643 1308 5714 Alienigena
1361 5640 1598 5712 quaedam
1637 5640 1898 5709 sapientia

295 5739 449 5794 estin
480 5740 552 5793 eis
579 5735 710 5806 (Jer.
739 5751 857 5806 vni,
892 5736 969 5808 9).
997 5737 1092 5793 Est
1139 5737 1286 5792 enim
1339 5733 1520 5805 aliqua
1571 5742 1830 5790 extranea
1863 5749 1892 5787 a

295 5831 527 5888 veritate
556 5831 841 5902 sapientia,
875 5845 1036 5902 quam
1067 5829 1346 5901 disperdct
1377 5828 1541 5884 Deus.
1594 5826 1744 5884 Hauc
1792 5828 1895 5883 iste

1998 4717 2160 4763 lteris
2185 4722 2340 4774 voce,
2373 4707 2526 4760 mitte
2542 4723 2640 4770 me,
2667 4706 2922 4776 princeps
2944 4709 3154 4777 populi,
3179 4708 3457 4780 judexque
3485 4708 3596 4766 fac-

2001 4808 2110 4866 tus,
2151 4808 2208 4854 et
2241 4797 2475 4853 famulus
2530 4797 2626 4853 Dei
2667 4810 3011 4870 nuncupatus
3037 4812 3142 4856 est.
3175 4802 3382 4858 Audivi
3410 4813 3593 4860 autem

1997 4893 2284 4964 quemdam
2339 4891 2625 4950 Hebraeum
2673 4906 3036 4965 exponentem
3077 4897 3219 4952 hunc
3260 4899 3440 4953 locum
3466 4941 3482 4967 ,
3512 4910 3598 4956 at-

2000 5000 2109 5058 que
2151 4985 2457 5053 dicentem,
2493 4987 2616 5058 quia
2651 4987 2891 5044 libenter
2919 4988 3134 5062 quidem
3168 4989 3474 5061 Pmpltetes
3497 5034 3512 5060 ,
3545 5004 3602 5050 et

2001 5085 2222 5148 paratus
2255 5077 2592 5149 prOphetiam
2616 5081 2858 5152 suscepit
2888 5081 2962 5137 ad.
2989 5081 3292 5152 populum,
3343 5083 3602 5154 ignorans

1999 5185 2117 5241 quae
2149 5180 2333 5226 essent
2372 5171 2422 5226 ei
2467 5171 2720 5228 dicenda.
2768 5173 2951 5229 Porro:
2973 5173 3202 5228 audiens
3237 5176 3408 5231 tristia
3431 5219 3444 5244 ,
3477 5195 3600 5251 qua:

1999 5273 2181 5320 essent
2201 5267 2402 5337 populo
2425 5268 2745 5338 nuntianda,
2770 5270 2871 5324 hoc
2897 5277 2999 5337 est,
3018 5285 3144 5324 aure
3166 5271 3406 5340 audietis,
3430 5284 3476 5328 et
3497 5292 3597 5333 non

1997 5356 2318 5432 intelligetis,
2343 5368 2446 5416 etc.
2473 5359 2631 5434 (Isai.
2662 5366 2780 5432 XL),
2798 5363 2854 5418 in
2877 5363 3234 5432 sequentibus
3265 5367 3467 5436 pigrior
3507 5372 3598 5428 iit:

2000 5450 2217 5506 dicente
2270 5453 2320 5508 ei
2371 5470 2506 5510 voce
2539 5456 2631 5512 Dei
2660 5473 2673 5520 ;
2719 5453 2922 5522 Clama,
2948 5458 3212 5528 respondit
3257 5461 3327 5526 ei,
3358 5471 3404 5515 et
3427 5463 3551 5519 dicit
3582 5484 3594 5520 :

2005 5545 2143 5614 Quid
2173 5546 2450 5604 clamabo?
2485 5548 2738 5604 Arbitror
2785 5559 2967 5602 autem
3022 5551 3135 5606 lucc
3187 5555 3498 5626 prnpltetari
3530 5560 3599 5616 de

2001 5639 2322 5708 Saivatore;
2353 5643 2479 5713 quia
2513 5642 2753 5696 futurum
2786 5651 2924 5708 erat,
2961 5656 3019 5698 ut
3049 5646 3333 5704 audientes
3375 5667 3482 5706 non
3506 5669 3602 5710 au-

2002 5732 2203 5798 dirent,
2237 5745 2295 5790 ct
2335 5733 2581 5790 videntes
2611 5750 2717 5789 non
2754 5735 3028 5798 viderent.
3059 5738 3395 5798 Mauifesﬁus
3441 5762 3604 5816 porro

2003 5825 2094 5883 ﬁet
2129 5825 2342 5900 1142
2367 5826 2511 5897 quod
2541 5826 2764 5894 dicitur,
2795 5827 2842 5884 si
2870 5829 3284 5891 consideremus
3321 5839 3598 5907 paululum
