4080 6326
504 247 614 308 955

507 461 811 519 istiusmmli
841 473 944 518 est.
995 462 1264 520 Videbunt
1299 464 1520 536 quidem
1553 463 1744 520 videre
1771 473 1898 519 tunc
1932 479 2107 520 caecos

502 556 879 629 respicientes,
926 558 1197 614 rationem
1248 566 1430 615 autem
1478 557 1708 615 visionis
1760 559 2107 630 ignorabant.

505 649 815 708 Audiebant
845 651 1158 722 parabolas,
1186 667 1321 723 quas
1344 651 1687 709 dissolvebat
1717 660 1929 708 secreto
1953 650 2113 707 disci-

506 743 647 813 pulis
679 743 950 801 Salvator.
999 742 1103 815 Ipsi
1139 759 1272 801 vero
1296 759 1402 801 non
1453 744 1769 812 audiebant,
1804 747 2113 802 nescientes

504 855 624 910 qua:
652 839 996 906 dicebantur,
1028 848 1260 911 propter
1283 839 1389 896 hoc
1433 839 1739 895 testiﬁcans
1786 855 1882 894 eos
1926 839 2064 895 dixit
2095 856 2107 891 :

510 933 612 1000 Qui
649 932 801 988 habet
846 948 996 988 aures
1047 933 1295 988 audiendi
1322 933 1526 988 audiat.
1571 933 1683 990 Nec
1721 933 1866 989 enim
1913 930 2109 1003 privati

506 1035 666 1083 et'ant
695 1027 777 1083 his
815 1026 1058 1106 auribus,
1094 1037 1153 1082 ut
1184 1043 1292 1083 non
1330 1027 1622 1094 audirent;
1671 1027 1768 1084 sed
1814 1026 2111 1083 interiores

505 1133 698 1174 eorum
729 1133 890 1175 aures
925 1127 1170 1190 gravatte
1199 1129 1357 1176 erant
1385 1119 1456 1176 ad
1497 1119 1851 1177 audiendum.
1884 1120 2112 1192 Propter

510 1211 615 1268 hoc
646 1212 908 1283 pradicat
959 1213 1043 1270 eis
1067 1257 1083 1282 ,
1116 1223 1172 1270 et
1199 1228 1300 1285 per
1337 1213 1666 1285 Prophetam
1699 1214 1884 1269 futura
1913 1217 2114 1286 precia-

509 1315 596 1361 tttr
624 1306 812 1362 dicens
854 1323 866 1360 :
897 1305 1036 1361 Aure
1060 1306 1303 1373 audietis,
1330 1316 1381 1362 et
1402 1323 1506 1362 non
1543 1306 1847 1379 intelligetis
1881 1325 1899 1364 :
1931 1316 1978 1362 et
2000 1324 2112 1363 cer—

509 1410 684 1460 nentes
714 1399 997 1470 aspicietis,
1021 1408 1069 1454 et
1091 1417 1196 1455 non
1216 1400 1469 1456 videbitis.
1494 1400 1853 1456 lncrassatum
1879 1411 1952 1456 est
1974 1403 2112 1457 enim

505 1510 595 1547 cor
613 1495 795 1567 populi
830 1495 1006 1566 hujus.
1037 1493 1181 1562 Quid
1206 1495 1278 1550 sit
1322 1495 1424 1551 hoc
1446 1495 1590 1567 quod
1618 1495 1819 1552 dicitur
1851 1514 1865 1551 :
1892 1495 2109 1553 Ine-ras-

507 1599 678 1641 satum
705 1596 778 1642 est
801 1589 939 1642 enim
959 1602 1048 1642 cor
1068 1587 1254 1659 populi
1296 1589 1472 1662 hujus,
1515 1589 1892 1660 inspiciamus.
1921 1590 2113 1646 Omni-

509 1682 628 1747 bus,
659 1683 748 1754 qui
793 1683 848 1738 in
894 1685 1180 1754 praesentis
1209 1681 1334 1741 vita:
1378 1685 1530 1741 curis
1557 1695 1870 1754 versantur,
1905 1702 2000 1743 cor
2029 1687 2111 1742 in-

891 249 954 310 S.
993 249 1277 311 EUSEBII
1313 228 1697 312 HIERONYMI
1731 252 2172 312 TRANSLATIO
2210 253 2443 313 llOMlL.
2484 255 2672 316 ORIG.
2715 254 2781 314 IN
2819 253 3138 318 VISIONES
3175 253 3450 318 ISAIAE.‘

508 367 684 424 locum
714 367 876 424 istum
914 384 928 422 :
972 379 1237 426 cernentes
1285 371 1546 440 aspicietis
1569 411 1584 436 ,
1621 379 1670 426 et
1712 387 1814 426 non
1849 371 2104 437 uidebitis,
2135 383 2184 441 Α
2212 388 2427 427 suorum
2459 372 2710 444 priorum.
2748 373 2998 430 Diximus
3028 373 3146 429 haec
3174 373 3240 432 de
3266 373 3428 430 nobis
3460 369 3593 439 dici,
3633 381 3689 428 et
3728 372 3806 428 his
3905 422 3912 428 .

3705 257 3803 316 936

2211 462 2301 532 qui
2351 461 2404 518 in
2454 463 2613 518 nobis
2656 473 2783 518 sunt
2833 475 3175 534 peccatores.
3210 464 3500 532 Quomodo
3530 464 3695 535 igitur
3723 468 3807 536 qui

2214 553 2356 608 inter
2397 569 2497 610 nos
2527 564 2653 610 sunt
2693 565 3036 627 peccatores,
3065 557 3313 613 conversi
3358 566 3488 612 sunt
3516 555 3583 612 ad
3613 557 3804 627 iniqui-

2213 653 2352 702 tates
2378 656 2616 718 patrum,
2648 657 2704 704 et
2734 658 2951 720 patrum
2982 665 3206 706 suorum
3239 650 3534 722 priorum?
3562 649 3807 722 Duplices

2212 736 2477 795 habemus
2505 750 2711 811 patres,
2743 752 2799 798 et
2825 759 2931 798 una
2963 744 3178 814 species
3199 755 3284 800 est
3310 743 3680 816 pessimorum
3718 760 3808 815 pa-

2213 841 2380 890 trum.
2434 834 2714 906 Siquidem
2767 848 3061 910 antequam
3118 839 3514 910 crederemus,
3566 840 3808 898 diabolus

2213 938 2368 1000 pater
2422 942 2610 985 noster
2639 931 2760 997 fuit,
2809 942 2863 987 ut
2903 948 3088 989 sermo
3135 934 3498 1005 Evangelicus
3527 935 3804 1004 ostendit,

2212 1023 2404 1080 dicens
2433 1043 2444 1079 :
2487 1023 2592 1081 Vos
2630 1025 2695 1080 de
2722 1035 2866 1099 patre
2909 1027 3098 1082 zabqu
3129 1031 3240 1084 nati
3271 1031 3411 1086 estis.
3461 1028 3600 1086 Cum
3630 1042 3805 1088 autem

2211 1117 2568 1186 credidimus,
2601 1118 2745 1188 lacti.
2767 1134 2956 1176 sumus
2987 1121 3084 1176 ﬁlii
3135 1121 3250 1177 Dei.
3282 1122 3340 1178 Si
3373 1138 3508 1194 ergo
3540 1132 3662 1194 post
3700 1125 3809 1182 hac

2215 1212 2642 1282 peccaverimus,
2675 1214 3049 1270 convertimur
3093 1212 3161 1269 ad
3191 1213 3510 1286 iniquitates
3558 1225 3804 1287 patrum.

2215 1319 2322 1361 non
2353 1306 2702 1376 simpliciter,
2732 1307 2826 1364 sed
2858 1318 3075 1379 patrum
3109 1310 3376 1380 priorum.
3417 1311 3500 1367 Ad
3540 1312 3808 1382 probatio-

2215 1415 2337 1456 ncm
2363 1411 2544 1457 autem
2569 1399 2731 1472 hujus
2757 1401 2860 1469 rei,
2893 1403 3020 1473 quia
3040 1403 3287 1473 duplices
3317 1404 3585 1462 habemus
3609 1419 3802 1478 patres,

2215 1495 2418 1550 utimur
2446 1505 2504 1550 et
2538 1493 2754 1568 ιιω
2786 1496 2955 1551 David
2997 1497 3314 1553 testimonio
3338 1540 3353 1566 ,
3417 1498 3471 1552 in
3514 1499 3808 1570 quadrage~

2212 1587 2353 1643 simo
2392 1598 2587 1657 quarto
2617 1589 2849 1659 psalmo,
2885 1589 2955 1644 ita
2977 1589 3245 1646 dicentis:
3269 1590 3431 1656 Audi,
3455 1592 3593 1662 ﬁlia,
3615 1602 3662 1647 et
3682 1593 3809 1659 ride,

2211 1691 2260 1738 et
2289 1682 2486 1737 inclina
2515 1698 2696 1738 aurem
2725 1693 2866 1737 tuam
2894 1725 2908 1749 ,
2943 1693 2991 1739 et
3023 1683 3321 1740 obliviscere
3361 1686 3620 1759 papulum
3647 1697 3803 1752 tuum,

505 1783 812 1831 crassatum
853 1785 939 1832 est
970 1793 984 1830 :
1015 1776 1156 1832 haud
1201 1777 1363 1834 aliter
1409 1779 1491 1834 eis
1516 1820 1532 1845 ,
1556 1779 1650 1850 qui
1674 1778 1730 1835 in
1754 1781 2108 1839 saecularibus
2137 1785 2187 1848 B
2213 1784 2258 1829 ει
2279 1775 2489 1829 domum
2510 1776 2786 1845 Ραιτίειιιὲο
2813 1777 2977 1845 Ωιιθεί
3007 1786 3162 1848 Pater
3183 1778 3386 1850 (ιυίρρθ
3416 1781 3585 1850 οωρίι
3615 1796 3629 1834 ε
3660 1780 3808 1844 Audi.

509 1877 792 1926 morantur
818 1869 1177 1927 incrassatum
1207 1881 1292 1928 est
1314 1886 1434 1940 cor,
1465 1886 1627 1943 quam
1659 1874 1704 1930 si
1732 1889 1764 1930 a
1788 1874 1959 1946 spinis
1981 1890 2112 1931 ene-

507 1974 722 2022 centur.
749 1965 959 2024 Idcirco
986 1969 1297 2040 pinguescit
1317 1984 1434 2038 cor,
1465 1979 1653 2028 etnon
1683 1982 1863 2044 potest
1899 1974 2115 2029 tenuio-

505 2065 582 2120 ris
629 2065 854 2134 spiritus
897 2064 1180 2136 suscipere
1237 2065 1512 2122 notiones.
1563 2064 1861 2138 Fugiamus
1904 2082 2035 2138 ergo
2079 2083 2112 2122 a

511 2156 709 2212 talibus
736 2157 906 2223 curis,
931 2167 991 2212 ut
1016 2165 1361 2214 attenuatum
1391 2172 1486 2215 cor
1507 2168 1756 2215 nostrum
1781 2160 1897 2217 Deo
1918 2175 2114 2232 accep-

509 2248 672 2305 tabile
729 2249 845 2304 ﬁat.
902 2248 1200 2321 Fugiamus
1259 2260 1478 2308 terrena
1527 2254 1768 2323 negOtia.
1819 2252 1931 2310 lsta
1983 2266 2114 2311 sunt

508 2343 688 2408 enim,
737 2343 936 2415 quibus
963 2358 1060 2400 cor
1100 2345 1459 2402 incrassatur.
1511 2347 1740 2418 Propter
1784 2346 1890 2404 hoc
1927 2363 2112 2405 sermo

509 2437 725 2495 subtilis
748 2446 892 2505 erat,
923 2446 984 2494 ut
1010 2437 1066 2494 in
1085 2438 1282 2495 Exodo
1312 2440 1574 2496 scribitur
1602 2441 1672 2498 de
1700 2457 1790 2511 eo,
1823 2443 1967 2514 quod
1988 2444 2068 2498 ait
2095 2461 2108 2497 :

503 2534 844 2606 Quicumque
873 2531 1083 2591 fuerint
1097 2542 1322 2606 propter
1349 2537 1392 2607 ι
1405 2534 1560 2608 ιω
1584 2536 1908 2593 tenuitatem
1927 2538 2113 2593 cordis

507 2628 802 2697 ejusmodi,
839 2627 926 2682 isti
953 2626 1123 2690 Deum
1154 2628 1417 2684 videbunt
1446 2629 1644 2700 (Exod.
1680 2631 1850 2703 xxiv).
1883 2631 2112 2689 Talibus

504 2720 652 2778 enim
681 2721 858 2779 oculis
902 2721 1046 2779 Deus
1068 2721 1305 2779 videtur.
1339 2721 1470 2779 Tria
1517 2734 1646 2780 sunt
1674 2741 1798 2796 qua:
1825 2725 2106 2783 dicuntur.

504 2813 863 2870 Incrassatum
893 2826 969 2872 est
989 2818 1124 2872 enim
1145 2833 1236 2873 cor
1265 2816 1451 2890 papuli
1472 2816 1653 2892 hujus,
1686 2828 1733 2873 et
1753 2819 1964 2874 auribus
1999 2821 2110 2875 suis

501 2912 720 2982 graviter
740 2911 1040 2980 audierunt,
1063 2923 1111 2967 et
1141 2912 1319 2967 oculos
1350 2929 1474 2968 suos
1519 2913 1842 2970 clauserunt.
1870 2913 2112 2971 Possunt

502 3013 684 3061 autem
711 3014 766 3061 et
791 3005 950 3062 aliter
975 3004 1319 3062 manifestius
1351 3004 1610 3079 intelligi,
1639 3021 1763 3078 qua;
1795 3007 1897 3062 hoc
1917 3007 2111 3064 dicun-

506 3105 593 3151 tur
623 3097 675 3151 in
707 3097 850 3153 loco.
880 3097 1038 3154 Multi
1061 3098 1207 3154 enim
1233 3097 1511 3154 hominum
1535 3107 1731 3171 putant
1755 3100 2109 3172 inspicientes

2217 1866 2351 1936 ﬁlia.
2383 1867 2528 1939 Ergo
2556 1868 2804 1939 duplices
2836 1871 3008 1926 nostri
3040 1880 3223 1943 patres
3264 1881 3411 1929 sunt.
3457 1873 3565 1930 Sed
3599 1873 3812 1930 oblivis-

2215 1977 2340 2018 cere
2367 2004 2382 2030 ,
2423 1961 2630 2034 inquit,
2680 1963 2902 2020 domum
2957 1966 3128 2036 patris
3181 1967 3261 2022 tui
3309 1967 3534 2037 prioris.
3569 1967 3626 2024 Si
3659 1968 3812 2039 igitur

2215 2053 2416 2111 oblitus
2460 2055 2682 2111 domum
2714 2056 2886 2127 patris
2920 2057 2997 2113 tui
3041 2058 3240 2129 prioris
3291 2074 3485 2115 rursus
3537 2059 3705 2116 lueris
3749 2061 3810 2116 ad

2218 2161 2434 2223 peccata
2465 2168 2791 2222 conversus,
2824 2154 3067 2211 incidisti
3099 2155 3153 2212 in
3186 2156 3239 2212 id
3269 2157 3419 2228 quod
3451 2173 3600 2213 nunc
3624 2157 3814 2214 dicitur

2217 2257 2498 2318 peccatum
2520 2247 2794 2305 :Com'ersi
2813 2261 2931 2305 sunt
2951 2251 3021 2306 ad
3041 2251 3343 2323 iniquitates
3369 2260 3580 2325 patrum
3604 2270 3810 2308 suorum

2215 2342 2471 2412 priorum.
2517 2342 2846 2400 Dicebamus
2901 2344 3106 2400 dudum
3153 2346 3406 2401 zabulum
3438 2356 3658 2418 patrem
3696 2360 3814 2402 nos-

2217 2445 2358 2490 trum
2409 2434 2603 2504 fuisse,
2651 2447 2943 2508 antequam
2992 2437 3143 2495 Deus
3191 2437 3368 2494 factus
3416 2438 3490 2494 sit
3542 2449 3720 2510 pater,
3770 2441 3812 2494 si

2217 2536 2399 2585 tamen
2452 2545 2598 2585 nunc
2631 2545 2739 2586 non
2773 2530 3040 2587 habemus
3070 2533 3237 2588 etiam
3266 2531 3523 2589 zabulum
3558 2543 3765 2604 patrem
3797 2552 3808 2587 :

2214 2624 2360 2696 quod
2384 2625 2548 2682 etiam
2580 2625 2650 2683 de
2675 2626 2904 2684 Joannis
2935 2627 3182 2699 Epistula
3205 2629 3605 2700 approbamus,
3631 2631 3682 2685 in
3709 2646 3810 2702 qua

2214 2721 2286 2776 ita
2317 2721 2578 2778 scribitur
2611 2738 2625 2776 :
2662 2722 2846 2780 Omnis
2875 2725 2964 2796 qui
2995 2735 3262 2794 peccatum
3300 2726 3429 2797 facit
3456 2765 3474 2794 ,
3518 2743 3585 2783 ea:
3634 2728 3810 2783 sabulo

2214 2825 2369 2870 natus
2419 2825 2514 2872 est.
2565 2815 2755 2875 Toties
2782 2833 2849 2875 ex
2881 2819 3078 2875 zabulo
3110 2821 3410 2889 nascimur,
3441 2822 3664 2894 quoties
3695 2838 3813 2894 pec-

2213 2923 2418 2965 camus.
2455 2909 2649 2967 lnfelix
2680 2911 2784 2967 iste
2815 2913 2908 2984 qui
2935 2927 3156 2985 semper
3182 2923 3477 2985 generatur
3527 2930 3559 2969 a
3601 2915 3809 2972 zabulo.

2215 3003 2559 3075 Rursumque
2590 3006 2818 3062 multum
2851 3008 3041 3064 beatus
3071 3008 3165 3079 qui
3193 3023 3415 3080 semper
3442 3025 3512 3065 ex
3552 3010 3664 3066 Deo
3693 3026 3813 3067 nas-

2213 3097 2373 3155 citur.
2408 3099 2596 3172 Neque
2625 3102 2770 3158 enim
2796 3102 2970 3159 semel
2999 3102 3210 3170 dicam,
3243 3101 3452 3174 justum
3486 3119 3555 3160 ex
3582 3103 3697 3161 Deo
3722 3119 3810 3160 na-

501 3196 805 3255 creaturas,
835 3197 894 3244 et
921 3189 1182 3246 mundum
1213 3189 1378 3246 istum
1408 3194 1868 3263 contemplantes,
1919 3194 2108 3251 videre
2135 3202 2180 3265 ρ
2215 3204 2352 3262 tum,
2396 3196 2493 3252 sed
2529 3211 2623 3266 per
2670 3196 2884 3268 singula
2926 3196 3146 3254 virtutis
3165 3213 3332 3270 opera
3375 3214 3600 3271 semper
3639 3200 3810 3273 justus

504 3294 564 3335 se
583 3293 672 3336 ea.
704 3279 772 3336 Et
796 3280 924 3351 quid
951 3280 1072 3338 dico
1102 3282 1423 3340 hominum?
1449 3283 1590 3342 Ecce
1609 3286 1860 3343 volucres
1891 3297 1946 3343 et
1975 3303 2110 3360 qua-

502 3373 771 3445 drupedia
801 3373 986 3431 vident
1033 3375 1205 3432 solem
1235 3385 1292 3433 et
1322 3378 1500 3433 lunam
1523 3419 1537 3444 ,
1585 3387 1642 3434 et
1669 3378 1986 3436 universum
2037 3383 2110 3436 si-

507 3468 618 3524 mul
659 3467 860 3524 caelum
919 3483 1044 3524 cum
1093 3469 1382 3526 stellarum
1437 3471 1643 3538 choro;
1702 3473 1800 3529 sed
1865 3475 2109 3530 rationes

505 3577 695 3619 eorum
725 3579 833 3619 non
865 3563 1197 3634 intelligunt.
1225 3566 1340 3622 Soli
1382 3581 1513 3623 vero
1548 3566 1682 3638 justi
1721 3576 1778 3622 et
1805 3567 1982 3624 sancti
2008 3583 2106 3638 per

504 3655 787 3726 sapientiae
817 3654 918 3713 Dei
939 3658 1210 3714 rationem
1250 3659 1784 3730 comprehendentes
1811 3660 2112 3731 inspiciunt

505 3761 590 3804 ea.
619 3747 748 3804 Ideo
770 3748 824 3804 in
846 3758 1039 3805 octavo
1066 3750 1278 3821 psalmo
1303 3752 1471 3808 David
1519 3752 1653 3810 dicit
1683 3770 1698 3807 :
1734 3752 1991 3819 Quoniam
2029 3755 2108 3809 ri-

505 3839 634 3894 debo
659 3839 813 3896 calas
861 3851 981 3896 tuos
1037 3857 1195 3912 Opera
1238 3843 1522 3917 digitorum
1567 3854 1795 3916 tuorum,
1849 3846 2031 3901 lunam
2061 3855 2108 3902 et

504 3931 706 4002 stellas,
743 3948 859 4004 qua:
887 3941 946 3988 tu
984 3936 1240 4006 fundasti.
1283 3937 1423 4005 Quid
1458 3937 1606 3995 enim
1647 3953 1793 3995 nunc
1838 3938 2106 4020 Propheta

506 4041 614 4082 non
641 4025 788 4083 videt
813 4027 1012 4084 emtum
1039 4037 1096 4084 et
1127 4028 1348 4084 lunam?
1379 4029 1487 4088 Sed
1510 4029 1616 4087 hoc
1637 4031 1782 4104 quod
1806 4033 1884 4088 ait
1909 4033 2108 4101 videbo,

505 4117 552 4174 si
580 4118 1016 4189 consideremus,
1055 4121 1358 4192 poterimus
1395 4123 1725 4196 intelligere.
1803 4164 1818 4180 .
1899 4167 1914 4182 .
1995 4166 2010 4184 .
2093 4165 2106 4180 .

515 4249 529 4267 ο
609 4251 624 4268 ο
706 4252 719 4266 ι
801 4252 815 4266 ο
897 4251 914 4268 ο
993 4251 1008 4267 ο
1087 4249 1105 4269 ο
1186 4253 1202 4271 ο
1283 4254 1298 4271 ο
1379 4258 1391 4270 ο
1471 4254 1487 4272 ο
1581 4255 1594 4272 ο
1690 4258 1704 4272 ο
1800 4260 1817 4276 ο
1897 4259 1910 4274 ο
1993 4258 2008 4272 ο
2092 4259 2106 4274 ο

2216 3292 2458 3346 nascitur
2499 3306 2569 3347 ex
2603 3290 2734 3347 Deo.
2769 3292 2881 3348 Hoc
2911 3303 3095 3349 autem
3129 3301 3188 3348 ut
3225 3293 3437 3364 plenius
3466 3295 3642 3366 possit
3687 3309 3810 3366 pro-

2216 3382 2354 3449 bari,
2381 3383 2546 3439 etiam
2576 3383 2646 3440 de
2673 3384 2975 3442 Salvatoris
2999 3387 3171 3442 nostri
3193 3387 3510 3456 quotidiana
3534 3388 3812 3445 nativitate

2214 3476 2481 3542 dicamus,
2514 3477 2724 3549 liquido
2746 3479 2799 3534 id
2830 3481 2883 3535 in
2909 3480 3074 3550 justis
3100 3481 3409 3538 obtinentes
3440 3481 3591 3552 quod
3623 3482 3676 3538 in
3710 3481 3814 3539 Do-

2217 3570 2362 3626 mino
2379 3573 2738 3641 praecesserit.
2756 3571 3013 3630 Salvator
3023 3585 3212 3632 uoster
3227 3576 3489 3646 splendor
3501 3587 3584 3634 est
3603 3576 3806 3648 gloriaz,

2214 3662 2470 3732 splendor
2497 3673 2678 3721 autem
2708 3682 2816 3722 non
2848 3667 3023 3724 semel
3054 3670 3321 3737 nascitur,
3347 3678 3405 3726 et
3431 3669 3695 3742 deinceps
3715 3669 3808 3726 de-

2213 3756 2343 3811 siuit
2374 3759 2524 3814 nasci
2558 3775 2571 3813 :
2604 3760 3064 3832 quotiescumque
3093 3772 3276 3818 ortum
3317 3763 3482 3819 luerit
3511 3765 3718 3830 lumen,
3747 3779 3810 3820 ex

2213 3865 2320 3921 quo
2343 3851 2606 3922 splendor
2631 3855 2831 3922 oritur,
2857 3855 3020 3912 toties
3050 3856 3224 3912 oritur
3242 3856 3582 3927 et_splendor
3606 3858 3807 3929 gloritc.

2213 3947 2465 4002 Salvator
2514 3957 2705 4006 noster
2747 3951 3019 4021 sapientia
3066 3960 3152 4008 est
3199 3951 3317 4008 Dei.
3352 3950 3636 4022 Sapientia
3683 3967 3810 4006 vero

2214 4039 2476 4110 splendor
2501 4049 2586 4096 est
2617 4041 2755 4097 lucis
2783 4050 3027 4099 πίει-ηας.
3061 4042 3152 4100 Sic
3190 4045 3355 4116 igitur
3392 4043 3650 4101 Salvator
3669 4060 3810 4101 sem-

2217 4148 2313 4202 per
2337 4134 2600 4200 nascitur,
2635 4143 2692 4190 et
2720 4133 2931 4192 idcirco
2957 4135 3130 4192 dicit:
3159 4137 3292 4192 Ante
3328 4153 3510 4193 omnes
3537 4138 3697 4194 colles
3725 4156 3808 4210 gr-

2216 4236 2360 4280 nerat
2386 4244 2488 4292 me,
2516 4242 2647 4296 non,
2670 4239 2731 4284 ttt
2757 4229 2982 4302 quidam
3010 4230 3152 4287 male
3181 4231 3389 4302 legunt,
3419 4233 3704 4304 generavit.
3756 4230 3810 4288 Si

2214 4336 2430 4392 semper
2454 4337 2520 4379 ex
2542 4322 2704 4380 Patre
2727 4325 2974 4381 nascitur
2995 4324 3278 4393 Dominus,
3303 4326 3470 4382 etiam
3504 4336 3559 4383 tu
3589 4327 3646 4384 in
3666 4325 3813 4383 simi—

2215 4415 2502 4473 litudinem
2527 4417 2645 4488 ejus
2675 4427 2885 4476 tantum
2927 4419 3241 4492 ad0ptionis
3265 4421 3533 4492 scriptum
3566 4424 3774 4478 habens
3794 4463 3810 4490 ,

2217 4521 2436 4579 semper
2472 4512 2758 4578 generaris
2807 4527 2837 4567 a
2885 4513 2998 4570 Deo
3043 4529 3140 4586 per
3166 4514 3412 4586 singulos
3462 4514 3810 4579 intellectus.

618 4626 632 4642 .
710 4623 726 4639 .
804 4621 820 4637 .
897 4624 914 4642 .
999 4624 1014 4641 .
1096 4626 1112 4642 .
1192 4629 1208 4644 .
1291 4628 1307 4646 .
1385 4630 1400 4645 .
1477 4627 1494 4644 .
1594 4633 1607 4646 .
1699 4631 1714 4649 .
1806 4631 1822 4648 .
1902 4637 1914 4650 .
1996 4638 2012 4652 .
2091 4603 2312 4672 .Dper
2340 4602 2550 4674 singula
2577 4620 2768 4676 opera,
2802 4617 2858 4664 et
2887 4607 3128 4666 emceris
3165 4608 3310 4665 illius
3355 4609 3450 4666 Dei
3490 4611 3547 4667 in
3594 4609 3811 4666 Christo

583 4687 607 4713 ἰ
654 4676 896 4733 Conversi
921 4687 1042 4734 sunt
1075 4680 1146 4734 ad
1191 4681 1512 4753 iniquitates.
1545 4685 1836 4756 Quorum?
1882 4687 2003 4747 Non
2031 4689 2110 4748 ait

558 4772 857 4845 mpliciter,
909 4780 1142 4844 patrum,
1181 4775 1279 4832 sed
1303 4791 1427 4833 cum
1469 4778 1870 4850 additamento,
1903 4793 2110 4853 patrum

637 4943 849 5019 Detera
879 4940 1282 5019 desiderantur,
1313 4946 1503 5003 mutila
1533 4947 1736 5019 quippe
1763 4951 1920 5006 estin
1944 4951 2100 5008 libris

504 5014 760 5086 omnibus
789 5029 913 5086 cum
943 5013 1108 5069 editis
1135 5024 1245 5086 tum
1275 5033 1436 5072 manu
1463 5013 1704 5077 exaratis
1736 5038 1878 5086 nona
1908 5025 2099 5082 isthaec

508 5088 559 5165 i_n
592 5085 785 5141 Isaiam
816 5085 1060 5149 humilia,
1089 5085 1249 5165 cujus
1287 5100 1577 5157 postrema:
1617 5093 1755 5160 parti
1779 5097 2099 5165 supplendae

505 5155 750 5231 detracta
781 5165 988 5231 temere
1015 5155 1248 5231 est_olim
1279 5155 1556 5228 postrema
1587 5155 1716 5231 pars
1740 5155 1983 5222 liomi'liae
2013 5167 2102 5224 iti-

506 5227 631 5284 dem
663 5242 821 5310 nonin
848 5228 902 5310 in
917 5228 1212 5310 {eretniam
1245 5227 1566 5310 cingenuina
1587 5227 1905 5310 Hieronymi
1934 5240 2102 5295 inter-

505 5300 811 5369 pretatione
839 5302 909 5356 ab
942 5299 1263 5377 his‘verbis,
1299 5300 1552 5377 Conversi
1569 5316 1687 5361 sunt
1716 5310 1785 5362 ad
1796 5299 2105 5377 iniquitates

506 5379 716 5440 patrum
735 5386 983 5427 nieorum.
1013 5369 1148 5440 Quae
1177 5369 1395 5431 tametsi
1441 5375 1676 5444 nullum,
1709 5389 1771 5436 ut
1799 5369 1974 5451 vides,
2019 5383 2102 5438 vel

2216 4695 2372 4766 Jesu,
2408 4699 2496 4755 cui
2535 4709 2621 4757 est
2648 4702 2823 4775 gloria
2862 4713 2921 4762 et
2946 4704 3234 4776 imperium
3265 4703 3318 4760 in
3351 4707 3551 4764 saecula
3583 4706 3812 4762 saeculo-

2215 4807 2356 4847 rum.
2377 4791 2574 4850 Amen.

2209 4954 2276 5046 ad
2303 4956 2647 5046 propositum
2680 4958 2832 5046 Isaiae
2862 4969 3095 5046 textum,
3124 4963 3212 5046 vel
3238 4961 3306 5019 ad
3337 4963 3682 5046 superiorem
3713 4981 3807 5023 ex—

2210 5031 2542 5106 positionem
2574 5042 2883 5106 respectum
2917 5035 3177 5104 habeant,
3232 5050 3356 5090 cum
3401 5031 3614 5106 jamdiu
3655 5053 3810 5094 error

2211 5102 2315 5180 ist_e
2347 5101 2794 5180 lnoleverit,:nec
2824 5101 3220 5180 supersitgpa’rs
3261 5106 3381 5180 ejus
3402 5101 3652 5180 'hpmilia:
3682 5125 3806 5180 pru-

2209 5173 2348 5248 pria,
2387 5182 2444 5228 et
2473 5187 2572 5228 nos
2601 5173 2977 5248 subnectinius
3021 5173 3398 5248 ad'exemplar
3428 5173 3767 5237 Genebrardi
3793 5225 3806 5248 ,

2210 5244 2392 5384 graia:
2417 5252 2626 5301 tantum
2662 5247 2848 5320 aliquo
2877 5249 2946 5307 ad
2990 5250 3224 5324 legentis
3251 5244 3620 5309 eruditionem
3646 5244 3811 5310 inter;

1935 5621 2324 5654 ’ξ
