4080 6326
264 335 366 394 937

840 340 933 397 AD
970 339 1030 398 S.
1072 337 1458 398 HIERONYMI
1494 337 2044 399 COMMENTARIOS
2083 341 2149 398 IN
2186 340 2425 401 ISAIAM
2462 340 2974 402 APPENDICULA.

3453 342 3559 401 958

1223 649 2587 769 APPENDICULA.

256 883 448 1019 IN
548 886 1167 1018 ISAIAM
1259 883 2131 1015 PARVULA
2198 886 2222 914 “
2289 884 3545 1043 ABBREVIATIO,

1207 1126 1368 1211 DE
1443 1121 2063 1214 CAPITULIS
2138 1129 2562 1217 PAUCIS
2588 1191 2614 1228 ς

696 1322 837 1398 EX
909 1325 1517 1411 VERONENSI
1592 1327 1775 1406 MS.
1850 1329 2127 1407 NUNC
2203 1330 2659 1410 PRIMUM
2730 1334 3097 1412 EDITA.

323 1667 534 1743 1155
556 1667 710 1725 Unus
732 1668 875 1726 liber
902 1679 986 1727 est
1007 1671 1296 1729 duodecim
1328 1673 1734 1746 Prophetarum
1765 1694 1776 1730 :
1808 1684 1862 1733 et
1888 1680 1940 1742 Α
1966 1688 2211 1749 apertam
2240 1682 2492 1754 prorupit
2524 1682 2828 1750 insaniam,
2863 1698 3070 1754 negans
3098 1696 3224 1741 esse
3248 1684 3396 1756 quod
3425 1684 3563 1743 dici-

244 1761 392 1833 quod
422 1763 607 1818 solent
636 1761 820 1820 facere
849 1762 1042 1821 Medici
1075 1764 1130 1820 in
1155 1767 1630 1837 aegrotationibus,
1654 1776 1712 1824 et
1736 1769 1859 1825 vul-

246 1855 458 1912 neratis
485 1856 787 1913 secundum
814 1871 1040 1929 corpus,
1074 1858 1178 1915 hoc
1203 1859 1511 1930 Prophetae,
1562 1862 1718 1933 quasi
1738 1863 1855 1934 spi-

244 1950 437 2005 ritales
486 1949 710 2019 medici,
756 1951 812 2007 in
869 1952 1069 2007 anima:
1126 1952 1486 2020 vulneribus,
1515 1953 1857 2025 diversisque

244 2044 487 2114 peccatis
538 2043 725 2101 facere
790 2056 1151 2103 consuerunt.
1213 2047 1513 2105 Duodecim
1561 2048 1857 2120 Pmphetis

241 2139 396 2208 quasi
433 2149 730 2210 aegrotans,
764 2140 860 2211 qui
892 2141 1024 2195 vitio
1074 2154 1177 2197 suo
1227 2141 1411 2198 curari
1457 2142 1761 2207 noluerit,.
1787 2141 1856 2198 ad

241 2240 478 2287 mortem
506 2246 680 2303 usque
712 2231 1083 2300 describitur;
1127 2242 1184 2289 et
1210 2242 1403 2305 postea
1428 2248 1524 2304 per
1548 2232 1853 2302 Christum,

241 2324 333 2395 qui
358 2338 525 2379 verus
550 2334 635 2380 est
665 2324 956 2391 medicus,
1006 2335 1231 2381 sanatus
1276 2334 1400 2395 post
1454 2333 1688 2381 mortem
1730 2340 1855 2381 esse

243 2426 524 2473 narratur.
557 2416 713 2485 Quod
744 2433 876 2490 ergo
905 2417 1197 2475 duodecim
1221 2418 1514 2490 Hopheta:
1542 2434 1642 2491 per
1670 2429 1856 2490 partes

244 2510 473 2577 iaciunt,
524 2521 578 2569 et
608 2512 964 2569 nihilominus
1016 2514 1123 2584 ipsi
1183 2514 1429 2571 breviter
1481 2515 1849 2583 subindicant,

240 2604 501 2661 eumdem
530 2605 783 2662 ordinem
817 2607 1200 2675 continentes,
1230 2606 1336 2661 hoc
1388 2606 1656 2663 latissime
1685 2606 1855 2679 Majo-

248 2715 341 2757 res
364 2700 660 2771 Prophetas
714 2700 901 2758 facere
951 2709 1384 2758 consueverunt.
1440 2701 1610 2759 Ezras
1647 2710 1851 2773 autem,

238 2794 333 2865 qui
364 2794 766 2865 interpretatur
791 2794 1026 2867 adjutor,
1070 2803 1129 2851 et
1154 2794 1463 2851 Zorobabel
1486 2837 1503 2865 ,
1547 2796 1642 2867 qui
1678 2796 1853 2853 inter-

238 2894 491 2965 pretatur
517 2887 616 2942 iste
646 2888 891 2958 princeps
936 2889 993 2941 in
1040 2887 1330 2960 Babylone,
1360 2896 1417 2943 et
1446 2887 1631 2955 Jesus,
1677 2889 1771 2961 qui
1795 2889 1849 2946 in

236 2979 423 3051 lingua
457 2989 650 3035 nostra
677 2988 840 3036 sonat
866 2979 1132 3047 Salvator,
1169 2981 1224 3037 in
1256 2980 1425 3053 ﬁgura
1441 2994 1855 3052 praecesserunt

1964 1779 2073 1839 tur,
2106 1782 2162 1829 et
2187 1772 2547 1829 nihilominus
2569 1775 2722 1831 vitiis
2744 1776 3016 1847 subjacet,
3046 1777 3345 1848 corripitur
3375 1792 3406 1832 a
3425 1778 3565 1836 Pro-

1959 1866 2125 1937 pheta
2154 1864 2312 1939 quasi
2342 1866 2536 1937 Judas,
2564 1869 2620 1924 in
2652 1884 2761 1941 quo
2790 1870 2865 1925 sit
2886 1885 3015 1926 vera
3042 1870 3137 1925 Dei
3166 1870 3448 1943 confessio,
3504 1879 3565 1928 et

1958 1962 2114 2032 quasi
2134 1961 2465 2030 Jerusalem,
2495 1965 2639 2035 quod
2663 1981 2842 2036 pacem
2868 1965 3090 2037 quidem
3135 1965 3341 2022 habere
3369 1965 3559 2023 videa-

1960 2065 2069 2123 tur,
2101 2064 2159 2112 ut
2186 2058 2256 2113 ab
2286 2058 2523 2114 occultis
2544 2059 2875 2116 criminibus
2900 2074 2960 2117 se
2988 2060 3263 2127 retrahat,
3296 2076 3367 2117 ne
3394 2062 3563 2117 etiam

1956 2150 2035 2207 illi
2056 2151 2349 2223 captivitas
2381 2153 2592 2208 veniat.
2623 2154 2813 2210 Audite
2857 2155 2991 2222 caeli,
3024 2162 3070 2209 et
3100 2154 3309 2209 auribus
3355 2155 3564 2227 percipe

1958 2253 2139 2311 terra,
2184 2248 2432 2316 quoniam
2480 2246 2738 2303 Dominus
2789 2249 2990 2305 locutus
3034 2257 3131 2305 est.
3189 2248 3457 2317 Quoniam
3506 2250 3565 2306 in

1956 2335 2182 2394 Cantico
2208 2338 2619 2395 Deuteronomii
2641 2341 2902 2411 scriptum
2937 2350 3042 2409 est,
3073 2356 3140 2397 eo
3186 2349 3438 2412 tempore
3455 2357 3565 2413 quo

1957 2430 2172 2503 Moyses
2197 2472 2212 2496 .
2261 2432 2416 2501 quasi
2463 2433 2636 2489 nubes
2667 2433 2905 2500 Domini,
2942 2434 3270 2506 loquebatur
3304 2437 3565 2490 :Attende

1957 2524 2163 2589 coelum,
2197 2532 2247 2579 et
2276 2525 2462 2597 loquar
2483 2570 2497 2595 ,
2538 2534 2587 2582 et
2615 2528 2799 2581 audiat
2828 2535 2965 2582 terra
3008 2528 3161 2582 verba
3189 2544 3253 2583 ex
3283 2543 3370 2583 ore
3402 2546 3512 2583 meo
3544 2544 3564 2583 :

1957 2626 2211 2689 exspectet
2230 2619 2365 2672 sicut
2384 2619 2611 2687 pluviam
2638 2635 2929 2674 sermonem
2955 2636 3144 2687 meum,
3174 2628 3221 2675 et
3252 2620 3570 2675 descendant

1956 2711 2091 2765 sicut
2117 2727 2205 2765 ros
2229 2710 2379 2766 verba
2406 2727 2522 2766 mea
2540 2718 2627 2768 :et
2656 2712 2834 2783 legem
2858 2711 2957 2768 Dei
2977 2712 3081 2766 sub
3098 2711 3185 2767 his
3208 2712 3443 2769 testibus
3462 2713 3564 2771 de-

1955 2802 2135 2870 derat,
2164 2803 2306 2861 ctelo
2323 2803 2606 2873 videlicet,
2629 2813 2684 2861 et
2702 2814 2879 2873 terra;
2902 2806 3005 2861 hoc
3023 2814 3110 2862 est
3128 2807 3387 2864 omnibus
3402 2822 3561 2864 crea-

1956 2896 2097 2951 turis
2126 2912 2248 2969 qua:
2267 2897 2407 2954 coelo
2426 2898 2807 2967 includuntur,
2826 2907 2881 2955 et
2905 2909 3053 2956 terra
3084 2916 3100 2954 :
3131 2914 3197 2955 ex
3231 2910 3385 2971 parte
3414 2901 3561 2957 enim

1954 2999 2132 3047 totum
2162 2991 2439 3049 indicatur
2471 2992 2950 3066 (synecdochicds)
2982 3012 2995 3049 :
3027 2994 3179 3067 quod
3239 3003 3461 3051 tenetur
3503 2996 3560 3052 in

236 3072 488 3140 Domini;
543 3080 603 3127 ut
644 3072 789 3143 quod
839 3073 1029 3129 caeteri
1083 3072 1374 3145 Prophetae
1422 3074 1846 3132 medicinalibus
1874 3085 1925 3147 Β
1952 3086 2222 3157 partibus,
2253 3087 2381 3158 quia
2402 3072 2597 3143 omnia
2627 3087 3008 3158 includuntur,
3046 3097 3104 3145 ut
3131 3089 3397 3146 diximus.
3444 3091 3560 3147 Cae-

232 3173 354 3227 suis
387 3171 545 3228 libris
566 3186 760 3228 curare
785 3185 897 3227 non
927 3180 1246 3243 potuerunt,
1282 3171 1376 3229 isti
1400 3173 1746 3241 curaverint,
1782 3183 1838 3231 et

232 3265 564 3325 reduxerim
589 3267 851 3339 populum
881 3277 1004 3338 post
1031 3268 1435 3340 captivitatem.

305 3360 463 3434 (Cap.
488 3360 556 3431 l.)
594 3359 742 3416 Visio
768 3360 947 3417 Isaiae.
978 3361 1289 3433 Propterea
1311 3361 1450 3419 visio
1462 3360 1687 3430 dicitur,
1711 3363 1837 3434 quia

230 3452 527 3523 Prophetas
555 3451 740 3509 futura
766 3464 1127 3527 cognoscunt,
1164 3464 1219 3511 et
1244 3454 1629 3527 spiritualibus
1656 3454 1837 3512 oculis

226 3545 533 3601 Salvatoris
586 3546 872 3603 intuentur
914 3549 1210 3605 adventum
1252 3568 1263 3603 :
1297 3548 1442 3604 unde
1486 3557 1544 3603 et
1595 3548 1837 3604 Videntes

229 3640 385 3710 apud
431 3639 694 3709 antiquos
736 3641 1071 3696 vocabantur
1108 3640 1424 3712 Prophetas.
1477 3636 1609 3694 Filii
1654 3644 1832 3693 Amos.

224 3732 488 3804 Plerique
508 3740 724 3803 putant,
752 3731 953 3801 Amos,
979 3733 1076 3803 qui
1105 3733 1299 3801 tertius
1328 3741 1413 3788 est
1437 3731 1519 3791 de.
1538 3732 1833 3788 duodecim

225 3826 544 3899 Prophetis,
578 3836 792 3898 patrem
822 3841 948 3883 esse
973 3826 1160 3893 Isaiae,
1202 3827 1301 3883 sed
1333 3826 1696 3883 vehementer
1745 3842 1835 3884 er-

224 3930 351 3977 rant
377 3939 390 3977 :
414 3921 650 3978 diversis
672 3922 873 3993 quippe
924 3921 1068 3992 apud
1102 3921 1361 3979 Hebraeos
1392 3922 1712 3978 scribuntur
1735 3923 1831 3978 lit-

224 4016 389 4083 teris;
418 4016 565 4071 alius
593 4029 693 4086 per
716 4017 865 4083 sade,
893 4015 1037 4071 alius
1066 4030 1165 4087 per
1187 4016 1290 4070 sin.
1328 4015 1501 4081 Quam
1528 4016 1655 4071 vidit
1673 4033 1831 4087 super

220 4109 508 4174 Judam,et
536 4107 851 4165 Jerusalem.
885 4108 1219 4178 Specialiter
1247 4108 1419 4164 Isaias
1465 4108 1536 4165 ad
1561 4108 1697 4166 duas
1727 4109 1832 4164 tri-

219 4204 327 4259 bus
356 4202 609 4270 mittitur,
633 4203 853 4271 Judam,
877 4211 933 4259 et
956 4202 1239 4275 Beniamin
1263 4218 1277 4269 ;
1303 4212 1351 4258 et
1370 4200 1660 4259 Jerusalem
1688 4221 1702 4259 :
1725 4203 1831 4260 hoc

219 4306 336 4361 est,
371 4299 439 4352 ad
471 4298 820 4369 metropolim
868 4297 1101 4353 duarum
1149 4298 1393 4353 tribuum
1422 4298 1729 4355 civitatem.
1760 4299 1831 4354 In

219 4391 399 4447 diebus
429 4391 591 4463 Ozias,
615 4390 888 4461 Joatham,
915 4391 1113 4461 Achaz,
1144 4390 1407 4463 Ezechias,
1431 4391 1633 4465 Regum
1656 4391 1689 4447 J
1697 4391 1825 4448 uda.

1942 3175 2048 3231 lum
2076 3185 2126 3232 et
2152 3186 2367 3234 terram.
2398 3178 2536 3247 Quia
2557 3179 2735 3251 legem
2771 3181 2864 3237 Dei
2889 3182 3285 3251 praevaricatus
3318 3192 3407 3240 est
3450 3199 3554 3254 po-

1942 3271 2124 3341 pulus,
2149 3270 2374 3328 eosdem
2395 3287 2593 3329 rursus
2614 3282 2783 3329 testes
2821 3284 3019 3341 vocat,
3067 3274 3173 3331 sub
3201 3276 3401 3347 quibus
3430 3276 3557 3333 data

1940 3364 2029 3421 lex
2051 3374 2166 3432 est;
2195 3374 2255 3421 ut
2284 3366 2545 3437 quoniam
2570 3366 2804 3437 populus
2822 3367 3015 3423 audire
3033 3369 3389 3438 contempsit,
3407 3383 3547 3425 cun-

1944 3464 2049 3513 cta:
2097 3456 2324 3511 audiant
2351 3465 2640 3513 creaturae.
2681 3456 2891 3529 1147
2922 3457 3113 3513 Audite
3142 3459 3277 3524 caeli,
3310 3466 3359 3513 et
3407 3462 3553 3513 auri-

1937 3551 2031 3604 bus
2056 3549 2268 3620 percipe
2290 3556 2449 3603 terra.
2469 3548 2631 3605 Juxta
2647 3548 2932 3603 historiam
2968 3549 3115 3621 quod
3141 3550 3277 3605 dicit
3293 3548 3397 3606 hoc
3421 3560 3539 3606 est:
3566 3590 3573 3593 -

1938 3640 2214 3710 Quoniam
2243 3656 2332 3697 me
2356 3656 2534 3712 genus
2561 3641 2894 3712 contempsit
2923 3641 3224 3697 humanum
3245 3686 3259 3711 ,
3311 3650 3369 3697 et
3398 3642 3542 3700 inter

1936 3742 2164 3789 cunctas
2190 3742 2476 3789 creaturas
2502 3743 2556 3790 et
2582 3734 2857 3791 elementa
2876 3750 2999 3806 qua:
3031 3735 3153 3803 feci,
3174 3736 3275 3791 hoc
3303 3744 3546 3792 tantum-

1937 3828 2104 3883 modo
2134 3827 2346 3884 rebelle
2368 3843 2544 3899 genus
2585 3837 2711 3895 est,
2758 3828 2905 3899 quod
2954 3838 3226 3900 repugnat
3272 3830 3545 3887 voluntati

1937 3935 2107 3987 meae;
2140 3929 2433 3993 propterea
2460 3922 2624 3978 etiam
2654 3921 3073 3979 irrationabiles
3104 3939 3227 3994 qua:
3254 3930 3537 3995 putantur,

1936 4012 2162 4069 audiant
2182 4022 2471 4083 creaturae,
2504 4022 2565 4069 ut
2591 4013 2766 4085 magis
2786 4014 3141 4070 rationabiles
3164 4015 3534 4073 condemnen-

1933 4115 2044 4164 tur.
2074 4108 2210 4177 Quia
2238 4106 2498 4163 Dominus
2528 4108 2733 4165 locutus
2754 4116 2851 4175 est,
2875 4107 3049 4172 Filios
3064 4111 3289 4165 cnutrivi
3313 4119 3361 4166 et
3390 4112 3535 4167 exal-

1934 4202 2038 4255 tavi
2067 4217 2087 4256 :
2118 4214 2225 4257 non
2250 4199 2390 4256 dixit
2413 4202 2552 4271 ﬁlios
2571 4203 2758 4274 genui,
2791 4203 2933 4259 sicut
2962 4204 3017 4258 in
3065 4204 3279 4275 vulgari
3330 4203 3538 4261 habent

1934 4294 2427 4366 interpretatione;
2444 4294 2780 4367 superﬂuum
2799 4296 2946 4352 enim
2972 4294 3178 4352 dixisse
3201 4297 3340 4366 ﬁlios
3354 4299 3530 4372 genui,

1932 4404 2058 4445 cum
2090 4389 2276 4461 utique
2304 4390 2482 4445 omnis
2503 4389 2645 4446 ﬁlius
2675 4388 2748 4445 sit
2762 4390 2996 4462 genitus.
3029 4390 3173 4462 Ergo
3201 4390 3255 4446 in
3287 4405 3354 4447 eo
3381 4393 3525 4463 quod

216 4485 333 4543 Sub
374 4486 496 4541 istis
522 4501 659 4557 ergo
688 4487 971 4553 omnibus,
1003 4486 1098 4556 qui
1120 4494 1493 4558 regnaverunt
1522 4487 1576 4541 in
1610 4484 1825 4559 1156
1849 4481 1896 4546 C
1928 4484 2067 4541 dixit
2095 4484 2257 4556 ﬁlios,
2287 4483 2548 4541 indicavit
2570 4483 2682 4555 jam
2736 4499 2860 4541 esse
2907 4485 3143 4556 genitos.
3173 4482 3331 4540 Nunc
3390 4499 3521 4557 aug-

212 4581 374 4649 Juda,
413 4579 706 4651 prophetia
734 4580 856 4652 ejus
882 4589 1117 4637 extensa
1142 4589 1227 4637 est
1259 4598 1274 4636 :
1329 4580 1494 4637 etiam
1521 4580 1577 4636 in
1604 4580 1727 4650 ipso
1756 4579 1821 4635 li-

210 4676 319 4731 bro
349 4672 714 4745 reperiemus,
745 4687 875 4745 quae
903 4673 1045 4727 visio
1070 4674 1175 4729 sub
1199 4687 1311 4745 quo
1337 4673 1485 4729 dicta
1541 4673 1614 4727 sit
1662 4687 1815 4745 rege.

211 4767 331 4824 Hoc
368 4767 669 4823 secundum
714 4764 1048 4831 Historiam;
1101 4765 1401 4821 secundum
1449 4765 1815 4837 tropologiam

209 4871 395 4919 autem
425 4858 872 4929 intelligendum,
898 4857 1280 4929 quodcumque
1310 4858 1379 4913 ad
1406 4857 1734 4925 Samariam,
1760 4868 1817 4916 et

1925 4589 2173 4637 mentum
2201 4579 2355 4646 facit,
2383 4579 2509 4651 quia
2538 4580 2719 4636 omnis
2757 4579 2849 4651 qui
2879 4586 3112 4649 generat
3137 4620 3153 4645 ,
3203 4588 3261 4636 et
3309 4579 3483 4635 nutrit
3514 4598 3527 4635 :

1923 4689 2057 4747 ergo
2080 4689 2184 4747 ego
2210 4684 2265 4731 et
2289 4674 2475 4745 genui,
2505 4682 2561 4730 et
2584 4673 2792 4729 nutrivi
2834 4690 2847 4727 :
2905 4681 2963 4729 et
2994 4688 3100 4730 non
3153 4674 3331 4731 solum
3392 4689 3527 4730 enu-

1922 4766 2086 4822 trisse
2105 4773 2403 4822 contentus
2428 4764 2507 4821 l'ui
2537 4806 2553 4833 ,
2596 4773 2656 4820 ut
2702 4764 2757 4820 in
2814 4779 3027 4820 morem
3074 4765 3417 4831 animalium,
3468 4776 3526 4822 et

1918 4860 2102 4915 avium
2133 4872 2248 4914 sum
2277 4857 2403 4914 illos
2433 4857 2804 4930 relinquerem
2828 4859 3077 4929 passioni
3104 4900 3119 4926 ,
3147 4869 3201 4915 et
3222 4872 3322 4914 suo
3343 4857 3521 4914 labori

1918 4949 2290 5015 dimitterem;
2316 4948 2414 5004 sed
2437 4963 2579 5020 quos
2606 4949 2865 5020 parvulos
2890 4950 3257 5017 enutrieram,
3289 4963 3523 5021 magnos

1916 5058 2161 5115 quoque,
2191 5051 2248 5099 ct
2274 5042 2515 5110 adultos,
2547 5042 2821 5113 utquibus
2850 5042 3023 5099 vitam
3056 5041 3339 5110 dederam,
3372 5057 3519 5099 nunc

1916 5137 2105 5193 darem
2133 5136 2298 5192 etiam
2325 5135 2579 5206 gloriam.
2612 5133 2729 5205 Ipsi
2751 5145 2918 5191 autem
2947 5118 3248 5207 spreuerant
3274 5150 3376 5190 me.
3411 5136 3519 5190 Pro

1917 5228 2082 5285 tantis
2135 5225 2422 5284 beneﬁciis
2471 5226 2790 5283 vicissitudo
2832 5232 3185 5296 contemptus
3251 5224 3373 5280 luit.
3417 5224 3517 5281 Co-

208 4954 280 5010 ad
310 4953 502 5009 decem
531 4952 707 5007 tribus
737 4950 964 5017 dicitur,
995 4951 1099 5007 hoc
1130 4950 1237 5006 dici
1275 4958 1467 5006 contra
1517 4949 1761 5007 haereses
1792 4969 1807 5006 :

207 5050 598 5122 quodcumque
624 5062 758 5103 vero
780 5056 972 5103 contra
999 5045 1331 5113 Jerusalem,
1361 5044 1468 5100 hoc
1492 5043 1600 5101 dici
1623 5053 1813 5101 contra

207 5140 543 5197 Ecclesium.
578 5139 755 5196 Prima
783 5137 1142 5210 intelligentia
1169 5136 1491 5209 tropologiae
1537 5134 1642 5191 ista
1683 5146 1812 5193 est:

208 5232 453 5291 secunda
484 5232 588 5288 alia
626 5232 845 5288 :anima
872 5244 996 5303 quae
1036 5229 1340 5295 erraverit,
1398 5236 1455 5285 et
1493 5228 1563 5285 de
1601 5227 1815 5299 iustitia

207 5340 483 5383 corruens
538 5325 690 5382 vitiis
741 5325 1109 5397 subjacuerit,
1160 5322 1362 5380 dicitur
1403 5323 1660 5394 Ephraim
1683 5368 1697 5393 ,
1731 5322 1815 5379 di-
1916 5320 2203 5395 gnovitbos
2232 5335 2575 5391 possessorem
2604 5336 2796 5388 suum,
2826 5326 2874 5372 et
2903 5317 3082 5393 asinus
3136 5331 3362 5388 praesepe
3418 5317 3516 5371 do-

207 5419 357 5476 citur
406 5419 654 5476 Samaria
706 5436 721 5485 ;
779 5434 905 5476 nam
960 5418 1163 5475 dicitur
1210 5432 1405 5474 vaccas
1458 5418 1564 5475 sibi
1616 5432 1814 5473 aureas
1916 5414 2047 5469 mini
2076 5415 2177 5470 sui.
2211 5411 2546 5468 Bationabili
2579 5409 2791 5467 homini
2818 5407 3217 5465 irrationabilia
3243 5407 3512 5479 iumenta,

205 5512 629 5577 construxisse,
687 5520 742 5567 et
793 5512 1028 5570 refertur
1078 5512 1147 5569 ad
1190 5511 1379 5568 decem
1433 5511 1634 5568 tribus.
1685 5510 1816 5580 Qui-
1916 5518 1972 5565 et
2003 5521 2201 5579 pecora
2250 5516 2671 5579 comparantur,
2704 5513 2763 5560 ut
2791 5517 2916 5560 cum
2941 5502 3035 5559 illa
3066 5503 3337 5560 beneﬁcia
3390 5518 3517 5560 sen-

206 5618 445 5675 cumque
476 5603 652 5661 adhuc
683 5605 738 5660 in
762 5609 1049 5676 proposito
1082 5616 1438 5678 perseverat,
1491 5613 1549 5662 et
1596 5620 1705 5663 non
1760 5606 1817 5661 in
1919 5603 2114 5670 serint,
2137 5610 2197 5659 et
2225 5602 2516 5659 brutorum
2540 5614 2756 5673 quoque
2772 5611 2968 5655 sensus
2992 5613 3103 5655 non
3123 5599 3338 5671 ignoret
3364 5614 3511 5669 eum,

284 5741 411 5796 llita
444 5742 497 5795 in
522 5740 861 5797 Veronensis
914 5742 1271 5802 Bibliothecae
1319 5742 1510 5800 codice
1556 5742 1819 5799 vetustis-
1849 5741 1902 5802 D
1932 5749 2158 5797 auctore
2205 5739 2457 5811 opusculi
2500 5736 2735 5793 diximus
2775 5734 2829 5791 in
2871 5734 3103 5807 hujusce
3159 5735 3290 5795 lomi
3334 5735 3528 5808 praela-

211 5813 359 5887 simo
384 5813 705 5887 inscribitur
736 5831 749 5869 :
781 5812 873 5887 qui
902 5829 1054 5870 num.
1084 5816 1155 5873 24
1178 5833 1246 5873 ex
1277 5816 1441 5887 nigro
1462 5816 1650 5872 colore
1671 5817 1827 5885 (sunt
1927 5814 2097 5870 tione.

214 5883 367 5942 enim
397 5883 490 5940 alii
518 5898 583 5942 cx
615 5885 810 5955 rubro)
835 5897 1190 5953 prmnotatur.
1220 5883 1365 5946 Vide
1395 5903 1518 5960 quae
1546 5888 1615 5945 de
1663 5883 1827 5956 huius

666 5978 946 6041 Ρηιοι..
991 5978 1230 6043 XXIV.

3011 5970 3091 6042 30
