1923 3660
259 191 313 219 959

556 189 602 219 AD
620 189 651 219 S.
671 188 863 219 HIERONYMI
881 187 1158 217 COMMENTARIUS
1178 187 1210 215 IN
1231 186 1348 216 ISAIAM
1368 184 1618 216 APPENDICULA.
1721 206 1727 216 .
1811 192 1847 220 9m

258 248 338 282 cujus
349 246 483 276 beneﬁcia
500 248 603 282 sentit;
621 249 710 277 solum
723 256 810 285 genus
832 247 978 275 humanum
995 254 1061 274 con-
1074 247 1098 276 Α
1113 246 1257 280 copulctis.
1279 245 1347 273 lllud
1370 250 1472 278 autem,
1494 244 1566 281 quod
1583 245 1656 280 paulo
1675 252 1728 274 ante
1750 247 1849 284 diximus,

261 294 407 321 dctnnetttr
423 294 495 330 quod
512 296 678 331 contempsit
699 296 795 323 Deum.
808 294 930 330 Cognovit
945 294 988 322 bos
1002 302 1062 330 pos-

261 349 388 367 sessorem
403 350 479 368 suum
493 363 499 375 ,
524 345 559 369 et'
572 343 660 370 asinus
677 351 792 379 prwsepc
815 343 912 370 domini
927 343 976 369 sui.
995 342 1060 376 Bos,

259 387 306 422 qui
321 387 439 421 laborat,
457 389 578 424 quijugo
588 390 658 417 colla
671 389 820 422 submittit,
839 394 867 417 et
891 389 1005 416 multtnn
1028 396 1059 416 cx

257 434 353 461 labore
363 442 412 461 suo
429 435 489 470 plus
504 440 617 471 prtcstat
627 437 749 469 domino,
758 444 839 472 quant
856 437 914 470 ipse
925 444 939 463 a
949 436 1060 464 domino

257 482 367 516 accipit,
385 487 474 510 tamen
489 482 617 519 intelligit
631 490 821 519 possessorem
838 492 928 512 suum.
959 483 1060 510 Asinus

255 535 365 562 quoque
380 536 505 563 prmsepe
520 529 625 556 domini
642 530 685 557 sui
704 529 849 564 intelligit,
866 529 999 557 beneﬁcia
1011 550 1018 562 ,
1034 533 1061 556 et

258 573 350 601 locum
364 594 371 606 ,
395 576 420 601 in
432 582 485 609 quo
511 575 589 603 cibos
608 576 736 611 accipere
750 576 893 604 consuevit
907 596 914 609 ,
931 576 1062 604 libentius

259 619 345 647 videt.
364 619 450 647 Israel
471 629 521 648 non
538 622 656 657 cognovit
671 630 680 649 :
698 621 857 650 subauditur
871 630 909 648 me
924 630 933 649 :
947 622 1060 657 populus

258 674 330 692 meus
347 674 398 692 non
415 666 540 694 intellexit
554 676 564 695 :
576 668 746 703 subauditur,
763 677 809 696 nec
822 676 1005 704 possessorem,
1015 676 1060 695 nec

257 712 417 739 dominum:
439 713 576 748 simulque
601 713 757 742 considerat
780 715 904 749 exempla
929 719 1059 749 quantam

257 758 313 786 vim
340 758 469 786 habeant.
491 759 545 787 Bos
555 760 620 788 licet
634 761 709 788 cibos
721 761 862 796 accipiata
879 761 990 788 dotnino
1003 781 1010 794 ,
1032 766 1060 788 et

255 805 348 832 asinus
373 805 436 832 licet
462 813 586 842 pravsepe
605 812 768 843 cognoscat,
793 812 883 835 tamen
901 808 986 835 multo
1000 808 1059 843 plus

254 851 350 879 labore
364 859 415 880 suo
427 853 702 887 prazslantdominis,
729 861 809 888 quant
832 854 881 889 ipsi
899 862 911 880 a
926 853 1058 887 dominis,

252 899 421 934 'accipiant
438 907 508 935 :ego
518 905 610 927 autem
637 908 700 927 cum
726 900 799 928 nulla
823 900 1058 928 beneliciahomi-

1113 291 1267 326 Prophetas
1281 299 1342 319 esse
1365 291 1487 319 medicos
1514 291 1657 327 spiritales,
1672 299 1696 321 et
1707 295 1770 328 quasi
1787 300 1849 324 totum

1114 345 1201 373 genus
1216 346 1315 366 curare
1326 338 1495 373 morborum,
1514 346 1586 365 nunc
1597 339 1806 368 manifestissimob
1817 350 1850 370 cu.

1111 388 1187 411 ratur
1208 384 1334 419 exemplo
1352 392 1358 410 :
1375 384 1465 411 videte
1489 384 1561 411 enim
1588 384 1714 419 Scriptura
1727 386 1779 420 quid
1791 388 1850 415 dicat.

1114 430 1197 458 Omne
1207 436 1285 466 caput
1301 431 1464 468 languidum,
1476 435 1501 457 et
1516 438 1590 457 ontne
1603 438 1645 457 cor
1654 439 1761 465 moerens;
1769 441 1781 458 a
1789 434 1853 468 planta

1112 478 1186 511 pedis
1202 486 1282 514 usque
1296 477 1457 505 atltverticem
1473 486 1526 505 non
1541 481 1579 504 est
1589 478 1613 504 in
1628 486 1655 505 eo
1669 479 1766 512 sanitas;
1777 480 1851 513 rulmu,

1112 530 1135 552 et
1147 525 1223 560 liuor,
1237 531 1260 552 et
1276 525 1354 560 plaga
1367 531 1478 552 tumens.
1494 525 1576 552 Omne
1591 529 1665 560 caput
1680 525 1821 561 languidum,
1837 533 1853 554 et

1110 580 1186 599 omne
1200 580 1245 599 cor
1258 579 1378 599 merens.
1396 570 1565 606 Frequenter
1584 565 1718 604 admoneo,
1734 577 1756 598 ut
1773 573 1793 599 in
1807 572 1852 600 Pro-

1111 618 1202 654 pltctis
1228 618 1309 646 verba
1326 619 1435 654 singula
1451 618 1677 652 consideremus;
1704 619 1789 647 idcirco
1804 621 1855 646 enim

1112 666 1262 694 secundutn
1277 666 1419 694 historiam
1447 666 1580 701 imperitis
1595 666 1690 694 utilitas
1709 674 1755 693 non
1768 666 1853 700 videtur,

1113 712 1176 748 quia
1192 713 1409 747 nonintelligunt
1432 712 1505 747 quod
1521 712 1629 739 dicitur.
1657 712 1730 740 Omne
1742 717 1803 748 caput
1817 714 1857 739 lint-

1109 761 1229 796 guidum,
1250 765 1274 787 et
1288 769 1363 787 omne
1383 769 1426 787 ror
1444 768 1563 787 intereas.
1586 759 1614 788 Si
1634 759 1693 795 quis
1714 761 1855 795 :rgrotaverit,

1111 807 1154 835 vel
1169 806 1332 834 difﬁcillimo
1344 807 1441 834 morbo
1456 814 1571 841 corpore
1583 813 1723 841 oppressus
1738 806 1810 837 fuerit.
1823 805 1858 832 ha-

1108 854 1200 882 buerit
1213 858 1305 881 autent
1318 852 1436 880 animam
1454 853 1586 880 latiorem
1597 874 1604 885 ,
1620 852 1751 879 inﬁrmitas
1765 852 1857 886 corporis

1110 899 1205 927 laetitia
1219 900 1304 927 animi
1319 903 1498 927 sustentatur.
1515 898 1622 935 [1‘9
1638 898 1735 926 Rursus
1752 899 1770 926 si
1789 898 1860 932 aliquis

253 953 316 973 num
328 945 455 980 habeam,
469 947 520 974 nisi
533 947 591 974 hate
601 947 792 974 tantummodo
803 947 826 975 si
838 947 978 975 salvantur
989 946 1056 981 ipsi,
1074 943 1097 972 Β
1112 953 1258 973 mcerorem
1273 945 1410 978 habuerit,
1427 951 1456 972 et
1477 945 1603 972 dolorem
1616 945 1716 978 cordis,
1729 950 1752 972 et
1771 944 1860 971 diversas

252 1001 322 1028 quos
337 993 422 1029 diligo
437 1002 444 1021 ε
461 1002 523 1022 cum
540 994 579 1022 eis
593 998 668 1022 tanta
684 994 873 1030 prmstitcrim,
889 998 917 1021 et
929 993 997 1021 nihil
1012 1001 1059 1021 ac-

253 1039 385 1074 ceperint,
401 1047 450 1075 pro
463 1040 591 1068 omnibus
602 1040 745 1068 beneﬁciis
755 1045 943 1075 contemptum
955 1039 1060 1067 solum—

252 1085 336 1113 modo
346 1085 539 1113 reddiderunt.
549 1086 617 1120 Quia
632 1094 700 1121 ergo
711 1090 784 1113 tanta
794 1093 941 1121 perpessus
953 1089 1059 1120 sum,et

252 1131 359 1166 perdidi
370 1131 480 1165 Filium,
489 1139 569 1167 quem
580 1132 760 1167 contrieram,
769 1139 849 1167 quem
861 1132 1057 1164 exaltaveram,

252 1177 324 1212 quod
337 1185 448 1213 pOssum
460 1178 551 1206 sohnn
567 1178 660 1207 facere
675 1179 745 1206 iacio
760 1188 766 1206 :
783 1179 908 1214 plangam
920 1178 1056 1214 perditum

256 1229 284 1252 ct
297 1231 435 1253 mortuum
444 1234 524 1261 quetn
537 1230 715 1261 azgrotantem
728 1233 827 1254 sanare
843 1233 896 1253 non
910 1227 993 1261 potui.
1016 1225 1060 1252 Vw

255 1272 327 1307 genti
338 1273 488 1308 peecatrici,
499 1272 595 1309 populo
602 1273 674 1309 gravi
685 1273 832 1308 iniquitate,
840 1272 930 1301 semini
937 1280 1056 1307 nequam,

255 1318 318 1352 filiis
329 1319 472 1347 sceleratis.
487 1318 595 1356 1148
605 1319 781 1347 Mutaverunt
795 1319 905 1347 nomina
918 1327 925 1347 :
938 1326 974 1346 tite
988 1318 1057 1356 genti

254 1366 401 1401 peccatrici,
418 1373 480 1400 quae
494 1366 632 1401 quondam
644 1373 712 1402 gens
728 1373 787 1394 mea
800 1365 870 1393 dicta
886 1369 928 1393 est
944 1364 1057 1400 :populo

257 1412 482 1448 grai-i;peccatis
493 1412 565 1440 enim
576 1413 705 1448 gravibus
728 1412 890 1448 praagravati
913 1417 976 1440 sunt
994 1420 1000 1438 :
1016 1420 1058 1439 sc-

251 1459 316 1487 niim'
339 1468 469 1496 nequam;
493 1468 549 1489 non
573 1467 635 1489 meo
661 1460 779 1495 semini,
804 1460 954 1489 secundum
984 1459 1057 1494 quod

255 1506 321 1534 alibi
336 1506 440 1535 dictum
457 1511 509 1538 est.
528 1507 560 1534 Et
576 1508 603 1535 in
617 1507 714 1536 semine
735 1511 781 1534 tuo
802 1507 981 1534 benedicentur
1004 1514 1059 1534 om-

251 1562 296 1581 nes
317 1559 404 1591 genth
425 1555 511 1589 :ﬁliis
537 1554 670 1583 sceleratis
691 1554 770 1591 (Gen.
798 1562 883 1588 xxvi,
899 1553 939 1589 4),
957 1561 1057 1589 nequa-

249 1607 330 1635 quam
345 1602 413 1628 meis
429 1601 510 1635 ﬁliis;
522 1602 614 1630 statim
628 1603 701 1630 enim
715 1606 744 1630 ut
754 1609 868 1637 peccare
879 1601 1056 1637 coeperimus,

253 1655 315 1675 cum
327 1648 487 1677 conditione
497 1649 602 1683 peccati
613 1654 640 1676 et
652 1649 770 1676 ﬁliorum
782 1656 880 1676 nomen
891 1648 1053 1675 amittimus.
1068 1642 1091 1673 C

254 1693 454 1730 Dereliquerunt
469 1694 620 1729 Dominum,
634 1695 710 1730 quasi
727 1699 887 1730 sequentem
910 1695 937 1722 in
961 1694 1054 1729 singu-

251 1741 286 1769 lis
302 1741 361 1769 viis.
379 1742 593 1778 Singulisensns
613 1747 680 1770 sunt
698 1751 704 1770 :
720 1741 789 1770 Cum
813 1742 904 1770 omnia
925 1741 1053 1776 fecerint,

254 1796 316 1816 cum
328 1793 426 1817 cuncta
452 1789 557 1817 scelera
575 1788 814 1825 perpetraverint,
831 1793 924 1817 tamen
938 1796 990 1824 ego
1001 1796 1054 1816 tton

255 1834 347 1863 dimisi
359 1843 421 1869 eos,
436 1836 484 1864 sed
500 1836 670 1871 exspectavi,
688 1839 715 1864 ut
731 1835 878 1871 aliquando
904 1835 938 1863 ad
954 1843 998 1864 me
1011 1843 1056 1864 τοι

256 1887 430 1911 verterentur
452 1892 458 1910 :
480 1883 519 1911 illi
535 1888 626 1911 autem
639 1889 758 1912 stantem
774 1892 828 1917 me,
845 1890 873 1911 et
889 1883 1055 1919 pandentem

260 1939 359 1958 tnanus
387 1931 420 1958 ad
437 1931 624 1967 paenitentiam
652 1939 746 1959 eorutn
760 1953 767 1964 ,
785 1931 992 1966 dereliquerunt
1008 1940 1013 1958 :
1030 1934 1058 1958 ct

257 1985 310 2005 non
326 1978 368 2006 eis
382 1978 495 2012 sufﬁcit,
506 1978 579 2014 quod
594 1978 801 2014 dereliquorunt
821 1979 926 2015 (videte
940 1978 1055 2006 auxesin

259 2026 460 2063 peccatorum),
486 2026 534 2054 sed
563 2026 644 2055 etiam
675 2027 915 2062 blasphemaverunt
939 2031 1057 2053 sanctum

258 2073 360 2108 Israel,
375 2073 517 2101 abalienati
532 2078 592 2101 sunt
607 2079 746 2101 retrorsum
760 2082 768 2100 :
783 2073 810 2101 id
827 2079 884 2107 est,
904 2073 956 2100 ltoc
968 2080 1058 2107 coepe-

259 2126 323 2148 runt
341 2128 413 2155 esse,
431 2120 504 2156 quod
525 2125 588 2148 ante
612 2120 719 2148 fuerant
732 2141 739 2153 ,
759 2125 903 2155 antequam
921 2128 982 2148 meo
1010 2127 1059 2147 no-

259 2167 332 2196 mine
346 2173 538 2196 censerentur.
553 2167 641 2204 Super
648 2176 699 2204 quo
713 2168 856 2203 percutiant
871 2177 914 2195 ros
928 2168 999 2195 ultra
1012 2167 1059 2195 ad-

260 2213 347 2241 dentes
363 2214 621 2248 praevaricationem?
640 2214 723 2242 Pinna
738 2215 772 2242 ad
789 2215 841 2243 ltoc
851 2216 968 2243 infertur
979 2223 992 2242 a
1006 2216 1059 2243 Do-

260 2260 345 2293 mino,
357 2260 435 2295 quasi
452 2268 468 2287 a
481 2268 546 2288 vero
560 2261 679 2295 medico,
692 2266 721 2289 ut
735 2269 783 2296 per
797 2262 931 2296 cautcria,
945 2268 972 2290 et
986 2270 1060 2290 mor-

260 2306 355 2335 dacem
378 2306 518 2342 pulverem
542 2308 647 2336 sanitas
667 2308 861 2343 subsequatur.
887 2309 957 2344 Ergo
984 2308 1059 2344 quod

262 2353 329 2382 dicit
343 2353 394 2381 hoc
415 2358 458 2381 est
473 2363 479 2381 :
496 2354 579 2382 Multa
607 2355 754 2390 emplastra
783 2356 918 2390 apposui,
940 2354 1059 2383 diversis

262 2400 489 2428 medicaminibus
504 2408 600 2429 curare
610 2409 658 2429 vos
674 2402 760 2435 volui,
774 2410 829 2430 non
848 2402 958 2430 invenio
973 2409 1060 2438 genus

259 2446 450 2480 remedii,cum
458 2453 547 2475 vestra
556 2448 679 2483 quotidie
686 2449 817 2483 aegritudo
824 2454 981 2477 succrescat
990 2458 996 2475 :
1005 2456 1059 2476 non

261 2493 361 2526 solum,
379 2493 477 2528 inquit,
494 2502 547 2521 non
562 2495 698 2522 sanamini
715 2503 729 2522 a
743 2496 877 2530 prioribus
890 2496 1028 2528 vitiis,sod
1036 2502 1060 2524 et

261 2547 320 2567 mea
335 2547 399 2567 cura
422 2541 583 2568 revolvente
596 2541 687 2575 priora
703 2547 824 2576 peccata,
838 2550 907 2569 nova
923 2543 1064 2577 apponitis

259 2587 384 2614 vulnera.
393 2586 478 2621 Super
488 2595 539 2623 qua
550 2588 692 2622 percutiam
701 2596 744 2615 vos
753 2588 836 2615 ultra?
845 2589 921 2624 quasi
933 2589 1060 2617 dubitan-

261 2634 296 2661 tis
307 2633 388 2661 verba
399 2638 477 2661 sunt:
491 2634 545 2661 hoc
558 2638 611 2667 est,
622 2634 648 2662 in
657 2643 712 2669 quo
725 2643 773 2662 vos
784 2643 878 2663 sanam
887 2636 899 2662 ‘l
909 2635 971 2670 quia
984 2635 1057 2663 enim

260 2680 340 2715 plaga
364 2680 470 2707 Domini
487 2680 520 2708 ad
537 2680 589 2709 hoc
604 2682 735 2716 percutit,
756 2686 785 2709 ut
799 2682 921 2710 emendet
935 2691 943 2714 ;
960 2682 993 2709 ad
1008 2682 1060 2710 hoc

262 2726 388 2762 castigat,
400 2731 427 2754 ut
439 2732 519 2754 sanet
530 2736 536 2755 :
547 2727 627 2761 Dicit,
638 2736 714 2762 super
724 2736 775 2763 quo
783 2729 944 2764 percutiant?
956 2728 1008 2756 hoc
1019 2733 1063 2757 est

261 2773 354 2808 quasi,
367 2773 439 2809 quod
470 2774 548 2801 vobis
571 2775 710 2810 imponam
725 2775 924 2810 emplastrum?
938 2775 1061 2802 addentes

262 2821 502 2855 praevaricationem
516 2829 523 2848 :
538 2829 600 2849 cum
615 2821 738 2857 quotidie
751 2821 957 2857 novispeccatis
969 2826 1063 2850 vetera

300 2924 312 2956 ξι
333 2918 362 2956 in
376 2920 540 2956 ms.7vitiose
554 2920 733 2956 erataccipitg

299 2954 311 2972 ιι
332 2953 487 2990 Legendum
500 2961 621 2983 cernatur
630 2963 640 2989 ;
650 2953 736 2984 veriss
745 2956 797 2983 inte
806 2956 840 2984 ad
852 2956 1001 2992 apographi
1015 2956 1055 2983 sui

1111 992 1316 1025 tribulationes,
1329 992 1473 1019 robttstutn
1493 996 1584 1019 autem
1599 999 1705 1026 corpus.
1728 990 1861 1018 imbecillita-

1111 1046 1166 1069 tem
1180 1040 1280 1068 animm
1306 1039 1409 1068 sanitas
1428 1039 1553 1075 corporis
1568 1043 1697 1067 sustentat
1716 1047 1722 1065 :
1737 1046 1787 1066 cum
1796 1042 1859 1065 autem

1110 1094 1138 1117 et
1153 1096 1252 1124 corpus
1270 1088 1296 1115 in
1313 1087 1492 1123 aegrotatione
1517 1092 1576 1120 est,
1602 1090 1630 1114 et
1644 1086 1727 1114 anima
1748 1085 1771 1112 in
1782 1084 1861 1116 dolore,

1112 1136 1185 1164 nulla
1202 1139 1318 1171 possunt
1328 1135 1475 1162 subvenire
1488 1134 1622 1162 remedia.
1636 1133 1692 1160 Hoc
1704 1137 1803 1164 estergo
1812 1129 1861 1165 quod

1111 1182 1292 1211 medicamine
1308 1181 1420 1215 dicitur,
1436 1189 1510 1208 omne
1524 1185 1602 1217 caput
1612 1179 1764 1216 languidum.
1774 1177 1800 1205 Et
1811 1184 1862 1204 omne

1110 1238 1155 1257 cor
1178 1237 1290 1257 marem
1306 1236 1315 1256 :
1328 1228 1463 1263 simulque
1475 1227 1622 1255 considera
1632 1247 1640 1260 ,
1664 1226 1723 1261 quia
1737 1231 1746 1244 ε
1759 1222 1862 1259 principali

1110 1276 1222 1308 animm,
1236 1276 1288 1303 hoc
1301 1280 1343 1303 est
1353 1275 1439 1308 cordi,
1456 1275 1585 1310 corporis
1597 1269 1865 1309 comparaveritptinci-

1112 1324 1185 1359 palo,
1199 1323 1224 1351 id
1236 1328 1277 1350 est
1288 1326 1371 1357 caput
1385 1331 1391 1350 :
1404 1322 1431 1350 in
1444 1322 1535 1356 capite
1546 1328 1645 1349 omttes
1655 1327 1747 1348 sensus
1759 1322 1864 1349 suimet:-

1110 1369 1178 1398 teris
1195 1369 1328 1398 membris
1340 1368 1475 1396 truncatis
1488 1367 1585 1396 vivere
1601 1367 1690 1395 anima
1711 1368 1866 1401 potest-,tnm-

1110 1421 1173 1444 cato
1187 1415 1287 1451 capite,
1300 1415 1352 1443 vita
1367 1415 1457 1443 omnis
1468 1414 1595 1442 aufertur
1606 1422 1612 1440 :
1623 1418 1651 1441 et
1666 1420 1717 1441 non
1736 1410 1800 1443 dixit,
1811 1414 1866 1436 omne

1111 1466 1193 1497 caput
1206 1466 1399 1497 amputatum;
1419 1460 1589 1496 superﬂuum
1613 1459 1687 1488 enim
1705 1463 1775 1491 erat,
1799 1461 1868 1484 cetera

1110 1509 1234 1537 mentbra
1252 1508 1421 1542 describere,
1437 1513 1465 1536 et
1479 1507 1595 1536 morbos
1608 1507 1769 1542 reliquorum
1782 1508 1866 1532 artuum.

1110 1556 1133 1585 si
1154 1560 1324 1591 amputatum
1337 1556 1466 1583 dixisset.
1484 1554 1658 1590 Languidum
1673 1560 1734 1588 ergo
1747 1551 1811 1582 dicit,
1821 1553 1842 1576 ut
1851 1552 1869 1575 tt

1111 1604 1138 1632 in
1154 1603 1340 1638 descriptione
1363 1603 1554 1631 membrorum
1575 1606 1737 1629 cmtororum
1752 1595 1867 1625 habentiu-

1110 1660 1183 1680 cnnt.
1201 1652 1220 1678 Α
1237 1650 1328 1687 ρἀηια
1342 1650 1415 1686 pedis
1435 1658 1514 1684 usque
1535 1649 1571 1676 ad
1590 1649 1712 1677 verticem
1725 1654 1770 1673 non
1783 1643 1871 1672 attinet

1108 1698 1219 1725 sanitas.
1235 1696 1317 1725 Totus
1339 1701 1452 1732 :rgrotat
1470 1695 1576 1728 Israel;
1596 1703 1630 1723 ne
1647 1701 1715 1722 unus
1739 1690 1829 1727 quidem
1844 1687 1871 1713 \‘ir

1108 1749 1221 1773 sanctus
1234 1744 1351 1772 inveniri
1368 1748 1469 1779 potest,
1489 1743 1571 1778 quasi
1589 1743 1618 1770 in
1634 1748 1747 1775 corpore
1758 1736 1873 1767 membrum

1108 1791 1230 1827 aliquod,
1240 1791 1312 1827 quod
1320 1798 1414 1818 sanum
1430 1794 1505 1818 esset
1518 1789 1660 1817 videatur.
1672 1788 1700 1816 Si
1715 1785 1786 1819 enim}
1794 1786 1848 1811 esset
1857 1781 1873 1807 in

1109 1844 1167 1867 toto
1194 1846 1310 1873 corpore
1324 1837 1425 1873 aliquid
1439 1858 1445 1870 ,
1469 1836 1543 1872 quod
1566 1844 1667 1864 sanum
1682 1839 1761 1865 esset,
1777 1839 1804 1860 ex
1818 1828 1875 1857 unius

1110 1886 1226 1913 sanitate
1240 1885 1321 1912 etiant
1338 1888 1437 1912 caetera
1460 1883 1602 1911 medelam
1619 1883 1728 1911 trahere
1746 1879 1875 1906 viderentur.

1114 1931 1231 1963 Vulnus,
1247 1936 1270 1958 et
1291 1931 1365 1964 livor,
1386 1935 1409 1958 et
1428 1929 1508 1966 plaga
1529 1935 1638 1957 tumens
1657 1928 1783 1959 :Vulnns,
1800 1926 1877 1960 peccat:

1110 1977 1243 2011 recentia,
1259 1977 1327 2005 liv0r
1340 1978 1451 2012 antiqua
1467 1977 1578 2005 scelera
1596 1985 1603 2004 :
1617 1977 1695 2012 plaga
1713 1978 1816 2003 tumens,
1829 1970 1879 1996 inco'

1110 2029 1195 2057 ctum,
1209 2028 1236 2052 et
1251 2028 1328 2052 vetus
1343 2022 1487 2055 delictum,
1504 2023 1590 2059 quasi
1608 2022 1728 2058 quodam
1744 2026 1803 2056 pure
1816 2019 1880 2051 ianu-

1111 2071 1197 2099 ricns.
1228 2070 1291 2098 Non
1314 2075 1352 2098 est
1370 2069 1555 2106 circumligata
1569 2078 1619 2098 nec
1634 2073 1726 2097 curata
1739 2062 1879 2095 medicamine,

1112 2126 1195 2153 neque
1206 2118 1261 2153 fota
1276 2116 1343 2144 oleo.
1360 2115 1421 2144 Non
1442 2116 1514 2152 quod
1544 2116 1610 2144 haec
1636 2117 1709 2144 Deus
1734 2122 1782 2144 non
1800 2108 1880 2139 iecerit;

1113 2166 1179 2194 fecit.
1190 2165 1262 2193 enim
1274 2164 1377 2198 omnia,
1393 2168 1420 2192 et
1439 2163 1549 2200 1150
1564 2164 1629 2192 sine
1646 2171 1729 2191 causa
1750 2159 1815 2190 missi
1827 2159 1881 2184 erit!"

1112 2212 1295 2248 Pmphetae,si
1304 2212 1354 2238 ista
1363 2218 1416 2238 non
1423 2210 1558 2238 ieciSsent
1567 2219 1573 2237 :
1583 2210 1634 2239 sed
1642 2210 1708 2246 quia
1715 2216 1765 2237 non
1771 2212 1804 2236 est
1810 2202 1882 2233 sanitas

1112 2260 1268 2291 subsecuta,
1280 2256 1480 2292 quodammodo
1490 2256 1629 2284 videntur
1642 2264 1698 2284 non
1712 2255 1776 2282 facta
1786 2259 1834 2280 esse
1843 2254 1882 2282 ιιυπ

1112 2306 1183 2334 facta
1197 2310 1270 2333 sunt.
1288 2304 1444 2333 Secundum
1468 2305 1677 2340 tropologiam.
1694 2302 1783 2331 Audite
1799 2297 1857 2328 (mli.
1870 2298 1884 2320 τι

1113 2354 1219 2382 auribus
1234 2353 1336 2389 percipe
1347 2357 1416 2380 terra
1426 2352 1496 2379 :hoc
1506 2357 1564 2385 est,
1583 2358 1611 2380 et
1627 2351 1746 2386 vos,qui
1756 2346 1828 2376 sancti
1836 2342 1885 2369 vde-

1112 2400 1190 2435 mini,
1207 2405 1234 2428 et
1247 2407 1306 2433 vos,
1320 2400 1364 2435 qui
1382 2403 1561 2435 peccatores,
1579 2399 1690 2435 pariter
1711 2396 1805 2425 audite.
1829 2389 1886 2419 Fili“

1112 2448 1232 2482 enutrivi,
1249 2451 1273 2475 et
1291 2447 1414 2480 eaaltaui,
1430 2446 1479 2483 ipsi
1489 2450 1584 2473 autem
1602 2455 1645 2473 me
1667 2446 1818 2481 spreverunt.
1840 2437 1887 2464 Deus

1114 2496 1186 2523 iilios
1201 2494 1325 2523 homines
1348 2494 1449 2521 habere
1473 2493 1613 2528 dignatus
1628 2501 1709 2526 sum;
1727 2486 1835 2520 enutrivi
1849 2489 1887 2511 e05.

1113 2548 1141 2571 et
1155 2542 1338 2578 magniﬁeavi,
1353 2547 1382 2569 ut
1405 2542 1441 2569 de
1459 2541 1551 2569 servis
1574 2542 1688 2568 amicos
1708 2539 1838 2568 dicerem:
1858 2532 1888 2563 ἕρδ’

1114 2596 1201 2617 autem
1215 2593 1366 2624 spreverunt
1385 2596 1444 2621 me;
1459 2588 1523 2621 hoc,
1539 2595 1595 2623 per
1611 2591 1730 2623 peccata
1742 2592 1798 2618 sua,
1812 2587 1833 2610 et
1843 2581 1891 2606 εετιθ

1113 2645 1175 2664 cum
1191 2636 1293 2663 nullam
1303 2643 1390 2662 meam
1405 2634 1539 2662 duritiam
1554 2635 1715 2663 senserint.
1730 2633 1762 2661 Et
1777 2628 1891 2667 prudenter

1112 2683 1183 2710 dixit
1194 2687 1343 2717 spreverunt
1357 2689 1365 2708 :
1379 2689 1459 2708 nemo
1472 2682 1588 2716 spernit
1598 2704 1606 2716 ,
1625 2681 1680 2709 nisi
1696 2681 1773 2716 cuius
1785 2675 1855 2706 nimia
1863 2672 1892 2698 b0-

1114 2729 1184 2756 nitas
1204 2732 1268 2756 est:
1287 2735 1351 2763 ergo
1366 2731 1394 2755 et
1410 2728 1485 2756 illius
1499 2727 1707 2761 clementiam,
1723 2732 1752 2755 et
1770 2724 1892 2753 mansuem-

1113 2774 1203 2802 dinem
1217 2781 1306 2802 nteant
1329 2773 1551 2802 imbecillitatem
1567 2774 1802 2809 interpretantes,
1814 2771 1893 2804 spreve-

1114 2826 1179 2849 runt
1192 2829 1271 2857 quem
1286 2821 1393 2855 timere,
1408 2825 1436 2849 et
1449 2828 1546 2849 amare
1557 2820 1726 2850 debuerant
1740 2829 1747 2848 :
1762 2824 1790 2848 et
1802 2815 1895 2853 ριοροίνί

1116 2927 1192 2956 Orant
1199 2919 1236 2951 Μ.
1250 2918 1325 2956 Scip.
1341 2919 1465 2949 Matreius
1481 2924 1692 2951 annotaverat.

1111 2986 1115 2990 ,
1150 2961 1160 2975 ο
1179 2955 1275 2985 Grece
1288 2955 1442 2994 ἦνιμὸναιὸν.
