4008 6304
1419 531 2400 671 PR/EFATIO.

1586 793 2265 820 M
2030 819 2085 820 κέ

1541 809 2226 843 ἦ

341 950 500 1025 Qua
529 953 863 1016 Lectorem
896 974 1293 1035 praemonere
1320 967 1641 1040 oporteat,
1673 981 1802 1026 non
1837 971 1967 1030 tam
1999 973 2123 1032 mei
2160 977 2450 1037 muneris
2483 982 2758 1042 ornandi
2808 987 3016 1064 gratia
3038 1034 3055 1062 ,
3088 1009 3285 1069 quam
3332 1005 3403 1057 ut
3448 1002 3557 1062 ine

255 1052 637 1117 instructior
673 1057 751 1118 ad
785 1059 1120 1138 legendum
1155 1061 1441 1142 accedat,
1476 1067 1695 1143 paucis
1732 1071 2094 1149 expediam.
2139 1076 2654 1147 Commentarios
2708 1084 2771 1144 in
2803 1052 3066 1164 Isaiam,
3099 1052 3176 1154 ac
3207 1052 3553 1160 Jeremiain

256 1156 706 1274 iomplectitur
747 1164 1020 1274 quartus
1057 1164 1175 1274 i-ste
1205 1164 1867 1246 Hieronymianorum
1896 1189 2166 1250 operum
2206 1181 2440 1239 tomus.
2475 1183 2686 1260 Atque
2717 1186 2808 1246 illi
2838 1156 3095 1265 quidem
3129 1196 3239 1272 qui

252 1256 636 1365 PrOphetam
668 1262 1020 1340 explicant,
1049 1263 1266 1326 decem
1294 1271 1356 1326 et
1392 1276 1535 1330 octo
1564 1271 1710 1330 libri
1744 1280 1895 1334 sunt
1927 1295 1941 1334 :
1971 1295 2250 1355 quorum
2289 1256 2595 1359 quintus,
2617 1288 2728 1365 qui
2763 1256 2982 1352 decem
3011 1256 3311 1359 Visiones
3346 1256 3551 1363 liisto;

253 1359 387 1421 rica
418 1361 884 1439 eXplanatione
922 1367 1362 1443 prosequitur,
1394 1367 1502 1428 diu
1536 1376 1885 1450 antequam
1925 1376 1988 1436 in
2032 1379 2412 1442 universum
2454 1359 2839 1466 PrOphetam
2887 1394 3172 1458 scribere
3211 1399 3271 1459 S.
3321 1401 3553 1464 Doctor

255 1461 669 1577 instituisset,
700 1465 781 1578 ab
814 1465 952 1578 ipso
982 1471 1077 1526 est
1112 1468 1558 1580 elucubratus,
1590 1471 1756 1534 hanc
1785 1475 2010 1537 sedulo
2047 1482 2344 1557 exigente
2374 1461 2638 1564 operam
2660 1492 2951 1555 Amabile
2978 1501 3192 1560 nescio
3219 1461 3553 1580 quo

252 1564 469 1624 noniaa
505 1565 788 1644 regionis
829 1566 1156 1647 episcOpo,
1190 1569 1375 1648 cujus
1413 1577 1472 1632 et
1502 1575 1750 1635 nomini
1805 1577 2204 1641 inscribitur.
2250 1585 2473 1648 Postea
2533 1609 2676 1650 cum
2715 1594 2776 1653 in
2822 1613 2890 1656 se
2927 1564 3272 1680 recepisset
3317 1564 3551 1670 Isaiam

250 1685 335 1729 ex
373 1669 625 1750 integro
658 1689 1011 1748 exponere,
1048 1692 1196 1734 eum
1233 1693 1496 1754 quoque
1526 1678 1761 1740 librum
1791 1681 2272 1747 Commentario
2306 1689 2606 1768 inseruit,
2643 1713 2721 1756 ne
2754 1716 2949 1774 quam
2993 1669 3183 1767 antea
3222 1710 3552 1786 explicue-

248 1773 351 1828 rat
389 1785 613 1829 earum
639 1769 982 1831 Visionum
1018 1771 1358 1835 historiam
1389 1776 1723 1854 superﬂuo
1759 1782 2144 1859 replicaret:
2175 1788 2514 1869 solamque
2549 1795 2710 1856 adeo
2741 1769 3078 1880 a‘nagogen
3115 1769 3365 1870 duohds

248 1874 700 1953 sequentibus,
738 1882 924 1937 sexto
960 1895 1036 1940 ac
1093 1881 1394 1964 septimo,
1426 1901 1536 1961 per
1570 1885 1791 1947 eadem
1828 1888 2168 1952 Visionum
2214 1897 2427 1972 capita
2475 1917 2842 1974 recurrens,
2876 1874 3306 1983 praetermissa
3338 1911 3552 1976 histo-

247 1975 374 2048 ria,
415 1975 778 2056 investigat.
818 1977 977 2037 Eum
1017 1996 1214 2058 porro
1245 1980 1526 2043 diximus
1575 1985 1640 2044 in
1673 1986 1849 2048 Notis
1881 1989 2370 2074 Chronologicis
2408 1997 2484 2059 ad
2519 1975 2896 2078 epistolam-
2921 2007 2986 2068 in
3041 2020 3262 2073 nostra
3316 2033 3552 2076 recen—

247 2077 570 2192 sione.68
629 2080 708 2139 ad
758 2097 1002 2140 annum
1055 2085 1380 2159 pertinere
1456 2087 1612 2165 397,
1666 2107 1861 2167 quam
1918 2096 2228 2170 epocham
2281 2098 2333 2158 si
2379 2077 2592 2162 denuo
2647 2105 2752 2165 hic
2816 2108 3088 2171 velimus
3147 2119 3550 2192 argumentis

244 2180 560 2260 experiri,
597 2182 789 2243 nimis
823 2185 1026 2246 multa
1063 2184 1330 2248 dicenda
1387 2188 1538 2264 sint,
1589 2193 2065 2272 repetendaque
2096 2199 2285 2276 aegra?
2321 2201 2735 2282 valetudinis,
2778 2207 2840 2268 in
2879 2227 3076 2287 quam
3125 2180 3548 2296 subsequenti

245 2302 423 2348 anno
465 2286 902 2368 Hieronymus
966 2289 1211 2362 incidit,
1267 2297 1417 2353 nota
1470 2293 1894 2376 Chronologis
1949 2306 2138 2362 antea
2201 2320 2330 2362 non
2391 2305 2871 2389 animadversa,
2923 2286 3360 2396 multaquein.
3407 2339 3548 2384 eam

243 2405 381 2450 rem
414 2389 666 2469 longius
697 2392 1109 2463 arcessenda,
1145 2411 1290 2470 quas
1346 2393 1426 2454 ad
1481 2396 1808 2458 laudatam
1865 2399 2230 2480 epistolam,
2287 2410 2348 2464 et
2403 2405 2481 2465 ad
2519 2409 2594 2468 71
2659 2419 2723 2472 et
2783 2413 2864 2471 72
2926 2389 3288 2495 Opportune
3343 2426 3548 2503 magis
3619 2487 3622 2492 ,

243 2491 732 2555 edisseruimus.
794 2495 980 2556 Nunc
1043 2496 1243 2576 ipsius
1308 2496 1762 2562 Commentarii
1815 2501 1892 2576 in,
1941 2503 2320 2566 universum
2379 2509 2760 2587 Prophetam
2811 2491 2987 2577 tetas
3014 2491 3364 2596 quaerenda
3409 2491 3545 2585 est:

243 2596 416 2674 quod
455 2603 668 2660 tamen
707 2604 927 2679 utpote
957 2601 1131 2678 longi
1170 2602 1386 2680 Operis
1419 2602 1701 2663 studium
1757 2621 1886 2666 non
1938 2609 2050 2666 uni
2105 2625 2283 2670 anno
2318 2611 2758 2691 ascripserim,
2793 2619 3072 2679 maxime
3112 2639 3255 2682 cum
3306 2631 3369 2684 et
3404 2626 3547 2688 aliis

244 2700 399 2757 tunc
432 2698 629 2760 fuisse
656 2703 830 2763 curis
861 2702 1236 2778 distentum,
1267 2708 1330 2763 et
1362 2704 1763 2765 notariorum
1793 2703 2128 2768 laborasse
2184 2709 2426 2786 in0pia,
2458 2710 2735 2790 denique
2777 2721 2962 2776 aetate
3009 2724 3070 2779 et
3107 2724 3398 2800 corporis
3433 2725 3548 2784 im-

247 2799 600 2864 becillitate
632 2804 994 2866 confectura
1024 2825 1092 2868 se
1126 2806 1186 2866 in
1220 2805 1710 2868 Prmtationibus
1742 2807 2056 2868 librorum
2088 2809 2280 2870 dicat.
2309 2812 2389 2871 At
2425 2813 2581 2874 satis
2614 2815 2873 2891 quidem
2902 2820 3149 2880 erudite
3187 2799 3546 2886 Tillemon-

242 2901 372 2963 tius
411 2903 734 2984 inceptum
778 2925 942 2985 opus
987 2924 1160 2969 anno
1206 2907 1327 2968 [ιο8
1357 2910 1904 2987 subsequentibus
1951 2928 2126 2972 nono
2168 2917 2280 2972 aut
2315 2912 2562 2973 decimo
2599 2933 2796 2993 supra
2833 2919 3544 2999 quadringentesimum

247 3007 579 3085 expletum
613 3010 1097 3090 perfectumque
1131 3013 1484 3073 arbitratus
1520 3014 1640 3072 est.
1692 3012 2072 3086 Conjecerat
2124 3013 2294 3072 enim
2346 3013 2715 3076 Stilichonis
2750 3035 3000 3093 necem,
3043 3038 3189 3097 qua;
3220 3025 3372 3083 anni
3427 3023 3547 3087 1508

238 3120 463 3167 mense
494 3108 788 3187 Augusto
835 3116 1088 3188 patrata
1119 3116 1240 3184 est,
1270 3109 1560 3172 denotari
1616 3110 1679 3170 in
1718 3111 2034 3175 undecimi
2083 3111 2230 3172 libii
2266 3113 2644 3174 Praefatione
2676 3117 2751 3175 iis
2806 3120 3043 3195 verbis,
3074 3124 3312 3198 quibus
3345 3143 3413 3186 se
3464 3129 3545 3188 ab

237 3206 518 3286 impacta
580 3212 935 3286 calumnia,
972 3212 1142 3289 quod
1201 3214 1855 3284 barbarumRomani
1889 3213 2120 3274 ducem
2148 3217 2471 3276 exercitus
2510 3218 2942 3296 suggillasset,
2990 3231 3219 3300 purgat
3245 3230 3541 3290 sanctiss.

234 3310 501 3381 Doctor,
557 3310 688 3372 Nec
728 3320 841 3387 est,
897 3313 1226 3389 inquiens,
1259 3312 1568 3389 generalis
1604 3312 1959 3390 disputatio
2015 3314 2210 3371 unius
2258 3331 2542 3390 personce
2572 3315 2815 3394 injuria
2844 3338 2864 3375 :
2901 3337 3033 3396 qua:
3087 3341 3223 3382 cum
3273 3324 3540 3405 benigno

235 3428 516 3472 meorum
549 3411 763 3473 studio
805 3421 1153 3486 caveretur,
1194 3413 1312 3472 Dei
1331 3411 1586 3490 judicio
1633 3421 1879 3490 repente
1913 3410 2162 3473 sublata
2192 3421 2302 3472 est.
2340 3413 2604 3487 Verum,
2640 3422 2706 3474 ut
2735 3416 2872 3477 haac
2905 3437 3213 3495 perquam
3248 3430 3544 3500 proxima

236 3511 488 3572 veritati
535 3511 907 3590 conjectura
938 3511 1041 3580 sit,
1095 3528 1241 3570 eum
1277 3511 1539 3587 quidem
1577 3510 1812 3569 librum
1845 3511 2215 3571 Stilichonis
2275 3514 2697 3604 posteriorem
2755 3522 2958 3575 morta
2991 3518 3164 3580 ἁπλῶς
3192 3540 3354 3594 esse,
3410 3546 3538 3590 ηοη

235 3617 453 3672 autem
486 3615 734 3689 quanto
765 3612 1072 3689 temporis
1103 3612 1338 3688 spatio,
1363 3609 1762 3671 indicaverit.
1792 3610 2226 3684 Quamobrem
2264 3613 2500 3672 certior
2529 3617 2730 3674 multo
2759 3615 2898 3696 ejus
2929 3620 3189 3695 epoclite
3222 3627 3386 3684 ratio
3417 3635 3541 3698 est,

235 3731 382 3792 qua:
415 3731 494 3773 ex
527 3713 805 3774 aliarum
835 3712 1000 3774 serie
1026 3712 1549 3774 lucubrationum
1589 3711 1936 3789 colligitur,
1972 3719 2033 3772 et
2071 3731 2216 3774 cum
2249 3714 2471 3791 primis
2503 3715 2961 3778 Commentarii
3006 3722 3068 3781 in
3106 3722 3533 3802 Ezeehielem,

237 3838 428 3900 quem
466 3837 611 3880 cum
672 3817 920 3880 ineunti
970 3834 1144 3878 anno
1181 3815 1294 3876 Ml
1327 3817 1758 3890 ascribamus,
1799 3831 1915 3892 pro
1941 3822 2116 3876 certo
2149 3834 2412 3896 quoque
2439 3818 2772 3890 habemus,
2805 3823 3088 3886 Auctore
3121 3827 3259 3904 ipso
3301 3829 3539 3911 ϐάρω-

235 3922 422 3982 bente
452 3921 515 3982 in
550 3919 957 3994 Prml‘alione,
990 3936 1212 3980 recens
1249 3919 1511 3996 expleto
1541 3919 1604 3976 in
1636 3917 1869 3977 Isaiam
1904 3915 2406 3988 Commentario,
2456 3918 2850 3980 inchoatum.
2887 3921 3147 4001 Finitis,
3189 3927 3421 4004 inquit,
3472 3933 3539 3992 in

233 4021 466 4083 Isaiam
494 4019 690 4081 decem
722 4026 780 4078 et
803 4026 946 4079 octo
980 4016 1535 4096 Explanationum
1561 4013 2010 4092 voluminibus,
2046 4016 2128 4076 ad
2169 4017 2612 4079 Ezechiel......
2657 4022 2928 4082 transire
2956 4023 3400 4100 cupiebam.....
3441 4034 3535 4096 Et

233 4143 366 4186 ecce
395 4122 599 4184 subito
632 4141 799 4185 mors
826 4122 979 4184 mihi
1007 4121 1414 4191 Pammachii,
1453 4129 1636 4200 atque
1662 4118 2004 4190 Marcella,
2038 4120 2333 4180 Romana:
2362 4119 2535 4180 urbis
2565 4119 2834 4197 obsidio,
2880 4123 3342 4206 multorumque
3383 4134 3534 4209 [να-

239 4231 406 4286 trum
431 4233 488 4285 et
530 4241 823 4284 sororum
857 4222 1158 4284 dormitio
1204 4220 1504 4281 nuntiata
1532 4226 1644 4290 est,
1674 4225 1733 4276 et
1765 4225 2018 4287 uetera,
2051 4235 2196 4294 qum
2244 4235 2375 4277 uno
2413 4225 2633 4279 tenore
2682 4221 3198 4297 subsequuntur,
3235 4226 3533 4306 idemque

230 4331 484 4404 tempus
519 4325 878 4406 designant.
914 4324 1210 4386 Vicissim
1249 4341 1329 4383 ne
1361 4322 1579 4399 operis
1607 4320 1865 4379 initium
1889 4325 2040 4380 ante
2073 4321 2786 4400 quadringentesimum
2811 4323 3128 4386 decimum
3169 4337 3377 4406 putes,
3408 4334 3528 4397 hoc

230 4433 406 4488 vetat
433 4443 591 4487 sane
627 4425 1210 4488 luculentissimum
1245 4422 1681 4484 testimonium
1714 4420 1780 4480 in
1816 4419 2308 4480 Commentariis
2347 4421 2410 4480 in
2445 4421 2654 4497 ipsum
2692 4422 2928 4484 Isaiam
2979 4427 3167 4486 tertio
3193 4432 3403 4491 statim
3447 4436 3527 4496 li-

229 4529 347 4588 bro
376 4546 389 4585 :
428 4527 519 4585 De
549 4525 660 4586 hac
708 4526 958 4588 Visione
991 4525 1377 4605 (Seraphim)
1408 4533 1550 4583 ante
1577 4539 1776 4582 annos
1809 4521 2064 4582 circiter
2108 4520 2382 4599 triginta
2437 4540 2576 4581 cum
2633 4542 2813 4583 essem
2854 4524 3438 4610 Constantinopoli,
3469 4549 3525 4598 et

227 4630 400 4710 apud
440 4629 643 4690 virum
675 4628 1244 4706 eloquentissimum
1272 4626 1650 4706 Gregorium
1683 4625 2162 4688 Nazianzenum
2193 4633 2344 4685 tunc
2380 4624 2644 4704 ejusdem
2674 4625 2848 4687 urbis
2873 4629 3230 4708 episcopum
3267 4648 3526 4702 sancta-

226 4746 372 4791 rum
397 4727 884 4804 Scripturarum
919 4727 1148 4790 studiis
1184 4729 1494 4800 erudirer,
1523 4727 1653 4790 scio
1686 4747 1776 4787 me
1807 4727 2041 4788 brevem
2069 4726 2361 4801 dictasse,
2397 4728 2790 4808 subitumque
2823 4737 3187 4802 tractatum,
3228 4747 3300 4796 ut
3332 4759 3523 4820 expe-

222 4835 558 4895 rimentum
585 4851 862 4912 caperem
899 4835 1209 4913 ingenieli
1239 4837 1377 4896 mei.
1439 4836 1518 4896 Hi
1553 4835 1724 4895 enim
1754 4833 2018 4914 triginta
2057 4832 2255 4894 ferme
2293 4833 2448 4894 anni
2497 4834 2578 4894 ab
2626 4835 3024 4914 octogesimo
3062 4837 3266 4914 primo
3313 4860 3521 4924 eoque

225 4935 435 4995 medio
471 4953 669 5013 supra
709 4937 1227 4997 trecentesimum
1258 4936 1669 5014 computandi
1698 4944 1851 4995 sunt
1885 4956 1900 4996 :
1943 4951 2076 5012 quo
2106 4940 2392 5014 tempore
2435 4933 2782 5012 Gregorius
2817 4935 3008 5014 regia:
3064 4939 3240 5000 urbis
3296 4946 3522 5009 cathe_

223 5037 407 5098 dram
447 5039 675 5112 tenuit,
730 5056 762 5099 a
798 5039 971 5098 Maio
1003 5038 1247 5099 scilicet
1286 5043 1428 5116 post
1465 5038 1848 5114 abrogatum
1879 5036 2236 5097 Maximum
2269 5035 2582 5114 Cynicum
2628 5035 2704 5096 ad
2751 5036 2995 5096 Iulium
3032 5058 3342 5119 mensem,
3387 5067 3518 5126 quo

222 5159 368 5202 sese
402 5140 536 5218 ipse
569 5141 631 5200 in
663 5140 1064 5201 (ecumenico
1090 5139 1378 5200 Concilio
1409 5136 1753 5200 abdicavit.
1795 5139 2004 5216 Atque
2036 5138 2220 5209 adeo,
2259 5142 2326 5197 ut
2368 5139 2814 5198 brevissimam
2851 5140 3165 5201 rationem
3209 5146 3410 5222 ineas,
3441 5171 3518 5216 ac

225 5249 415 5322 putes
449 5243 850 5322 trigesimum
889 5242 1008 5303 dici
1065 5239 1343 5301 rotundo
1383 5257 1680 5315 numero,
1737 5239 1846 5315 qui
1896 5255 2108 5299 annus
2145 5238 2337 5300 fuerit
2383 5238 2956 5318 undetrigesimus,
3009 5257 3150 5302 eam
3198 5261 3518 5313 summam

220 5344 551 5416 conﬁcias,
589 5353 656 5405 ut
683 5345 906 5406 saltem
944 5344 1190 5407 decimo
1221 5359 1418 5422 supra
1469 5341 2186 5421 quadringentesimum
2239 5357 2412 5402 anno
2461 5341 2783 5419 inceptam
2834 5341 2975 5418 ejus
3013 5343 3343 5420 propheta:
3376 5350 3517 5414 Ex-

215 5447 660 5528 planationem
700 5446 982 5508 fatearis.

297 5549 418 5624 Qui
459 5547 623 5607 hanc
653 5546 990 5624 excipiunt
1032 5546 1094 5605 in
1135 5544 1480 5605 Jeremiam
1512 5542 2046 5613 Commentarios,
2111 5539 2255 5600 aliis
2328 5539 2600 5599 subinde
2646 5539 3272 5624 elucubrationibus,
3323 5568 3520 5627 prout

215 5669 320 5714 res
354 5649 626 5719 ferebat,
659 5648 1106 5727 interpellatus
1131 5646 1194 5706 S.
1228 5647 1466 5709 Doctor
1489 5664 1600 5724 per
1627 5644 1963 5708 intervalla
1990 5641 2257 5703 dictavit
2287 5659 2306 5699 :
2341 5637 2590 5716 hocque
2631 5640 2760 5702 fere
2797 5649 3194 5720 postremum
3239 5653 3335 5708 est
3370 5653 3514 5732 ejus

213 5749 460 5831 ingenii
489 5747 961 5809 monimentum
1007 5751 1069 5808 et
1114 5747 1325 5824 labor,
1354 5764 1550 5825 quem
1595 5744 1706 5807 (ini
1758 5742 2128 5824 proximum
2183 5755 2384 5814 mors,
2414 5744 2529 5802 aut
2563 5759 2709 5820 quae
2744 5744 3012 5803 mortem
3048 5746 3301 5824 prieivit
3342 5767 3518 5829 wgra

495 5851 774 5914 Ρλτιοι..
825 5850 1059 5912 XXIV.
1698 5869 1703 5873 ·

1698 5869 1703 5873 ι
2984 5848 3012 5908 1
