4008 6288
499 246 562 318 tt
1886 200 1889 201 ί
1942 240 2340 302 suanm.
3720 234 3795 291 ιε

484 359 812 437 valetudo,
843 378 1188 442 rerumque
1217 361 1522 425 Ecclesia
1563 360 1629 421 in
1662 359 1847 439 pejus
1877 358 2328 432 dilabentium,
2365 355 2602 433 quibus
2641 353 2835 415 terret
2869 350 3225 432 suppetias,
3253 346 3632 414 vicissitudo
3668 348 3776 407 in—

482 467 773 545 tercepit.
822 466 1233 529 Absolvendo
1269 466 1450 545 Operi
1491 480 1661 524 unus
1694 461 1883 547 modo
1919 465 2033 541 aut
2064 460 2251 543 alter,
2301 474 2434 547 quo
2471 455 2777 539 historica
2815 454 3107 517 narratio
3146 450 3560 515 contractiori
3619 449 3789 529 siylo

482 543 695 631 fuerat
724 566 1109 647 colligenda,
1157 543 1328 629 liber
1354 543 1779 639 desideratur.
1830 562 1993 633 Nam
2054 561 2120 631 in
2176 543 2476 632 Genérali
2521 556 2899 623 Prasfatione
2940 554 3366 630 ostendimus,
3430 570 3573 614 eam
3628 550 3790 611 falso

484 668 799 730 hactenus
841 668 1199 729 invaluisse
1229 670 1520 731 veterum
1553 684 1631 729 ac
1663 664 2096 728 recentiorum
2128 659 2214 741 (a)
2245 661 2654 731 sententiam,
2688 660 2973 738 integros
3000 657 3224 737 viginti
3262 657 3458 717 fuisse
3487 656 3600 717 abs
3631 654 3793 714 Hie-

480 787 754 849 ronymo
786 769 1230 841 elucubratas,
1254 768 1492 846 quibus
1519 766 1653 845 jam
1686 764 1797 827 diu
1826 765 1980 825 olim
2001 761 2495 843 quatuordecim
2523 762 2887 840 temporum
2914 757 3153 836 injuria
3184 757 3601 818 excidissent.
3627 757 3792 819 Cau-

482 890 618 937 sam
650 888 918 951 quoque
947 870 1087 950 ejus
1120 869 1360 933 erroris
1399 869 1586 948 quasi
1619 868 1816 947 digito
1847 865 2350 928 monstravimus
2384 881 2528 947 eam
2557 862 2909 939 exstitisse,
2942 861 3112 951 quod
3143 878 3255 924 sex
3293 861 3665 951 Hieronymi
3699 861 3792 922 li—

479 980 615 1043 bris
654 946 719 1037 i-n
748 946 885 1037 uno
913 946 1137 1053 aliquo
1162 946 1520 1059 exemplari
1540 973 1675 1050 jam
1690 966 1854 1053 inde
1885 973 2036 1033 ante
2061 966 2516 1032 Cassiodorum
2557 950 3045 1044 quatuordecim
3075 964 3374 1049 Humilia:
3396 946 3694 1059 Origenis
3724 966 3791 1053 in

477 1080 854 1149 Jeremiam,
877 1048 1043 1157 quas
1073 1076 1134 1137 8.
1157 1048 1394 1139 Doctor
1413 1048 1635 1138 Lati‘ne
1663 1050 2049 1145 reddiderat,
2075 1071 2388 1132 subnexus
2418 1066 2680 1167 fuerint,
2710 1071 2905 1167 atque
2930 1064 3165 1167 habitas
3189 1063 3448 1151 totidem
3474 1048 3792 1149 librorum

476 1183 648 1245 loco.
678 1179 919 1241 Verum
952 1176 1074 1237 hac
1101 1175 1179 1238 de
1214 1195 1285 1237 re
1318 1175 1611 1253 pluribus
1666 1173 1731 1234 in
1778 1189 1852 1234 ea
1889 1170 2266 1233 Praefatione
2316 1187 2497 1231 num.
2544 1165 2648 1243 80,
2707 1165 2853 1243 quae
2888 1165 2940 1226 si
2999 1167 3158 1229 tanti
3196 1171 3371 1243 sunt,
3406 1171 3479 1227 ut
3536 1169 3792 1232 recolas

480 1297 714 1345 moneo
745 1299 761 1339 :
798 1284 1044 1340 certum
1079 1277 1318 1357 quippe
1349 1293 1431 1337 ex
1466 1292 1689 1337 earum
1720 1274 1887 1335 serie
1943 1290 2163 1335 rerum
2194 1272 2380 1331 nobis
2436 1274 2556 1346 est,
2615 1268 2677 1330 S.
2715 1269 3054 1331 Doctorcm
3113 1267 3361 1347 magnis
3424 1268 3793 1348 subitisque

477 1383 744 1447 hatresis
779 1382 1143 1461 Pelagiana)
1178 1380 1485 1455 motibus,
1516 1375 2402 1454 factionibusqueimpiorum
2435 1373 2809 1449 hominum,
2873 1372 2983 1449 qui
3035 1372 3097 1431 in
3158 1389 3303 1453 eum
3352 1378 3614 1459 strenue
3675 1391 3793 1451 pro

476 1492 655 1550 recta
702 1484 824 1549 ﬁde
852 1484 1257 1546 dimicantem
1297 1497 1526 1542 manus
1562 1476 1864 1557 injecere,
1914 1472 1994 1539 ab
2039 1476 2291 1558 incepto
2337 1475 2703 1551 abreptum,
2753 1476 3057 1548 praestare
3096 1471 3160 1529 in
3208 1489 3286 1549 co
3347 1472 3521 1550 quod
3569 1475 3645 1533 ad
3703 1473 3795 1533 ﬁ—

476 1605 627 1649 nem
652 1603 862 1665 usque
889 1601 1215 1662 exponere
1263 1581 1596 1656 voluisset,
1638 1566 1780 1639 'non
1834 1576 2144 1655 potuisse.
2184 1568 2336 1658 llam
2387 1592 2503 1634 sex
2542 1572 2685 1632 illos
2723 1589 2884 1651 quos
2933 1576 3045 1633 aut
3095 1572 3540 1632 tantummodo
3573 1572 3793 1633 elabo-

479 1690 671 1762 ravit,
735 1692 848 1750 aut
899 1691 1072 1750 certe
1130 1685 1304 1747 solos
1358 1681 1653 1745 editionis
1717 1680 1947 1740 honori
2007 1676 2318 1755 permisit,
2382 1674 2550 1769 quod
2632 1691 2858 1735 eorum
2947 1678 3197 1734 aetatem
3279 1677 3560 1769 spectat,
3623 1674 3795 1736 inter

472 1791 825 1871 Epistulam
862 1788 939 1851 ad
971 1786 1449 1864 Ctesiphontem
1497 1783 1561 1841 in
1612 1786 1835 1841 nostra
1883 1778 2261 1840 recensione
2305 1763 2420 1837 133
2463 1782 2521 1837 et
2560 1776 2899 1855 Dialogum
2950 1780 3175 1837 contra
3216 1763 3597 1857 Pelagianos
3638 1794 3790 1837 cum

474 1892 673 1969 vulgo
707 1895 965 1971 recepta
1000 1887 1320 1951 sententia
1354 1885 1772 1947 collocamus.
1828 1881 2048 1958 anue
2089 1880 2392 1957 palmaris
2440 1894 2639 1940 causa
2689 1885 2813 1951 est,
2858 1877 3029 1955 quod
3068 1878 3132 1936 in
3176 1872 3427 1954 aliquot
3474 1877 3794 1939 librorum

475 1995 797 2076 Prologis,
837 1991 978 2071 ejus
1005 1986 1293 2067 epistola;
1345 2002 1472 2065 qua
1510 1988 1731 2044 contra
1778 1980 2013 2059 Pelagii
2052 1979 2346 2042 haeresim
2398 1978 2728 2055 velitatur,
2776 1978 3167 2038 mentionem
3221 1976 3391 2048 facit,
3440 1977 3797 2061 iisdemque

476 2098 739 2162 totidem
776 2093 933 2160 locis
981 2090 1337 2157 minitatur,
1367 2084 1491 2145 n'si
1534 2081 1812 2146 haeretici
1846 2081 2251 2158 resipiscam,
2276 2078 2452 2157 justo
2484 2078 2814 2138 volumine
2846 2095 3071 2138 eorum
3107 2078 3379 2138 insaniae
3409 2094 3475 2137 se
3512 2094 3794 2155 respon—

479 2212 730 2263 surum.
785 2190 1116 2271 Ejusmodi
1146 2196 1242 2252 est
1277 2186 1432 2251 illud
1462 2189 1525 2247 in
1572 2184 1818 2247 Prmfat.
1858 2180 2125 2245 secundi
2157 2181 2332 2253 libri,
2374 2180 2734 2241 Avertimus
2780 2196 3117 2258 parumper
3147 2197 3330 2240 aures
3364 2198 3438 2240 ne
3467 2179 3799 2241 audiamus

468 2296 787 2377 judicium
815 2292 1170 2374 sanguinis,
1202 2299 1257 2352 et
1287 2291 1763 2370 interfectorum
1788 2284 2028 2345 animus
2055 2281 2470 2362 deploremus,
2501 2281 2611 2360 qui
2634 2279 2929 2357 opinione
2952 2282 3290 2357 virtutum,
3320 2280 3607 2361 quotidie
3633 2298 3794 2342 cor-

479 2405 681 2471 ruunt
708 2397 773 2458 in
804 2394 1182 2476 superbiam,
1214 2401 1268 2453 et
1303 2394 1428 2452 Deo
1461 2408 1521 2451 se
1548 2387 1779 2449 similes
1801 2385 2332 2449 arbitrantur.....
2356 2383 2639 2458 Quorum
2668 2382 2882 2461 fur-ori
2909 2383 3339 2462 respondimus
3358 2392 3429 2444 ut
3442 2378 3793 2464 potuimus,

481 2507 536 2559 et
568 2499 626 2561 si
650 2500 955 2559 Dominus
987 2496 1181 2557 vitam
1211 2491 1476 2567 dederit,
1503 2487 1754 2568 plenius
1794 2485 2161 2565 responsuri
2190 2502 2422 2543 sumus.
2481 2482 2557 2542 Et
2598 2483 2662 2542 in
2701 2482 2939 2544 librum
2970 2492 3305 2562 quartum,
3356 2484 3482 2546 Cui
3542 2484 3797 2555 (hmi‘esi

477 2596 1005 2679 Pelagianorum)
1038 2591 1411 2674 respondere
1446 2589 1558 2655 diu
1588 2596 1820 2663 tacens,
1851 2593 1906 2646 et
1937 2585 2215 2646 dolorem
2252 2583 2505 2644 silentio
2540 2582 2849 2651 devorans
2879 2583 3093 2645 epebra
3125 2586 3397 2664 fratrum
3426 2584 3800 2664 expostula-

478 2699 646 2761 tione
681 2698 1039 2777 compulsus
1069 2713 1225 2761 sum,
1253 2711 1364 2753 nec
1402 2700 1603 2751 tamen
1633 2688 1945 2766 hucusque
1977 2685 2276 2765 prorupi,
2313 2693 2381 2744 ut
2412 2685 2768 2745 Auctorum
2794 2686 3055 2749 nomina
3078 2703 3394 2765 ponerem,
3427 2686 3659 2746 malens
3688 2706 3791 2747 eos

482 2801 747 2880 corrigi,
783 2794 971 2880 quam
999 2794 1318 2877 infamari.
1348 2793 1424 2855 Et
1460 2791 1524 2852 in
1561 2788 1687 2850 ﬁne
1719 2809 1733 2847 :
1778 2789 2005 2850 Verum
2046 2786 2171 2849 haec
2204 2786 2272 2848 in
2298 2788 2597 2866 proprio,
2627 2787 2756 2848 nisi
2783 2789 3122 2859 tacuerint,
3157 2788 3356 2866 Opere
3375 2789 3625 2868 plenius
3667 2807 3799 2850 ex-

480 2896 830 2986 sequemur.
863 2904 965 2966 Sie
985 2902 1313 2964 enimvero
1331 2898 1467 2961 haec
1497 2896 1797 2960 videntur
1825 2892 2221 2971 accipienda,
2250 2898 2314 2953 ut
2344 2893 2616 2971 primum
2643 2893 2818 2952 illam
2840 2899 3064 2952 contra
3082 2890 3461 2969 Pelagianos
3488 2892 3802 2953 velitatio-

478 3024 630 3069 nem
686 3011 914 3086 rogatu
963 3000 1398 3082 Ctesiphontis
1457 2996 1819 3058 institutam
1881 2993 2214 3074 designet.
2268 3012 2414 3054 cum
2481 2994 2570 3055 ait
2639 2993 2922 3056 breviter
2978 2993 3257 3069 primum
3306 3011 3376 3054 se
3423 2999 3487 3054 et
3530 3010 3799 3072 quoquo

483 3108 672 3171 modo
722 3106 1037 3170 haereticis
1069 3102 1483 3184 respondisse
1511 3119 1526 3158 :
1558 3104 1622 3159 et
1650 3097 1935 3158 vicissim
1970 3102 2098 3157 tres
2127 3095 2443 3173 intelligat
2483 3096 2904 3175 Dialogorum
2944 3095 3172 3174 libros,
3227 3114 3373 3156 cum
3432 3096 3492 3157 id
3539 3098 3795 3177 plenius

482 3220 545 3276 et
582 3212 846 3291 proprio
879 3210 1091 3288 Opere
1116 3226 1185 3270 se
1212 3206 1552 3286 pollicetur
1583 3205 2068 3264 exsecuturum.
2123 3198 2293 3273 Quin
2343 3198 2400 3257 id
2430 3198 2548 3259 sibi
2576 3198 2716 3276 ipse
2750 3199 3185 3280 Hieronymus
3222 3201 3501 3264 voluisse
3549 3204 3795 3281 priori-

483 3319 605 3381 bus
636 3320 809 3380 bisce
838 3314 1092 3395 Prologi
1126 3311 1342 3377 verbis
1375 3307 1587 3370 innuit
1626 3326 1641 3365 :
1684 3305 1945 3384 Scripta
1965 3302 2103 3395 jam
2132 3301 2215 3362 ad
2234 3300 2697 3382 Ctesiphontem
2728 3304 3017 3382 epistola,
3050 3305 3119 3367 in
3147 3324 3270 3386 qua
3297 3305 3379 3367 ad
3405 3305 3800 3384 interrogata

477 3415 799 3497 respondi,
834 3392 1057 3478 ω’εὸνᾶ
1073 3414 1346 3492 fratrum
1367 3404 1797 3488 expostulatio
1826 3392 1984 3483 fuit,
2014 3419 2129 3464 cur
2158 3403 2537 3491 promissum
2574 3405 2749 3481 Opus
2778 3404 2948 3465 ultra
2976 3405 3313 3486 differrem,
3348 3407 3417 3467 in
3444 3426 3565 3487 quo
3599 3409 3800 3488 polli-

482 3516 648 3576 citus
688 3531 827 3574 sum
876 3531 966 3572 me
1005 3510 1087 3571 ad
1132 3515 1390 3571 cunctas
1438 3523 1670 3576 eorum,
1706 3503 1827 3584 ,ιιιιί
1876 3513 2118 3568 ἀπάθειαν
2158 3502 2530 3582 praedicant,
2581 3504 3070 3582 quaestiunculas
3120 3525 3592 3586 responsurum.
3638 3510 3797 3573 Cum

482 3615 646 3677 adeo
683 3611 1092 3674 manifestum
1122 3610 1225 3683 sit,
1251 3609 1515 3686 suisque
1541 3623 1661 3667 nos
1694 3605 1850 3665 locis
1879 3602 2377 3681 ostenderimus,
2406 3606 2571 3666 inter
2596 3612 2937 3687 utramque
2967 3609 3522 3672 elucubrationem
3553 3630 3797 3676 annum

486 3715 686 3776 ferme
724 3711 1150 3781 intercedere,
1184 3714 1378 3787 atque
1412 3707 1596 3766 illum
1628 3704 1946 3768 decimum
1974 3703 2275 3780 quintum
2305 3720 2447 3765 esse
2482 3721 2680 3782 supra
2704 3706 3445 3789 quadringentesimum,
3484 3713 3618 3774 sive
3655 3714 3794 3791 ejus

483 3817 840 3879 maximam
876 3818 1124 3893 partem
1160 3832 1174 3871 :
1218 3828 1427 3888 neque
1467 3808 1589 3869 hoc
1620 3824 1816 3887 porro
1851 3804 2119 3866 dubium
2150 3806 2254 3878 sit,
2290 3805 2573 3868 huicmet
2610 3824 2786 3869 anno
2820 3811 3232 3875 ascribendos
3270 3832 3411 3877 esse
3444 3816 3796 3878 Commen-

485 3918 715 3980 tarios.
760 3914 946 3991 Quod
982 3914 1034 3975 si
1070 3914 1135 3974 in
1185 3913 1392 3991 primo
1427 3928 1655 3973 eorum
1693 3908 1857 3971 libro
1908 3906 2230 3985 descripta
2265 3907 2343 3969 ad
2374 3908 2854 3990 Ctesiphontem
2886 3913 3158 3990 epistola
3212 3916 3463 3977 nullum
3501 3919 3796 3981 videatur

488 4040 633 4085 esse
667 4020 1032 4099 vestigium,
1063 4017 1445 4093 neutiquam
1470 4018 1685 4075 tamen
1732 3992 2212 4072 assentienddm
2249 4009 2592 4089 Garnerio,
2625 4012 2733 4090 qui
2771 4014 2837 4073 in
2880 4014 3156 4076 Marium
3198 4018 3624 4079 Mercatorem
3658 4000 3798 4082 dis-

489 4122 842 4185 sertatione
870 4120 911 4179 6
946 4120 1029 4180 ob
1064 4134 1207 4179 eam
1241 4131 1506 4177 causam
1537 4112 1614 4175 ad
1654 4109 2015 4188 Pelagianae
2054 4109 2373 4171 haereseos
2424 4111 2605 4174 initia
2641 4112 2879 4174 librum
2915 4114 3087 4177 hunc
3125 4117 3416 4188 retrahit,
3452 4120 3587 4182 sive
3620 4138 3793 4182 anno

490 4225 756 4288 ascribit
815 4237 1015 4300 supra
1075 4215 1791 4298 quadringentesimum
1824 4211 2071 4273 decimo
2099 4211 2309 4272 tertio.
2344 4211 2413 4272 In
2441 4213 2583 4290 ipso
2619 4215 2792 4274 enim
2826 4215 2993 4276 libro
3026 4217 3086 4276 in
3116 4224 3308 4295 caput
3336 4219 3630 4283 Ieremia;
3663 4228 3796 4282 ter-

494 4326 658 4386 tium
690 4321 963 4400 epistola
995 4319 1074 4381 ad
1102 4316 1478 4379 Dardanum
1511 4313 1582 4374 de
1617 4313 1816 4373 Terra
1840 4310 2284 4390 promissionis
2321 4310 2646 4391 laudatur,
2673 4330 2868 4391 quam
2892 4314 2955 4374 in
2985 4316 3165 4377 Notis
3197 4317 3685 4400 Chronologicis
3715 4320 3792 4383 ad

489 4441 736 4486 annum
768 4416 1475 4500 quadringentesimum
1512 4412 1830 4475 decimum
1858 4415 2164 4489 quartum
2206 4412 2531 4488 pertinere
2563 4413 2987 4491 ostendimus,
3041 4435 3183 4478 cum
3223 4419 3449 4482 fuisset
3508 4421 3641 4500 jam
3686 4422 3794 4483 ille

488 4525 800 4608 dignitate
836 4521 1116 4604 praefecti
1150 4519 1451 4598 praetorio
1485 4514 1845 4577 Galliarum
1880 4511 2096 4573 denuo
2130 4509 2498 4573 defunctus.
2537 4512 2915 4593 Hieronymi
2952 4506 3153 4579 verba
3190 4522 3343 4578 sunt
3376 4538 3391 4578 :
3420 4520 3623 4582 Edidi
3667 4540 3796 4582 nu-

486 4644 605 4709 per
634 4625 910 4690 libellum
948 4640 1217 4705 paruum
1242 4620 1317 4682 de
1346 4627 1515 4679 terra
1537 4614 2071 4695 repromissionis.
2101 4613 2413 4691 Equidem
2446 4615 2753 4691 postremi
2799 4615 2927 4679 duo
2964 4618 3235 4697 quintus
3268 4628 3327 4682 ct
3355 4628 3600 4694 sextus,
3641 4626 3692 4685 si
3728 4625 3792 4685 in

496 4736 872 4811 sequentem
899 4746 1144 4792 annum
1176 4721 1584 4788 diﬁerantur,
1622 4734 1749 4778 non
1782 4716 2187 4776 reluctabor:
2212 4714 2474 4792 quando
2496 4714 2628 4794 jam
2666 4716 2946 4781 haeretici
2978 4719 3067 4783 ita
3095 4720 3391 4782 videntur
3413 4722 3790 4797 invaluisse,

494 4841 569 4897 ut
599 4851 727 4897 non
757 4833 965 4894 solum
999 4827 1363 4898 maledicta,
1398 4820 1507 4883 sed
1537 4819 1850 4879 violentas
1882 4816 2076 4879 etiam
2106 4833 2339 4888 manus
2371 4817 2435 4876 in
2484 4824 2656 4879 recte
2702 4821 3052 4887 sentientes
3098 4822 3505 4885 adversarios
3558 4826 3794 4905 injice—

494 4947 660 5001 rent.
719 4937 892 5011 Quin
922 4934 1116 4994 etiam
1154 4929 1327 4989 ultro
1371 4922 1745 4998 fatebimur,
1779 4935 1925 4998 quia
1960 4919 2023 4979 in
2073 4919 2289 4997 quarti
2321 4937 2583 4998 quoque
2620 4922 2768 4982 libri
2798 4923 3172 4986 Prmt‘atione
3208 4924 3331 4986 dici
3368 4926 3790 4991 observamus

493 5057 530 5100 a
559 5038 622 5098 S.
657 5040 952 5108 Doctore,
975 5026 1385 5105 compulsum
1413 5041 1480 5086 sc
1510 5024 1737 5084 crebra
1771 5021 2042 5081 fratrum
2069 5022 2590 5099 expostulatione
2625 5024 2939 5088 hareticis
2966 5028 3385 5104 respondere,
3425 5046 3543 5092 nec
3577 5038 3791 5094 tamen

493 5153 783 5211 eousque
820 5130 1219 5210 prorupisse,
1252 5134 1323 5187 ut
1353 5127 1707 5187 Auctorum
1742 5124 2004 5183 nemina
2044 5129 2337 5202 poneret,
2382 5127 2622 5186 rectius
2671 5126 2870 5188 videri
2925 5127 3004 5187 ad
3053 5127 3225 5204 ipsos
3258 5130 3675 5212 Dialogorum
3719 5136 3797 5194 li-

493 5237 673 5311 bros,
700 5246 897 5309 quam
933 5228 1025 5288 uti
1066 5226 1335 5288 fecimus
1389 5225 1465 5285 ad
1522 5223 1862 5301 epistolam
1903 5222 1981 5283 ad
2016 5221 2515 5302 Ctesiphontem.
2573 5224 2934 5287 referenda.
2996 5228 3238 5290 Verum
3291 5231 3426 5296 haec
3461 5235 3625 5297 alios
3663 5254 3793 5298 ηοη

554 5399 626 5459 (α)
663 5396 840 5461 Ὲιᾚλιξιξὶ
867 5395 956 5461 fuit
986 5389 1322 5461 doctis‘Y‘iris,
1345 5396 1398 5461 et
1420 5400 1529 5436 cum
1549 5385 1928 5461 primisclariss.
1977 5385 2331 5461 Muritorionin
2370 5386 3113 5461 Dissertationibusulfosthumis
3136 5393 3309 5461 Italiae
3332 5399 3546 5461 scriptis,
3563 5459 3569 5461 _
3586 5399 3772 5452 dissert

488 5439 848 5521 ι’ςξᾜειᾷίξίὗό,
870 5439 1014 5503 ludus
1029 5439 1158 5514 tam
1186 5439 1491 5521 Ferrarieus.
1510 5439 1771 5521 sértbcllilis
1793 5448 1850 5495 ad
1880 5447 2406 5521 P3plani-Billtltl'icblltll
2438 5448 2525 5510 Ill,
2547 5449 2663 5521 circ,
2690 5452 2883 5521 θυι,δὸἒὶ
2906 5466 2918 5499 z
2944 5439 3797 5521 ϐοηωίεῖιὶᾶιῖῖοξ

490 5475 576 5515 δέ),
600 5475 711 5521 pag.
738 5475 848 5516 QUO,
880 5475 1012 5503 Ιυιῖυδ
1037 5475 1158 5514 ιλυιιι
1186 5475 1491 5501 ι“υι·1“31⁷ι(·ιιδ.
1510 5475 1577 5497 διε
1594 5475 1771 5516 Ιγυιῑιιξι
1793 5475 1850 5495 du
1880 5475 1895 5495 ι
1920 5475 2073 5516 uva)".

490 5523 541 5575 iu
564 5518 858 5591 {eretum
880 5520 985 5585 nos;
1018 5523 1211 5584 sesque
1232 5511 1407 5583 ιὶρηωι
1428 5521 1579 5583 usque
1598 5520 1651 5569 tu
1672 5507 2073 5619 [viauisyrqucu

490 5585 622 5619 nni)“
646 5587 767 5619 tm!“
787 5581 1087 5619 (lenoscmms
1110 5590 1160 5619 ιιι
1184 5576 1348 5619 codice
1370 5580 1606 5619 veritatis.
1634 5578 1804 5619 vestra'
1865 5577 2073 5619 uucltlalt

2213 5475 2406 5496 :umuuu
2438 5475 2525 5510 lu,
2547 5475 2663 5499 υιιυ.
2690 5475 2766 5496 au.
2789 5475 2883 5513 oga
2907 5475 2918 5499 ε
2944 5475 3315 5507 ummuemarws
3340 5475 3480 5509 uelut
3509 5475 3793 5529 meronynu

2210 5506 2372 5617 [pllege
2392 5547 2405 5569 ,
2429 5523 2517 5581 pes:
2542 5511 2733 5573 eosdem
2756 5510 2932 5573 fratres
2971 5520 3255 5588 (Illougchos
3295 5519 3493 5591 Rga-am
3539 5530 3793 5587 petentes)

2210 5570 2252 5617 ul
2277 5583 2305 5618 0
2339 5578 2641 5619 ttnuenmus.
2669 5579 2916 5619 postquam
2940 5578 3164 5619 πρίει-πίω·
3189 5588 3461 5619 ρτιςρηηιης
3488 5583 3631 5619 ﬁmril
3692 5586 3793 5619 εεηο

486 5570 622 5649 ibas
638 5570 1093 5649 ἰῑέὲαῖέῖέῖιξῐξξάίηξιέέ
1110 5570 1348 5649 inﬁmae?
1370 5570 2069 5649 γετίιξιέίςιέξέἕέϊέέἶἕξιζὲςίίέἔέἔὲ

2212 5570 2916 5649 Eleusiniae:Balaam"
2940 5570 3164 5649 regem
3189 5570 3470 5649 ςπδρνίριαέ
3485 5570 3795 5649 uersae

488 5594 622 5634 "om;
645 5594 847 5649 muqu
868 5594 1087 5647 vosgmms
1110 5594 1348 5644 [IIICUHICt’
1398 5594 1606 5645 erutum,
1636 5594 1804 5643 egetur
1823 5594 2077 5619 οιυιιιιιυη
2099 5608 2112 5632 ,
2142 5594 2184 5619 oi
2201 5594 2249 5617 ιη
2277 5594 2641 5628 υυιιιιιιεηηηιδ,
2669 5594 2916 5644 pustgultm
2940 5594 3164 5649 celeriter
3189 5594 3461 5649 exscriptus
3485 5594 3650 5649 ιιιενιι.
3688 5594 3793 5637 sine

488 5643 636 5697 mmo
658 5594 984 5690 reattltelidos.
1002 5634 1142 5707 ‘N'am
1166 5650 1215 5685 ιη
1237 5594 1411 5707 nostris
1431 5632 1702 5707 regiouitfus
1725 5642 1961 5707 nusquqm
1977 5629 2111 5707 ullus
2129 5637 2234 5707 ppst
2251 5642 2440 5707 sextum
2462 5635 2864 5707 mictum-mm
2887 5636 3034 5699 patuit
3054 5642 3260 5699 inveniri
3275 5680 3288 5702 ,
3322 5650 3370 5693 et
3397 5642 3616 5707 optamus
3637 5646 3685 5697 in
3706 5654 3793 5700 vo:-

486 5690 878 5777 5i3'r'ewews
895 5698 1136 5777 autem
1154 5694 1386 5772 sueta;
1402 5690 1583 5771 mitte
1606 5696 1772 5767 deesse
1794 5690 2041 5763 εέηιὲιιικξτ

1569 5709 1583 5765 ς
1606 5696 1772 5767 deesse
1794 5690 2041 5763 sentimus.
2068 5690 2285 5769 Petimus
2304 5695 2450 5767 etiam
2477 5690 2692 5769 Tullium
2716 5696 2779 5771 de
2803 5690 3025 5771 gratare,
3054 5709 3152 5767 etc.
