4008 6304
225 262 292 341 t5
1691 268 2088 336 enisum.
3463 290 3531 350 tt

225 388 555 467 moveant,
587 404 704 466 nec
740 390 867 463 tam
904 386 1203 471 eXpedila
1237 388 1492 459 ratione
1520 399 1844 470 constant,
1874 402 1946 459 ut
1968 399 2275 463 lectorem
2304 414 2344 463 a
2369 407 2813 484 prmconeepta
2849 404 3048 486 vulgo
3080 407 3401 473 sententia
3420 408 3531 473 de-

214 485 467 571 iiciant.

303 591 511 675 Major
542 593 745 667 multo
775 593 1127 674 scrupulus
1165 596 1232 659 in
1260 614 1338 660 eo
1365 605 1461 660 est
1488 600 1659 678 quod
1698 601 2083 682 Appendieis
2116 603 2255 664 loco
2281 601 2746 669 subnectimus.
2798 606 2957 669 Cum
2999 608 3168 669 enim
3214 610 3275 670 id
3307 629 3528 674 susce-

220 689 532 781 Ρβρὶεῃμε.
566 697 635 767 οι
666 692 827 767 nihil
855 710 1079 763 eorum
1116 701 1703 774 praetermittamus,
1724 717 1871 779 qum
1896 701 1976 762 ad
2001 702 2370 765 universam
2396 702 3065 785 Hieronymianorum
3087 728 3357 790 operum
3389 716 3531 775 col-

218 790 562 877 lectionem
580 794 728 875 jure
742 797 1448 880 pertineant.0rigenis
1471 802 1536 863 in
1564 802 1800 865 Isaiam
1831 802 2148 872 Homilies
2181 820 2327 881 quae
2354 808 2707 882 supersunt
2727 806 2992 868 omnino
3019 825 3276 886 novem,
3300 810 3529 875 Latine

218 895 374 973 alim
409 902 794 985 explicatas,
827 922 1179 984 suppresso
1209 906 1586 988 lnterpretis
1625 909 1911 987 nomine,
1959 907 2130 988 quod
2180 908 2323 970 illas
2355 908 2571 972 (iritici
2610 908 2899 990 impense
2929 910 3097 993 docti
3128 912 3530 997 Hieronymo

220 998 542 1077 tribuant.
586 1023 985 1091 quamquam
1018 1030 1234 1089 secus,
1272 1019 1342 1075 ut
1386 1017 1729 1095 probatum
1763 1016 1958 1089 imus,
1990 1032 2094 1076 res
2143 1015 2402 1090 habeat,
2440 1014 2567 1077 huc
2616 1014 2894 1098 adscitas
2934 1016 3274 1096 iussimus,
3310 1008 3533 1099 utpote

220 1103 531 1178 itemitem
585 1110 875 1177 subolem
931 1117 1262 1193 germanis
1302 1114 1536 1179 fetibus
1573 1116 1966 1178 subservire.
2003 1115 2126 1191 Qui
2180 1114 2325 1177 illas
2371 1131 2409 1177 a
2460 1114 2842 1196 Hieronymi
2902 1118 3152 1182 calamo
3208 1119 3530 1199 profectas

215 1202 465 1279 velunt.
506 1213 570 1275 nl
609 1209 953 1291 plerosque
989 1215 1153 1277 alios
1190 1217 1509 1294 omittam,
1548 1217 1857 1298 ρινωείρυί
1895 1223 2044 1279 sunt
2082 1217 2173 1278 rei
2228 1217 2562 1280 litterariae
2591 1217 2943 1295 triumviri,
2969 1211 3307 1301 Erasmus,
3337 1221 3533 1285 Huc—

215 1304 370 1381 ἐξελε,
403 1322 482 1378 ea
515 1309 993 1381 Tillemontius.
1035 1316 1246 1393 Atque
1280 1317 1590 1379 Erasmus
1622 1317 1883 1395 quidem
1914 1335 1996 1378 ex
2025 1310 2102 1379 eo
2128 1319 2382 1395 probat,
2416 1317 2586 1395 quod
2619 1319 2757 1395 ipse
2792 1317 2855 1378 S.
2893 1319 3134 1381 Doctor
3164 1324 3437 1383 testetur
3465 1322 3534 1383 in

215 1405 527 1493 Gatsiese
562 1412 688 1481 tale
717 1414 1051 1496 quidpiam
1082 1436 1162 1478 ex
1183 1414 1678 1480 Commentariis
1708 1418 2011 1499 Origenis
2042 1420 2108 1480 in
2139 1420 2373 1481 Isaiam
2405 1420 2632 1481 Latine
2663 1438 2731 1481 se
2754 1419 3130 1497 reddidisse,
3164 1425 3273 1485 ubi
3299 1442 3536 1488 recen-

214 1507 357 1585 sitis
393 1511 838 1593 duodeviginti
872 1517 934 1591 in
970 1517 1315 1579 Jeremiam
1351 1523 1545 1597 atque
1573 1517 1977 1580 Esechielem
2008 1517 2332 1594 Homiliis,
2368 1536 2532 1597 quas
2570 1518 2646 1579 de
2676 1518 2900 1582 Graeco
2952 1519 3319 1583 Adamantii
3351 1522 3537 1585 Lati-

216 1629 337 1690 nas
375 1615 636 1696 iecerat,
668 1618 833 1681 alias
877 1620 1090 1700 jungit
1124 1623 1215 1682 De
1264 1620 1614 1701 Seraphim,
1651 1629 1707 1683 et
1744 1620 2020 1683 Osanna.
2070 1621 2151 1681 Et
2201 1638 2358 1684 vero
2390 1604 2466 1682 de
2520 1621 2916 1700 Seraphimis
2961 1624 3280 1685 stantibus
3336 1642 3535 1704 super

216 1715 454 1789 Salium
483 1718 739 1785 Domini
776 1722 927 1783 lsai.
971 1741 1055 1794 v1,
1083 1721 1148 1798 2,
1181 1723 1359 1802 prior
1390 1724 1657 1786 istarum
1695 1740 1841 1800 quas
1876 1726 2225 1803 supersunt
2259 1722 2691 1785 Homiliarum
2718 1723 2873 1802 agit.
2903 1723 3110 1797 Quam
3141 1724 3281 1786 leve
3313 1730 3534 1788 tamen

213 1825 674 1897 argumentum
706 1822 825 1885 hoc
853 1825 938 1886 sit
972 1822 1052 1895 ad
1091 1824 1495 1904 probandum
1534 1830 1598 1886 et
1628 1825 1941 1903 reliquas,
1973 1841 2118 1903 quas
2144 1824 2305 1888 alias
2336 1824 2635 1886 Visiones
2671 1830 3011 1902 enarrant,
3054 1825 3534 1906 Hieronymum

215 1917 458 1992 habere
487 1920 931 2005 interpretem,
957 1945 1148 1988 nemo
1173 1944 1303 1988 non
1328 1927 1544 1990 sentit.
1574 1926 1692 1988 Sed
1723 1925 1877 1987 illud
1909 1919 2202 2005 apprime
2238 1926 2496 1999 falsum,
2531 1926 2790 1990 laudato
2819 1927 2894 1989 de
2916 1926 3247 2008 Seraphim
3271 1920 3537 2012 syntag-

216 2025 388 2083 mate
423 2021 750 2102 quidpiam
780 2026 1074 2089 donotari
1102 2028 1303 2098 aliud,
1345 2045 1542 2107 quam
1570 2045 1715 2106 quea
1743 2028 1830 2092 ita
1873 2027 2255 2091 inscribitur
2284 2028 2360 2090 ad
2381 2030 2731 2093 Damasum
2761 2031 3062 2110 epistola,
3093 2048 3170 2113 ac
3192 2016 3536 2094 numerum

218 2122 282 2186 in
319 2129 539 2191 nostra
570 2128 951 2191 recensione
980 2129 1295 2193 decimum
1325 2137 1625 2193 octavum
1662 2134 1837 2192 tenet
1866 2152 1883 2193 :
1912 2147 2188 2210 qumque
2223 2136 2477 2194 tantum
2512 2133 2721 2206 abest,
2757 2136 2827 2193 ut
2873 2134 2955 2194 ab
2991 2135 3213 2213 aliquo
3236 2133 3535 2215 Origenis

218 2230 495 2292 tractatu
526 2228 867 2309 desumpta
899 2234 993 2295 sic
1028 2233 1253 2295 Latine
1281 2233 1601 2295 adornata
1624 2235 1730 2309 sit,
1761 2236 1837 2295 ut
1863 2236 2094 2312 potius‘
2118 2237 2346 2295 contra
2391 2233 2595 2313 ipsius
2635 2234 2936 2313 Origenis
2973 2226 3360 2300 sententiam
3403 2253 3533 2315 non

218 2329 414 2391 semel
449 2338 708 2411 pugnet.
747 2332 1200 2396 Verosimilior
1228 2335 1460 2397 Huetio
1498 2336 1869 2414 conjectura
1904 2335 2160 2412 capitur
2206 2352 2287 2395 ex
2323 2335 2514 2414 stylo,
2553 2334 2939 2413 deiectuque
2982 2335 3335 2397 dictionum
3365 2352 3536 2413 qua-

217 2429 539 2503 rumdam,
557 2449 721 2510 quas
747 2433 1174 2513 frequentius,
1208 2437 1319 2506 ait,
1347 2435 1465 2497 sibi
1489 2435 1923 2514 Hieronymus
1942 2435 2257 2497 asciscere
2272 2441 2466 2498 amat.
2489 2435 2664 2510 Quas
2689 2434 3009 2511 profertin
3029 2437 3423 2516 exemplum,
3441 2437 3537 2498 hae

219 2534 374 2602 sunt
405 2550 421 2590 ε
454 2531 814 2609 absconsus,
854 2536 1249 2609 Dominicus,
1282 2536 1793 2617 nuncupativus;
1821 2536 2214 2616 principale,
2246 2554 2363 2617 pro
2394 2555 2471 2599 eo
2514 2536 2689 2614 quod
2725 2542 2820 2598 est
2846 2540 2904 2594 τὸ
2929 2522 3247 2614 ἡγεμονικὸνξ
3277 2522 3537 2620 princi-

218 2632 371 2711 pari
394 2632 620 2708 alicui,
642 2635 1050 2714 principalis,
1082 2636 1446 2716 Prophetes,
1470 2636 1870 2715 repromitto,
1899 2635 2334 2714 repromissio,
2366 2634 2858 2714 speculatorias,
2877 2634 3363 2717 turpiloquiuin,
3403 2638 3537 2697 Za-

223 2732 431 2811 (mlus,
471 2745 702 2817 cuncta
734 2737 1254 2818 Evangeliornm.
1316 2738 1452 2818 Ego
1503 2756 1654 2798 vero
1703 2756 1785 2799 ex
1834 2737 1935 2799 his
1970 2736 2264 2816 quaedam
2315 2736 2639 2816 sequioris
2691 2735 3059 2798 Latinitatis
3091 2737 3435 2811 vocabula,
3469 2743 3540 2798 ut

220 2840 399 2907 sunt.
422 2837 920 2915 nuncupatiuus,
939 2838 1329 2917 principari,
1360 2837 1850 2918 speculatorias,
1885 2835 2373 2917 turpiloquium,
2404 2822 2633 2898 cuncta
2661 2835 3190 2915 Erangeliorum,
3217 2845 3413 2915 atque
3436 2837 3537 2899 his

218 2934 487 3019 similia,
518 2937 751 3005 nedum
781 2937 1224 3016 frequentiora
1260 2955 1400 3000 esse
1431 2937 1499 3008 in
1545 2936 1924 3016 Hieronymi
1957 2937 2238 3014 scriptis,
2270 2954 2558 3018 pernego
2594 2954 2864 3015 prorsus
2909 2937 3213 2999 inveniri.
3262 2937 3541 3016 Reliqua

221 3037 277 3097 si
315 3037 576 3115 quando
606 3036 882 3099 fortasse
912 3042 1291 3112 occurrant,
1315 3055 1444 3099 non
1477 3036 1617 3115 ejus
1650 3037 1915 3115 propria
1948 3054 2088 3098 esse
2109 3036 2457 3113 contendo,
2487 3039 2597 3099 sed
2622 3037 2713 3098 illi
2740 3055 2888 3101 cum
2918 3039 3230 3100 universo
3253 3037 3540 3117 Scripto-

218 3154 370 3221 tam
404 3135 543 3216 eius
584 3137 702 3207 invi
733 3136 933 3202 choro
966 3137 1367 3199 communia.
1396 3136 1505 3197 Ait
1530 3132 1759 3199 deinde
1801 3151 1948 3196 eum
1997 3150 2171 3205 nona
2202 3151 2282 3194 ex
2317 3132 2416 3194 his
2460 3133 2523 3193 in
2579 3133 2816 3196 lsaiam
2857 3133 3159 3203 Homiliis
3208 3144 3537 3213 postrema

218 3236 328 3309 sui
357 3242 537 3314 parte
568 3242 867 3304 truncata
885 3237 1048 3315 sitia
1064 3236 1247 3299 editis
1273 3252 1453 3314 mque
1476 3252 1553 3297 ac
1576 3250 1723 3295 mss.
1757 3232 1962 3303 libris,
1988 3232 2178 3310 eique
2198 3230 2572 3310 supplenda;
2591 3230 2870 3302 detracta
2899 3231 3050 3301 olim
3077 3230 3271 3294 fuerit
3290 3239 3540 3311 postre-

216 3352 332 3407 ma
362 3352 517 3415 pars
550 3335 847 3405 Humilia
879 3335 1095 3400 itidem
1127 3352 1315 3397 neum
1348 3335 1412 3411 in
1434 3334 1805 3406 Jeremiam,
1837 3350 2035 3412 quam
2084 3350 2274 3403 nemo
2317 3332 2593 3412 dubitat,
2624 3332 2998 3412 Hieronymi
3049 3334 3539 3413 interpretatio-

220 3459 374 3511 nem
409 3457 577 3513 esse,
612 3438 796 3503 facile
839 3438 976 3505 ﬁeri
1011 3437 1326 3516 potuisse,
1365 3443 1434 3499 ut
1470 3436 1778 3497 librarius
1814 3435 2189 3512 imprudens
2238 3433 2316 3494 ad
2364 3432 2852 3498 describendam
2903 3439 3294 3513 postremam
3351 3436 3530 3503 illius

224 3546 499 3624 partem,
541 3542 605 3604 in
640 3540 837 3619 hujus
870 3545 1265 3620 postremam
1299 3554 1458 3601 casu
1486 3536 1822 3605 inciderit;
1856 3535 2011 3599 hinc
2049 3551 2199 3596 vero
2234 3551 2362 3599 non
2396 3535 2591 3605 inane
2623 3533 2792 3595 sumi
2829 3542 3286 3615 argumentum
3313 3537 3537 3599 Homi-

221 3643 462 3727 tiaram
494 3643 561 3709 iu
588 3644 828 3707 Isaiam
860 3663 986 3707 non
1016 3662 1202 3706 secus
1238 3643 1654 3723 interpretem
1688 3639 1884 3705 fuisse
1909 3639 2381 3719 Hieronymum
2428 3653 2503 3700 ac
2549 3637 2984 3705 Homiliarum
3038 3639 3103 3709 in
3152 3640 3530 3705 Ieremiam.

224 3746 515 3815 Dixisset
547 3748 701 3815 hinc
729 3746 1164 3829 colligi,quod
1190 3744 1478 3826 profectu
1506 3761 1709 3811 unum
1731 3745 1966 3824 potest,
1995 3741 2318 3821 conjectas
2348 3740 2415 3801 in
2449 3757 2651 3802 unum
2673 3739 3223 3821 Origenianorum
3248 3743 3535 3823 Operam

221 3848 562 3927 exemplar
591 3849 657 3913 in
697 3853 1048 3926 utrumque
1081 3848 1465 3930 prophetam
1499 3843 1845 3922 Homilies,
1876 3843 2057 3905 nulla
2090 3842 2488 3923 interpretis,
2521 3847 2591 3903 ut
2638 3843 2944 3905 usuvenit
2978 3844 3044 3904 in
3096 3847 3386 3925 antiquis
3442 3845 3534 3906 li-

226 3950 386 4027 hl'is,
425 3951 532 4021 sed
572 3952 857 4017 auctoris
911 3952 1165 4017 ratione
1216 3950 1437 4013 habita
1465 3974 1480 4013 :
1513 3948 1704 4027 idque
1761 3963 1964 4008 unum
2013 3945 2206 4006 veteri
2258 3943 2528 4009 librario
2571 3943 2779 4011 fraudi
2813 3943 3038 4022 fuisse,
3071 3946 3245 4024 quod
3284 3963 3532 4009 nonum

226 4057 508 4139 utraque
545 4055 760 4118 locum
792 4054 1134 4134 obtineret.
1171 4051 1287 4117 Sed
1313 4052 1446 4130 jam
1481 4047 1880 4110 Tillemontii
1909 4050 2293 4127 argumenta
2324 4043 2795 4125 expendamus.
2827 4043 3128 4119 Ruﬁnus,
3159 4046 3251 4106 ait
3279 4046 3413 4120 illo,
3459 4053 3536 4108 ut
3591 4078 3601 4084 -

222 4152 471 4226 {avaris
501 4158 567 4221 in
595 4156 944 4236 Origenem
973 4154 1350 4233 Hieronymi
1382 4152 1682 4231 exemplo
1707 4150 2139 4229 suspicionem
2172 4152 2504 4228 purgaret,
2540 4166 2687 4215 eum
2738 4148 2964 4211 scribit
3017 4149 3084 4209 in
3139 4148 3390 4211 Prmfat.
3451 4149 3532 4212 ad

226 4255 467 4323 librum
498 4255 573 4321 de
589 4255 970 4336 Principiis,
1000 4254 1176 4333 ultra
1204 4253 1607 4333 septuaginta
1637 4250 1877 4315 libellos
1890 4249 2379 4330 Origcnis,quos
2397 4247 2813 4311 Homileticos
2833 4248 3201 4328 appellavit,
3241 4258 3533 4317 transtu-

226 4358 398 4439 lisse,
430 4357 492 4419 Si
521 4359 836 4420 rationem
868 4358 1049 4433 ineas
1080 4374 1161 4417 ex
1198 4355 1528 4431 omnibus,
1553 4351 2031 4430 duodetriginta
2067 4351 2132 4415 in
2154 4351 2501 4413 Jeremiam
2530 4356 2592 4412 et
2614 4350 3045 4426 Ezechieiem,
3075 4351 3337 4432 triginta
3368 4370 3530 4432 quo-

224 4475 359 4538 que
385 4474 616 4520 novem
660 4457 725 4518 in
752 4457 1020 4524 Lucam,
1051 4462 1187 4517 tum
1211 4456 1461 4525 duabus
1486 4457 1551 4515 in
1578 4454 1919 4516 Canticum
1947 4452 2386 4525 Canticorum,
2417 4452 2683 4512 nonnisi
2716 4453 3059 4532 sexaginta
3091 4471 3322 4516 novem
3345 4473 3534 4521 sum-

225 4577 407 4639 mam
441 4556 788 4635 conﬁcias;
820 4560 896 4620 ut
939 4558 1102 4619 nihil
1150 4557 1313 4621 adeo
1346 4558 1430 4627 sit
1476 4557 1770 4627 dubium,
1826 4553 2263 4617 numerandos
2297 4553 2492 4614 simul
2538 4570 2680 4614 esse
2738 4552 2892 4615 istas
2954 4555 3021 4615 in
3070 4555 3332 4632 Isaiam,
3365 4574 3530 4637 quas

225 4640 617 4725 numiuatim
648 4655 761 4733 lib.
797 4673 845 4718 ιι
878 4655 1355 4720 Invectivarum
1394 4675 1572 4719 nun).
1602 4656 1708 4730 26,
1745 4657 1836 4719 ait
1874 4655 2076 4719 fuisse
2110 4656 2227 4718 abs
2255 4654 2674 4734 Hieronymo,
2715 4669 2863 4715 cum
2911 4654 3138 4718 Latine
3176 4659 3531 4721 redderen-

229 4770 361 4835 tur,
397 4759 731 4824 Catholica
767 4761 1016 4838 sensui,
1044 4759 1433 4840 quibusdam
1464 4760 1846 4832 immutatis,
1882 4756 2422 4821 accommodatas.
2454 4756 2549 4816 De
2577 4753 2701 4816 hoc
2735 4752 2945 4825 altero
2974 4756 3343 4823 testimonio
3377 4777 3528 4821 mox

224 4860 440 4941 dicam
468 4879 486 4922 ε
525 4876 701 4922 nunc
725 4858 805 4922 ad
828 4862 1107 4939 primum
1136 4861 1311 4939 quod
1343 4878 1423 4923 ex
1456 4877 1707 4922 summa
1737 4857 2079 4921 coniicitur
2110 4860 2595 4939 argumentum,
2628 4855 2790 4917 nihil
2822 4855 2944 4919 hoc
2974 4857 3209 4921 mirum
3232 4878 3375 4924 esse
3396 4862 3529 4937 aio,

227 4960 284 5027 si
322 4977 485 5038 quas
534 4962 878 5040 sexaginta
915 4978 1150 5023 novom
1203 4979 1346 5022 esse
1393 4960 1782 5040 colligimus,
1830 4958 2103 5021 Ruﬁnus
2140 4960 2377 5027 dixerit
2424 4958 2593 5021 ultra
2641 4958 3070 5039 septuaginta,
3108 4968 3179 5024 ut
3227 4967 3529 5043 rotundo,

232 5061 407 5143 quod
436 5060 577 5124 ﬁeri
614 5069 810 5134 amat,
845 5079 1118 5124 numero
1146 5066 1439 5123 uteretur
1472 5085 1487 5125 ε
1525 5061 1821 5123 nonnihil
1847 5062 2039 5125 etiam
2066 5068 2518 5142 exaggeraret,
2562 5080 2694 5141 quo
2720 5064 2857 5142 ipse
2886 5067 3327 5129 excusabilior
3355 5066 3532 5129 vide-

229 5170 415 5243 retur
441 5164 507 5225 in
531 5163 895 5245 Origenicis
916 5165 1102 5226 libris
1126 5164 1349 5227 Latine
1382 5163 1911 5244 interpretandis,
1945 5165 1997 5225 si
2030 5164 2172 5242 plus
2210 5165 2485 5242 iactaret
2533 5163 2981 5229 adversarium
3037 5168 3099 5228 in
3133 5167 3358 5229 eadem
3408 5183 3532 5246 pa-

228 5268 446 5333 Ιωειω
469 5268 846 5330 exercitum.
871 5270 1083 5330 Potuit
1111 5267 1196 5349 (α)
1226 5274 1285 5329 et
1315 5268 1630 5333 invidiosa
1652 5265 1985 5346 diligentia
2011 5256 2293 5345 objicere
2313 5282 2461 5344 qum
2481 5270 2831 5329 Occurrunt
2847 5270 3260 5339 ἀπθσπασμόιτια
3273 5268 3529 5345 scriptis

228 5371 759 5452 Hieronymianis
792 5389 873 5433 ex
909 5373 1292 5435 Adamantio
1340 5370 1758 5432 intermixta:
1798 5367 2051 5448 quidvis
2102 5358 2356 5429 tandem
2392 5366 2568 5428 aliud
2611 5385 2688 5429 eo
2735 5368 3057 5445 explendo
3114 5385 3410 5445 numero,
3455 5377 3530 5433 ut

232 5494 387 5547 vero
436 5472 677 5547 dixerit
723 5473 1060 5552 presbyter
1103 5471 1565 5553 Aquileiensis,
1620 5472 1808 5534 liceat
1859 5469 2261 5549 excogitare,
2297 5485 2494 5547 quam
2544 5468 2716 5547 quod
2772 5468 3029 5544 volunt,
3086 5471 3404 5535 Homilies
3459 5474 3526 5538 in

230 5575 498 5648 Isaiam,
535 5591 682 5652 quas
715 5574 913 5636 nulla
938 5580 1113 5649 sunt,
1150 5571 1720 5655 comprehendisse
1751 5594 1768 5635 :
1801 5577 1863 5635 et
1890 5588 2053 5652 quas
2093 5570 2214 5650 (sic
2248 5568 2507 5647 Opinor)
2552 5568 2607 5630 si
2651 5575 2881 5648 praeter
2914 5575 3258 5654 sexaginta
3296 5592 3528 5642 novem

299 5724 367 5787 (ai
408 5720 579 5773 Potuit.
601 5726 654 5770 et
674 5720 936 5772 Tractatus
970 5722 1146 5773 decem
1173 5724 1220 5772 in
1251 5722 1492 5782 Psalmos,
1529 5732 1654 5784 quos
1677 5719 1739 5770 ab
1775 5713 1821 5769 Ο]

238 5786 441 5851 propius
463 5783 524 5833 ad
548 5780 695 5833 tidem
719 5791 814 5847 est,
839 5786 905 5835 ob
928 5784 1096 5836 oculos
1117 5785 1366 5836 habuisse.
1396 5826 1405 5842 ρ

1950 5721 2010 5771 iis
2042 5720 2215 5772 Grasco
2241 5716 2503 5769 translatos
2543 5719 2591 5769 in
2631 5719 2857 5795 Latinum
2890 5722 3041 5779 fuisse
3069 5725 3157 5793 ab;
3193 5725 3492 5797 Hieronymo
3514 5762 3533 5794 ,

297 5798 441 5849 opius
463 5798 524 5833 aa
548 5798 695 5833 Ilaem
719 5798 814 5847 ess,
839 5798 905 5835 on
928 5798 1096 5836 oculos
1118 5798 1366 5836 uanmsse.
1396 5826 1405 5842 .7
