4008 6286
491 263 558 317 15
1943 257 2336 314 ΡΒᾹΞῈΑΉΟ.
3722 257 3790 316 16

486 373 785 436 laudatas
817 370 1284 450 novisset,jam
1319 386 1449 431 non
1497 370 1935 449 septuaginta,
1973 371 2082 431 sed
2119 372 2286 434 ultra
2315 373 2641 450 octoginta
2677 371 2944 448 obliqua
2979 371 3088 434 illa
3135 372 3475 434 sedulitate
3519 372 3792 436 laudas-

491 483 612 540 set.
650 474 1118 537 Testimonium
1153 491 1348 552 porro
1392 474 1549 534 illud
1586 491 1669 534 ex
1707 472 1990 534 secundo
2040 474 2514 535 Invectivarum
2555 493 2730 534 num.
2774 474 2879 552 26,
2934 493 3331 554 quamquam
3385 476 3548 537 alios
3587 477 3790 538 multo

490 578 700 658 magis
737 575 1068 641 sollicitat,
1107 591 1239 634 non
1274 573 1636 634 dissimulo.
1689 572 1975 651 Opponit
2020 574 2418 653 Hieronymo
2453 573 2749 645 Ruﬁnus,
2779 574 2953 652 quod
3009 575 3209 636 multa
3247 593 3330 637 ex
3378 574 3682 655 Origenis
3715 575 3790 637 li-

492 679 652 750 bris,
683 693 826 753 quze
856 673 1261 733 Christianas
1289 689 1483 734 aures
1512 673 1890 750 movissent,
1925 674 1986 732 in
2021 674 2548 753 interpretatione
2606 674 2840 737 Latina
2899 681 3010 736 aut
3061 678 3315 759 penitus
3363 677 3786 751 subtraxerit,

485 785 596 842 aut
630 775 967 838 commodo
999 791 1195 835 sensu
1227 774 1569 851 explicarit
1616 795 1629 832 :
1680 793 1956 853 cumque
2003 776 2253 853 aliquot
2298 776 2362 836 in
2413 775 2581 838 hanc
2632 794 2767 836 rem
2814 778 3114 856 exempla
3157 778 3556 857 adduxisset,
3607 781 3786 852 Haec,

487 881 722 958 inquit,
755 886 811 938 et
843 876 1011 938 mille
1038 875 1167 937 alia
1197 875 1292 936 his
1320 876 1554 938 similia
1577 877 1643 936 in
1669 875 2302 955 interpretationibus
2332 877 2482 946 tuis,
2515 877 2643 936 sive
2673 879 2738 938 in
2766 877 2860 938 his
2883 879 3039 955 ipsis
3070 878 3379 940 Homiliis
3413 877 3504 959 (in
3523 877 3785 959 Lucam)

485 981 618 1042 sive
647 980 715 1040 in
741 979 1038 1050 Ieremia,
1077 976 1172 1037 vel
1201 978 1268 1038 in
1304 977 1502 1053 stu,
1530 977 1799 1037 maxime
1829 987 2032 1036 autem
2060 976 2130 1036 in
2150 976 2476 1038 Ezechiele
2501 976 2908 1040 subtraxisti.
2935 980 3072 1041 Hoc
3104 981 3349 1042 scilicet
3377 981 3666 1058 palmare
3695 985 3791 1042 est

482 1087 948 1161 argumentum
979 1080 1058 1143 ad
1093 1081 1408 1142 Homilias
1440 1081 1505 1140 in
1535 1081 1772 1142 Isaiam
1802 1081 2326 1158 Hieronymianaa
2357 1081 2872 1160 interpretationi
2907 1081 3365 1152 ascribendas;
3401 1100 3550 1144 nam
3580 1090 3638 1142 et
3660 1083 3790 1144 Ho-

486 1184 686 1246 milite
718 1188 894 1260 sunt,
936 1181 1107 1260 quod
1139 1199 1325 1244 nemo
1357 1181 1691 1256 dubitarit,
1722 1199 1944 1259 eaeque
1979 1182 2092 1243 abs
2125 1182 2521 1262 Hieronymo
2551 1189 2729 1244 certo
2772 1186 3013 1245 certius
3058 1185 3125 1243 in
3157 1183 3456 1245 Latinum
3492 1202 3574 1245 ex
3615 1184 3792 1249 Ada-

484 1287 738 1349 mantio
769 1285 1027 1363 refusae,
1055 1303 1201 1363 quas
1235 1285 1604 1362 praecedunt
1635 1285 1952 1364 proxime,
1986 1301 2063 1343 ac
2101 1285 2596 1360 subsequuntur
2638 1285 2702 1343 in
2731 1285 3106 1359 Jeremiam,
3132 1291 3193 1345 et
3241 1286 3307 1346 in
3352 1286 3784 1348 Ezechielem.

484 1394 788 1452 Attamen
821 1408 950 1450 non
988 1406 1128 1451 eam
1160 1388 1359 1449 fuisse
1407 1386 1618 1447 Ruﬁni
1667 1392 1976 1462 mentem,
2013 1385 2302 1462 nihilque
2345 1386 2527 1447 illum
2582 1386 2657 1446 de
2694 1386 2992 1447 Homiliis
3049 1388 3113 1447 in
3153 1387 3392 1448 Isaiam
3433 1388 3788 1469 cogitasse;

491 1492 602 1554 sed
632 1491 805 1554 aliud
847 1490 1128 1552 voluisse
1159 1489 1535 1567 Hieronymi
1571 1487 1882 1566 scriptum
1915 1487 1978 1546 in
2031 1504 2178 1546 cum
2217 1487 2598 1566 Propbelam
2628 1488 3028 1565 cavillari,et
3081 1507 3197 1566 pro
3235 1496 3409 1550 certo
3451 1489 3685 1566 habeo,
3726 1493 3790 1552 et

488 1593 716 1670 paucis
758 1591 1154 1652 demonstro.
1209 1588 1567 1667 Scripserat
1601 1586 1662 1646 S.
1696 1589 1933 1647 Doctor
1981 1585 2060 1648 ad
2091 1585 2443 1646 Damasum
2495 1591 2862 1660 tractatum,
2917 1589 3053 1650 sive
3081 1590 3422 1667 epistolam
3464 1591 3532 1651 in
3569 1601 3789 1657 nostra

482 1694 870 1755 recensione
909 1691 1008 1766 18,
1045 1691 1118 1753 de
1156 1690 1489 1768 Seraphim
1525 1706 1670 1766 quae
1698 1688 1880 1749 Isaiae
1914 1689 2094 1750 Visio
2126 1693 2224 1750 est
2254 1705 2396 1766 cap.
2432 1698 2618 1748 sexto
2651 1709 2664 1747 :
2701 1707 2981 1767 eumque
3021 1691 3256 1759 locum.
3291 1693 3402 1752 ubi
3435 1694 3563 1755 duo
3596 1693 3785 1756 Sera-

483 1796 664 1876 phim
694 1795 934 1856 stantia
971 1795 1037 1854 in
1069 1793 1343 1872 circuitu
1375 1792 1618 1861 throni,
1653 1797 1714 1851 et
1751 1791 2101 1852 clamantia
2137 1791 2625 1868 describuntur,
2663 1808 2808 1869 qum
2853 1790 3168 1871 Origenes
3223 1801 3614 1871 exposuerat
3657 1795 3791 1855 Do—

483 1895 740 1955 minum
776 1899 1071 1954 nostrum
1099 1893 1322 1953 Iesum
1354 1890 1708 1965 Christum,
1739 1889 2138 1968 etSpiritum
2169 1898 2489 1963 sanctum,
2528 1892 2637 1952 ille
2671 1911 2790 1970 pro
2819 1899 3030 1955 vetere
3061 1911 3140 1955 ac
3174 1912 3342 1954 novo
3379 1897 3792 1960 Testamento

485 2002 586 2058 est
619 1996 1109 2073 interpretatus,
1137 1993 1251 2055 illa
1282 1991 1630 2067 sententia,
1663 1993 1728 2050 in
1779 2009 1974 2067 quam
2004 1991 2207 2052 Graeci
2233 1992 2576 2070 Latinique
2609 1995 2849 2070 passim
2877 2001 3362 2076 concesserant,
3399 1998 3620 2058 multis
3674 2001 3790 2058 im-

479 2097 780 2177 probata.
821 2096 1048 2156 Postea
1084 2111 1200 2154 nec
1231 2092 1425 2154 semel
1452 2109 1600 2152 cum
1631 2090 1827 2151 veluti
1864 2089 2164 2169 Origenis
2216 2097 2596 2170 symmystes
2644 2090 2959 2170 injuriose
2997 2095 3080 2154 ab
3125 2095 3374 2156 aemulis
3423 2097 3791 2159 traducere-

481 2205 618 2270 tur,
659 2203 977 2276 quantum
1007 2197 1090 2257 ab
1125 2195 1265 2275 ejus
1295 2194 1546 2272 placitis
1575 2193 1985 2267 abhorreret,
2019 2192 2138 2252 hoc
2165 2191 2305 2268 ipso
2341 2194 2639 2274 exemplo
2666 2195 3133 2272 comprobavit.
3167 2197 3234 2257 Id
3277 2197 3492 2260 videre
3524 2208 3615 2259 est
3643 2217 3790 2262 cum

491 2299 678 2376 alibi,
710 2305 842 2359 tum
874 2297 1199 2377 prtecipue
1227 2295 1414 2375 epist.
1461 2293 1565 2365 Si,
1599 2294 1674 2356 ad
1709 2293 2197 2355 Pammachium
2223 2301 2284 2354 et
2309 2294 2664 2370 Oceanum,
2704 2315 2882 2357 num.
2920 2297 2981 2370 3,
3037 2299 3171 2367 ubi,
3225 2300 3304 2360 In
3355 2299 3638 2369 lectione,
3693 2301 3791 2360 in-

478 2405 646 2483 quit,
677 2403 873 2475 Isaia,
908 2404 976 2464 in
1003 2421 1125 2482 qua
1155 2399 1277 2461 duo
1315 2398 1644 2477 Seraphim
1675 2396 2011 2458 clamantia
2063 2395 2531 2473 describuntur,
2576 2399 2687 2460 illo
2717 2399 3044 2479 (Origene)
3075 2401 3529 2482 interpretante
3556 2402 3792 2465 Filium

487 2512 549 2565 et
591 2505 908 2584 Spiritum
941 2510 1248 2572 sanctum,
1285 2517 1494 2558 nonne
1525 2517 1633 2577 ego
1671 2497 2094 2559 detestandam
2120 2498 2576 2577 expositionem
2626 2502 2695 2561 in
2722 2501 2846 2562 duo
2878 2503 3272 2566 Testamenta
3313 2508 3606 2568 mutavi?
3655 2508 3795 2568 Ha-

482 2608 664 2670 betur
693 2605 854 2668 liber
891 2605 962 2665 in
990 2601 1273 2664 manibus
1300 2609 1445 2661 ante
1474 2600 1706 2678 viginti
1743 2619 1944 2660 annos
1979 2599 2203 2660 editus.
2240 2600 2358 2660 Hic
2385 2601 2718 2662 enimvero
2755 2602 3012 2665 libellus
3049 2611 3171 2680 est,
3207 2623 3320 2667 seu
3357 2611 3670 2669 tractatus
3713 2607 3791 2668 de

492 2711 681 2772 Isaiae
714 2709 1008 2782 Visione,
1037 2723 1230 2784 quem
1259 2709 1436 2764 notat
1468 2702 1741 2764 Ruﬁnus
1774 2725 1789 2764 :
1823 2703 1956 2764 Ilth
1980 2701 2375 2780 Origeniana
2412 2703 2525 2765 illa
2556 2705 2870 2782 Opinatio,
2899 2723 3098 2783 quam
3126 2708 3237 2778 ait,
3272 2709 3393 2770 sibi
3427 2710 3793 2788 permisisse

490 2814 964 2891 Hieronymum
995 2809 1077 2868 ab
1114 2826 1191 2869 eo
1223 2824 1415 2885 quem
1447 2804 1821 2884 praeferebat
1857 2822 2083 2876 sensu,
2143 2803 2222 2867 ad
2274 2805 2607 2866 meliorem
2653 2813 3054 2869 convertere.
3123 2808 3328 2870 Nullae
3365 2810 3467 2871 hic
3496 2811 3794 2873 Homilies.

492 2927 648 2980 sunt
681 2917 745 2976 in
777 2914 1010 2976 Isaiam
1046 2934 1060 2972 :
1095 2912 1391 2988 nihilque
1428 2911 1493 2969 in
1528 2926 1606 2970 eo
1636 2907 2065 2969 laborandum
2095 2912 2165 2968 ut
2197 2907 2260 2966 in
2291 2925 2516 2968 earum
2546 2908 2778 2986 prima,
2803 2909 2976 2988 quod
3010 2909 3158 2971 facit
3193 2911 3675 2989 Tillemontius,
3697 2912 3794 2973 lo-

494 3036 644 3080 cum
675 3013 1012 3078 commoda
1048 3010 1582 3092 interpretatione
1613 3008 1908 3080 oblitum,
1948 3016 2062 3069 aut
2099 3006 2291 3086 plane
2323 3007 2804 3070 dissimulatum
2833 3013 3144 3092 reperias.

568 3122 688 3185 Sed
721 3127 814 3199 ut,
844 3118 1129 3200 explosis
1149 3135 1296 3197 quze
1323 3117 1464 3177 illas
1489 3114 1868 3175 astruebant
1893 3111 2320 3190 argumentis,
2342 3110 2598 3171 demum
2623 3117 2679 3170 et
2708 3128 2942 3171 causas
2977 3113 3326 3172 nonnullas
3363 3112 3795 3190 proferamus,

487 3226 726 3305 quibus
764 3229 1036 3296 constet,
1067 3220 1466 3298 Hieronymo
1498 3215 1756 3294 penitus
1793 3213 2256 3292 abjudicandas
2287 3232 2300 3271 :
2329 3213 2644 3292 Optimum
2669 3212 2825 3272 illud
2855 3231 3002 3274 cum
3033 3213 3253 3293 primis
3283 3231 3426 3275 esse
3455 3215 3642 3274 velim
3675 3231 3802 3277 an-

499 3329 698 3410 tiquis
729 3324 1154 3406 scriptoribus
1187 3317 1696 3382 internoscendis
1726 3321 2206 3393 argumentum,
2245 3315 2414 3393 quod
2449 3333 2527 3374 ex
2561 3315 2727 3394 stylo
2757 3316 3058 3376 sumitur.
3090 3316 3256 3376 Tum
3289 3333 3386 3376 me
3408 3315 3515 3377 ille
3543 3316 3607 3376 in
3645 3316 3804 3375 Hie—

491 3431 878 3512 ronymiana
907 3427 1182 3490 lectione
1211 3424 1400 3499 plane
1437 3421 1672 3496 hospes
1701 3418 1808 3493 sit,
1838 3418 1951 3493 qui
1985 3418 2449 3488 semilatinum,
2483 3415 2718 3491 nequid
2758 3415 2900 3492 plus
2930 3415 3161 3487 dicam,
3198 3416 3644 3493 interpretem,
3685 3433 3804 3494 pro

487 3533 890 3607 Hieronymo
925 3526 1181 3587 habeat.
1205 3520 1508 3594 Huetius,
1536 3518 1794 3596 Opinor,
1829 3533 1976 3576 cum
2005 3533 2084 3574 ex
2108 3532 2185 3576 eo
2213 3515 2508 3592 quaedam
2536 3513 2804 3575 adduxit
2836 3514 3059 3575 mediae
3091 3515 3456 3581 Latinitatis
3488 3517 3804 3579 vocabula

495 3633 578 3698 ad
633 3631 1145 3711 prmconceptam
1177 3622 1553 3703 Opinionem
1606 3616 2050 3688 asserendam,
2087 3632 2284 3692 quam
2329 3616 2542 3692 potius
2581 3616 2782 3676 everti
2835 3617 3234 3680 ostendimus
3287 3621 3803 3698 comparatione,

499 3735 706 3800 multo
741 3739 962 3794 tamen
1011 3727 1138 3788 illis
1185 3723 1494 3802 sequiora
1527 3719 1757 3780 callide
1787 3716 2215 3778 dissimularit
2251 3737 2265 3775 :
2301 3717 2476 3793 quod
2529 3735 2732 3796 genus
2793 3725 2970 3795 sunt,
3007 3719 3398 3800 ﬁguraliter,
3442 3720 3804 3795 invenibile,

498 3835 666 3901 illud
694 3834 1117 3913 negotiorum,
1150 3846 1266 3906 pro
1302 3825 1464 3888 illud
1490 3822 1609 3899 rei,
1643 3819 2122 3899 magniloquax,
2154 3819 2476 3897 sufﬁciens
2506 3819 2651 3886 ista,
2687 3837 2804 3899 pro
2833 3817 2948 3879 hac
2978 3829 3310 3882 contentus
3353 3839 3445 3899 re,
3477 3827 3670 3901 atque
3712 3822 3809 3882 his

501 3939 776 4012 similia;
815 3935 1007 4015 hujus
1039 3933 1210 3994 enim
1240 3928 1578 4009 elegantius
1607 3929 1778 3986 totus
1821 3928 1918 3984 est
1959 3939 2173 3984 sermo
2205 3923 2524 4000 reliquus,
2569 3925 3034 3999 subobscurus,
3085 3926 3577 4006 incompositus,
3617 3945 3696 3988 ne
3733 3926 3810 3989 de

512 4037 772 4120 syntaxi
824 4037 1034 4098 dicam
1069 4039 1186 4095 aut
1211 4032 1480 4111 agresti,
1507 4036 1621 4092 aut
1651 4026 1729 4087 ad
1769 4025 2062 4088 Grmcum
2091 4025 2241 4086 ﬁcta
2264 4027 2625 4105 pueriliter.
2659 4027 2873 4106 Stylus
2904 4029 3046 4103 iste,
3074 4031 3127 4091 si
3153 4031 3322 4109 quod
3360 4031 3569 4090 sentio
3608 4028 3807 4107 proﬁ-

505 4143 628 4204 teri
661 4141 874 4209 liceat,
905 4135 1119 4196 Ruﬁni
1157 4138 1282 4206 est,
1323 4148 1517 4208 quem
1566 4135 1628 4189 et
1659 4128 1940 4188 maxime
1967 4125 2379 4204 Origenianis
2432 4127 2688 4205 scriptis
2737 4128 2965 4189 Latine
3011 4128 3513 4209 interpretandis
3557 4129 3808 4191 dedisse

517 4257 811 4320 operam,
844 4244 909 4298 et
938 4237 1234 4297 barbarae
1271 4231 1613 4292 locutionis
1651 4237 1782 4290 tam
1812 4244 1978 4308 saepe
2010 4227 2306 4288 accusari
2338 4228 2576 4288 scimus
2611 4230 2726 4290 abs
2765 4229 3191 4310 Hieronymo,
3231 4237 3301 4292 ut
3326 4231 3403 4292 de
3435 4231 3673 4292 Graecis
3704 4232 3814 4291 bo-

513 4344 614 4403 nis
647 4339 880 4401 Latina
913 4337 1139 4397 fecisse
1167 4333 1487 4393 diceretur
1517 4346 1644 4389 non
1678 4330 1870 4390 bona.
1901 4326 2082 4400 Quod
2117 4329 2168 4388 si
2205 4344 2336 4388 rem
2367 4343 2488 4388 acu
2526 4328 2729 4406 tetigi,
2761 4328 2965 4388 miror
3000 4329 3228 4408 magis,
3261 4327 3565 4390 Ruﬁnum
3605 4329 3817 4409 ipsum

511 4443 796 4523 propriis
858 4438 1091 4499 fetibus
1130 4451 1245 4515 pro
1281 4432 1491 4492 aliena
1535 4430 1755 4491 sobole
1792 4426 2230 4509 supponendis
2268 4427 2555 4488 adhiberi
2591 4426 3058 4506 ﬁdejussorem.
3112 4429 3256 4490 Iam
3293 4446 3446 4490 vero
3477 4428 3648 4508 (qute
3690 4429 3821 4492 alia

518 4551 673 4608 sunt
705 4543 1034 4604 rationum
1071 4539 1424 4609 momenta,
1447 4538 1516 4594 ut
1549 4549 1585 4594 a
1612 4531 2141 4610 Hieronymianis
2176 4530 2660 4608 removeantur)
2684 4530 2746 4590 S.
2777 4532 2964 4592 Pater
2991 4549 3137 4592 cum
3165 4539 3397 4594 caetera
3425 4532 3487 4592 in
3509 4532 3820 4614 Catalogo

518 4645 948 4722 recensuerit,
980 4658 1125 4721 quae
1152 4659 1234 4702 ex
1263 4639 1545 4719 Origene
1587 4636 1798 4697 fuerat
1829 4633 2317 4709 interpretatus,
2350 4631 2782 4692 Homiliarum
2835 4631 2897 4690 in
2937 4632 3169 4693 Isaiam
3196 4649 3554 4709 numquam
3591 4632 3822 4693 memi-

522 4751 621 4810 nit
655 4769 670 4808 :
704 4764 918 4826 neque
945 4747 1266 4823 integrum
1304 4745 1400 4801 est
1439 4737 1721 4816 epinari,
1749 4740 1893 4812 post
1927 4733 2306 4810 Catalogum
2329 4749 2595 4792 manum
2621 4749 2845 4792 earum
2879 4732 3394 4809 interpretationi
3419 4729 3823 4806 admovisse;

524 4853 608 4913 ab
644 4867 721 4909 eo
755 4849 930 4908 enim
965 4853 1253 4923 tempore
1283 4838 1680 4918 Origeniana
1715 4833 2011 4894 doctrina
2061 4834 2129 4892 in
2185 4832 2478 4892 hmresim
2515 4832 2914 4910 prolabente,
2949 4831 3037 4890 ita
3070 4830 3244 4890 illam
3288 4830 3507 4890 animo
3539 4834 3825 4910 exspuit,

524 4958 598 5012 ut
633 4948 969 5011 confutare
1003 4945 1242 5022 potius,
1281 4957 1474 5020 quam
1505 4935 1752 4998 Latinis
1791 4935 2139 5012 pr0pinare
2175 4935 2443 4992 auribus
2470 4932 2767 5010 deinceps
2803 4929 3144 4991 studuerit.
3178 4928 3271 4987 Ad
3299 4928 3434 4989 hinc
3473 4929 3536 4989 in
3570 4932 3725 5008 ipsis
3760 4934 3824 4994 in

530 5049 768 5111 Isaiam
804 5043 1326 5113 Commentariis,
1374 5056 1519 5099 cum
1553 5036 1825 5097 subinde
1852 5033 1991 5112 ejus
2026 5033 2341 5094 versionis
2386 5031 2964 5094 commemoranda;
3000 5029 3224 5090 fuisset
3267 5029 3500 5090 nedum
3544 5037 3827 5108 occasio,

531 5151 642 5216 sed
673 5147 1049 5219 necessitas,
1088 5159 1444 5220 numquam
1487 5138 1818 5199 meminit:
1854 5143 1916 5196 et
1965 5137 2030 5194 in
2063 5134 2443 5196 Przefalione
2475 5135 2709 5211 prioris
2739 5133 2884 5190 libri
2918 5149 3064 5191 eum
3110 5129 3282 5209 ipsas
3320 5129 3536 5193 laudet
3566 5135 3830 5213 viginti-

535 5251 810 5334 quinque
842 5245 1163 5310 Homilias
1197 5242 1492 5320 Origenis
1526 5241 1588 5298 in
1621 5239 1796 5300 hunc
1834 5237 2236 5316 prophetam,
2273 5254 2351 5296 ne
2380 5237 2573 5316 verbo
2603 5232 2864 5312 quidem
2895 5251 2978 5292 ex
3007 5232 3132 5292 illis
3169 5251 3398 5294 novem
3422 5235 3576 5297 istas
3601 5239 3831 5303 Latine

535 5372 574 5417 a
607 5373 674 5415 se
704 5352 982 5416 redditas
1013 5350 1254 5408 monet.
1287 5341 1576 5418 Denique
1603 5345 1669 5402 et
1696 5341 1968 5418 Prologo
2000 5347 2219 5399 carent
2244 5337 2538 5397 Humilia:
2571 5339 2729 5408 istas,
2762 5335 2932 5414 quod
2967 5353 3167 5397 unum
3206 5355 3346 5398 esse
3379 5339 3720 5401 discrimen
3752 5343 3833 5404 ad

535 5449 1186 5532 Hieronymianasab
1218 5445 1498 5508 aliorum
1531 5437 2172 5518 interpretationibus
2196 5434 2727 5496 internoscendas
2761 5439 2938 5496 notat
2966 5433 3296 5497 Gelasius:
3321 5443 3542 5498 carent
3569 5457 3833 5518 quoque

533 5576 693 5620 mss.
722 5555 1132 5625 auctoritate,
1182 5555 1294 5612 aut
1346 5545 1576 5608 veteris
1627 5544 1902 5622 alicujus
1941 5538 2288 5599 testimonii
2343 5538 2654 5619 sull‘ragio
2685 5559 2700 5598 :
2735 5542 2933 5616 atque
2965 5545 3032 5601 ut
3067 5540 3265 5602 semel
3295 5539 3524 5612 dicam,
3573 5541 3658 5601 ita
3714 5545 3832 5606 abs

540 5654 920 5734 Hieronymi
977 5650 1241 5730 ingenio
1287 5645 1625 5720 dissident,
1661 5651 1730 5705 ut
1765 5639 1989 5702 mirari
2041 5655 2168 5699 non
2215 5637 2530 5717 desinam,
2567 5640 2970 5704 doctissimos
3006 5642 3177 5703 viros
3238 5642 3476 5704 habere
3526 5642 3669 5705 illas
3714 5662 3833 5722 pro

519 5748 1064 5832 'Hicronymianis
1099 5746 1407 5827 potuisse.
