4008 6294
475 258 550 315 εδ
1736 257 1795 314 S.
1837 256 2103 315 EUSEBII
2131 255 2516 315 HIERONYMI
3707 259 3784 316 24

481 374 536 429 in
562 374 725 430 titulo
753 391 766 428 :
801 373 943 429 Visio
977 388 1133 443 quam
1169 373 1298 426 vidit
1321 371 1517 440 Isaias,
1544 373 1660 427 sive
1680 371 1909 436 Abdias,
1962 388 2071 428 non
2101 376 2155 435 Α
2176 387 2281 444 qua
2303 383 2359 428 et
2378 372 2516 428 illud
2540 373 2597 427 in
2623 372 2727 429 hoe
2752 373 2951 429 eodem
2983 374 3259 443 PrOpheta
3289 373 3399 429 dici
3423 372 3784 429 arbitramur:

486 468 727 525 inferunt
757 467 888 539 quid
920 465 1179 522 viderint.
1212 465 1376 521 Verbi
1408 465 1580 536 gratia
1610 483 1623 520 :
1661 464 1782 519 Vidi
1796 464 2078 520 Dominum

491 560 724 619 Sabaoth
743 560 1002 617 sedentem
1028 575 1184 629 super
1200 560 1443 613 thronum
1473 557 1727 613 excelsum
1752 569 1800 613 et
1827 556 2082 612 eleuatum

489 663 535 708 et
559 651 835 723 Seraphim
866 652 1037 704 duoin
1066 650 1290 703 circuitu
1317 650 1463 719 ejus;
1486 648 1581 703 sed
1604 664 1726 718 qua:
1746 648 1891 704 diota
1920 658 2080 714 sunt,

485 756 728 811 narrant,
758 744 809 799 id
836 752 959 800 est:
989 742 1367 808 Audi,caelum,
1403 751 1449 795 et
1474 741 1685 795 auribus
1698 743 1920 813 percipe,
1946 750 2085 795 terra

492 837 649 910 (Isai.
680 854 755 906 vt,
789 840 842 903 I,
871 837 953 907 2).
990 838 1091 889 Et:
1118 833 1248 890 Haec
1275 834 1398 888 dicit
1422 832 1674 889 Dominus
1691 833 1833 888 Deus
1859 834 1926 887 ad
1949 831 2084 888 Idu—

489 948 698 987 ma'am.
746 930 994 985 Auditum
1038 928 1212 983 audivi
1275 943 1309 980 a
1350 924 1607 990 Domino,
1644 934 1690 980 et
1736 924 1960 997 legatunt
2017 926 2084 977 ad

489 1032 666 1097 gentes
706 1022 846 1076 misit
895 1020 1062 1093 (ΑΜ.
1088 1035 1126 1085 I,
1147 1019 1224 1092 1).
1257 1020 1540 1089 Propltelm
1574 1018 1718 1074 enim
1748 1026 1775 1055 ⁸
1812 1020 1963 1087 prius
1992 1032 2089 1072 vo-

490 1116 759 1172 cabantur
786 1114 1064 1180 videntes,
1096 1112 1187 1184 qui
1214 1113 1399 1167 dicere
1427 1120 1681 1181 poterant
1705 1128 1718 1164 :
1751 1108 1903 1164 Oculi
1927 1110 2089 1163 nostri

490 1222 689 1279 semper
732 1207 799 1260 ad
833 1202 1317 1274 Dominum(Psal.
1358 1218 1469 1270 λιν,
1520 1202 1637 1274 15).
1676 1201 1787 1258 Et:
1826 1201 1905 1255 Ad
1938 1210 1986 1256 te
2015 1199 2090 1253 le-

493 1299 608 1353 vavi
639 1297 814 1352 oculos
848 1314 985 1351 meos
1014 1298 1102 1367 qui
1129 1295 1332 1349 habitas
1357 1296 1411 1349 in
1444 1293 1571 1349 (mlo
1594 1292 1772 1366 (Psal.
1798 1308 1967 1357 cxxn,
2011 1291 2086 1363 l).

498 1392 658 1448 Unde
700 1400 756 1446 et
792 1390 1071 1461 Apostolis
1111 1404 1141 1443 a
1177 1389 1461 1445 Salvatore
1505 1386 1816 1458 praecipitur
1850 1404 1863 1439 :
1902 1383 2092 1438 Levate

496 1483 673 1539 oculos
704 1492 917 1546 vestros,
948 1491 997 1537 et
1027 1481 1189 1536 videte
1226 1480 1460 1553 regiones
1494 1494 1512 1532 :
1539 1479 1662 1548 quia
1678 1480 1796 1551 jam
1818 1474 1951 1530 albae
1970 1486 2091 1529 sunt

498 1579 567 1633 ad
599 1594 815 1633 messem
867 1576 1061 1650 (Joan.
1092 1591 1167 1642 tv,
1215 1574 1329 1646 55).
1375 1574 1514 1630 Istos
1563 1572 1746 1627 cordis
1784 1570 2000 1634 oculos,
2037 1575 2095 1623 et

497 1686 693 1742 sponsa
727 1671 961 1727 habebat
988 1671 1039 1724 in
1072 1667 1303 1724 Cantico
1329 1667 1709 1730 Canticorum,
1742 1666 1827 1720 cui
1858 1676 2095 1735 sponsus

2185 462 2512 532 Illuminare,
2536 463 2853 532 illuminare,
2879 463 3172 521 Jerusalem
3203 481 3223 521 :
3243 466 3378 521 venit
3403 466 3539 521 enim
3555 466 3648 521 tua:
3667 475 3781 532 tua,

2184 568 2232 613 et
2258 560 2425 630 gloria
2458 557 2672 613 Domini
2696 576 2852 631 super
2891 568 2938 615 te
2962 570 3077 615 orta
3102 570 3178 615 est
3212 577 3230 615 :
3259 570 3341 627 et,
3389 559 3455 615 In
3483 570 3531 615 te
3554 576 3785 633 appare-

2186 650 2256 703 bit
2315 650 2587 718 Dominus,
2644 660 2695 707 et
2736 652 2907 725 gloria
2947 653 3089 707 illius
3110 670 3265 726 super
3294 662 3343 708 te
3370 652 3673 709 ostendetur
3695 668 3715 708 :
3735 662 3788 708 et

2187 743 2486 812 gradieutur
2512 760 2655 815 reges
2675 745 2730 798 in
2754 742 2953 799 lumine
2980 755 3089 811 tuo,
3120 755 3167 800 et
3189 756 3372 819 gentes
3404 746 3460 800 in
3504 745 3787 813 splendore

2188 842 2275 887 tuo
2308 850 2326 887 :
2357 835 2567 905 quando
2615 836 2819 890 venient
2849 853 3028 890 omnes
3067 837 3167 906 ﬁlii
3208 840 3321 911 ejus
3350 837 3415 892 de
3442 836 3616 908 longe,
3645 847 3692 892 et
3721 838 3789 909 fi-

2191 924 2275 979 lia:
2323 925 2465 979 illius
2494 928 2545 980 in
2597 927 2821 982 humeris
2877 928 3245 999 portabuntur,
3294 938 3341 983 et
3379 930 3611 1001 operient
3674 945 3791 984 eam

2190 1022 2375 1075 cameli
2403 1020 2644 1088 Madian,
2667 1031 2713 1076 et
2740 1020 2915 1091 Epha,
2950 1021 3221 1090 afferentes
3269 1039 3456 1077 aurum
3477 1033 3527 1077 et
3553 1023 3669 1078 thus
3694 1038 3712 1077 :
3737 1031 3787 1077 et

2190 1129 2369 1184 greges
2394 1112 2561 1169 Cedar
2582 1116 3035 1188 congregabantur
3058 1116 3113 1170 in
3139 1113 3457 1182 Jerusalem,
3508 1124 3557 1170 et
3597 1116 3789 1171 arietes

2195 1202 2457 1258 Nabaioth
2492 1206 2863 1275 properabant,
2897 1216 2945 1261 et
2982 1216 3131 1261 erunt
3160 1206 3441 1277 placabiles
3478 1206 3660 1262 hostile
3700 1224 3794 1261 su-

2193 1314 2284 1367 per
2306 1298 2471 1352 altare
2496 1295 2711 1352 Domini
2742 1297 2898 1371 (Isai.
2925 1315 3073 1367 ms,
3100 1302 3124 1354 I
3149 1298 3320 1372 seqq.)

2264 1390 2529 1460 Quodque
2555 1393 2611 1447 in
2642 1392 2801 1448 titulo
2851 1394 3072 1462 ponitur
3116 1394 3475 1463 prophetasse
3518 1407 3644 1448 eum
3689 1392 3793 1447 sub

2195 1479 2319 1535 Ozia
2336 1522 2352 1547 ,
2384 1488 2440 1536 et
2483 1482 2760 1548 Jontham,
2784 1492 2841 1539 et
2866 1483 3066 1552 Acltaz,
3095 1492 3152 1540 et
3174 1482 3429 1550 Ezechia,
3456 1483 3674 1555 regibus
3697 1482 3796 1538 Ju-

2196 1572 2285 1637 da,
2321 1587 2426 1627 non
2460 1584 2518 1627 ut
2555 1574 2607 1628 in
2640 1574 2764 1630 aliis
2792 1574 3082 1645 PrOpbetis
3121 1577 3349 1632 confuse
3375 1575 3791 1647 intelligendum

2197 1673 2302 1731 est,
2333 1673 2390 1719 ut
2415 1666 2722 1722 nesciamus
2756 1668 2883 1738 quid
2918 1670 3021 1723 sub
3046 1683 3156 1740 quo
3185 1669 3500 1738 specialiter
3526 1686 3653 1741 rege
3678 1670 3797 1727 dic-

494 1764 624 1819 dicit
658 1781 671 1817 :
706 1762 998 1818 Vulnerasti
1026 1779 1116 1816 cor
1142 1777 1328 1827 meum,
1361 1775 1509 1813 soror
1534 1774 1645 1812 mea
1667 1773 1877 1829 sponsa,
1903 1771 2006 1809 uno
2034 1770 2098 1809 ea:
2127 1759 2176 1819 B
2204 1764 2317 1811 tum
2351 1757 2458 1812 sit:
2501 1757 2597 1813 sed
2641 1774 2809 1829 usque
2852 1759 2920 1815 ad
2971 1760 3134 1816 tinem
3188 1761 3482 1823 voluminis
3529 1763 3793 1831 scriptum

496 1854 661 1908 oculis
706 1855 807 1907 tuis
830 1853 1000 1925 (Cant.
1042 1869 1115 1918 tv,
1146 1851 1241 1922 9).
1283 1851 1351 1905 Et
1388 1851 1442 1904 in
1469 1850 1771 1919 Evangelio
1815 1846 2044 1918 legimus
2078 1864 2089 1897 :

496 1945 738 2001 Lucerna
761 1946 991 2017 corporis
1012 1945 1085 1999 tui
1124 1952 1199 1999 est
1239 1942 1417 1997 oculus
1456 1953 1573 1997 tuus
1599 1939 1832 2016 (Matth.
1864 1955 1938 2005 vt,
1972 1937 2091 2011 22).

492 2041 551 2095 lu
583 2041 758 2096 veteri
789 2056 1005 2110 quoque
1030 2039 1227 2094 dicitur
1253 2038 1637 2103 instrumento,
1668 2036 1813 2107 quod
1865 2034 2098 2106 populus

501 2132 698 2187 viderit
726 2148 916 2188 vocem
946 2132 1044 2186 Dei
1070 2129 1274 2197 (Exod.
1309 2148 1402 2199 xx,
1436 2129 1547 2201 18).
1576 2130 1656 2186 Ex
1700 2145 1807 2200 quo
1857 2128 2095 2183 Montani

502 2224 862 2279 deliramenta
878 2224 1208 2291 conticeant,
1228 2223 1323 2294 qui
1344 2223 1400 2276 in
1414 2222 1633 2288 eestasi,
1652 2231 1705 2277 et
1721 2221 1902 2276 cordis
1913 2236 2100 2275 amen—

503 2316 574 2371 tia
606 2318 904 2386 Prophetas
932 2326 1085 2388 putat
1114 2330 1341 2371 ventura
1371 2316 1578 2372 dixisse
1609 2333 1623 2371 :
1654 2330 1831 2387 neque
1852 2316 1998 2370 enim
2024 2316 2102 2369 vi-

501 2411 632 2465 dere
682 2419 934 2479 poterant
972 2409 1115 2478 quod
1160 2408 1510 2480 ignorabant.
1538 2407 1665 2463 Scio
1703 2408 1968 2477 quosdam
2007 2406 2103 2463 Ju-

502 2501 678 2556 dazam
730 2511 786 2557 et
832 2500 1138 2557 Jerusalem
1179 2502 1250 2557 de
1279 2502 1599 2556 cmlestibus
1641 2501 2017 2571 interpretari,
2049 2510 2105 2555 et

513 2592 707 2648 Isaiam
738 2594 837 2649 sub
877 2608 1107 2663 persona
1163 2593 1381 2648 Domini
1403 2593 1707 2649 Salvatoris
1738 2611 1751 2648 :
1778 2592 1807 2632 δ
1840 2594 1985 2663 quod
2009 2608 2104 2648 ca-

510 2684 813 2755 ptivitatem
838 2684 985 2738 illitis
1000 2684 1293 2755 provinciae
1313 2684 1365 2738 in
1393 2693 1575 2739 nostra
1593 2695 1735 2740 terra
1754 2685 2104 2754 pra-nuntiet,

508 2787 564 2833 et
588 2787 773 2847 postea
793 2777 1026 2832 reditum
1054 2789 1075 2816 ο
1092 2792 1559 2849 eonscensumque
1578 2780 1643 2831 atl
1681 2786 1921 2833 montem
1951 2792 2108 2833 sanc-

513 2880 624 2925 tum
665 2871 720 2925 in
752 2870 948 2925 diebus
986 2872 1323 2926 novissimis.
1348 2872 1483 2939 Qua:
1524 2885 1624 2925 nos
1644 2871 1921 2925 contraria
1953 2870 2109 2926 Chri-

512 2962 821 3017 stianorum
852 2962 1326 3032 lideijudicantes,
1373 2964 1624 3019 universa
1661 2964 1719 3035 9
1754 2963 2103 3033 despicimus,

513 3064 569 3111 et
594 3066 889 3128 sequentes
928 3056 1169 3111 historia:
1208 3057 1512 3124 veritatem,
1566 3058 1645 3112 sic
1682 3058 2111 3128 interpretamur

2197 1848 2449 1916 refertur,
2495 1852 2624 1921 quid
2668 1867 2919 1907 seorsum
2957 1853 3057 1908 sub
3085 1852 3238 1916 Ozia.
3268 1863 3324 1909 et
3371 1854 3499 1924 quid
3532 1854 3635 1909 sub
3662 1853 3795 1910 Joa-

2200 1942 2369 2009 tham,
2399 1949 2455 1997 et
2478 1943 2605 2013 quid
2645 1944 2746 1998 sub
2776 1943 2982 2009 Aebaz,
3016 1952 3071 1998 et
3107 1943 3235 2014 quid
3270 1944 3371 1999 sub
3405 1943 3637 2001 Ezecltia
3685 1944 3735 1999 ei
3764 1960 3796 1999 τι

2202 2035 2429 2088 1)οωὶηο
2456 2035 2752 2090 revelatum
2784 2034 2873 2089 sit.
2909 2033 3158 2092 Sciamus
3185 2050 3400 2106 quoque
3427 2035 3711 2091 Ezechiam
3742 2037 3798 2091 in

2197 2125 2499 2182 Jerusalem
2529 2124 2555 2163 ἀ
2582 2126 2911 2183 duodecimo
2934 2144 3079 2184 anno
3116 2127 3364 2197 Romuli,
3390 2131 3481 2200 qui
3506 2128 3590 2185 sui
3622 2130 3803 2185 nunti-

2201 2219 2286 2273 nis
2324 2219 2376 2273 in
2407 2218 2558 2274 Italia
2609 2218 2854 2275 condidit
2902 2220 3204 2286 civitatem,
3255 2235 3488 2292 regnare
3513 2221 3749 2291 cmpisse
3784 2240 3798 2276 :

2204 2321 2261 2366 ut
2290 2311 2493 2380 liquido
2522 2321 2806 2382 appareat,
2838 2321 3042 2383 quanto
3082 2315 3422 2385 antiquiores
3450 2314 3563 2369 sint
3596 2324 3803 2371 nostra:

2206 2402 2471 2469 bistorim,
2518 2420 2679 2476 quam
2724 2407 2966 2476 gentium
3013 2415 3361 2463 exterarum.
3412 2408 3805 2477 Interpretatur

2205 2506 2387 2551 autem
2428 2494 2619 2564 Isaias,
2668 2506 2691 2533 θ
2718 2495 2947 2552 salvatus
2998 2496 3208 2553 Domini
3238 2515 3257 2553 :
3286 2497 3447 2563 Juda,
3493 2500 3750 2570 confessio
3784 2516 3805 2555 :

2206 2590 2533 2657 Jerusalem,
2586 2591 2716 2645 visio
2768 2593 2911 2662 pacis
2951 2609 2969 2645 :
3012 2590 3195 2659 Ozias,
3244 2592 3498 2665 fortitudo
3540 2591 3751 2647 Domini
3785 2608 3808 2648 :

2207 2684 2456 2740 Joatham
2493 2702 2507 2739 :
2540 2681 2755 2738 Domini
2784 2684 3033 2757 perfectio
3063 2702 3081 2739 :
3111 2685 3314 2751 Achaz,
3350 2694 3526 2739 tenens
3555 2685 3672 2740 sive
3718 2700 3810 2739 ro-

2211 2780 2389 2835 bustus
2423 2796 2441 2834 :
2474 2779 2760 2845 Ezechias,
2786 2780 3063 2852 imperium
3092 2778 3322 2833 Domini.
3360 2779 3462 2847 Qui
3505 2779 3669 2849 igitur
3688 2777 3805 2834 Du-

2213 2875 2361 2929 mino
2385 2874 2716 2944 praisidente
2743 2874 3010 2941 salvatur,
3040 2883 3097 2930 et
3117 2883 3203 2929 est
3230 2874 3375 2929 illius
3400 2875 3588 2939 Amos,
3611 2872 3661 2926 id
3691 2880 3802 2939 est,

2215 2966 2374 3021 fortis
2404 2975 2568 3037 atque
2615 2965 2846 3032 robusti,
2906 2967 3085 3021 cernit
3138 2965 3495 3036 spiritualiter
3537 2966 3809 3019 visionem

2214 3059 2596 3126 confessionis,
2622 3059 2749 3113 dum
2780 3058 2998 3128 antiqua
3026 3065 3247 3129 peccata
3278 3056 3561 3126 deplangit
3587 3074 3600 3110 :
3625 3066 3684 3111 et
3715 3070 3812 3125 pa-

513 3151 890 3221 spiritnaliter,
927 3160 985 3206 ut
1022 3150 1286 3221 quidquid
1320 3151 1400 3204 illi
1439 3150 1507 3205 de
1552 3151 1767 3207 caslesti
1803 3150 2106 3206 Jerusalem
2137 3146 2182 3210 C
2214 3153 2311 3218 cis,
2347 3152 2474 3208 dum
2509 3161 2631 3224 pust
2658 3152 3035 3223 pmoitentiam
3069 3150 3261 3205 transit
3296 3148 3362 3204 ad
3411 3148 3611 3213 lucem,
3644 3158 3700 3203 et
3735 3164 3814 3203 ae-

515 3243 812 3310 somniaut,
844 3242 1146 3298 referamus
1173 3243 1238 3297 ad
1266 3241 1472 3298 Christi
1503 3244 1823 3311 Eeclesiam,
1854 3243 1987 3298 etad
2015 3258 2109 3299 eos

515 3338 608 3408 qui
635 3338 721 3392 vel
750 3348 973 3408 propter
994 3347 1214 3407 peccata
1242 3326 1597 3408 egrediuntur
1647 3351 1714 3392 ex
1762 3351 1847 3401 ea,
1906 3337 1988 3391 vel
2039 3338 2109 3391 ob

512 3431 897 3502 plenitentiam
950 3441 1302 3486 revertuntur
1351 3430 1418 3484 ad
1457 3430 1645 3485 sedem
1686 3430 1992 3500 pristinam,
2041 3430 2111 3486 de

590 3552 616 3580 ι
658 3543 814 3597 Prius
867 3543 1200 3598 vocabantur.
1251 3541 1508 3612 Legimus
1561 3542 1579 3596 I
1626 3542 1830 3611 Regum
1879 3558 1968 3609 ts,
2024 3544 2101 3599 9:

522 3614 660 3685 Olim
686 3616 741 3685 in
763 3613 933 3668 Israel
952 3615 1027 3685 sic
1054 3612 1360 3685 loquebatur
1389 3615 1734 3684 unusquisque
1760 3614 1948 3667 vadens
1978 3632 2104 3669 con-

519 3683 691 3739 sulere
716 3684 879 3739 Deum
908 3700 927 3739 :
967 3683 1147 3739 Venite
1176 3694 1223 3737 et
1248 3701 1429 3738 eamus
1453 3686 1522 3737 ad
1540 3683 1820 3738 videntem.
1855 3686 1957 3749 Qui
1972 3686 2108 3739 enim

522 3754 789 3828 Propheta
819 3757 1035 3828 dicitur;
1057 3756 1230 3819 hodie,
1267 3758 1545 3828 vocabatur
1585 3756 1710 3809 olim
1747 3756 1979 3828 Videas.
2017 3756 2110 3812 Sic

519 3826 720 3894 smpius
746 3830 795 3881 in
829 3829 983 3883 libris
1008 3826 1215 3895 Regum
1243 3839 1293 3882 et
1338 3826 1791 3896 Paralipomenon
1826 3827 2112 3896 Propheta:

514 3901 858 3968 appellantur
897 3899 1158 3953 Videntes.
1207 3899 1369 3952 Isaias
1406 3913 1623 3966 quiaque
1663 3898 1781 3953 haec
1813 3901 1974 3953 habet
2025 3898 2108 3953 in-

518 3970 599 4025 fra
628 3986 748 4039 cap.
777 3987 905 4031 xxx.
938 3973 1007 4028 10
1048 3990 1061 4023 :
1106 3968 1203 4023 Dic
1233 3968 1556 4029 Videntibus.
1583 3969 1635 4023 id
1669 3981 1775 4035 est,
1806 3968 2103 4040 PrOphetis.

515 4042 651 4108 Cap.
692 4043 888 4097 iterum
922 4058 1091 4105 χχχιι.
1123 4044 1178 4105 5,
1228 4051 1282 4094 et
1308 4056 1427 4109 cap.
1464 4056 1654 4100 χχχιιι.
1687 4040 1740 4104 7,
1786 4040 1979 4095 eodem
2013 4056 2110 4093 no-

519 4114 667 4169 mine
703 4112 948 4169 Videntes
976 4116 1237 4166 dicuntur
1267 4110 1577 4179 Prnphelnr.
1610 4111 1881 4165 Maurus.

589 4182 616 4221 ι)
644 4184 805 4255 Quod
856 4184 1241 4255 captivitatem,
1302 4194 1417 4255 etc.
1464 4181 1818 4255 Millenarins
1843 4182 1947 4255 hoc
1984 4181 2108 4255 loco

517 4254 749 4325 castigat
793 4251 1190 4325 Hieronymus,
1236 4253 1506 4325 quihlibro
1546 4254 1745 4325 Seript.
1781 4251 1991 4325 Ecclus.
2052 4254 2107 4325 in

520 4322 686 4389 Papia
718 4328 925 4393 respuit
954 4322 1577 4393 eatudetntradilinueni
1609 4324 1799 4378 dicens
1831 4339 1845 4376 :
1883 4322 1982 4376 Hic
2024 4324 2109 4377 di-

2216 3252 2368 3301 terna
2418 3261 2550 3314 pace
2604 3244 2951 3316 requiescit:
2996 3251 3303 3313 cunctaque
3355 3241 3500 3296 illius
3556 3247 3812 3309 tempora

2218 3346 2504 3394 transeunt
2551 3338 2653 3393 sub
2702 3335 3022 3391 fortitudine
3077 3335 3313 3398 Domini,
3366 3342 3420 3390 et
3471 3331 3811 3404 perfectione

2220 3432 2337 3501 ejus
2387 3447 2451 3487 ac
2491 3430 2708 3485 robore.
2744 3431 2848 3501 ιο
2871 3429 3115 3499 Cumque
3160 3430 3342 3484 omnia
3395 3428 3608 3495 iecerit,
3663 3426 3815 3484 dicet

2209 3560 2392 3611 parum
2443 3542 2672 3608 librum,
2728 3558 2877 3613 quem
2933 3559 3026 3614 nos
3073 3540 3421 3614 inHLatinam
3476 3542 3709 3614 linguam
3746 3556 3813 3594 ea:

2207 3613 2391 3669 Crteco
2442 3630 2675 3668 sermone
2718 3613 3098 3667 transtulimus.
3143 3613 3447 3668 Manendus
3491 3613 3577 3667 est
3624 3619 3810 3666 autem

2212 3688 2382 3741 lector
2435 3685 2733 3754 Jnsepltum
2792 3685 3135 3753 Sealigerum
3197 3684 3359 3739 valde
3415 3683 3811 3738 hallucinatum

2208 3756 2380 3811 fuisse
2420 3771 2544 3811 cum
2588 3756 2803 3811 vocavit
2860 3755 3138 3810 Visionem
3190 3755 3476 3824 Seraphim
3505 3798 3519 3822 ,
3586 3756 3811 3826 primam

2212 3826 2389 3883 Esaia:
2416 3829 2683 3891 visionem,
2716 3843 2836 3896 qua:
2863 3838 3020 3881 sexta
3051 3842 3172 3885 esse
3204 3828 3367 3881 debet
3392 3827 3549 3895 juxta
3582 3824 3813 3879 divisio-

2213 3915 2338 3952 nem
2377 3902 2777 3967 capitulorum,
2810 3898 3168 3968 ordinemque
3220 3898 3502 3953 Visionum
3535 3898 3587 3952 in
3620 3912 3813 3950 manu-

2216 3971 2435 4039 scriptis
2466 3971 2640 4037 libris,
2674 3978 2729 4041 et
2759 3970 2900 4040 apud
2932 3970 3316 4041 llieronymum
3353 3983 3500 4041 saepe
3530 3976 3806 4041 notatum:

2220 4057 2341 4095 nam
2372 4044 2423 4095 in
2456 4043 2647 4096 codice
2685 4040 3032 4097 Cluniacensi
3066 4040 3188 4111 post
3226 4041 3381 4109 primi
3414 4040 3648 4107 Capituli
3680 4053 3813 4092 con-

2219 4121 2425 4167 textum
2444 4123 2736 4184 suorumet
2761 4110 3075 4184 Hieronymi
3095 4110 3552 4184 Commentarios,
3579 4112 3814 4179 legimus

2220 4186 2323 4239 bac
2381 4183 2542 4237 modo
2592 4203 2606 4238 :
2661 4181 2801 4238 Visio
2848 4181 3005 4239 [sane
3034 4184 3281 4237 secunda.
3337 4183 3587 4236 Errorem
3647 4195 3812 4249 porro

2216 4254 2477 4325 Scaligeri
2514 4255 2762 4309 invenies
2781 4255 2833 4309 in
2864 4253 3448 4325 Animadversinnibus
3467 4253 3533 4325 ad
3558 4252 3815 4325 Chrono-

2220 4323 2390 4397 logica
2426 4325 2669 4391 Eusebii,
2705 4341 2825 4397 pag.
2861 4326 2951 4386 66.
2976 4327 3083 4380 col.
3115 4324 3183 4389 2,
3219 4325 3271 4379 in
3307 4325 3437 4397 title.
3470 4323 3713 4397 Consule
3736 4323 3815 4377 in-

521 4398 658 4449 citur
702 4391 863 4473 mille,
896 4411 1154 4473 annorum
1194 4391 1470 4473 Iudaicam
1502 4394 1721 4473 edidisse
1773 4393 2106 4473 δευτέρωσιν,
2138 4412 2190 4472 ι)
2217 4391 2299 4450 ira
2319 4391 2763 4473 Commentarios
2776 4391 2844 4450 'in
2875 4408 3036 4467 caput
3066 4397 3300 4473 primum
3326 4395 3503 4473 Isaiae.
3538 4395 3809 4473 Maurus.

523 4484 671 4539 quem
704 4470 863 4520 secuti
890 4475 1013 4520 sunt
1052 4464 1387 4539 lrenteus,et
1419 4466 1775 4539 Apollinarius
1818 4477 1867 4521 et
1912 4464 2105 4539 elateri,

520 4537 611 4605 qui
656 4547 771 4604 post
800 4537 1224 4593 resurrectionem
1262 4538 1411 4590 aiunt
1448 4538 1502 4592 in
1540 4553 1694 4591 carne
1735 4554 1851 4591 cum
1902 4538 2111 4594 Sanctis

523 4609 805 4681 Dominum
827 4607 1558 4681 regnaturumtTertujlianus
1584 4625 1785 4680 quoque
1811 4610 1866 4662 in
1890 4609 2029 4681 libro
2047 4608 2111 4662 de

521 4698 613 4749 spe
634 4678 899 4751 fidelium,
924 4693 971 4735 et
1007 4680 1308 4735 Victorinus
1338 4678 1755 4751 Petobionensis,
1789 4690 1836 4731 et
1870 4678 2109 4751 Lactan-

523 4748 750 4807 tius'hac
775 4754 1016 4818 opinione
1041 4751 1324 4805 ducuntur.
1350 4750 1445 4804 Ilis
1466 4750 1700 4803 atldeudi
1725 4748 2112 4804 suntJustinus

523 4824 746 4894 Martyr.
770 4823 1024 4894 Clemens
1048 4821 1476 4894 Alexandrinus,
1501 4821 1873 4890 Athenagoras
1893 4828 1951 4874 et
1976 4837 2113 4873 nou-

523 4892 766 4947 nnlli‘alit
799 4893 1108 4961 Scriptores
1129 4892 1358 4961 antiqui.
1389 4892 1664 4948 Manum.

600 4973 622 5032 εξ
666 4966 837 5017 Antea
858 4973 976 5032 erat
1013 4978 1435 5032 consensumque.

597 5030 624 5069 ιι
649 5033 731 5104 In;
763 5031 1057 5087 Jerusalem
1100 5030 1436 5096 duodecimo,
1480 5041 1584 5088 etc.
1633 5031 1895 5104 Exlibro
1928 5044 2111 5104 poste-

526 5105 671 5177 riore
700 5102 1098 5177 ChrOnicorum
1133 5104 1352 5177 Eusebii
1385 5104 1501 5159 hzec
1521 5104 1695 5177 Ahabet
1723 5102 2107 5177 Hieronymus,

525 5174 616 5245 qui
667 5189 883 5244 setnper
924 5175 977 5228 in
1012 5174 1288 5246 ΔΙιὶςιονῇίιεὶ
1334 5175 1641 5229 narratione
1689 5191 1753 5229 ac
1804 5174 2111 5246 temporum

526 5243 970 5301 annotatitinibns
1000 5244 1160 5298 ﬁdem
1180 5243 1326 5316 l'aeit
1355 5246 1470 5299 suis
1500 5246 1662 5299 dictis
1692 5262 1757 5301 ex
1800 5243 2111 5316 huiusmodi

523 5317 961 5388 Syntagtnatibus
992 5315 1334 5388 Eusebianis.
1362 5318 1542 5383 Quare
1567 5319 1617 5369 in
1642 5315 1883 5384 Epistula
1910 5318 1976 5372 ad
2013 5318 2114 5372 Da-

526 5386 739 5442 masum
771 5388 842 5442 de
866 5389 1083 5461 visione,
1106 5386 1418 5461 Seraphin},
1451 5394 1667 5461 tempus
1696 5392 1847 5461 regni
1879 5388 2029 5445 Ozias
2049 5404 2114 5444 ac

528 5461 824 5532 nativitatis
876 5459 1090 5532 Romuli
1118 5462 1325 5532 ριηψςιι
1366 5457 1452 5532 his
1496 5458 1677 5532 verbis
1717 5477 1730 5514 ε
1764 5457 1907 5515 Ῥοει
1964 5465 2113 5532 cujus

528 5541 759 5612 mortem,
795 5530 989 5599 inquit,
1015 5526 1185 5611 Isaias
1214 5527 1636 5612 Propheta/iane
1660 5532 1929 5595 visionem,
1959 5526 2114 5600 qu'am

528 5602 811 5673 explanare
842 5615 977 5673 nunc
1008 5600 1238 5673 nitimur,
1259 5600 1435 5673 Avidit,
1463 5600 1537 5673 ‘id
1579 5610 1673 5665 est,
1717 5617 1776 5655 eo
1821 5617 1958 5653 anno
2012 5616 2113 5673 quo

530 5664 803 5740 Romulus,
839 5668 1055 5723 Romam
1085 5664 1288 5740 imperii
1344 5664 1577 5724 conditor
1599 5715 1612 5735 ,
1646 5664 1796 5740 natus
1818 5680 1902 5740 est
1933 5687 1951 5723 :
1968 5664 2113 5740 ,δὴ-με

526 5728 857 5815 manifestum
888 5757 993 5795 esse
1026 5728 1210 5809 poterit
1240 5740 1302 5792 iis
1321 5780 1334 5806 ,
1365 5742 1453 5810 qui
1487 5728 1732 5796 voluerint
1765 5728 1930 5811 legere
1959 5728 2112 5795 Tem-

2214 4498 2287 4508 —
2316 4468 2473 4522 Paria
2509 4468 2592 4521 his
2630 4479 2787 4529 sunt,
2822 4482 2945 4537 quae
2974 4467 3138 4520 Iradlt
3175 4468 3335 4535 epist.
3373 4467 3459 4534 I8,
3505 4466 3572 4520 ad
3617 4467 3815 4520 Dama-

2214 4553 2354 4601 sum,
2384 4555 2534 4592 num.
2568 4541 2618 4604 l,
2641 4553 2765 4608 qua:
2788 4551 2842 4594 et
2869 4538 3117 4593 Martian.
3140 4538 3193 4592 in
3218 4538 3359 4608 hunc
3384 4537 3567 4593 locum
3591 4537 3810 4591 laudat:

2216 4609 2472 4681 Regnavit
2505 4607 2669 4682 Oeias
2695 4611 2846 4682 annis
2880 4611 3256 4682 quinquaginta
3289 4607 3513 4682 duobus,
3554 4625 3655 4676 quo
3687 4617 3818 4682 tem-

2216 4679 2340 4749 pore
2366 4682 2509 4747 apud
2538 4680 2755 4734 Latinos
2803 4679 3076 4745 Amulius,
3111 4679 3254 4749 apud
3287 4681 3625 4734 Athenienses
3671 4680 3811 4748 Aga-

2215 4759 2407 4822 mestor
2435 4751 2739 4805 undecimus
2765 4751 3073 4821 imperabat.
3095 4751 3219 4805 Post
3236 4752 3616 4822 cujusmortem
3642 4749 3815 4805 Isaias

2213 4820 2469 4890 propheta
2492 4824 2625 4875 hanc
2652 4820 2919 4890 visionem,
2936 4839 3091 4889 quam
3120 4820 3399 4893 explanare
3411 4838 3547 4877 nunc
3574 4823 3810 4889 nitimur,

2215 4894 2362 4954 vidit,
2388 4894 2442 4945 id
2470 4904 2567 4957 est,
2616 4909 2677 4948 eo
2704 4910 2841 4948 anno
2891 4910 2990 4963 quo
3024 4892 3304 4956 Romulus,
3355 4892 3576 4948 Romani
3603 4894 3816 4961 intperii

2216 4964 2453 5018 conditor
2472 5007 2485 5026 ,
2522 4974 2674 5019 natus
2705 4974 2781 5018 est
2813 4980 2831 5019 :
2859 4966 2988 5019 sicut
3011 4966 3346 5032 manifestum
3368 4980 3477 5019 esse
3507 4966 3697 5033 poterit
3724 4966 3814 5027 iis.

2215 5038 2306 5108 qui
2335 5035 2591 5090 voluerint
2622 5038 2793 5108 legere
2823 5033 3137 5108 Temporum
3189 5036 3399 5097 librum,
3431 5052 3585 5106 quem
3623 5052 3717 5090 nos
3756 5037 3814 5091 in

2215 5105 2460 5179 Patinam
2508 5105 2744 5179 linguam
2800 5122 2865 5179 ea:
2890 5106 3094 5179 LC'raeco
3149 5122 3382 5179 sermone
3423 5105 3808 5162 transtulimus.

2221 5178 2385 5232 Porro
2440 5196 2527 5233 an.
2584 5176 2766 5231 mundi
2814 5176 2956 5231 3156
3006 5177 3234 5231 Romam
3287 5177 3456 5233 fuisse
3512 5180 3808 5246 conditam,

2217 5249 2378 5319 vulgo
2408 5258 2625 5315 recepta
2638 5247 2924 5319 _sententia
2958 5255 3061 5302 est.

2293 5317 2594 5375 (Salvatus
2626 5317 2855 5372 Domini.
2886 5318 2943 5373 In
2973 5318 3209 5390 antiquis
3230 5319 3563 5390 editionibus
3594 5319 3811 5376 Erasm.

2216 5399 2273 5445 et
2302 5390 2529 5446 Marian.
2559 5400 2612 5444 et
2641 5391 2695 5445 in
2724 5391 2907 5443 multis
2956 5388 3383 5460 msleegimus,
3418 5388 3664 5445 Salvator
3698 5391 3816 5446 Do-

2217 5463 2382 5526 mini;
2425 5462 2520 5517 sed
2560 5462 2650 5515 alii
2694 5460 2912 5516 codices
2941 5473 3257 5517 constanter
3293 5464 3532 5516 retinent
3583 5462 3817 5518 salvatus

2220 5531 2459 5597 Domini;
2493 5544 2541 5587 et
2566 5544 2965 5603 consequenter
2988 5534 3128 5589 hanc
3157 5533 3450 5588 let-tionem
3485 5534 3819 5602 comprobat

2219 5602 2670 5675 Hierunymianus
2697 5603 3153 5660 Cummentarius.
3201 5604 3472 5675 Murrum.
3499 5634 3572 5645 —
3609 5606 3664 5659 In
3704 5606 3818 5661 No-

2219 5674 2433 5746 tninum’
2464 5675 2614 5742 libris
2648 5676 2969 5746 plerumque
3025 5676 3168 5730 salus
3214 5674 3426 5729 Domini
3463 5676 3765 5745 exponitur
3800 5696 3812 5727 ι

2218 5745 2347 5801 olim
2381 5756 2499 5801 erat
2529 5748 2774 5801 salvatori
