4008 6304
192 251 261 308 2ὅ
817 247 1484 308 COMMENTARIORUM
1526 247 1592 304 IN
1633 248 1870 305 ISAIAM
1909 247 2340 306 PBOPIIETAM
2378 248 2512 306 LIB.
2554 249 2598 306 Ι.
2630 247 2784 306 CAP.
2826 250 2867 306 Ι.
3428 246 3502 304 26

194 370 329 428 illud
361 370 752 444 Evangelicum
786 388 801 425 :
836 369 986 425 Servi
1006 368 1218 424 inutiles
1247 385 1423 425 sumus
1447 385 1466 424 :
1494 367 1634 436 quod
1657 367 1793 422 enim
1820 369 1875 430 Α
1896 366 2036 438 ejus,
2061 366 2173 438 jam
2193 380 2301 422 non
2326 366 2569 437 appellet
2588 381 2686 423 eos
2715 380 2927 434 servos,
2958 364 3054 423 sed
3082 366 3290 423 amicos
3314 364 3500 439 (Joan.

201 463 473 519 debuimus
497 468 686 535 facere,
716 461 928 534 fecimus
962 459 1116 533 (Luc.
1149 477 1261 517 xvn
1281 503 1297 528 ,
1328 462 1446 533 1ο).

269 556 452 629 (Vers.
484 556 567 627 2.)
604 555 764 623 Audi,
799 556 1005 623 castum,
1045 567 1093 610 et
1117 556 1335 611 auribus
1362 556 1591 626 percipe,
1615 564 1751 611 terra
1775 571 1793 608 :

196 649 318 719 quia
344 648 595 703 Dominus
629 649 831 703 locutus
851 658 947 704 est.
975 648 1177 718 Supra,
1224 648 1349 719 quis
1381 647 1669 717 prOpheta,
1700 662 1796 702 cu-

191 738 279 808 jus
311 739 475 806 Illius,
506 740 635 811 quid
664 748 853 796 contra
880 740 1078 796 Judam
1109 749 1165 795 et
1203 740 1530 805 Jerusalem,
1558 739 1673 794 sive
1703 753 1797 793 su-

195 844 291 898 per
310 829 507 886 Judam
538 841 590 886 et
611 829 939 897 Jerusalem,
969 840 1025 887 et
1044 846 1157 902 quo
1187 840 1431 900 tempore
1458 830 1684 896 viderit,
1718 831 1784 885 ti-

197 922 310 977 tulo
339 922 776 979 demonstratum
806 932 931 979 est:
978 938 1127 980 nune
1152 925 1350 980 coelum
1397 932 1455 980 et
1497 932 1696 979 terram
1726 921 1797 979 ad

194 1016 524 1072 audiendmn
569 1026 852 1086 provocat.
904 1016 962 1071 In
1011 1017 1155 1073 cmlo
1182 1030 1449 1088 supernas
1478 1015 1797 1087 signiﬁcans

195 1108 578 1179 angelicasque
621 1108 894 1166 virtutes:
942 1109 1196 1177 irr’terra
1240 1108 1555 1165 mortalium
1599 1124 1796 1180 genus,

196 1210 559 1275 μετωννμικῶς
612 1201 683 1257 ab
719 1200 803 1257 his
833 1217 957 1272 quae
985 1202 1291 1271 continent,
1343 1217 1407 1258 ea
1456 1218 1580 1274 quae
1623 1202 1800 1258 conti-

197 1304 414 1350 nentur.
449 1293 580 1350 Sive
619 1296 749 1365 quia
797 1310 895 1365 per
933 1296 1124 1351 Mosen
1159 1305 1329 1350 testes
1360 1302 1657 1350 vocaverat
1696 1295 1804 1349 Do-

197 1385 378 1442 minus
405 1386 607 1442 coelum
652 1393 709 1441 et
755 1394 985 1453 terram,
1014 1386 1153 1442 dans
1179 1387 1385 1457 populo
1410 1384 1579 1441 Israel
1630 1386 1803 1456 legem

194 1491 376 1545 suam,
407 1486 461 1534 et
490 1478 743 1533 dixerat:
772 1476 991 1533 Attende
1009 1523 1023 1548 ,
1056 1478 1260 1545 cretum,
1299 1488 1347 1532 et
1374 1478 1557 1549 loquar
1579 1496 1597 1532 :
1625 1478 1807 1531 audiat

196 1579 339 1623 terra
374 1570 526 1624 verba
554 1570 659 1624 oris
692 1570 793 1625 mei
826 1569 1008 1643 (Deut.
1058 1585 1217 1633 xxxx,
1244 1570 1298 1636 1)
1325 1587 1337 1623 :
1390 1579 1515 1640 post
1545 1569 1807 1639 praevari-

195 1666 470 1720 Cationem
498 1663 708 1734 populi,
765 1663 990 1720 eosdem
1042 1679 1261 1719 rursum
1317 1664 1372 1719 in
1433 1662 1803 1719 testimonium

1899 478 1989 529 xv,
2018 460 2131 533 15).
2161 459 2321 528 Quod
2359 462 2404 516 si
2434 461 2767 532 superbierit
2803 461 2995 531 Israel,
3025 461 3255 518 audiens
3290 475 3352 518 se
3380 475 3505 518 esse

1900 555 2320 625 primogenitum
2355 571 2369 608 :
2418 554 2687 625 intelligat
2734 553 3160 626 primogenitum
3204 554 3406 610 idcirco
3443 568 3503 611 se

1899 644 2029 713 dici,
2064 646 2188 716 quia
2220 645 2451 701 secundi
2472 644 2566 699 [iiii
2588 644 2972 714 signiﬁcentur
2993 660 3060 702 ex
3089 646 3362 716 gentibus.
3391 645 3509 702 Non

1899 739 2042 794 enim
2092 739 2399 809 appellatur
2445 738 2798 810 unigenitus.
2857 738 2951 810 qui
3001 737 3260 794 excludat
3306 737 3503 793 fratres

1898 838 2161 899 eteteros;
2194 830 2291 886 sed
2335 831 2747 903 primogenitus,
2778 839 2840 886 ut
2870 839 3139 887 monstret
3164 842 3219 888 et
3244 831 3382 887 alios
3411 846 3502 888 se-

1898 933 2121 978 cuturos
2152 943 2167 980 :
2191 934 2247 981 et
2273 934 2452 981 tamen
2479 925 2631 994 juxta
2650 923 2913 993 mysteria
2936 921 3365 993 Scripturarum,
3390 938 3503 978 non

1902 1017 2250 1090 primogeniti
2280 1019 2555 1088 accipiunt
2572 1018 2970 1084 litereditatem,
2997 1016 3091 1072 sed
3118 1015 3363 1072 secundi.
3389 1014 3508 1070 Pri-

1901 1114 2209 1185 mogenitus
2255 1113 2354 1168 fuit
2400 1112 2557 1181 Cain,
2606 1112 2702 1169 sed
2731 1112 2865 1169 Abel
2898 1125 3130 1167 munera
3182 1109 3506 1180 placuerunt

1902 1207 2036 1263 Deo.
2062 1206 2466 1277 Primogenitus
2488 1205 2703 1272 Ismael,
2733 1205 2829 1261 sed
2853 1203 3009 1259 Isaac
3029 1201 3243 1272 accepit
3270 1199 3506 1256 Incredi-

1907 1309 2091 1356 tatem.
2122 1298 2531 1370 Primogenitus
2577 1297 2743 1366 Esau,
2789 1298 2886 1354 sed
2926 1296 3363 1353 benedictionem
3409 1308 3506 1365 pa-

1910 1394 2006 1449 tris
2044 1393 2216 1449 Jacob
2247 1392 2634 1463 supplautator
2679 1391 2895 1461 eripuit.
2948 1387 3354 1460 Primogenitus
3399 1386 3509 1442 Ru-

1909 1486 2038 1549 ben,
2060 1482 2156 1540 sed
2173 1493 2351 1539 tamen
2376 1482 2684 1539 benedictio
2701 1481 2931 1538 seminis
2947 1480 3161 1549 Christi
3177 1478 3508 1535 transfertur

1908 1577 1976 1633 ad
2008 1577 2225 1633 Judam.
2258 1577 2448 1646 Itaque
2479 1574 2557 1630 illi
2599 1575 2751 1645 juxta
2782 1573 3087 1629 vocationis
3114 1571 3361 1629 ordinem
3391 1570 3506 1642 pri-

1909 1669 1982 1725 mi
2013 1670 2252 1735 fnerunt,
2284 1676 2343 1724 et
2362 1666 2781 1738 appellabantur
2805 1675 2969 1736 caput
2997 1682 3011 1719 :
3044 1678 3146 1720 nos
3173 1661 3508 1733 secundiqui

197 1766 378 1817 vocat.
408 1764 677 1811 utcuncta
701 1755 978 1812 elementa
1021 1763 1379 1827 cognoscant,
1422 1754 1570 1825 juste
1623 1754 1796 1810 Deum
1828 1760 1878 1820 B
1902 1759 2222 1816 dicebamur
2256 1758 2452 1824 cauda,
2496 1758 2643 1813 versi
2674 1771 2863 1813 sumus
2892 1756 2946 1811 in
2973 1762 3156 1824 caput,
3189 1763 3245 1808 et
3285 1752 3384 1808 Dei
3413 1766 3513 1822 ap-

196 1849 252 1903 in
300 1848 566 1903 ultionem
623 1848 1005 1904 mandatorum
1061 1864 1285 1904 suorum
1345 1849 1411 1904 ad
1460 1848 1797 1904 iracundiam

195 1940 556 1996 concitatum.
592 1941 697 1997 Pro
719 1942 925 2010 caelum,
957 1942 1292 1997 Ilebraicum
1318 1956 1519 1998 suum
1553 1939 1802 2013 (ωηεω)

196 2031 351 2086 caios
400 2041 581 2099 sonat,
631 2033 829 2104 plurali
877 2048 1145 2089 numero:
1183 2035 1419 2089 maxime
1469 2048 1595 2090 cum
1626 2032 1803 2088 audite

196 2123 420 2192 dixerit,
455 2125 508 2180 id
547 2137 650 2194 est,
685 2139 828 2183 sumo
861 2128 1128 2198 (Ἵππη).
1162 2126 1307 2198 quod
1340 2126 1536 2197 plurali
1568 2125 1802 2183 effertur

198 2233 454 2286 numero,
490 2233 597 2274 non
630 2220 912 2291 singulari.
943 2220 1051 2276 Sed
1082 2220 1304 2291 quidam
1334 2221 1523 2277 Volunt
1576 2220 1799 2292 plurali-

198 2319 282 2366 ter
311 2311 532 2382 quidem
566 2311 674 2368 dici
723 2313 915 2381 caelos,
955 2312 1052 2368 sed
1085 2313 1436 2384 singulariter
1481 2312 1738 2383 intelligi,
1775 2321 1801 2348 α

192 2404 350 2475 juxta
376 2404 512 2460 illud
544 2405 687 2476 quod
714 2406 960 2478 singulas
990 2406 1263 2473 civitates,
1308 2405 1523 2461 Thebas
1551 2415 1606 2462 et
1631 2405 1804 2461 Athe-

201 2512 303 2552 nas
335 2513 614 2554 vocamus.
657 2498 862 2570 Estque
901 2499 1150 2555 llebraiei
1198 2499 1534 2556 characteris
1579 2499 1800 2564 idioma,

202 2597 264 2645 ut
285 2589 311 2628 ιι
343 2592 523 2646 omnia
554 2593 752 2662 quzn'in
785 2593 1052 2665 syllabam
1103 2594 1365 2649 ﬁniuntur
1394 2610 1452 2650 nt
1481 2595 1636 2668 (ων)
1664 2610 1805 2651 mas-

200 2682 381 2737 culina
406 2684 535 2749 sint,
563 2693 621 2740 et
653 2685 908 2755 pluralia,
943 2695 1003 2741 ut
1046 2685 1338 2743 Cherubim
1386 2698 1442 2744 et
1482 2688 1793 2759 Seraphim.

202 2774 277 2831 Et
300 2779 491 2846 quatin
530 2793 636 2835 orn
670 2778 774 2850 (Γῆ
798 2780 838 2850 ),
883 2780 1138 2836 feminina
1184 2792 1237 2836 et
1289 2780 1516 2852 pluralia
1551 2801 1564 2837 :
1601 2791 1657 2837 ut
1696 2782 1799 2838 Sa-

201 2866 393 2925 baoth.
429 2870 493 2924 Et
521 2870 627 2927 hoc
656 2872 956 2929 notandum
985 2874 1129 2944 quod
1152 2875 1308 2931 cmlis
1330 2874 1565 2943 dicatur,
1595 2875 1799 2942 audite,

202 2967 387 3025 terrae,
412 2962 626 3017 auribus
656 2966 907 3035 percipe;
938 2980 1000 3020 ea
1043 2965 1189 3021 enim
1218 2981 1338 3035 qum
1369 2966 1590 3021 excelsa
1630 2978 1759 3022 sunt
1791 3008 1805 3032 ,

205 3054 474 3124 majorem
536 3056 742 3113 habent
788 3059 1202 3128 intelligentiam
1249 3073 1263 3111 :
1312 3075 1433 3129 quae
1492 3058 1805 3125 humiliora,

1906 1851 2174 1922 pellantur
2221 1851 2341 1905 Iilii.
2390 1851 2653 1920 Quotquot
2683 1851 2819 1903 enim
2849 1857 3157 1919 receperunt
3185 1862 3323 1914 cum,
3369 1844 3513 1899 dedit

1903 1946 1978 2001 eis
2010 1952 2314 2014 potestatem
2340 1944 2480 2014 ﬁlios
2507 1942 2607 1997 Dei
2629 1942 2745 2011 ﬁeri
2768 1941 2952 2014 (Joan.
2974 1957 3013 2005 ι.
3060 1940 3170 2012 12).
3202 1940 3316 1997 Nec
3352 1953 3513 1996 acce-

1906 2038 2086 2108 pimus
2137 2036 2386 2106 spiritum
2417 2036 2702 2091 servitutis
2750 2034 2804 2089 in
2860 2034 3076 2101 timore,
3129 2031 3226 2089 sed
3256 2031 3512 2100 spiritum

1904 2128 2237 2201 adoptionis,
2274 2128 2328 2183 in
2377 2143 2486 2199 quo
2527 2127 2875 2184 clamamus:
2907 2124 3081 2192 Abba,
3126 2125 3291 2181 Pater
3330 2122 3510 2194 (Rom.

1904 2239 2029 2290 vnt,
2061 2223 2152 2291 15)
2183 2238 2198 2276 :
2231 2221 2357 2290 quia
2391 2219 2633 2291 perfecta
2664 2217 2886 2275 dilectio
2929 2217 3076 2272 Ioras
3126 2216 3298 2273 mittit
3345 2216 3509 2270 timo-

1907 2334 2020 2375 rem
2055 2318 2099 2384 (l
2127 2316 2290 2372 Joan.
2321 2331 2399 2382 tv,
2422 2313 2537 2386 18).
2562 2311 2755 2370 Melius
2776 2322 2861 2368 est
2886 2319 3070 2367 autem
3095 2310 3249 2382 juxta
3281 2308 3514 2365 Hebrai-

1906 2427 2027 2468 cum
2059 2411 2263 2481 legere,
2295 2408 2462 2463 Filios
2492 2407 2731 2473 enutrivi,
2764 2421 2925 2475 quam
2958 2405 3142 2476 genui,
3172 2419 3242 2459 ne
3259 2402 3514 2457 videatur

1909 2506 1985 2562 illi
2014 2506 2158 2562 dicto
2186 2504 2292 2577 [Αι.
2327 2500 2587 2574 dictum],
2636 2500 2779 2571 quod
2824 2500 2877 2553 in
2906 2497 3132 2554 Joannis
3163 2496 3405 2568 Epistula
3438 2496 3515 2551 le-

1907 2598 2101 2670 gimus,
2130 2612 2252 2653 esse
2273 2594 2609 2651 contrarium
2641 2610 2654 2646 :
2687 2591 2888 2656 Omnis,
2913 2591 3000 2661 qui
3022 2600 3174 2644 natus
3202 2598 3275 2644 est
3292 2604 3357 2643 ea:
3372 2586 3508 2653 Deo,

1908 2708 2012 2746 non
2040 2700 2217 2762 peccat
2245 2690 2291 2764 (I
2327 2688 2489 2745 Joan.
2536 2704 2628 2755 ut,
2657 2687 2737 2758 9).
2766 2686 2909 2757 Ergo
2941 2685 3030 2740 isti
3062 2684 3109 2739 si
3149 2683 3258 2738 nati
3288 2690 3414 2736 sunt
3443 2695 3513 2736 ex

1910 2783 2045 2850 Deo,
2081 2782 2357 2854 quomodo
2387 2794 2616 2852 peccare
2648 2789 2941 2852 potuerunt
2973 2795 2986 2831 :
3020 2779 3124 2849 12
3166 2790 3291 2833 cum
3334 2774 3515 2830 omnis

1909 2879 2003 2951 qui
2035 2894 2100 2934 ex
2137 2879 2245 2934 Deo
2274 2888 2433 2933 natus
2460 2885 2564 2946 est,
2596 2890 2825 2947 peccare
2856 2890 2965 2930 non
2999 2871 3210 2943 possit?

1986 2971 2163 3042 (Vers.
2190 2971 2273 3043 5.)
2294 2969 2542 3044 Cognovit
2572 2970 2660 3024 bos
2687 2982 3034 3039 possessorem
3061 2981 3233 3032 suum,
3256 2973 3306 3018 et
3333 2964 3514 3017 asinus

1913 3079 2144 3136 praesepe
2163 3062 2377 3118 Domini
2397 3064 2501 3117 sui.
2520 3061 2691 3117 Israel
2716 3078 2818 3117 non
2841 3060 3102 3133 cognovit,
3123 3057 3351 3128 populus
3371 3071 3515 3111 meus

201 3149 452 3204 terrenis
482 3150 733 3205 sensibus
772 3150 1147 3207 involvuntur.
1183 3151 1343 3211 Unde
1370 3160 1427 3208 et
1468 3152 1723 3208 Salvator
1752 3154 1806 3209 in
1836 3138 1881 3201 (ἶ
1915 3174 2020 3212 non
2049 3154 2325 3211 intellexit.
2363 3155 2471 3211 Pro
2501 3169 2609 3224 quo
2650 3154 2752 3209 soli
2784 3152 2928 3209 LXX
2957 3151 3352 3207 transtulerunt
3380 3166 3394 3203 :
3429 3146 3520 3202 ls-

205 3238 546 3308 Evangelio:
580 3240 681 3305 Qui
701 3242 885 3309 habet,
916 3243 1113 3312 inquit,
1144 3260 1297 3297 aures
1325 3244 1598 3313 audiendi,
1629 3247 1811 3300 audiat

205 3331 433 3404 (Matth.
465 3349 549 3396 XI,
586 3334 699 3405 15).
743 3335 799 3390 Si
833 3336 954 3405 quis
987 3336 1150 3405 igitur
1180 3337 1380 3393 caelum
1418 3346 1524 3404 est,
1564 3346 1622 3395 et
1650 3338 1814 3394 habet

204 3425 606 3497 municipatum
637 3428 689 3483 in
720 3428 1059 3494 coelestibus,
1092 3428 1277 3484 audiat
1313 3430 1544 3502 mystice
1582 3446 1705 3501 quae
1731 3430 1815 3487 di-

203 3528 426 3574 cuntur.
459 3517 516 3573 Si
544 3518 667 3589 quis
702 3528 978 3585 terrenus,
1009 3519 1311 3589 simplicem
1352 3532 1617 3590 sequatur
1642 3521 1815 3577 histo-

205 3610 368 3666 riam.
398 3609 535 3666 Illud
564 3626 781 3682 quoque
810 3611 1381 3676 animadvertendum,
1413 3613 1559 3683 quod
1591 3629 1700 3669 non
1730 3614 1815 3669 di-

206 3704 353 3757 xerit
379 3718 392 3755 :
414 3702 575 3769 Audi,
600 3703 804 3769 caelum,
831 3712 881 3757 et
899 3702 1110 3758 auribus
1128 3705 1359 3774 percipe,
1384 3715 1543 3773 terra,
1563 3705 1691 3776 quid
1721 3721 1816 3761 vo-

206 3797 297 3853 bis
331 3806 352 3834 ο
385 3795 599 3851 locutus
620 3798 692 3852 sit
718 3797 1019 3864 Dominus;
1066 3799 1162 3854 sed
1206 3799 1334 3870 quid
1365 3800 1582 3856 locutus
1612 3801 1684 3855 sit
1709 3801 1812 3856 mi-

210 3888 292 3955 hi,
317 3900 374 3943 ut
395 3889 535 3960 quod
567 3904 669 3960 ego
696 3890 878 3945 audivi
906 3891 960 3945 in
983 3892 1203 3959 spiritu,
1232 3892 1387 3947 vobis
1413 3896 1511 3965 ιι
1553 3894 1813 3962 referam,

207 3980 304 4051 qui
325 3980 501 4050 ipsum
531 3981 845 4052 loquentem
877 3983 1068 4039 audire
1105 3999 1212 4039 nun
1247 3986 1554 4041 moremini.
1583 3987 1814 4054 Quidam

210 4072 570 4147 (Origenistw)
599 4075 796 4131 cmlum
825 4085 880 4131 et
911 4088 1110 4133 terram
1142 4076 1169 4115 ά
1211 4080 1368 4149 quasi
1418 4079 1716 4134 animantia
1747 4081 1815 4136 ad

209 4166 543 4223 audiendum
583 4168 873 4238 provocari
923 4178 1142 4240 putant,
1168 4170 1322 4238 juxta
1367 4169 1524 4235 illud,
1572 4171 1714 4239 quod
1751 4171 1818 4226 de

211 4270 361 4317 terra
393 4262 445 4315 in
475 4261 583 4317 alio
613 4262 733 4318 loco
771 4261 973 4318 dicitur
1001 4280 1014 4318 :
1048 4262 1151 4328 Qui
1175 4263 1386 4331 respicit
1414 4272 1626 4332 terram,
1657 4274 1702 4318 et
1738 4267 1822 4336 fa—

209 4356 284 4411 cit
302 4370 413 4408 eam
436 4365 648 4410 tremere
679 4355 854 4426 (Psal.
880 4372 1007 4425 cm,
1054 4357 1147 4428 '52)
1182 4377 1196 4413 :
1230 4372 1356 4413 cum
1400 4356 1505 4413 hoc
1535 4361 1820 4429 potestatis

210 4447 310 4502 Dei
344 4449 442 4508 sit,
478 4462 585 4502 non
612 4458 843 4504 terrenae
872 4450 1270 4521 intelligentiae.

1912 3249 2022 3304 rae!
2050 3258 2221 3303 autem
2250 3264 2329 3302 me
2372 3263 2474 3301 non
2499 3247 2756 3318 cognouit,
2793 3254 2839 3299 et
2882 3242 3109 3315 populus
3135 3259 3215 3296 me
3244 3256 3347 3296 non
3372 3240 3526 3296 inte!-

1916 3342 2058 3396 lezcit.
2094 3340 2163 3397 Ut
2187 3340 2345 3411 juxta
2386 3348 2615 3395 caeteros
2673 3350 2725 3394 et
2760 3337 3108 3402 Hebraicum,
3148 3349 3520 3407 possessorem

1917 3446 2074 3487 suum
2110 3430 2277 3485 Israel
2323 3444 2428 3483 non
2458 3427 2800 3499 cognoverit,
2830 3435 2887 3482 et
2911 3440 3157 3497 prtesepe
3197 3423 3410 3479 Domini
3438 3425 3521 3478 sui

1920 3522 2149 3592 populus
2176 3536 2283 3576 non
2313 3520 2664 3576 intellexerit.
2695 3519 2766 3574 Et
2806 3530 2890 3575 est
2930 3533 3124 3573 sensus
3163 3518 3520 3587 perspicuus:

1917 3614 2029 3684 Ego
2054 3628 2150 3668 eos
2191 3612 2440 3682 adoptavi
2474 3613 2529 3667 in
2560 3612 2719 3677 lilios,
2767 3622 2825 3668 et
2856 3609 2954 3665 Ieci
2987 3609 3242 3679 populum
3277 3608 3519 3679 peculia.

1919 3722 2054 3774 rem,
2113 3715 2169 3761 et
2226 3713 2434 3776 partem
2485 3719 2660 3760 meam
2712 3719 2775 3759 ac
2831 3702 3132 3758 funiculum
3184 3699 3521 3756 hareditatis

1921 3816 2075 3867 mete,
2108 3799 2481 3870 appellavique
2513 3797 2906 3868 primogenitos
2931 3814 2947 3861 ;
2975 3796 3051 3851 illi
3080 3807 3259 3852 autem
3283 3808 3385 3850 nec
3414 3792 3520 3850 hoc

1918 3892 2135 3964 quidem
2168 3891 2452 3958 Iecerunt,
2488 3890 2633 3961 quod
2667 3891 2820 3963 bruta
2869 3888 3071 3945 faciunt
3127 3886 3415 3953 animalia,
3460 3896 3522 3942 ut

1920 3986 2196 4044 beneﬁciis
2221 3986 2587 4050 vincerentur,
2620 3992 2677 4039 et
2715 3984 3085 4055 intelligerent
3130 3993 3405 4053 pastorem
3455 3997 3520 4038 ac

1923 4081 2210 4137 nutricium
2241 4094 2420 4134 suum.
2450 4078 2562 4134 Nec
2587 4081 2925 4148 comparavit
2955 4092 3049 4132 eos
3086 4076 3340 4141 canibus,
3371 4075 3516 4145 quod

1921 4172 2327 4244 sagaeissimum
2371 4185 2542 4242 genus
2568 4170 2924 4224 animantium
2969 4176 3074 4232 est,
3116 4178 3171 4223 et
3198 4182 3300 4239 pro
3345 4182 3520 4240 parvo

1922 4265 2046 4320 cibo
2069 4264 2417 4320 dominorum
2448 4274 2586 4320 tecta
2616 4262 2855 4318 defendit
2890 4279 2902 4315 :
2943 4260 3041 4317 sed
3070 4260 3370 4316 stolidioris
3396 4274 3522 4315 sen-

1924 4372 2017 4414 sus
2040 4357 2162 4411 bovi
2186 4366 2243 4412 et
2265 4358 2441 4421 asino,
2470 4370 2702 4426 quorum
2731 4356 2959 4410 alterum
2983 4363 3241 4424 carpenta
3271 4352 3519 4421 trabens,

1925 4449 2247 4504 durissimas
2271 4457 2429 4502 terra:
2455 4447 2638 4517 glebas
2671 4447 2833 4501 Vertit
2860 4461 3104 4513 vomere,
3134 4444 3365 4501 alterum
3398 4458 3524 4514 por-

292 4538 463 4595 Fitios
484 4542 636 4612 genui
676 4552 724 4596 et
761 4544 985 4599 exattavi
1016 4562 1034 4599 :
1060 4546 1161 4615 ipsi
1187 4555 1359 4601 autem
1387 4557 1688 4619 spreverunt
1713 4564 1809 4602 me.
1844 4525 1892 4583 Ῐ)
1922 4552 1999 4597 tat
2022 4557 2211 4606 onera,
2241 4551 2297 4596 et
2325 4540 2603 4595 hominum
2633 4540 2685 4594 in
2716 4538 3016 4609 gradiendo
3046 4537 3287 4595 laborem
3320 4547 3524 4607 tempe-

212 4636 326 4691 Pro
352 4650 461 4704 quo
475 4634 838 4705 Symmachus
859 4646 913 4691 et
941 4637 1248 4694 Theodotio
1273 4638 1349 4693 ita
1366 4646 1652 4693 verterunt
1679 4657 1690 4692 :
1729 4637 1823 4693 Fi-

213 4732 315 4787 lios
333 4729 575 4794 enutrivi,
606 4738 655 4784 et
683 4730 910 4785 exaltavi
942 4731 1139 4805 (Ea-od.
1172 4748 1246 4797 tv,
1287 4732 1406 4803 22).
1448 4733 1533 4788 Ab
1573 4734 1675 4789 hoc
1702 4734 1822 4789 loco

216 4833 405 4878 narrat
449 4820 754 4889 PrOpheta,
799 4821 931 4893 quid
980 4823 1242 4879 Dominus
1281 4825 1352 4879 sit
1393 4824 1627 4888 loculus,
1676 4824 1821 4895 quod

216 4914 478 4993 populum
510 4912 698 4980 Israel,
740 4930 879 4986 quos
924 4931 1117 4971 servos
1165 4918 1442 4972 communi
1477 4917 1596 4988 lege
1639 4919 1828 4973 condi-

214 5006 399 5072 derat,
434 5007 485 5060 in
518 5004 663 5062 ﬁlios
680 5008 934 5077 verterit,
965 5008 1312 5077 dixeritque:
1358 5008 1531 5065 Filius
1568 5011 1825 5083 primoge-

215 5099 362 5154 nitus
401 5114 542 5154 meus
574 5096 761 5155 Israel.
798 5099 1044 5172 Denique
1068 5109 1124 5156 et
1153 5100 1421 5157 Dominus
1447 5101 1501 5157 in
1528 5101 1826 5174 Evangelia

219 5191 505 5265 Apostolis
534 5195 895 5265 repromittit,
932 5198 1078 5267 quod
1126 5196 1170 5251 si
1218 5194 1454 5252 fecerint
1490 5198 1822 5255 voluntatem

299 5416 327 5445 α
351 5405 518 5462 Juxta
539 5403 694 5464 illud.
718 5413 826 5458 etc.
857 5401 1016 5473 ldem_
1038 5402 1202 5457 habet
1218 5401 1394 5473 Epist.
1422 5401 1489 5456 ad
1512 5399 1820 5473 Marcellam

219 5479 293 5535 de
324 5476 514 5533 decem
547 5474 870 5530 Nominibus
903 5472 1028 5539 Dei,
1073 5475 1125 5528 in
1154 5488 1289 5529 voce
1332 5472 1511 5528 Eloin.
1546 5472 1820 5527 Murrum.

295 5548 324 5588 δ
352 5546 423 5603 Ut
452 5548 646 5612 omnia,
670 5553 776 5600 etc.
803 5544 1038 5603 Excepta
1060 5553 1182 5600 sunt
1213 5543 1471 5599 nonnulla
1502 5543 1554 5596 in
1586 5542 1678 5611 IM,
1703 5558 1824 5614 qua:

224 5631 353 5678 sunt
411 5617 703 5685 feminina,
738 5623 793 5672 ut
846 5618 990 5669 nm:
1043 5617 1295 5680 nascln‘m,
1328 5614 1608 5685 mulieres;
1657 5625 1713 5668 et
1771 5615 1823 5669 in

226 5688 393 5761 υτιι,
422 5703 545 5761 qu_:e
567 5700 691 5761 sunt
724 5687 1046 5761 masculina,
1076 5699 1129 5739 ν.
1166 5703 1226 5761 ε.
1247 5691 1395 5740 nun
1416 5684 1823 5761 avotltlpatres;

422 5751 721 5823 s'cltemottt,
758 5751 998 5823 nomina;
1028 5751 1134 5814 etc.
1168 5751 1535 5814 Maurusio-
1564 5754 1823 5821 Qumdam

1928 4645 2012 4691 rat
2040 4653 2053 4689 :
2088 4634 2231 4690 unde
2258 4633 2574 4703 etjumenta
2598 4632 2939 4702 appellantur
2965 4632 3033 4685 ab
3056 4646 3142 4695 eo,
3169 4629 3312 4701 quod
3336 4631 3526 4698 jnvent

1928 4730 2198 4787 homines.
2232 4728 2416 4784 Potest
2448 4727 2537 4783 hic
2564 4727 2714 4783 locus
2736 4735 2793 4781 et
2818 4725 2887 4781 de
2915 4725 3027 4779 Deo
3052 4724 3215 4779 Patre
3253 4722 3484 4793 intelligi
3508 4740 3522 4777 :

1927 4825 2022 4882 sed
2052 4825 2223 4895 magis
2249 4823 2483 4879 refertur
2512 4822 2578 4877 ad
2609 4821 2827 4881 Filium,
2862 4819 3004 4891 quod
3048 4833 3157 4874 non
3206 4818 3528 4889 cognoverit

1928 4933 2077 4982 eum,
2113 4931 2291 4986 neque
2315 4914 2617 4984 susceperit
2650 4912 2882 4984 populus
2918 4911 3083 4966 Israel
3112 4927 3127 4964 :
3179 4911 3338 4979 cujus
3379 4907 3524 4966 diem

1931 5010 2204 5067 Abraham
2232 5008 2695 5078 vidit,etla3tatus
2721 5018 2805 5064 est
2834 5025 2846 5062 :
2879 5016 2936 5064 et
2966 5008 3018 5063 in
3050 5006 3205 5077 cttjus
3233 5006 3526 5062 adventum

1931 5105 2175 5161 omnium
2195 5103 2590 5174 Prophetarum
2604 5111 2725 5157 vota
2742 5101 3072 5172 pendebant.
3095 5101 3195 5168 Qui
3210 5110 3262 5155 et
3277 5099 3328 5155 in
3342 5098 3493 5153 Evau
3505 5126 3525 5139 ο

1930 5199 2075 5271 gello
2130 5198 2198 5254 ad
2244 5197 2548 5255 Jerusalem
2606 5197 2847 5268 loquitur
2896 5215 2908 5252 :
2964 5194 3177 5264 Quoties
3220 5193 3359 5250 votui
3398 5208 3526 5247 con-

1927 5399 2272 5467 excipiuntur
2293 5413 2359 5454 ex
2385 5407 2613 5467 utraque
2635 5405 2789 5468 parte
2807 5438 2821 5460 ,
2850 5407 2971 5462 quae
2988 5389 3340 5446 Grammatici
3368 5389 3530 5462 vulgo

1949 5481 2141 5524 totum.

1930 5487 1943 5525 Ι
2005 5552 2027 5581 ο
2070 5541 2192 5595 Duo
2224 5553 2336 5593 mss
2356 5580 2369 5593 .
2402 5541 2668 5594 locuturus
2700 5536 2787 5590 hic
2821 5549 2917 5602 pro
2946 5534 3171 5589 locutus.

1999 5609 2026 5649 ἀ
2060 5610 2223 5678 Quasi
2251 5611 2558 5675 animantia,
2594 5619 2700 5665 etc.
2726 5606 3063 5679 Origenistas
3090 5613 3245 5679 notat
3269 5621 3283 5658 :
3307 5607 3532 5664 consulo

1931 5680 2032 5756 Ep.
2063 5674 2129 5740 ad
2152 5682 2402 5750 Avitum,
2435 5679 2505 5737 de
2532 5679 2687 5737 libris
2708 5674 3065 5753 peri'arrhon.
3102 5676 3372 5732 Maurus.
