4008 6340
442 267 507 323 51
1715 261 1773 318 S.
1817 260 2089 318 EUSEBII
2129 261 2518 320 HIERONYMI
3673 266 3744 322 52

435 384 618 441 tndem
644 385 840 452 Deum,
865 386 934 440 de
964 399 1071 456 quo
1109 385 1369 440 scribitur
1397 401 1409 437 :
1446 383 1571 438 Non
1597 383 1919 447 dormitabit,
1943 400 2032 437 ne-
2059 387 2114 446 Α
2138 393 2192 439 et
2219 400 2322 439 una
2345 385 2435 440 die
2460 386 2812 442 crediderunt
2853 388 2952 442 tria
2979 389 3170 452 millia,
3202 397 3256 443 et
3284 389 3456 444 altera
3496 389 3746 459 quinque

436 493 538 549 que
569 477 784 532 dormiet
823 478 911 546 qui
938 478 1159 532 custodit
1203 475 1374 530 Israel
1402 474 1579 549 (Psal.
1612 490 1739 542 cxx,
1767 473 1848 544 4).
1873 475 2032 529 Post-

443 586 606 642 quam
631 585 760 625 vero
799 570 1269 627 vindemiaveruut
1315 585 1436 624 eam
1467 585 1658 625 omnes
1691 578 2037 624 transeuntes

441 664 624 730 viam;
657 671 712 718 et
738 664 971 718 vastavit
995 679 1116 719 eam
1147 679 1278 733 aper
1310 662 1378 718 de
1418 662 1552 718 silva
1587 681 1599 716 :
1650 662 1871 732 reliquit
1902 673 2037 716 tem-

438 756 586 827 plum
639 771 796 810 suum
852 756 1142 819 Dominus,
1202 756 1478 825 iratusque
1527 769 1860 824 consurgens
1907 755 2034 808 ait:

440 854 467 883 ⁸
499 847 733 916 Surgite,
770 848 1012 901 abeamus
1057 846 1209 913 hinc;
1249 857 1304 901 et
1337 865 1348 900 :
1387 846 1722 910 Relinquetur
1764 846 1903 898 vobis
1939 847 2037 898 do-

439 955 552 993 mus
591 951 759 994 vestra
786 940 989 993 deserta
1023 938 1240 1010 (.llatth.
1288 954 1440 1002 χχιιι,
1484 939 1599 1010 38).
1649 938 1716 992 Et
1746 953 1843 1008 per
1889 937 2042 992 Jere-

440 1033 605 1085 miam
662 1046 674 1083 :
731 1029 938 1099 Reliqui
986 1032 1196 1085 domum
1225 1049 1388 1086 meam
1425 1048 1442 1086 :
1473 1032 1645 1085 dimisi
1690 1031 2040 1085 Iucreditatem

441 1136 631 1174 meam.
691 1119 858 1174 Facta
910 1130 984 1176 est
1035 1121 1311 1176 hereditas
1359 1137 1472 1176 mea
1502 1119 1650 1188 mihi,
1691 1122 1823 1174 sicut
1873 1121 1951 1175 leo
1987 1122 2042 1176 in

439 1212 571 1266 silva
621 1229 639 1266 :
681 1212 821 1267 dedit
867 1229 1024 1282 super
1076 1229 1157 1268 me
1185 1230 1352 1268 vocem
1381 1230 1552 1278 suam,
1589 1223 1860 1285 prapterea
1905 1212 2044 1266 odivi

443 1320 558 1357 eam
608 1303 822 1374 (Jerem.
875 1320 971 1369 xu,
1021 1306 1102 1374 7).
1155 1304 1466 1360 Similitudo
1508 1315 1689 1360 autem
1717 1304 2044 1360 vastationis

443 1400 656 1471 Templi
709 1413 764 1457 et
822 1402 1125 1458 Jerusalem
1156 1412 1373 1474 sumpta
1402 1413 1486 1458 est
1530 1405 1599 1458 ab
1639 1403 1919 1474 agricolis,
1949 1404 2042 1474 qui

444 1495 704 1565 quamdiu
742 1496 900 1551 vinea
930 1511 1154 1551 uvarum
1196 1497 1356 1569 plena
1398 1506 1504 1562 est,
1541 1505 1748 1567 ponunt
1789 1497 2044 1552 custodes

442 1587 499 1641 in
532 1587 886 1643 umbraculis.
915 1586 944 1626 δ
974 1587 1030 1642 ln
1060 1586 1446 1644 Cucumerario
1466 1604 1706 1659 quoque,
1733 1587 1876 1658 quod
1903 1587 2045 1643 LXX

442 1696 730 1752 pomorum
776 1682 1087 1737 custodiam
1129 1691 1358 1747 vocant,
1414 1683 1649 1752 parvula:
1682 1682 2045 1737 fiuntcasulze

441 1783 666 1843 propter
715 1774 970 1830 ardorem
1026 1776 1164 1830 solis
1194 1790 1257 1830 ac
1288 1775 1469 1831 radios
1511 1775 1870 1831 declinaudos

441 1865 570 1921 inde
591 1866 680 1922 vel
712 1867 990 1936 homines,
1021 1869 1106 1924 vel
1135 1869 1397 1925 bestiolas
1425 1885 1546 1940 qua:
1590 1869 1835 1923 insidiari
1869 1869 2052 1924 solent

447 1957 592 2012 natis
635 1959 906 2029 frugibus,
935 1959 1182 2030 abigunt.
1223 1957 1358 2014 Cum
1407 1972 1590 2016 autem
1643 1960 1823 2015 ablata
1854 1959 2052 2016 fuerint

450 2049 760 2105 istiusmodi
784 2051 1081 2120 genimina,
1110 2063 1394 2108 remanent
1425 2052 1636 2108 arentia
1656 2052 1910 2108 fruticum
1930 2070 2049 2108 um-

452 2142 696 2209 bracula,
730 2144 1061 2214 casulzeque,
1113 2143 1410 2200 recedente
1461 2144 1712 2210 custode,
1763 2145 1890 2215 quia
1941 2161 2049 2199 non

451 2236 616 2292 habet
643 2238 783 2292 ultra
827 2240 972 2309 quod
1027 2250 1230 2294 servet.
1267 2239 1410 2309 Ergo
1440 2249 1496 2294 et
1522 2239 1868 2309 omnipotens
1895 2239 2053 2294 'Deus

452 2329 746 2399 dereliquit
767 2329 1077 2401 Templum,
1108 2340 1163 2385 et
1193 2331 1382 2387 urbem
1425 2329 1555 2386 fecit
1581 2346 1704 2386 esse
1731 2330 2004 2386 desertam
2038 2347 2050 2383 :

454 2421 597 2491 quod
627 2437 734 2476 non
787 2437 1013 2478 necesse
1039 2434 1124 2478 est
1155 2423 1504 2480 sermonibus
1527 2425 1857 2495 approbare,
1893 2423 2053 2480 nobis

453 2517 784 2586 prmsertim,
810 2517 900 2586 qui
941 2518 1190 2573 videmus
1231 2518 1508 2574 desertam
1540 2520 1694 2586 Sion,
1722 2529 1777 2575 et
1804 2535 2052 2574 eversam

453 2609 786 2675 Jerusalem,
834 2611 1229 2682 Templumque
1254 2627 1425 2682 usque
1456 2612 1523 2668 ad
1564 2614 1742 2668 solum
1788 2614 2051 2669 dirutum.

454 2701 612 2772 Quod
636 2712 818 2758 autem
849 2703 1015 2758 filiam
1047 2704 1178 2760 Sion
1202 2715 1379 2772 vocat,
1410 2705 1829 2760 clementissimi
1864 2721 2057 2775 paren-

457 2794 527 2848 tis
557 2803 824 2849 monstrat
865 2793 1142 2851 affectum.
1192 2795 1303 2851 Nec
1334 2797 1534 2851 mirum
1564 2797 1609 2851 si
1650 2796 1781 2853 Sion
1815 2798 2058 2866 appelle-

458 2895 547 2941 tttr
570 2887 704 2950 filia,
734 2902 858 2942 cum
890 2889 1054 2942 etiam
1082 2889 1328 2961 Babylon
1352 2890 1656 2958 smpissime
1704 2890 1810 2944 ﬁlia
1841 2905 2056 2945 nuncu-

461 2979 856 3049 petnr.0mnes
883 2981 1028 3034 enim
1060 2994 1251 3035 natura
1279 2981 1372 3036 filii
1397 2981 1488 3036 Dei
1515 2997 1726 3049 sumus,
1754 2981 1851 3038 sed
1870 2993 2057 3037 nostro

463 3073 596 3128 vitio
623 3074 783 3129 alieni
816 3073 1105 3130 efficimur.
1135 3075 1292 3131 Juxta
1325 3091 1634 3148 anagogen,
1685 3077 1842 3132 vinea
1885 3078 1980 3133 Dei
2004 3089 2057 3132 et

2142 477 2329 539 millia,
2355 478 2492 532 etin
2528 489 2640 534 toto
2669 480 2801 535 orbe
2847 480 3200 550 Evangelium
3253 482 3579 536 seminatum
3634 490 3743 536 est.

2142 569 2248 625 Pro
2277 569 2504 626 Domino
2530 575 2871 642 exercituum,
2903 576 3044 642 quod
3085 589 3204 636 nos.
3257 575 3428 629 secuti
3468 574 3741 644 Aquilam,

2142 660 2196 716 in
2219 661 2466 716 Latinum
2492 665 2770 730 vertimus,
2801 666 2854 718 in
2885 665 3111 720 llebrzeo
3141 665 3354 736 legitur,
3388 665 3641 719 Dominus
3661 681 3747 719 sa-

2141 752 2315 814 baoth,
2349 755 2492 819 quod
2521 755 2663 810 LXX
2697 757 3024 826 interpretes
3069 772 3172 827 pro
3204 758 3446 811 locorum
3481 757 3747 828 qualitate

2141 845 2430 914 dupliciter
2477 847 2831 914 transferunt,
2884 859 2977 903 aut
3023 849 3306 903 Dominum
3346 851 3620 914 virtutum,
3652 855 3747 904 aut

2146 937 2426 993 Dominum
2449 942 2862 1009 omnipotentem.
2883 942 2948 996 Et
2964 942 3342 1011 quaerendum,
3361 949 3543 996 utrum
3559 942 3626 996 tle
3641 941 3747 996 Pa-

2146 1041 2229 1087 tre
2260 1033 2491 1099 dicatur,
2527 1050 2590 1088 an
2623 1035 2691 1089 de
2717 1035 2878 1089 Filio.
2903 1034 3014 1088 Nec
3037 1036 3259 1089 dubium
3288 1036 3417 1106 quin
3440 1034 3569 1088 illud
3598 1034 3746 1104 quod

2147 1125 2198 1179 in
2231 1127 2488 1181 vicesimo
2520 1127 2680 1182 tertio
2703 1125 3043 1199 [ALquarto]
3071 1127 3279 1197 psalmo
3305 1128 3544 1198 legitur:
3580 1127 3747 1180 Attol-

2149 1219 2234 1273 lite
2247 1231 2443 1291 portas,
2473 1222 2756 1293 principes,
2773 1231 3040 1286 t'estras,et
3057 1221 3325 1276 elcvamini
3344 1233 3507 1291 porta:
3528 1233 3749 1276 aeternu-

2147 1310 2240 1377 les,
2270 1321 2316 1364 et
2345 1313 2575 1366 introibit
2626 1330 2719 1368 rea:
2755 1314 2956 1384 gloriaz.
3000 1313 3128 1379 Quis
3174 1323 3249 1368 est
3288 1314 3383 1368 iste
3413 1330 3506 1368 rex
3531 1315 3750 1384 gloria?

2149 1402 2402 1458 Dominus
2431 1406 2643 1458 sabaoth
2678 1405 2848 1474 (Psal.
2880 1421 3034 1469 χχιιι,
3077 1406 3129 1472 7,
3174 1405 3256 1475 8),
3281 1406 3336 1458 id
3364 1416 3461 1472 est,
3495 1405 3748 1459 Dominus

2151 1498 2413 1560 uirtutum,
2447 1498 2557 1568 ipse
2583 1509 2657 1551 est
2681 1515 2773 1551 rex
2813 1497 3015 1569 glorias,
3043 1497 3110 1553 ad
3141 1495 3420 1552 Christum
3451 1497 3745 1553 referatur.

2146 1591 2237 1661 qui
2263 1601 2384 1660 post
2408 1591 2676 1660 passionis
2709 1591 3042 1660 triumphum
3063 1590 3129 1644 ad
3160 1590 3330 1646 emlos
3355 1591 3531 1646 victor
3553 1605 3752 1646 ascen-

2149 1684 2250 1739 dit.
2279 1685 2343 1740 Et
2373 1686 2426 1739 in
2459 1684 2566 1738 alio
2592 1685 2712 1740 loco
2737 1685 2805 1738 de
2828 1684 3059 1738 Domino
3085 1683 3307 1749 dicitur,
3340 1685 3482 1755 quod
3507 1700 3599 1738 rex
3629 1683 3751 1754 glo-

1927 1792 1940 1828 :
1987 1783 2044 1830 et
2074 1773 2119 1834 B
2149 1777 2244 1832 rite
2266 1777 2338 1830 sit
2376 1794 2389 1829 :
2439 1776 2500 1831 Si
2542 1778 2680 1830 enim
2716 1779 3069 1846 cognouissent
3095 1820 3109 1842 ,
3144 1794 3420 1848 numquam
3466 1775 3752 1830 Dominum

2151 1869 2332 1940 gloria:
2358 1870 2739 1938 cruciﬁxissent
2775 1869 2820 1940 (Ι
2848 1869 2968 1925 Cor.
3012 1886 3070 1935 ιι,
3123 1869 3202 1942 8).
3245 1869 3389 1939 Ergo
3428 1885 3538 1924 non
3570 1869 3751 1924 solum

2146 1959 2303 2031 juxta
2340 1961 2730 2034 Apocalypsim
2774 1962 3024 2027 Joannis,
3051 1971 3106 2017 et
3135 1963 3448 2034 apostolum
3478 1963 3702 2016 Paulum
3733 1979 3748 2027 ;

2153 2055 2250 2111 sed
2283 2056 2336 2110 in
2367 2057 2536 2112 veteri
2567 2072 2782 2128 quoque
2817 2057 3191 2121 Testamento,
3227 2055 3482 2111 Dominus
3508 2057 3755 2120 sabaoth,

2155 2147 2259 2201 hoc
2301 2157 2406 2210 est,
2460 2147 2815 2220 Omnipotens,
2857 2145 3103 2202 Christus
3155 2147 3485 2216 appellatur.
3516 2145 3572 2202 Si
3603 2147 3756 2201 enim

2155 2243 2334 2297 omnia
2362 2242 2540 2298 Patris
2569 2243 2690 2297 Filii
2731 2251 2894 2305 sunt;
2925 2251 2979 2297 et
3008 2252 3065 2296 ut
3087 2241 3203 2310 ipse
3235 2241 3474 2310 loquitur
3502 2240 3552 2294 in
3579 2240 3759 2295 Evan-

2155 2335 2300 2405 gelio
2331 2353 2345 2389 :
2375 2332 2512 2388 Data
2533 2345 2608 2390 est
2637 2335 2764 2389 mihi
2793 2337 2960 2388 omnis
3003 2343 3230 2405 potestas
3262 2334 3366 2406 19
3390 2334 3443 2386 in
3469 2334 3594 2386 caelo
3622 2341 3670 2385 et
3699 2333 3757 2387 in

2157 2439 2293 2482 terra
2325 2426 2545 2498 (Matth.
2575 2444 2767 2490 xxvrtt,
2796 2426 2920 2497 l8);
2948 2437 3002 2482 et
3027 2444 3040 2480 :
3077 2425 3268 2481 Omnia
3290 2442 3403 2480 mea
3431 2433 3681 2486 tua‘sunt,
3707 2435 3757 2478 et

2162 2530 2183 2560 ο
2213 2519 2481 2593 glori/icor
2509 2521 2564 2574 in
2593 2522 2666 2574 eis
2692 2538 2710 2586 ;
2747 2537 2849 2575 cur
2891 2535 3002 2574 non
3029 2520 3192 2575 etiam
3218 2517 3622 2587 Omnipotentis
3653 2533 3754 2571 no-

2159 2629 2278 2668 men
2312 2613 2580 2668 referatur
2617 2613 2685 2669 ad
2715 2612 2988 2669 Christum
3042 2631 3054 2666 :
3100 2621 3158 2668 ut
3190 2614 3329 2667 sicut
3369 2611 3513 2666 Deus
3543 2611 3669 2678 Dei,
3698 2619 3755 2667 et

2159 2706 2422 2760 Dominus
2465 2706 2704 2774 Domini,
2750 2707 2832 2762 sic
2859 2705 3216 2776 Omnipotens
3237 2704 3638 2774 Omnipotentis
3665 2702 3755 2757 Fi-

2160 2799 2264 2854 lius
2292 2799 2394 2854 sit?

2231 2893 2415 2966 (Vers.
2455 2892 2567 2965 10.)
2607 2894 2798 2947 Audite
2831 2893 3039 2947 verbum
3086 2891 3319 2959 Domini,
3359 2891 3619 2962 principes
3653 2889 3755 2946 So-

2160 2987 2431 3039 domorum
2454 2987 2736 3057 :percipitc
2753 2986 2966 3040 auribus
2988 2987 3148 3055 legem
3179 2983 3276 3038 Dei
3307 2984 3490 3050 nostri,
3525 2983 3755 3056 papulus

2164 3077 2486 3134 Gomorrhaz.
2539 3079 2716 3135 Salvis
2763 3079 2915 3133 factis
2943 3077 3188 3146 reliquiis
3217 3093 3310 3147 per
3339 3077 3632 3145 Apostolus
3659 3093 3759 3148 po-

460 3183 746 3240 pomorum
774 3168 1079 3238 paradisus,
1106 3173 1286 3225 anima
1314 3182 1503 3226 nostra
1535 3173 1639 3243 18
1663 3172 1927 3242 appellari
1957 3188 2056 3242 po-
2085 3166 2131 3228 C
2163 3175 2272 3243 puli
2313 3173 2499 3241 Israel,
2534 3173 2754 3229 Scribas
2780 3182 2834 3227 et
2883 3171 3210 3235 Pharisaaos,
3244 3181 3298 3226 et
3352 3171 3607 3240 pepulum
3635 3185 3760 3226 suc-

465 3272 618 3317 lest:
665 3262 748 3318 cui
796 3266 840 3316 si
893 3278 1068 3328 mens,
1112 3265 1165 3318 id
1219 3274 1324 3330 est,
1373 3272 1511 3329 νοῦς,
1561 3265 1861 3335 praefuerit,
1896 3264 2062 3319 habet

457 3356 741 3412 custodem
775 3360 972 3412 mentis
1015 3358 1185 3413 Deum
1234 3375 1248 3412 :
1280 3360 1364 3414 sin
1389 3369 1572 3415 autem
1597 3360 1725 3414 vitia
1771 3374 1872 3414 nos
1901 3360 2058 3430 quasi

455 3449 704 3520 quxetlam
752 3449 940 3504 bestise
995 3450 1198 3505 fuerint
1247 3451 1582 3517 deprmdata,
1636 3451 1999 3521 relinquimur
2031 3467 2061 3505 a

463 3542 692 3596 custode
724 3542 855 3606 Deo,
897 3550 951 3597 et
990 3543 1170 3597 omnia
1213 3551 1399 3598 nostra
1428 3543 1742 3614 redigentur
1770 3543 1837 3597 ad
1868 3543 2064 3598 solitu-

465 3633 670 3690 dinem.

541 3726 663 3780 Nisi
698 3726 953 3781 Dominus
993 3730 1307 3783 exercituum
1356 3731 1643 3801 reliquisset
1690 3733 1839 3786 nobis
1868 3749 2061 3798 semen,

469 3821 612 3889 quasi
635 3820 868 3876 Sodoma
883 3823 1245 3894 fuissemus,et
1265 3826 1414 3895 quasi
1444 3823 1736 3880 Gomorrha
1764 3826 1958 3879 similes
1989 3841 2066 3878 es-

467 3928 659 3968 semus.
707 3913 857 3968 Hunc
897 3914 1074 3970 locum
1126 3917 1326 3972 Paulus
1373 3919 1654 3980 aposmlns
1688 3917 1758 3972 ad
1790 3917 2070 3972 Romanos

475 4005 690 4073 plenius
712 4006 954 4073 disserit,
982 4009 1230 4064 scribens
1265 4029 1277 4063 :
1309 4009 1440 4064 Dico
1469 4026 1611 4078 ergo,
1637 4010 1890 4080 numquid
1917 4026 2072 4077 repu—

465 4101 525 4154 lit
558 4100 700 4156 Deus
729 4102 982 4176 populum
1011 4105 1200 4160 suum?
1230 4105 1376 4158 Absit
1407 4121 1427 4160 :
1464 4121 1583 4159 nam
1621 4114 1669 4158 et
1695 4121 1788 4175 ego
1828 4103 2074 4159 Israelita

469 4208 606 4255 sum,
649 4209 714 4246 etr-
751 4195 944 4248 semine
982 4195 1265 4260 Abraham,
1320 4195 1384 4248 de
1431 4197 1565 4249 tribu
1604 4194 1904 4268 Benjamin.
1949 4195 2074 4250 Non

473 4284 667 4354 repulit
702 4283 835 4338 Deus
863 4285 1062 4356 plebem
1092 4303 1243 4339 suam
1268 4303 1424 4355 quam
1479 4287 1739 4356 prwscivit
1783 4286 1963 4355 (Rom.
1999 4304 2074 4353 ιιι,

478 4374 529 4437 l,
567 4373 646 4444 ⁸2).
681 4373 750 4428 Et
777 4387 896 4444 post
925 4378 1201 4444 paululum
1234 4395 1247 4430 :
1275 4378 1367 4432 Sic
1393 4395 1512 4451 ergo
1553 4387 1604 4431 et
1639 4379 1692 4431 in
1721 4379 1819 4432 isto
1851 4389 2076 4448 tempore

475 4466 712 4534 reliquie:
738 4467 1025 4521 secundum
1056 4468 1352 4524 electionem
1391 4470 1576 4542 gratia:
1601 4470 1758 4525 salvae
1780 4471 1934 4539 [actm
1961 4481 2079 4526 sunt

2162 3267 2490 3322 clamantem
2520 3282 2536 3320 :
2561 3265 2837 3338 Cruci/Ege,
2867 3263 3113 3334 cruciﬁge
3141 3262 3294 3317 talem
3315 3259 3498 3334 (Joan.
3529 3277 3641 3330 nx,
3674 3264 3754 3332 6),

2165 3360 2514 3432 propheticus
2541 3374 2725 3414 sermo
2751 3357 3121 3421 convertitur;
3152 3367 3205 3411 et
3235 3364 3389 3410 vocat
3431 3371 3526 3411 eos
3559 3355 3762 3423 princi-

2165 3469 2261 3524 pes
2285 3453 2670 3518 Sodomorum,
2705 3461 2760 3505 et
2791 3451 3048 3520 populum
3075 3448 3415 3514 Gomorrhze,
3440 3449 3594 3517 juxta
3628 3447 3762 3501 illud

2164 3544 2309 3614 quod
2334 3544 2387 3596 in
2421 3542 2886 3610 consequentibus
2928 3541 3158 3608 legimus
3194 3558 3205 3594 :
3243 3539 3574 3612 Iniquitatem
3618 3555 3764 3592 suam

2167 3637 2300 3690 sicut
2365 3635 2594 3690 Sodoma
2650 3634 3083 3688 annuntiavernnt
3148 3643 3195 3686 et
3257 3633 3608 3686 ostenderunt.
3682 3631 3767 3684 Va:

2169 3730 2356 3782 anima:
2407 3743 2586 3781 eorum
2636 3743 2653 3780 :
2707 3727 2830 3794 quia
2879 3727 3236 3799 cOgitaverunt
3277 3727 3552 3779 consilium
3611 3725 3770 3789 pessi—

2169 3839 2307 3875 mum
2339 3831 2520 3874 contra
2560 3820 2878 3888 semetipsos,
2929 3819 3152 3870 dicentes
3183 3834 3201 3871 :
3233 3816 3519 3886 Alligemus
3539 3819 3764 3889 justum,

2172 3913 2418 3982 quoniam
2445 3909 2645 3963 inutilis
2677 3920 2749 3964 est
2781 3909 2924 3962 nobis
2956 3907 3136 3980 (Infra
3171 3907 3272 3978 ιιι).
3309 3909 3449 3977 Ergo
3481 3918 3770 3978 propterea

2175 4003 2447 4074 principes
2477 4012 2744 4056 vocantur
2777 3985 3259 4065 Sodomornmfet
3289 4000 3520 4070 p0pulus
3545 3998 3774 4053 Gomor-

2176 4099 2310 4163 rlne,
2340 4098 2462 4166 quia
2491 4097 2876 4166 cogitaverunt
2914 4093 3197 4148 consilium
3227 4093 3549 4163 pessimum,
3577 4101 3631 4145 et
3657 4091 3773 4144 alli-

2175 4198 2442 4260 gavcrnnt
2467 4189 2696 4257 justum,
2729 4196 2893 4256 atque
2926 4185 3204 4249 dixerunt,
3247 4183 3369 4237 Non
3411 4182 3656 4237 habemus
3693 4199 3777 4236 re-

2178 4298 2291 4354 gem
2323 4281 2422 4336 nisi
2451 4280 2707 4336 Cwsarem
2733 4279 2915 4351 (Joan.
2943 4293 3054 4342 nx,
3095 4274 3209 4347 15).
3256 4276 3321 4330 Et
3357 4291 3571 4331 rursum
3608 4293 3619 4328 :
3661 4273 3778 4329 Nos

2179 4375 2372 4428 scimus
2393 4375 2518 4443 quia
2544 4372 2717 4443 Moysi
2758 4372 2960 4425 locutus
2991 4379 3064 4422 est
3092 4368 3268 4431 Deus;
3292 4369 3448 4421 istum
3471 4381 3638 4422 autem
3665 4370 3778 4437 quis

2181 4468 2265 4534 sit,
2302 4468 2552 4521 nescimus
2584 4465 2763 4519 (Joan.
2811 4481 2886 4526 rx,
2917 4463 3033 4530 29).
3078 4461 3355 4532 Simulque
3396 4463 3693 4530 gloriantes
3727 4464 3780 4516 in

482 4554 672 4626 (Ibid.,
707 4556 783 4628 v).
821 4558 898 4613 Ex
931 4575 1038 4631 quo
1064 4561 1390 4629 ostenditur,
1424 4562 1711 4633 superiora
1735 4579 1853 4628 quas
1885 4570 2074 4617 contra
2105 4549 2160 4609 D
2185 4560 2483 4630 Evangelio
2519 4579 2530 4614 ε
2561 4559 2746 4615 Semen
2769 4555 2990 4612 Abrahtc
3009 4572 3185 4609 sumus
3215 4572 3234 4607 :
3263 4568 3313 4610 et
3342 4557 3532 4610 nemini
3555 4573 3781 4625 unquam

480 4647 784 4706 Jerusalem
810 4661 865 4706 et
896 4652 1090 4708 Judam
1120 4669 1300 4709 sermo
1328 4655 1675 4726 propheticus
1711 4656 2075 4709 comminatus

481 4752 586 4805 est,
623 4760 731 4799 non
765 4746 828 4798 ad
865 4745 1208 4819 Babylonica:
1239 4748 1569 4818 captivitatis
1611 4746 1900 4802 referenda
1944 4757 2080 4801 tetn~

481 4848 604 4904 pus,
634 4836 730 4891 sed
773 4839 840 4892 ad
875 4839 1126 4894 ultimam
1161 4840 1557 4904 Romanorum,
1599 4839 1817 4908 quando
1851 4839 1904 4892 in
1933 4838 2078 4908 Apo-

478 4927 637 4980 stolis
668 4928 833 4983 salva:
867 4929 1026 4986 factae
1057 4941 1184 4986 sunt
1212 4931 1458 5002 reliquiae
1501 4930 1691 5001 populi
1718 4929 2033 4986 Judaaorum
2062 4948 2076 4996 ;

561 5145 586 5172 ⁸
608 5135 835 5207 Surgite.
866 5137 920 5191 In
939 5138 1538 5207 Evangeliosecnndum
1557 5137 2068 5207 Joannem,cap.14,

489 5207 580 5272 51,
614 5207 864 5278 legimus,
914 5209 1144 5279 Surgite,
1187 5227 1361 5263 eamus
1409 5212 1544 5264 hinc.
1577 5209 1861 5277 Quomodo
1891 5220 2072 5264 autem

488 5280 662 5351 iratus
708 5280 1136 5345 consurrexerit,
1193 5279 1352 5334 facile
1405 5282 1680 5351 colligitur
1715 5297 1780 5336 ex
1813 5291 2075 5335 contextu

490 5348 732 5420 ejusdem
760 5352 978 5418 capitis,
1003 5354 1123 5423 quia
1157 5354 1207 5406 in
1233 5367 1297 5405 eo
1325 5348 1620 5418 dieputavit
1650 5352 1715 5406 de
1737 5353 1957 5420 mundo,
1985 5352 2078 5406 de-

491 5436 596 5494 que
625 5424 868 5491 principe
912 5425 1096 5479 mundi
1123 5424 1301 5491 hujus,
1337 5425 1428 5494 qui
1461 5439 1568 5477 non
1603 5433 1779 5492 potest
1828 5425 2079 5493 spiritum

491 5491 695 5549 Christi
744 5496 1014 5562 accipere.
1067 5491 1445 5551 MAMIANX—
1494 5491 1611 5550 Sic
1640 5496 1809 5548 ferme
1862 5491 2086 5548 disserit

499 5563 550 5617 iu
580 5567 765 5634 epist.
824 5567 917 5626 68.
969 5568 1034 5620 ad
1084 5568 1364 5621 Paulinum

496 5632 646 5708 pulos
691 5652 813 5708 suos
853 5637 1085 5708 loquens.
1133 5653 1248 5690 cum
1287 5649 1418 5692 esset
1458 5641 1514 5708 in
1555 5638 1783 5708 templo,
1835 5635 2079 5708 Surgite,

494 5705 663 5823 inquit
690 5745 701 5764 .
742 5704 986 5784 abeamus
1026 5706 1184 5773 litua;
1212 5717 1296 5782 _et._
1331 5708 1400 5764 ad
1441 5704 1704 5784 Juda'ps';
1745 5704 2085 5770 Relinquetur

497 5791 556 5823 uo
597 5790 638 5823 ιι
668 5772 854 5823 domus
896 5788 1055 5823 uestra
1101 5785 1319 5823 nesci-tn.
1352 5780 1482 5823 una!
1513 5771 1624 5823 dun
1669 5774 1903 5823 diversis
1939 5781 2081 5823 teme

497 5771 638 5826 vobis
668 5772 854 5828 domus
896 5776 1055 5829 vestra
1101 5771 1319 5831 acim-tn.
1352 5780 1482 5842 Qum
1513 5771 1624 5829 dub
1669 5774 1903 5830 diversi!
1939 5781 2081 5826 teme

1426 5585 1439 5621 :
1498 5566 1744 5621 Salvator
1795 5568 1862 5617 ad
1913 5565 2086 5618 Disci-

2181 4655 2482 4708 servivimus
2512 4652 2694 4724 (Joan.
2721 4668 2832 4719 vm,
2866 4651 2959 4721 55)
2991 4669 3002 4703 :
3034 4650 3306 4705 andiunta
3338 4651 3576 4705 Domino
3597 4649 3783 4705 Salva-

2185 4755 2305 4799 lore
2342 4763 2356 4796 :
2399 4744 2458 4798 Si
2495 4744 2670 4796 essetis
2696 4741 2796 4813 ﬁlii
2821 4741 3106 4808 Abraham,
3141 4742 3314 4810 utique
3341 4757 3498 4812 Opera
3526 4743 3784 4797 Abraham

2185 4835 2454 4908 faceretis;
2486 4840 2542 4888 et
2568 4849 2784 4888 rursum
2819 4852 2831 4886 :
2871 4833 2975 4888 Vos
3003 4849 3066 4886 ea:
3089 4831 3298 4886 diabolo
3326 4843 3473 4899 patre
3498 4836 3604 4888 nati
3627 4836 3746 4889 estis
3766 4851 3785 4889 .'

2183 4940 2230 4986 et
2259 4946 2419 5000 opera
2445 4928 2610 4996 patris
2647 4928 2803 4982 vestri
2841 4925 2994 4980 vultis
3021 4929 3190 4997 facere
3230 4923 3418 4995 (Ibid.,
3445 4942 3632 4992 χχχιχ,
3665 4926 3782 4998 44).

2177 5136 2401 5207 poribus
2452 5135 2593 5191 dicta
2639 5145 2783 5199 sunt,
2841 5131 3272 5207 atquealterum
3315 5132 3366 5184 in
3404 5134 3687 5207 caenaculo
3718 5133 3785 5188 ad

2178 5203 2499 5275 discipulos.
2546 5208 2777 5260 alterum
2829 5206 2893 5260 ad
2930 5203 3233 5275 Judaeosin
3275 5205 3479 5272 templo
3527 5223 3540 5259 :
3581 5205 3677 5258 sed
3719 5221 3786 5260 ex

2180 5273 2416 5333 Matthzei
2474 5277 2772 5342 Evangelia
2805 5276 3100 5330 secundum
3129 5273 3386 5328 Hebrzcos
3416 5276 3502 5330 hic
3531 5276 3788 5331 videntur

2183 5350 2419 5402 reeitati.
2453 5347 2506 5401 In
2541 5349 2707 5400 Palat.
2738 5356 2918 5419 autem
2952 5347 3091 5399 vobis
3123 5347 3483 5401 desideratur.
3518 5347 3645 5401 Vide
3667 5363 3787 5419 quae

2190 5419 2244 5473 in
2273 5435 2391 5472 eam
2426 5420 2584 5486 epist.
2611 5435 2760 5472 num.
2789 5419 2822 5471 5
2850 5418 3224 5471 observamus.
3752 5421 3755 5426 '

2262 5488 2291 5526 ι)
2334 5490 2523 5543 ΙδιΙιτιεο
2553 5493 2620 5543 tle
2649 5491 2850 5543 casulis
2883 5500 2936 5543 et
2963 5491 3132 5541 vineae
3181 5488 3404 5542 custode
3448 5504 3513 5542 ex
3568 5487 3790 5544 Eusebii

2191 5559 2631 5626 Commentariis,
2665 5576 2695 5615 e
2717 5560 2912 5629 quibus
2937 5559 3041 5613 alia
3075 5560 3240 5612 multa
3278 5559 3506 5614 interius
3529 5599 3543 5628 ,
3580 5560 3793 5614 brevia-

2191 5630 2342 5685 ribus
2369 5640 2576 5684 tantum
2608 5631 2787 5686 verbis
2812 5643 3034 5699 excepta
3059 5640 3207 5699 sunt.

2269 5712 2288 5737 ο
2326 5701 2565 5754 Votieno.
2613 5716 2739 5765 ms.,
2775 5711 2819 5756 et
2849 5697 3175 5771 gloriﬂrtiltor
3199 5697 3251 5753 in
3280 5700 3369 5752 eis.
