4008 6372
163 338 225 395 55

756 326 1408 391 COMMENTARIORUM
1449 327 1516 385 IN
1555 323 1796 387 ISAIAM
1838 323 2264 385 PROPHETAM
2304 327 2436 384 LIB.
2482 327 2524 384 I.
2564 326 2727 387 CAP.
2764 327 2807 383 Ι.

3371 327 3440 388 36

168 447 282 503 Tale
303 443 432 515 quid
463 452 516 499 et
545 442 798 500 Ezechiel
828 444 894 499 ad
925 444 1227 501 Jerusalem
1261 444 1498 515 loquitur
1535 461 1548 496 :
1581 442 1742 497 Pater
1768 446 1816 507 Α
1847 443 1900 498 in
1926 444 2186 498 montibus
2208 453 2256 497 et
2296 444 2464 500 boves.
2488 443 2717 517 Cognovi
2742 445 2915 499 omnia
2938 444 3175 501 volatilia
3214 445 3329 501 coeli
3356 461 3376 501 :
3396 454 3448 502 et

168 550 269 594 tuus
297 536 644 603 Antorr/tteus,
694 548 740 590 et
779 549 945 592 mater
987 548 1076 590 tua
1122 535 1335 591 Gethwa
1382 535 1600 608 (Ezech.
1630 550 1740 603 xvt,

167 629 267 701 45).
329 631 498 687 Aiunt
555 629 766 684 Ilebrwi
827 630 899 684 ob
950 628 1089 685 duas
1135 643 1333 685 causas
1396 627 1743 684 interfectum

164 710 361 787 Isaiam,
396 719 541 791 quod
573 720 846 790 principes
869 719 1232 777 Sodomorum
1264 727 1322 775 et
1349 719 1606 791 populum
1636 717 1747 775 Go-

167 820 383 870 morrlne
406 826 502 868 eos
525 812 906 883 appellaverit,
931 823 985 868 et
1016 813 1160 882 quod
1183 811 1417 867 Domino
1437 811 1658 867 dicente
1676 810 1743 865 ad

162 905 413 978 Moysen:
463 903 587 959 Non
637 904 824 975 poteris
875 905 1047 959 videre
1091 905 1279 973 faciem
1328 919 1495 959 meam
1541 902 1743 977 (Exod.

162 1015 338 1065 χχχιιι,
375 998 495 1069 20),
532 1001 638 1054 iste
673 1014 839 1053 ausus
891 999 965 1053 sit
1011 998 1194 1053 dicere
1243 1015 1257 1050 :
1312 996 1429 1052 Vidi
1466 995 1748 1052 Dominum

164 1101 188 1130 ι
208 1093 458 1147 sedentem
482 1108 639 1162 super
657 1094 902 1147 thronum
929 1095 1190 1147 excelsum
1216 1099 1266 1147 et
1296 1093 1548 1148 eleuatum
1567 1090 1751 1163 (Infra

162 1201 231 1252 vr,
276 1188 371 1258 l);
424 1201 533 1242 non
573 1187 993 1242 considerantes
1038 1187 1185 1257 quod
1230 1184 1428 1242 faciem
1476 1196 1532 1241 et
1578 1186 1751 1257 pedes

161 1281 269 1348 Dei,
302 1281 417 1337 sive
441 1295 591 1347 suos,
626 1281 749 1351 quia
790 1279 844 1334 in
898 1280 1134 1335 Hebraeo
1171 1278 1200 1317 ιι
1229 1279 1478 1349 ambigue
1525 1279 1746 1347 legitur,

159 1372 435 1444 Seraphim
467 1373 705 1429 texerint
733 1390 746 1426 :
784 1380 840 1427 et
865 1372 1041 1426 media
1073 1379 1281 1425 tantum
1314 1369 1434 1439 ejus
1457 1370 1622 1423 Isaias
1646 1369 1755 1439 20

160 1467 355 1525 vidisse
385 1482 445 1523 se
474 1468 701 1523 scribat.
728 1467 901 1520 llomo
934 1475 956 1503 ο
1001 1465 1162 1534 igitur
1197 1464 1296 1519 Dei
1335 1463 1528 1519 faciem
1568 1463 1756 1518 videre

159 1578 263 1619 non
292 1569 497 1631 potest.
535 1558 731 1629 Angeli
775 1566 958 1613 autem
990 1560 1154 1611 etiam
1195 1556 1545 1609 minimarum
1568 1553 1621 1608 iu
1654 1554 1756 1608 Ec-

160 1657 347 1722 clesia,
381 1668 601 1724 semper
635 1653 819 1708 vident
856 1652 1044 1706 faciem
1095 1650 1185 1704 Dei
1216 1648 1431 1717 (Matth.
1456 1662 1604 1715 svnt,
1634 1646 1749 1717 10).

159 1749 246 1813 Et,
283 1747 441 1801 Nunc
468 1747 519 1800 in
541 1745 751 1813 speculo
776 1744 1009 1797 videmus
1038 1751 1089 1796 et
1119 1742 1173 1794 in
1189 1741 1479 1811 tenigmate,
1515 1749 1636 1793 tunc
1660 1754 1755 1793 au-

1849 535 2180 607 pulchritudo
2218 535 2331 607 agri
2374 551 2570 589 mecum
2616 544 2709 591 est.
2762 535 2823 593 Si
2867 537 3116 604 csuriero,
3151 553 3255 591 non
3277 538 3446 592 dicant

1850 626 1939 680 tibi
1981 642 2000 680 :
2038 642 2182 681 meus
2229 637 2303 680 est
2359 627 2499 681 enim
2540 627 2679 681 orbis
2713 636 2867 682 terra:
2914 638 2961 683 et
3001 628 3269 697 plenitudo
3313 633 3448 702 ejus.

1852 717 2122 789 Numquid
2145 718 2467 774 manducabo
2497 735 2679 773 carnes
2709 730 3000 788 taurorum,
3027 732 3121 777 aut
3148 722 3453 794 sanguinem

1851 812 2113 868 hircorum
2148 814 2336 884 potabo
2362 811 2540 884 (Psal.
2565 827 2712 880 χιιχ,
2740 813 2953 885 seqq)?
2978 812 3222 885 Cumque
3251 816 3456 872 veteris

1850 906 2010 979 Legis
2059 907 2417 963 caeremonias
2463 907 2785 977 respnisset,
2831 909 3028 963 transit
3070 909 3137 963 ad
3166 908 3457 982 Evangeli-

1851 1011 1970 1053 cam
2020 999 2311 1068 puritatem
2366 1014 2380 1051 :
2412 1006 2469 1054 et
2497 995 2627 1066 quid
2660 1012 2761 1069 pro
2802 996 2887 1052 his
2925 996 3135 1069 cupiat,
3168 1000 3453 1055 ostendit:

1851 1089 2081 1145 Immola
2101 1089 2214 1145 Deo
2237 1090 2560 1160 sacriﬁcium
2588 1089 2782 1156 laudis,
2811 1100 2859 1144 et
2881 1090 3041 1145 redde
3057 1091 3311 1146 altissimo
3339 1102 3459 1147 vota

1854 1195 1961 1240 tua.
1986 1185 2056 1240 Et
2084 1187 2267 1240 invoca
2303 1202 2384 1240 me
2401 1186 2456 1240 in
2477 1185 2561 1239 die
2576 1184 2932 1240 tribulationis
2962 1201 2982 1241 :
3017 1194 3063 1240 et
3097 1201 3277 1240 eruam
3313 1195 3380 1255 te,
3410 1195 3459 1242 et

1855 1279 2224 1349 honoriﬁcabis
2247 1296 2348 1334 me.
2377 1279 2568 1335 Omnis
2590 1294 2721 1350 ergo
2742 1279 2969 1349 capituli
2993 1280 3153 1350 hujus
3175 1281 3460 1337 continen-

1857 1372 1954 1435 tia,
1987 1385 2159 1440 usque
2191 1370 2259 1425 ad
2286 1384 2411 1425 eum
2443 1370 2625 1424 locum
2654 1370 2746 1425 ubi
2774 1371 2854 1431 ait
2893 1388 2907 1425 :
2949 1370 3198 1427 Judicate
3233 1373 3456 1445 pupillo,

1858 1464 2117 1535 defendite
2143 1464 2374 1532 viduam,
2416 1474 2463 1519 et
2489 1465 2674 1531 venite,
2703 1474 2751 1521 et
2783 1466 3108 1538 disputemus
3150 1483 3170 1523 :
3203 1478 3225 1505 ο
3255 1468 3464 1540 respuit

1858 1558 2132 1614 sacrificia
2160 1558 2527 1625 victimarum,
2567 1567 2624 1614 et
2652 1559 2928 1630 Evangelii
2962 1560 3334 1617 obedientiam
3365 1562 3464 1619 do-

1857 1662 1944 1707 cet
1968 1666 2091 1707 esse
2122 1666 2288 1721 super
2314 1650 2666 1706 sacrificium.
2700 1650 2973 1719 Quodque
3002 1652 3223 1707 intulit:
3258 1653 3464 1709 Plenus

1857 1762 1993 1813 sum,
2028 1746 2131 1800 hoc
2161 1760 2328 1801 sensu
2363 1759 2446 1801 εει
2475 1744 2879 1816 accipiendum,
2918 1748 3022 1819 21
3069 1746 3212 1801 nulla
3242 1763 3305 1803 re
3328 1747 3471 1803 indi-

160 1848 258 1893 tem
280 1839 412 1909 facie
433 1836 503 1889 ad
531 1836 719 1908 faciem
749 1833 794 1905 (1
836 1831 955 1888 Cor.
988 1847 1104 1900 χιιι,
1138 1830 1225 1901 l2)
1265 1850 1277 1886 :
1319 1830 1534 1901 quando
1556 1830 1626 1885 de
1655 1828 1751 1884 bo-
1786 1835 1835 1896 B
1861 1852 1965 1906 geo
1995 1854 2008 1890 :
2035 1835 2248 1890 Domini
2268 1846 2344 1890 est
2370 1847 2508 1891 terra
2533 1846 2582 1891 et
2601 1837 2871 1907 plenitudo
2890 1837 3197 1910 ejus(Psal.
3216 1854 3369 1905 χχιιι,
3390 1840 3465 1912 l).

159 1930 395 1987 minibus
429 1927 457 1966 ἀ
500 1928 556 1983 in
584 1927 823 1998 Angelos
862 1925 1277 1997 profecerimus,
1332 1936 1390 1980 et
1422 1926 1757 1995 potuerimus

159 2040 278 2081 cum
304 2024 569 2094 Apostolo
597 2022 783 2078 dicere
814 2039 828 2076 :
862 2019 976 2074 Nos
1007 2029 1183 2075 autem
1212 2035 1387 2073 omnes
1410 2019 1641 2074 revelata
1677 2018 1758 2087 fa-

158 2119 235 2173 cie
261 2118 480 2190 gloriam
500 2114 712 2170 Domini
737 2114 1083 2184 speculantes,
1117 2113 1171 2166 in
1214 2113 1445 2167 eamdem
1480 2112 1759 2183 imaginem

161 2208 591 2279 transformamur
620 2224 651 2259 a
682 2207 850 2278 gloria
887 2205 943 2259 in
982 2204 1237 2276 gloriam,
1283 2205 1431 2274 quasi
1472 2201 1586 2275 [ΑΙ.
1620 2210 1759 2256 tam-

157 2299 332 2373 quam]
362 2317 393 2354 a
426 2299 637 2354 Domini
660 2299 850 2369 spiritu
875 2296 945 2369 (11
970 2296 1095 2352 Cor.
1128 2312 1206 2361 tu,
1237 2296 1350 2368 18).
1380 2296 1534 2351 Licet
1562 2294 1760 2351 faciem

159 2394 254 2449 Dei
295 2393 450 2463 juxta
504 2400 714 2447 naturae
761 2406 877 2447 sua:
936 2388 1329 2460 proprietatem
1386 2388 1533 2444 nulla
1579 2388 1766 2444 videat

158 2497 408 2542 creatura
435 2504 450 2542 :
478 2496 537 2543 et
563 2492 698 2540 tunc
727 2492 910 2540 mente
938 2492 1195 2540 cernatur
1221 2483 1442 2555 quando
1470 2482 1765 2539 invisibilis

160 2583 425 2638 creditur.

233 2673 418 2744 (νει-ε.
477 2675 597 2742 11.)
658 2672 770 2740 Quo
824 2671 953 2726 mihi
1006 2670 1391 2726 multitudinem
1441 2669 1767 2724 victimarum

161 2777 472 2835 vestrarum,
517 2767 644 2821 dicit
680 2766 984 2821 Dominus?
1028 2766 1211 2838 plenus
1262 2781 1393 2819 sum.
1443 2762 1769 2819 Holocausta

162 2862 411 2922 arietum,
434 2867 480 2913 et
509 2859 716 2929 adipem
738 2860 1031 2929 pinguium,
1054 2870 1102 2913 et
1133 2858 1438 2929 sanguinem
1467 2856 1771 2922 vitulorum,

163 2961 217 3008 et
243 2968 520 3023 agnorunt,
559 2961 606 3006 et
644 2952 908 3006 hircorum
934 2949 1100 3005 nolui.
1134 2950 1240 3006 Pro
1268 2965 1335 3006 eo
1365 2949 1508 3021 quod
1538 2956 1641 3016 est,
1674 2964 1771 3002 no-

162 3046 265 3114 lui,
303 3046 447 3102 LXX
486 3052 888 3102 transmleruut
924 3045 1067 3112 nolo,
1126 3059 1373 3115 praesens
1428 3054 1644 3112 tempus
1676 3057 1776 3112 pro

163 3141 477 3211 praeterito.
533 3141 706 3195 Porro
756 3140 909 3210 juxta
958 3137 1311 3204 Hebraicum,
1363 3150 1658 3205 numquam
1715 3150 1775 3190 se

1860 1929 2019 1986 Unde
2045 1940 2102 1985 et
2148 1944 2249 1984 nos
2280 1943 2472 1984 omnes
2500 1929 2569 1985 de
2610 1929 2953 1999 plenitudine
2977 1930 3095 2000 ejus
3127 1930 3466 2001 accepimus.

1861 2024 2051 2078 Potest
2079 2022 2182 2078 hoc
2224 2032 2277 2077 et
2324 2022 2393 2077 de
2436 2022 2520 2078 his
2559 2021 2754 2093 accipi,
2784 2022 2874 2092 qui
2920 2037 3043 2078 cum
3072 2023 3168 2079 Dei
3194 2033 3468 2095 praecepta

1866 2116 1884 2155 τ
1917 2133 2024 2172 non
2054 2117 2274 2181 faciant,
2307 2116 2549 2172 donariis
2579 2125 2605 2165 κ
2638 2126 2802 2187 atque
2832 2117 3155 2174 muneribus
3183 2118 3355 2175 Deum
3381 2134 3468 2175 re-

1861 2210 2072 2266 dimere
2094 2224 2255 2280 posse
2282 2225 2341 2266 se
2366 2211 2595 2266 credunt
2625 2228 2639 2264 :
2663 2210 2749 2266 vel
2780 2211 2872 2280 qui
2905 2221 3057 2281 rapta
3093 2227 3191 2282 per
3219 2211 3467 2284 rapinam

1862 2313 1918 2359 et
1946 2304 2256 2369 avaritiam,
2286 2302 2443 2357 altari
2467 2301 2705 2358 offerunt
2732 2311 2788 2357 et
2808 2304 3160 2372 pauperibus.

1936 2395 2122 2464 (Vers.
2155 2393 2270 2464 12.)
2294 2394 2424 2462 Quis
2446 2394 2580 2448 enim
2603 2396 2841 2465 qucesivit
2882 2393 2992 2450 htec
3013 2395 3078 2448 de
3112 2395 3355 2450 manibus
3379 2411 3464 2451 ve-

1866 2487 1985 2540 stris
2013 2485 2039 2539 ?
2070 2484 2311 2540 Audiant
2346 2484 2610 2551 Ebiontei,
2640 2484 2731 2555 qui
2763 2492 2889 2555 post
2920 2483 3228 2554 passionem
3256 2484 3459 2541 Christi

1867 2577 2131 2632 abolitam
2176 2576 2372 2647 Legem
2419 2585 2611 2645 putant
2664 2589 2791 2631 esse
2832 2575 3181 2631 servandam.
3232 2574 3474 2632 Audiant

1868 2671 2247 2727 Ebiouitarum
2299 2668 2458 2735 socii,
2497 2669 2591 2739 qui
2620 2667 2829 2724 Iudaeis
2860 2677 3075 2724 tantum
3119 2678 3176 2724 et
3207 2667 3277 2725 de
3300 2668 3477 2738 stirpe

1870 2764 2156 2821 Israelitici
2187 2762 2411 2834 generis
2440 2763 2558 2816 llaec
2585 2760 2948 2818 cuStodienda
2996 2761 3328 2818 decernunt.
3363 2760 3479 2817 Ho-

1874 2856 1992 2912 stiae
2017 2870 2149 2927 ergo
2188 2864 2244 2911 et
2273 2854 2585 2910 immolatio
2616 2854 2965 2911 victimarum
3018 2869 3127 2910 non
3157 2854 3479 2925 principali-

1878 2958 2007 3004 tera
2044 2948 2157 3003 Deo
2187 2947 2419 3016 quzesita
2447 2954 2615 3013 sunt;
2656 2945 2755 3002 sed
2799 2961 2869 3003 ne
2896 2943 3103 3002 idolish
3141 2946 3342 3002 fierent
3376 2962 3389 2999 :
3423 2956 3480 3003 et

1879 3050 1938 3095 ut
1966 3040 2035 3095 de
2060 3040 2376 3094 carnalibus
2422 3038 2665 3093 victimis
2691 3039 2852 3109 quasi
2902 3054 3005 3109 per
3032 3048 3219 3109 typum
3254 3050 3306 3094 et
3341 3038 3481 3093 ima-

1877 3135 2059 3205 ginem
2092 3132 2158 3188 ad
2216 3131 2538 3202 spirituales
2568 3131 2779 3186 hostias
2824 3130 3211 3188 transiremus.
3240 3131 3485 3188 Dicendo

162 3235 319 3290 Deus
354 3232 559 3288 hostias
599 3232 915 3288 Judasnrum
958 3230 1196 3285 voluisse
1227 3229 1567 3284 demonstrat
1594 3245 1608 3281 :
1632 3226 1777 3298 quod
1807 3222 1852 3284 C
1886 3239 2066 3285 autem
2095 3243 2155 3283 se
2186 3227 2396 3283 hostias
2423 3243 2531 3282 non
2573 3227 2865 3299 quaesisse,
2918 3227 3165 3283 ostendit
3203 3230 3326 3299 quia
3370 3229 3483 3286 Lex

160 3336 228 3385 et
270 3326 326 3381 in
350 3324 775 3393 quadragesimo
810 3338 956 3379 nouo
1000 3323 1211 3391 psalmo
1238 3321 1506 3390 legimus:
1544 3320 1667 3373 Non
1692 3336 1781 3373 ac-

161 3420 366 3492 cipiam
395 3419 460 3471 de
478 3416 635 3471 domo
649 3426 739 3471 tua
766 3417 975 3480 vitulos,
1002 3432 1163 3483 neque
1186 3415 1249 3467 de
1278 3413 1519 3485 gregibus
1542 3414 1644 3467 tuis
1674 3411 1781 3466 hir-

163 3528 262 3568 cos
287 3528 307 3567 :
322 3510 569 3583 quoniam
600 3526 726 3566 mea:
746 3519 869 3565 sunt
895 3525 1072 3564 omnes
1089 3510 1214 3578 ferte
1231 3507 1478 3561 silvarum
1502 3521 1522 3561 :
1540 3507 1784 3577 jumenta

250 3654 277 3681 η
318 3643 490 3706 Idem,
527 3641 651 3696 Vidi
680 3640 957 3696 Dominum
980 3639 1231 3704 Sabaoth,
1254 3640 1533 3700 sedentem.
1559 3648 1666 3695 etc.

249 3714 280 3754 ιι
312 3714 449 3782 Quia
472 3714 528 3768 in
547 3712 831 3795 _ILI_e_brteo,_
872 3724 979 3768 etc.
1033 3713 1088 3795 lp
1135 3712 1361 3794 llehra‘p
1402 3712 1633 3795 legimus

172 3775 422 3860 phanau.
459 3795 514 3839 et
547 3775 688 3860 1’51)
721 3775 1071 3854 reg'lau,quod
1106 3775 1781 3860 potest“interpretarijn

173 3853 405 3931 ejus,_et
426 3873 573 3931 suam
590 3858 692 3931 ;_id
722 3853 825 3931 est,
863 3869 1153 3931 possumus
1179 3854 1487 3931 intelligere
1514 3854 1657 3931 qttod
1681 3853 1780 3931 Se-_-

174 3924 399 3998 faphim
424 3929 522 3981 alis
555 3927 666 3982 suis
696 3927 995 3998 velaverint
1024 3925 1216 3998 facium
1249 3934 1303 3998 et
1335 3925 1501 3994 pedes
1543 3924 1661 3988 Dei,
1693 3924 1777 3980 vel

176 3995 379 4055 faciem
409 4014 472 4054 ac
504 3999 667 4068 pedes
692 4013 862 4068 suos.
890 3995 945 4051 1ιι
988 3996 1151 4068 affixo
1194 3996 1377 4067 igitur,
1412 3998 1532 4051 sive
1574 4012 1782 4068 prono-

178 4070 338 4127 mine
361 4067 588 4125 Hebrum
615 4077 699 4125 est
724 4067 1070 4136 ambiguitas,
1085 4067 1152 4122 de
1173 4084 1276 4137 qua
1307 4068 1397 4122 hic
1421 4078 1473 4119 et
1499 4067 1635 4121 infra
1659 4081 1780 4137 cap.

179 4148 358 4197 sexto
408 4141 642 4209 IOquitur
691 4140 1072 4211 lIierouytnus.
1120 4138 1259 4211 Yide
1306 4141 1465 4205 epist.
1490 4139 1562 4211 _a_d
1597 4142 1789 4193 Dama-

177 4227 336 4279 sum,
368 4210 436 4267 de
463 4208 650 4266 eadem
683 4208 1460 4267 Visione'lsaithlaartam—
1490 4208 1791 4278 Utrumque

180 4285 342 4339 enim
384 4285 495 4356 ejus
522 4293 575 4338 et
618 4298 765 4337 suam
811 4281 1159 4352 interpretari
1212 4291 1392 4351 potest
1429 4279 1702 4335 allixuml
1737 4282 1790 4336 in

176 4378 424 4435 vocibus
464 4381 576 4465 MP
620 4385 676 4431 et
703 4360 858 4438 V511.
903 4375 1022 4430 Mox
1070 4374 1297 4430 Palatiu.
1336 4373 1403 4428 Et
1429 4375 1651 4429 mediam
1679 4383 1788 4429 tan-

179 4482 305 4528 tum
335 4473 448 4539 ejus
477 4480 673 4539 partem
699 4467 870 4523 Isaias
903 4468 1111 4534 vidisse,
1144 4476 1249 4523 etc.

270 4491 305 4525 π
335 4491 363 4524 ε
387 4491 448 4525 us
477 4491 673 4539 partem
699 4491 870 4523 Isaias
903 4491 1111 4534 υιιιιδδε,
1144 4491 1249 4523 εις.

270 4553 293 4582 ο
431 4540 760 4611 Augustinus
790 4539 844 4593 iu
874 4539 1303 4611 Commonitorio
1334 4537 1404 4611 ad
1445 4536 1787 4592 Fortunatia-

174 4630 354 4679 num,
387 4627 485 4667 seu
515 4609 672 4681 epist.
710 4610 834 4681 148,
882 4610 1023 4665 hunc
1055 4609 1360 4680 Hieronymi
1392 4610 1593 4677 locum,
1626 4624 1785 4674 quem

174 4690 478 4755 integrum
512 4680 707 4735 recitat
732 4680 797 4734 ad
826 4680 1490 4755 ﬁnemusquesectiouis,
1519 4681 1784 4755 i_ta_cxpo-

177 4760 281 4815 nit
305 4749 371 4810 ac
399 4760 796 4808 commentatur
826 4769 838 4803 :
870 4749 1039 4804 Iuliis
1069 4749 1230 4804 verbis
1259 4751 1481 4805 hominis
1511 4751 1606 4805 Dei
1632 4750 1792 4805 multa

181 4827 582 4884 consideranda
608 4833 747 4877 sunt.
784 4821 1019 4877 Primum
1053 4823 1177 4889 quia
1212 4822 1489 4876 secundum
1525 4822 1792 4891 apertissi-

183 4915 342 4955 mam
380 4894 596 4950 Domini
633 4895 932 4964 sententiam
969 4893 1127 4964 etiam
1174 4893 1285 4964 ipse
1325 4893 1497 4957 sentit,
1540 4904 1660 4947 tunc
1702 4908 1794 4946 nos

166 4972 410 5031 visuros
435 4968 621 5036 facient
663 4963 792 5032 Dei,
823 4980 938 5018 cum
968 4963 1023 5017 in
1062 4962 1284 5034 Angelos
1315 4964 1711 5036 profecerimus,
1741 4964 1795 5036 id

185 5051 307 5106 est,
339 5034 564 5106 tequales
582 5037 792 5107 Angelis
814 5037 939 5107 facti
964 5037 1235 5107 fuerimus,
1265 5034 1407 5107 quod
1425 5036 1519 5088 erit
1542 5035 1716 5103 utique
1742 5034 1797 5107 in

183 5104 580 5169 resurrectione
610 5104 949 5163 mortuorum.
968 5104 1184 5160 Deinde
1203 5104 1490 5175 apostolico
1514 5105 1800 5158 testimonio

182 5183 340 5239 satis
362 5181 586 5246 aperuit,
618 5195 718 5234 non
746 5179 1035 5244 exterioris,
1064 5179 1155 5232 sed
1182 5176 1439 5230 interioris
1472 5176 1694 5229 hominis
1724 5180 1805 5241 fa-

188 5256 345 5310 ciem
390 5251 801 5325 intelligendam,
810 5266 951 5325 cum
980 5248 1263 5325 videbimus
1302 5247 1436 5325 facie
1474 5247 1542 5300 ad
1576 5247 1803 5325 faciem:

501 5317 654 5393 utppe
679 5321 847 5375 cordis
875 5321 1477 5393 loquebaturapostolus,
1514 5334 1630 5393 cum
1662 5317 1802 5372 dice-

188 5340 277 5380 ae
301 5340 439 5394 facte
501 5340 654 5393 utppc
679 5340 847 5375 corats
875 5340 1171 5382 taqueoatur
1191 5340 1477 5388 aposwtus,
1514 5340 1630 5372 cum
1662 5340 1802 5372 utce-

186 5408 311 5462 ret,
345 5340 496 5466 quos?
511 5391 632 5447 hinc
657 5392 1068 5466 commemorat-it
1092 5407 1110 5445 :
1146 5390 1700 5466 Nos_autent_revelattt
1729 5393 1811 5459 fa-

187 5459 313 5528 cie,
358 5459 469 5521 etc.
525 5467 590 5518 Et
644 5462 964 5534 quibusdam
1012 5464 1367 5534 interpositis.
1416 5459 1699 5534 Postremo
1750 5477 1811 5534 ne

187 5539 491 5613 quicquam
517 5537 619 5589 ista
648 5532 818 5613 minus
840 5536 1076 5613 intuens,
1091 5533 1357 5613 minusque
1389 5532 1707 5597 discernens,
1738 5532 1814 5613 vi-

189 5602 421 5668 s'ibilem
444 5605 637 5678 Deum,
660 5607 736 5661 vel
751 5603 1076 5678 angeliskvel
1100 5602 1410 5671 hominibus,
1445 5618 1563 5678 cum
1592 5602 1814 5678 tequales

191 5680 422 5753 angelis
466 5677 591 5753 facti
627 5674 894 5753 fuerimus,
920 5674 1055 5753 _sive
1096 5690 1232 5753 nunc
1272 5690 1400 5753 esse,
1447 5674 1554 5727 sive
1583 5674 1817 5753 futurum

194 5744 327 5809 αέα
353 5744 608 5809 crederet.
628 5744 1013 5802 euidentissime
1039 5745 1166 5816 quid
1191 5747 1418 5812 sentiret,
1462 5744 1713 5816 expressit
1740 5744 1821 5798 di-

188 5326 277 5380 de
301 5325 439 5394 facie

1887 3322 2190 3393 spiritualis
2217 3330 2302 3375 est
2332 3338 2346 3374 :
2378 3331 2433 3377 et
2464 3323 2647 3376 omnia
2687 3337 2809 3391 qua:
2853 3320 3027 3377 Judmi
3073 3324 3368 3379 carnaliter
3403 3324 3486 3379 fa-

1888 3414 2062 3475 ciunt,
2095 3426 2123 3465 a
2155 3411 2316 3467 nobis
2343 3412 2563 3483 impleri
2594 3412 2979 3482 Spiritualiter.

1965 3505 2146 3577 (Vers.
2181 3503 2295 3577 15.)
2325 3503 2544 3561 Calcare
2593 3506 2786 3560 atrium
2820 3521 2987 3561 meum
3043 3522 3145 3562 non
3191 3507 3487 3578 apponetis.

1879 3638 2027 3692 nulla
2064 3637 2233 3692 videat
2264 3648 2524 3700 creatura.
2566 3650 2612 3695 et
2640 3649 2761 3694 tunc
2786 3650 2952 3694 mente
2982 3651 3245 3707 cernatur,
3275 3641 3490 3706 quando

1877 3709 2151 3764 invisibilis
2172 3712 2419 3783 creditur.
2449 3709 2600 3783 Unde
2628 3712 2936 3783 sufﬁcienter
2949 3711 3260 3783 signiﬁcavit
3283 3717 3489 3783 quando

1854 3797 2015 3836 'vtsus
2046 3792 2120 3835 est
2164 3781 2228 3833 ab
2265 3782 2557 3836 hominibus
2587 3781 2883 3851 perbculos
2934 3781 3189 3853 corporis,
3228 3781 3488 3854 tamquam

1879 3854 1991 3923 ipse
2010 3867 2308 3924 corporeus,
2352 3869 2457 3907 non
2486 3870 2603 3907 eum
2640 3854 2923 3908 secundum
2976 3866 3177 3910 natura:
3215 3870 3327 3910 sua
3365 3872 3488 3924 pro-

1886 3926 2159 3996 prietatem
2209 3926 2369 3993 fuisse
2416 3924 2606 3986 visum,
2653 3924 2837 3996 inAqua
2865 3936 2984 3979 tunc
3029 3938 3197 3981 mente
3235 3925 3489 3993 cernitur,

1886 3993 2093 4067 quando
2124 3996 2400 4067 invisibilis
2422 3996 2669 4050 creditur.
2697 3993 2922 4067 Confer,
2955 3996 3001 4050 si
3035 3998 3184 4062 libet,
3220 3998 3489 4067 reliquum

1887 4066 2010 4135 ejus
2039 4066 2298 4133 Epistulae
2323 4075 2662 4134 contextum,
2693 4066 2747 4121 in
2777 4081 3010 4137 eumque
3030 4069 3314 4122 doctorum
3346 4066 3491 4123 viro-

1889 4152 2007 4192 rum
2037 4145 2213 4194 IlOlaS.

1964 4229 1990 4269 (ι
2027 4230 2095 4285 In
2128 4231 2375 4302 Angelos.
2404 4229 2527 4287 ’etc.
2576 4231 2702 4286 Htcc
2730 4229 2989 4288 videntur
3017 4245 3214 4302 sapere
3239 4246 3486 4288 errorem

1894 4302 2145 4372 Origrnis
2167 4319 2327 4367 quem
2357 4303 2475 4369 ipse
2501 4302 2864 4373 Hieronymus
2883 4303 3173 4372 castigavit
3221 4303 3382 4372 epist.
3419 4304 3491 4361 ad

1896 4374 2112 4429 Avitum
2145 4392 2158 4427 :
2189 4374 2437 4441 Cumque,
2464 4374 2637 4444 inquit
2661 4415 2675 4437 ,
2706 4378 2759 4428 in
2789 4383 2988 4427 tantum
3023 4374 3410 4444 profecerimus,
3437 4386 3491 4430 ul

1816 4465 1871 4526 D
1897 4461 2223 4528 nequaquam
2263 4460 2445 4528 carnqs
2476 4453 2523 4498 et
2566 4460 2804 4511 corpora,
2835 4444 3051 4528 forsitan
3066 4460 3142 4528 ﬁne
3169 4445 3491 4528 animmqui~

1897 4514 2012 4570 dent
2037 4514 2306 4584 fuerimus.
2324 4514 2415 4567 sed
2433 4530 2574 4568 mens
2598 4524 2647 4568 et
2671 4530 2849 4585 sensus
2872 4515 2939 4569 ad
2964 4516 3246 4585 perfectum
3263 4514 3489 4581 veniens,

1891 4589 2137 4658 nulloque
2180 4584 2623 4658 perturbationum
2664 4584 2843 4638 nubilo
2878 4584 3149 4658 caligaria,
3180 4587 3491 4658 intuebimur

1891 4652 2190 4711 rationales
2208 4652 2656 4727 intelligibllesque
2686 4652 3022 4727 substantias.
3049 4656 3179 4715 facie
3200 4656 3268 4727 ad
3280 4657 3486 4727 faciem.

1896 4730 2078 4797 Itaque
2119 4727 2224 4783 hoc
2250 4728 2370 4782 loco
2394 4724 2665 4797 profectus
2688 4724 2968 4797 hominum
2996 4726 3050 4780 in
3076 4724 3310 4796 Angelus
3335 4725 3496 4781 intel-

1894 4796 2145 4870 ligendus
2173 4809 2256 4870 est
2280 4798 2348 4853 de
2378 4796 3003 4870 similitudine,_quaudo
3025 4799 3077 4851 in
3108 4796 3321 4853 coalein
3362 4796 3488 4870 beag

1898 4866 2155 4996 tiiudineu
2151 4869 2354 4926 erimus
2377 4869 2518 4925 sicut
2544 4866 2735 4940 Angeli
2758 4867 2877 4937 Dei,
2907 4868 3156 4925 videntes
3181 4883 3305 4925 eum
3328 4868 3493 4926 sicuti

1898 4951 2088 4996 esl.-—
2107 4979 2123 4996 .
2161 4956 2378 4996 ARTIAN.

1898 4951 2001 4997 est.
2016 4972 2088 4982 --
2107 4951 2378 4997 ΜΔΕΊΊΑΝ.

1978 5045 2000 5072 θ
2040 5033 2260 5090 Addunt
2287 5032 2461 5089 Vatic.
2487 5041 2544 5088 et
2567 5033 2737 5089 Palat.
2768 5049 2928 5101 mss.,
2961 5034 3087 5089 dicit
3112 5033 3388 5091 Dominus.

1979 5106 1998 5143 ί
2030 5104 2153 5160 Non
2181 5106 2397 5175 faciant.
2445 5103 2525 5158 Ita
2562 5103 2752 5173 legunt
2778 5120 2910 5161 mss.
2942 5107 3193 5172 codices;
3215 5106 3372 5162 ‘Editi
3397 5121 3500 5162 au-

1906 5186 2037 5235 tem.
2064 5178 2215 5231 donis
2240 5177 2400 5247 variis
2429 5184 2583 5247 atque
2604 5175 2923 5232 muneribus.
2975 5178 3245 5234 Maurum.

1980 5247 2187 5303 sVatic.
2203 5262 2326 5300 cum
2343 5246 2474 5300 olim
2486 5246 2667 5311 editis,
2684 5248 2837 5302 donis
2851 5250 3005 5302 variis
3018 5261 3171 5317 atque
3184 5248 3501 5301 muneribus.

1984 5317 2009 5355 ιι
2041 5318 2148 5372 Sed
2184 5333 2246 5370 ne
2280 5317 2434 5371 idolis
2461 5317 2664 5387 fierent.
2699 5317 2815 5373 Huc
2849 5319 3011 5387 etiam
3043 5316 3164 5387 luco
3193 5317 3426 5383 legimus
3448 5316 3505 5373 in

1913 5389 2091 5445 Editis
2130 5387 2361 5442 antehac
2398 5385 2585 5453 libris;
2618 5389 2707 5443 sed
2733 5404 2796 5441 ne
2819 5386 2975 5440 idolis
3006 5385 3349 5452 offerrentur;
3379 5401 3506 5443 cum

1917 5474 2051 5516 mss.
2078 5458 2301 5513 codices
2325 5466 2639 5514 c0nstauter
2673 5461 2877 5526 legant,
2911 5456 3000 5510 sed
3031 5472 3095 5511 ne
3115 5456 3268 5511 idolis
3306 5458 3510 5526 ﬁerent.

1916 5528 2074 5597 Quod
2101 5528 2245 5583 idem
2276 5539 2434 5583 sonat
2454 5543 2519 5582 ac
2549 5529 2969 5598 sacriﬁcarentur
3004 5545 3019 5584 :
3050 5542 3172 5583 nam
3198 5528 3393 5595 facere,
3425 5531 3513 5587 vel

1921 5604 2092 5674 facere
2130 5598 2376 5674 Deo,gest
2418 5599 2750 5674 sacrificium
2795 5598 3014 5674 ol'l'erre,
3044 5601 3521 5674 gutgmauil'estum

1922 5669 2104 5730 exstat
2133 5671 2274 5741 apud
2310 5670 2581 5725 Auctores
2614 5670 2853 5741 purioris
2879 5670 3208 5728 Latinitatis.
3250 5669 3521 5730 Maurus.

1924 5775 1996 5786 —
2024 5743 2202 5800 Palat.
2238 5740 2482 5799 secunda
2519 5740 2682 5798 manu
2702 5785 2718 5811 ,
2748 5741 2939 5812 offerre
2970 5746 3184 5812 ﬁerent,
3208 5755 3369 5800 antea
3396 5760 3531 5804 vero

198 5839 360 5889 cens,
395 5818 553 5889 Quod
580 5819 764 5889 faciem
796 5816 893 5872 Dei
919 5814 1068 5882 iuxta
1096 5826 1300 5871 natura:
1320 5832 1427 5871 suae
1454 5814 1821 5887 proprietatem
1928 5814 2388 5886 quemadmodum
2418 5822 2474 5869 et
2500 5822 2721 5873 veteres
2746 5815 2880 5873 editi
2913 5814 3245 5883 alienantur.
