4008 6290
566 290 642 349 39
1824 272 1882 332 s.
1926 269 2200 332 susse"
2239 267 2625 331 lllERONYMl
3816 265 3884 325 to
3941 232 3953 242 ’

568 402 794 459 laudans
822 397 888 471 (ll
917 395 1101 451 Paral.
1127 392 1236 464 rx).
1255 390 1366 450 Sed
1395 398 1453 447 et
1482 389 1844 447 Ecclesiastes
1863 388 2165 445 ministeria
2192 390 2247 449 Α
2271 389 2443 454 datur,
2475 389 2592 460 plus
2631 387 2864 458 exigetur
2895 385 2958 440 ab
2986 401 3045 439 eo
3075 383 3230 458 (Luc.
3260 397 3357 450 xu,
3407 379 3523 454 48).
3558 380 3881 438 Abutimur-

573 498 710 561 vini,
739 503 901 563 atque
947 488 1182 547 convivii
1210 486 1318 554 sui,
1349 483 1584 557 mystico
1620 496 1872 538 sermone
1912 479 2175 536 describit

2276 497 2384 552 que
2410 481 2514 536 hoc
2543 479 2879 545 testimonio,
2909 477 2957 533 si
2983 476 3205 549 quando
3237 491 3374 546 opus
3401 474 3567 530 fuerit
3589 473 3882 531 adversum

571 589 799 662 (Eccles.
846 586 930 656 ιι).
963 582 1116 640 Unde
1167 597 1264 652 pro
1295 579 1419 634 vino
1460 577 1672 648 Aquila,
1706 585 1731 613 ιι
1775 575 2086 646 συμπόσιον,
2121 571 2171 626 id
2277 576 2543 632 Ecclesia;
2582 575 2879 647 principes,
2931 573 3024 644 qui
3053 587 3208 628 suam
3265 569 3562 626 destruunt
3592 569 3883 640 operibus

568 691 674 746 est,
707 677 996 734 convivium
1038 675 1437 744 interpretatus
1481 681 1564 727 est
1591 667 1738 741 quod
1767 668 1907 739 apud
1952 666 2175 722 Graecos

569 775 670 831 ἀπὸ
690 779 782 830 τοῦ
796 772 980 832 πότου,
1000 766 1144 838 apud
1169 780 1268 821 nos
1295 780 1326 820 a
1351 763 1606 821 convictu
1629 761 1834 817 rectius
1850 759 2172 831 appellatur.

643 868 824 940 (Vers.
856 863 978 933 9.5.)
1013 861 1287 931 Principes
1325 859 1400 912 tui
1423 856 1801 922 inobedientes,
1829 853 1958 909 socii
1977 853 2168 923 furum.

574 962 680 1020 Pro
730 953 1255 1018 1tinobedientibns,
1311 949 1530 1020 Aquila,
1561 953 1894 1002 recedentes:
1932 944 2174 1016 Symma-

573 1055 734 1115 chus,
767 1047 1108 1112 declinantes,
1144 1044 1540 1112 interpretatus
1556 1047 1660 1094 est.
1691 1037 1970 1106 Principes
1999 1044 2177 1088 autem

577 1145 798 1203 Scribas
824 1153 881 1197 et
901 1139 1210 1196 Phariszeos
1228 1134 1508 1204 vocat,qni
1538 1149 1566 1186 a
1589 1131 1818 1188 Omnino
1839 1128 2178 1190 recedentes,

578 1238 747 1293 immo
775 1235 1012 1291 veritatis
1043 1233 1292 1287 semitam
1324 1227 1719 1297 relinquentes,
1777 1236 2039 1294 perverso
2065 1235 2180 1274 am—

579 1331 904 1387 bulaverunt
946 1325 1164 1391 itinere,
1190 1331 1244 1378 et
1275 1319 1412 1376 socii
1439 1319 1664 1374 luerunt
1692 1314 1986 1386 proditoris
2020 1312 2181 1367 furis-

579 1438 687 1496 que
715 1421 890 1479 Iudae.
930 1418 1085 1488 Quod
1112 1415 1333 1488 quidem
1356 1423 1412 1469 et
1439 1426 1537 1467 nos
1565 1425 1760 1466 cavere
1795 1408 2078 1469 debemus,
2113 1419 2182 1459 ne

582 1517 919 1585 accipientes
955 1513 1025 1569 ab
1054 1509 1368 1568 hominibus
1416 1505 1604 1562 ssecnli
1650 1518 1897 1569 munera,
1946 1501 2038 1571 qui
2083 1515 2184 1570 per

585 1614 802 1680 rapinas
825 1608 1265 1673 miserorumque
1297 1601 1564 1671 lacrymas
1590 1596 1807 1651 divitias
1827 1601 2180 1662 congregant,

582 1717 688 1758 non
720 1699 827 1772 [Αι.
865 1696 956 1769 ne]
1003 1705 1112 1750 tam
1154 1694 1256 1764 ipsi
1287 1691 1460 1756 fures,
1507 1704 1669 1758 quam
1705 1687 1842 1741 socii
1876 1684 2056 1739 furum
2087 1697 2184 1751 ap-

2279 668 2621 740 dignitatem.

2352 759 2470 814 Heu
2492 760 2798 816 consolabar
2816 775 2975 826 super
3003 757 3238 814 hostibus
3261 756 3409 822 meis,
3441 763 3490 810 et
3512 755 3812 810 vindicabor
3824 755 3884 810 de

2281 854 2500 909 inimicis
2530 854 2677 907 meis.
2714 853 2950 907 Rursum
2981 863 3035 908 et
3061 852 3114 905 in
3152 852 3280 918 hoc,
3320 850 3467 921 quod
3515 850 3567 904 in
3612 849 3885 905 Hebraico

2283 962 2388 1002 non
2419 947 2672 1012 habetur,
2721 954 2998 1015 ponuntur
3025 942 3190 1008 LXX,
3237 941 3360 996 Non
3385 942 3600 995 cessavit
3629 942 3766 996 enim
3795 941 3886 1013 fu-

2281 1053 2370 1091 ror
2396 1054 2535 1092 meus
2558 1046 2738 1090 contra
2779 1035 3016 1090 inimicos
3050 1051 3214 1088 meos.
3254 1035 3493 1104 Corripit
3522 1043 3704 1088 autem
3729 1032 3882 1089 εει-ι.

2282 1128 2380 1184 bas
2409 1136 2464 1183 et
2490 1127 2822 1194 Pharisaeos,
2855 1127 2925 1181 de
2962 1127 3160 1197 quibus
3186 1137 3240 1181 et
3273 1126 3326 1180 in
3370 1125 3665 1194 Evangelia
3713 1126 3887 1194 l0qni-

2285 1229 2372 1275 tur
2403 1237 2416 1274 :
2449 1220 2542 1275 Va:
2574 1221 2734 1283 vobis,
2775 1219 2972 1275 Scriba:
3003 1229 3049 1273 et
3087 1219 3342 1274 Pharistei
3365 1217 3588 1290 (Matth.
3624 1234 3780 1285 mu,
3821 1220 3886 1275 15

2283 1313 2447 1384 seqq).
2476 1314 2538 1367 Et
2563 1314 2616 1368 in
2646 1313 2755 1369 alio
2794 1313 2917 1369 loco
2953 1331 2965 1366 :
3011 1312 3286 1368 Generatio
3311 1313 3546 1368 adultera
3579 1325 3625 1366 et
3651 1329 3888 1384 pervtrsa

2283 1406 2484 1478 signum
2517 1407 2699 1476 qurerit
2733 1423 2749 1460 :
2779 1417 2824 1461 et
2862 1409 3069 1480 signum
3099 1423 3200 1460 non
3221 1407 3427 1461 dabitur
3447 1407 3515 1472 ei,
3545 1407 3645 1462 nisi
3680 1408 3886 1478 signum

2284 1497 2434 1554 J0me
2464 1499 2727 1571 prOphetw
2753 1499 2972 1572 (Matth.
3016 1517 3111 1562 xu,
3145 1500 3261 1571 59).
3297 1500 3513 1570 I’langit
3551 1511 3733 1556 autem
3773 1504 3888 1557 cle-

2287 1591 2657 1646 mentissimus
2686 1602 2842 1662 pater
2863 1592 3139 1663 principes
3163 1592 3551 1662 delinquentes
3584 1603 3641 1647 et
3693 1593 3884 1649 hostes

2287 1696 2416 1736 suos
2443 1693 2624 1748 vocat,
2673 1693 2728 1738 et
2760 1684 3014 1739 inimicos
3065 1685 3328 1755 appellat,
3355 1685 3499 1754 quod
3533 1695 3785 1756 pereant,
3821 1703 3888 1741 eo

582 1793 852 1864 pellemur
886 1807 898 1842 :
932 1788 1256 1854 dicaturque
1287 1781 1466 1846 nobis,
1503 1779 1728 1833 Videbas
1751 1778 1941 1846 furem,
1973 1783 2022 1828 et
2064 1790 2182 1826 curo
2212 1779 2260 1839 Β
2286 1775 2428 1846 quod
2463 1776 2635 1831 nolint
2658 1792 2819 1846 agere
2846 1777 3247 1848 pmnitentiam,
3283 1778 3427 1849 quod
3471 1794 3532 1834 se
3578 1778 3888 1835 venientem

586 1887 734 1942 rebus
786 1900 904 1938 cum
949 1899 1048 1950 eo,
1113 1888 1159 1934 et
1215 1893 1335 1931 cum
1389 1872 1641 1929 adulteris
1697 1872 1982 1941 portionem
2045 1877 2184 1922 tuam

585 1976 810 2050 ponebas
843 1973 966 2041 (Ps.
1005 1987 1167 2037 χιιι,
1207 1967 1318 2040 18).

665 2071 857 2126 Omnes
900 2068 1128 2141 diligunt
1174 2079 1423 2130 ntunera,
1478 2069 1760 2129 sequuntur
1805 2057 2183 2114 retributiones.

587 2165 645 2222 In
675 2165 930 2235 catalogo
961 2162 1214 2218 vitiorum
1247 2164 1614 2214 numerantur
1645 2155 1810 2210 etiam
1847 2154 1898 2208 hi
1945 2152 2035 2222 qui
2065 2151 2189 2207 dili-

587 2268 722 2333 gunt
769 2272 1016 2314 munera.
1055 2254 1173 2310 Non
1224 2252 1384 2316 dixit,
1428 2250 1518 2320 qui
1553 2248 1831 2318 accipiunt
1862 2263 1874 2298 :
1910 2245 2012 2301 hoc
2042 2244 2186 2298 enim

585 2370 730 2425 smpe
781 2350 1110 2407 necessitate
1153 2348 1251 2411 lit;
1292 2344 1392 2402 sed
1437 2342 1531 2413 qui
1565 2357 1675 2397 non
1715 2348 1908 2411 putant
1960 2337 2185 2404 amicos,

588 2450 692 2506 nisi
717 2465 744 2500 a
772 2447 970 2518 quibus
997 2445 1138 2500 dona
1163 2440 1516 2513 perceperint
1549 2456 1561 2490 :
1607 2453 1708 2492 nec
1747 2450 1808 2490 os
1841 2432 2192 2490 considerant

586 2542 912 2606 amicorum,
957 2536 1052 2593 sed
1094 2550 1287 2590 manus
1333 2549 1347 2585 :
1399 2541 1456 2587 et
1489 2546 1586 2586 eos
1635 2536 1855 2584 sanctos
1891 2526 2144 2598 judiCant
2175 2566 2189 2590 ,

589 2648 822 2706 quorum
852 2629 1181 2686 exhauriunt
1211 2623 1544 2693 marsupinm
1565 2638 1578 2675 :
1603 2621 1672 2677 de
1696 2621 1894 2691 quibus
1923 2628 1976 2673 et
2004 2616 2189 2672 Eccle-

591 2728 788 2784 siastes
817 2725 1057 2795 loquitur
1083 2741 1097 2777 :
1123 2721 1226 2789 Qui
1249 2719 1421 2792 diligit
1444 2717 1739 2790 pecuniam,
1764 2731 1867 2768 non
1894 2710 2194 2781 implebitur

592 2821 812 2892 pecunia
842 2817 1072 2891 (Eccles.
1107 2830 1163 2879 v,
1198 2815 1277 2883 9).
1332 2810 1645 2868 Istiusmodi
1688 2818 1994 2881 sequuntur
2028 2806 2190 2862 retri-

588 2914 862 2979 butiones,
915 2922 975 2965 ut
1012 2906 1232 2963 laudent
1270 2919 1367 2961 eos
1417 2921 1447 2960 a
1476 2904 1674 2974 quibus
1717 2900 1921 2972 aliquid
1971 2914 2197 2970 accepe-

593 3003 752 3072 rint,
802 3000 888 3057 vel
938 3009 1092 3056 certe
1144 2998 1276 3053 nulli
1315 2996 1591 3068 quidpiam
1655 2995 1943 3059 tribuant,
2007 2992 2112 3048 nisi
2165 3007 2192 3046 a

587 3112 697 3170 quo
725 3111 783 3151 se
814 3103 1134 3166 recepturos
1175 3091 1506 3162 putaverint.
1562 3089 1667 3144 Pro
1702 3087 2194 3150 retributionibus,

2289 1885 2396 1924 non
2427 1871 2785 1939 susceperint.
2842 1871 3303 1941 Appropinquans
3353 1873 3503 1927 enim
3554 1873 3886 1936 Jerusalem,
3973 1907 3975 1910 ‹

2291 1960 2460 2028 ﬂevit,
2491 1971 2546 2016 et
2576 1963 2751 2016 dixit:
2803 1961 3120 2030 Jerusalem,
3167 1963 3482 2032 Jerusalem,
3533 1983 3648 2037 qua:
3698 1969 3890 2021 occidis

2291 2051 2582 2124 Prophetas
2612 2096 2627 2118 ,
2687 2064 2730 2108 et
2782 2054 2985 2126 lapidas
3041 2073 3126 2110 eos
3160 2098 3175 2124 ,
3214 2059 3305 2129 qui
3352 2060 3420 2112 ad
3473 2069 3519 2112 te
3560 2061 3704 2114 missi
3732 2071 3890 2125 sunt,

2291 2153 2489 2220 quoties
2512 2151 2654 2205 volui
2672 2168 2985 2223 congregare
3005 2153 3144 2223 ﬁlios
3176 2164 3308 2222 tuos,
3335 2155 3467 2208 sicut
3489 2157 3687 2228 gallina
3724 2159 3891 2226 pullos

2291 2259 2435 2306 suos.
2469 2255 2517 2298 et
2547 2243 2759 2298 noluisti
2793 2244 3010 2316 (Matth.
3058 2263 3210 2315 χχιιι,
3255 2247 3347 2321 57)
3373 2250 3385 2303 l
3416 2248 3734 2306 Consolatio
3766 2267 3894 2322 ergo

2294 2337 2391 2393 Dei
2420 2351 2585 2407 super
2625 2339 2871 2394 hostibus
2897 2341 3017 2410 ejus
3046 2352 3095 2396 et
3131 2342 3369 2415 inimicis
3402 2353 3487 2399 est
3533 2361 3547 2400 :
3580 2355 3637 2400 nt
3666 2347 3759 2417 qui
3791 2364 3894 2403 non

2295 2431 2891 2498 senseruntbenelicia,
2919 2434 3209 2504 suppliciis
3233 2436 3605 2508 corrigantur.

2365 2522 2547 2593 (Vers.
2580 2525 2701 2594 ‘25.)
2730 2524 2801 2578 Et
2829 2538 3120 2580 convertam
3157 2545 3370 2584 manum
3410 2549 3574 2587 meum
3616 2535 3685 2587 ad
3716 2544 3798 2600 te;
3850 2546 3892 2589 et

2295 2633 2576 2689 excoquam
2596 2619 2664 2673 ad
2693 2636 2882 2690 purum
2917 2623 3141 2676 scoriam
3173 2633 3340 2688 tuam,
3375 2635 3422 2680 et
3457 2625 3699 2696 auferant
3747 2646 3896 2684 omne

2294 2720 2537 2766 stannum
2575 2724 2739 2767 tuum.
2784 2713 2890 2770 Pro
2928 2716 3099 2769 scoria
3130 2761 3143 2783 ,
3173 2719 3315 2786 quod
3371 2719 3766 2790 interpretatus
3816 2732 3897 2776 est

2301 2813 2324 2839 θ
2368 2804 2747 2876 Symmachus,
2810 2807 3004 2874 Aquila
3053 2809 3332 2882 στέμφυλα,
3389 2810 3442 2864 id
3485 2821 3606 2876 est,
3666 2814 3890 2874 vinacia,

2297 2895 2601 2952 Theodotio
2629 2897 2963 2974 γιγαρτῶδες,
3001 2898 3052 2952 id
3080 2909 3185 2966 est,
3235 2902 3439 2956 acinum
3471 2920 3582 2957 uva'
3627 2904 3898 2975 interpre-

2300 2999 2443 3046 tatus
2471 2999 2554 3047 est
2581 3010 2592 3043 :
2624 2991 2724 3046 soli
2752 2990 2915 3058 LXX,
2944 2991 3237 3046 incredulos
3261 2995 3343 3048 vel
3376 2994 3746 3063 inobedientes,
3774 3012 3898 3052 sen-

2300 3098 2418 3138 sum
2443 3085 2618 3154 magis
2646 3101 2808 3154 qttam
2841 3085 3004 3140 verba
3046 3095 3342 3140 vertentes.
3391 3085 3525 3152 Quia
3553 3088 3700 3141 enim
3732 3105 3896 3159 supra

594 3167 990 3264 Symmachus,
1023 3185 1442 3250 vicissitudines,
1503 3183 1590 3237 vel
1624 3183 1892 3250 ultiones,
1926 3182 2194 3250 interpre—
2223 3167 2267 3230 C
2299 3177 2513 3232 dixerat
2548 3196 2560 3232 :
2601 3179 2881 3246 Argentum
2902 3187 3046 3232 tuum
3069 3192 3265 3231 versum
3284 3187 3358 3232 est
3385 3178 3437 3231 in
3470 3181 3716 3244 scoriam,
3755 3197 3901 3237 nunc

595 3293 739 3340 tatus
766 3292 867 3346 est,
894 3290 952 3335 ut
980 3279 1034 3333 hi
1058 3293 1279 3350 quoque
1309 3278 1361 3332 in
1392 3277 1546 3346 culpa
1562 3275 1801 3346 sint,qui
1826 3274 2195 3330 redduntma-

590 3378 701 3433 lunt
729 3391 828 3444 pro
843 3375 1009 3440 malo,
1031 3383 1084 3430 et
1105 3373 1326 3428 dentem
1346 3386 1442 3439 pro
1469 3369 1893 3434 dente.oculum
1920 3385 2020 3440 pro
2038 3369 2198 3424 oculo

591 3469 790 3544 (Exod.
828 3467 984 3536 ut);
1021 3474 1076 3519 et
1108 3480 1218 3518 non
1250 3463 1540 3516 imitantur
1569 3461 1702 3515 illud
1735 3461 2051 3516 Davidicum
2083 3479 2096 3514 :
2136 3461 2198 3517 Si

593 3561 800 3617 reddidi
826 3556 1223 3612 retribuenttbus
1253 3553 1383 3606 mihi
1411 3553 1549 3606 uiola
1577 3551 1751 3623 (Psal.
1770 3568 1864 3618 vn,
1889 3553 1978 3622 5);
2017 3561 2071 3608 et
2101 3552 2195 3608 ιθ-

598 3652 785 3710 remi-.1:
821 3649 892 3704 de
917 3649 1066 3719 justo
1093 3644 1332 3701 dicentis
1360 3661 1373 3698 :
1406 3642 1558 3698 Dabit
1585 3645 1888 3715 percutienti
1914 3662 1970 3700 se
2007 3646 2168 3699 main
2184 3677 2196 3688 -

598 3746 703 3800 lam
727 3758 897 3806 suam,
919 3739 1238 3796 saturabitur
1277 3737 1563 3809 opprobriis
1595 3736 1808 3810 (Thren.
1850 3754 1928 3805 ιιι,
1958 3738 2049 3808 50)
2092 3755 2104 3790 :
2141 3749 2197 3792 ut

597 3837 824 3908 impleat
876 3833 1263 3904 Evangelicum
1295 3830 1472 3885 virum
1499 3872 1514 3896 ,
1548 3832 1633 3886 cui
1669 3832 1874 3887 dicitur
1905 3850 1916 3886 :
1953 3832 2057 3900 Qui
2091 3832 2197 3904 27

599 3941 648 3986 te
701 3927 1008 4000 percusserit
1069 3926 1124 3980 in
1187 3923 1456 3978 marillam
1489 3965 1502 3990 ,
1559 3923 1727 3994 prwbe
1781 3925 1826 3977 ei
1881 3934 1930 3978 et
1981 3923 2199 3978 alterunt

599 4023 816 4096 (Matth.
849 4037 905 4088 v,
931 4019 1049 4089 59).

669 4116 851 4190 (Vers.
879 4113 1000 4178 24.)
1042 4111 1268 4182 Pr0pter
1296 4111 1392 4165 hoc
1437 4110 1508 4164 ait
1553 4107 1809 4164 Dominus
1855 4111 2195 4180 exercituum,

598 4207 749 4280 fortis
779 4203 949 4259 Israel
975 4202 1122 4257 :Pro
1152 4202 1301 4270 fortis
1331 4199 1531 4266 Israel,
1561 4201 1706 4270 quod
1729 4216 1922 4256 omnes
1944 4202 2200 4259 similiter

598 4300 1021 4363 transtulerunt,
1043 4295 1142 4351 soli
1166 4293 1331 4361 LXX,
1358 4295 1546 4350 nescio
1573 4294 1702 4365 quid
1733 4296 1980 4352 volentes
2003 4312 2198 4367 posue-

601 4401 731 4452 runt
761 4410 773 4446 :
810 4403 830 4430 ε
885 4390 976 4446 Vw
1025 4390 1185 4460 fortes
1212 4386 1424 4454 Israel;
1474 4387 1618 4457 quod
1658 4404 1759 4444 nos
1786 4390 1865 4444 sic
1891 4390 2198 4448 edisserere

604 4497 918 4558 possumus,
948 4489 1006 4535 nt
1034 4479 1308 4546 dicamus,
1341 4479 1620 4549 principes
1657 4482 1684 4517 (ί
1716 4497 1931 4552 quoque
1970 4483 2192 4553 corripi,

2299 3278 2483 3325 servat
2506 3269 2903 3341 metaphoram,
2941 3279 2998 3325 ut
3019 3277 3308 3326 convertat
3333 3285 3499 3338 super
3530 3286 3671 3340 eam,
3705 3272 3756 3325 id
3790 3285 3893 3341 est,

2300 3363 2559 3419 extendat
2597 3379 2814 3418 manum
2847 3378 3002 3418 suam
3052 3363 3118 3418 ad
3169 3362 3526 3432 puniendum,
3561 3372 3727 3434 atque
3767 3380 3900 3434 pur-

2298 3457 2558 3528 gandum,
2607 3467 2662 3510 et
2706 3464 2978 3526 excoquat
3021 3470 3213 3510 omnes
3259 3457 3370 3528 28
3399 3455 3624 3522 sordes,
3671 3471 3736 3512 ac
3767 3459 3898 3513 vitia
3971 3453 3973 3528 λ

2303 3562 2646 3620 ΡΘΟΟΜΟΙῚΙΙΠ
2685 3567 2698 3603 ζ
2742 3557 2802 3604 ιιι
2823 3558 3076 3618 separato
3109 3559 3324 3615 stanno,
3375 3565 3568 3620 purum
3611 3563 3899 3620 argentum

2302 3654 2600 3712 remaneat,
2651 3644 2797 3716 quod
2837 3645 3045 3716 absque
3073 3646 3198 3717 igne
3248 3647 3363 3701 lieri
3395 3662 3503 3702 non
3549 3655 3767 3716 potest:
3807 3665 3902 3716 per

2300 3737 2440 3808 quod
2470 3736 2741 3807 signiﬁcat
2771 3751 2867 3792 eos
2887 3752 3140 3808 passuros
3164 3753 3286 3794 esse
3317 3747 3609 3794 tormenta.
3641 3738 3903 3809 Legimus

2301 3841 2354 3886 et
2399 3832 2452 3886 in
2505 3830 2770 3886 Malachia
2802 3831 2871 3887 de
2918 3832 3148 3887 Domino
3193 3849 3205 3887 :
3252 3831 3376 3904 Ipse
3419 3833 3706 3906 egredietur
3750 3836 3902 3900 quasi

2300 3923 2435 3992 ignis
2474 3923 2791 3992 conﬂatorii,
2839 3934 2886 3978 et
2933 3925 3079 3994 quasi
3125 3923 3281 3978 herba
3312 3924 3572 3995 fullonum
3617 3934 3663 3978 ct
3701 3925 3901 3978 sedrbit

2302 4017 2534 4085 con/laus
2561 4057 2575 4080 ,
2617 4024 2663 4069 et
2708 4017 2992 4070 emundans
3051 4016 3182 4069 sicut
3239 4026 3507 4089 argentum
3563 4026 3611 4070 et
3659 4033 3848 4070 aurum
3885 4035 3898 4070 :

2301 4119 2347 4162 et
2406 4107 2706 4162 cmundabit
2765 4109 2902 4178 filios
2944 4108 3068 4164 Levi
3123 4108 3405 4181 (Malaclt.
3474 4124 3578 4176 ιιι,
3632 4109 3666 4162 2
3701 4153 3714 4176 ,
3770 4111 3806 4165 5
3841 4112 3901 4181 );

2301 4211 2359 4257 ιιι
2385 4212 2670 4273 postquam
2715 4201 2960 4258 mundati
2997 4201 3220 4268 fuerint,
3266 4201 3480 4258 dicatur
3529 4201 3601 4257 de
3650 4201 3780 4258 eis:
3839 4202 3902 4257 Et

2298 4307 2447 4352 erunt
2493 4296 2718 4352 Domino
2766 4295 3034 4363 offerentes
3058 4297 3291 4350 victimas
3319 4297 3372 4350 in
3391 4297 3620 4366 justitia.
3645 4295 3901 4352 Ezechiel
3970 4303 3971 4368 ξ

2299 4405 2516 4460 quoque
2560 4405 2779 4444 omnem
2831 4390 3056 4444 domum
3098 4387 3284 4452 Israel,
3339 4405 3466 4452 mre,
3527 4396 3585 4443 et
3627 4387 3794 4454 ferro,
3852 4401 3904 4444 et
3970 4385 3971 4428 ἰ

2301 4481 2544 4550 plumbo,
2579 4489 2635 4535 et
2665 4491 2862 4535 stanno
2902 4479 3034 4534 dicit
3062 4494 3187 4534 esse
3215 4480 3592 4545 commixtam,
3624 4489 3678 4533 et
3712 4490 3901 4548 postea
3970 4495 3971 4498 ‘

597 4557 761 4648 atque
800 4573 1078 4638 robustos,
1132 4571 1202 4627 de
1247 4570 1444 4642 quibus
1474 4572 1734 4642 scriptum
1767 4580 1854 4629 est
1884 4591 1896 4627 :
1955 4573 2198 4629 Potentes
2229 4557 2276 4615 D
2304 4574 2641 4646 pnrgandam
2676 4593 2688 4628 :
2718 4583 2777 4628 ut
2799 4583 3083 4644 postquam
3113 4583 3341 4644 purgata
3370 4573 3550 4639 fuerit,
3577 4587 3896 4642 rcgnoscat.

597 4681 827 4743 potenter
856 4676 1108 4724 lamenta
1134 4666 1394 4737 patientur
1419 4665 1572 4736 (Sup.
1606 4681 1681 4728 vt,
1717 4667 1770 4734 7)
1791 4683 1810 4732 ,°
1832 4675 1925 4722 et:
1957 4665 2052 4721 Cui
2080 4669 2198 4740 plus

675 4803 699 4830 °
757 4791 863 4846 Pro
906 4781 1682 4861 cupnbatovulegendum_hic
1733 4784 1910 4861 πότρχ,
1961 4783 2188 4838 Drttsius

600 4861 929 4929 coniecerat,
975 4851 1338 4913 renitentibus
1386 4867 1519 4908 mss.
1568 4851 1794 4922 ipsoque
1830 4854 2184 4925 llieronymo,

601 4934 692 5006 qui
715 4931 999 5006 convivium
1014 4929 1433 5006 interpretatur.

675 5002 703 5043 ι)
730 5000 971 5056 Vaticau.
1009 4997 1116 5050 Pro
1143 4996 1486 5050 inobedientes
1514 5011 1532 5048 :
1579 5004 1687 5049 tum
1716 4995 1968 5060 Palalitt.,
2004 4995 2194 5065 Aquila

606 5075 907 5130 recidentes.

676 5156 699 5182 ο
732 5143 824 5197 Va:
849 5141 1006 5211 fortes
1036 5137 1226 5193 Israel.
1253 5136 1412 5211 Multa
1438 5137 1623 5211 ﬁrmes
1651 5139 1813 5211 verba
1840 5153 1901 5193 ac
1928 5147 2196 5211 commata

601 5206 919 5277 sustulimus
946 5228 978 5268 e
999 5207 1417 5267 Commentariis
1443 5206 1777 5280 Hieronymi,
1802 5211 1924 5280 quia
1962 5210 2074 5276 ipse
2093 5209 2190 5262 ho-

599 5306 719 5346 rum
751 5287 1037 5341 verborum
1067 5291 1405 5350 nequaquam
1439 5279 1704 5344 meminit,
1731 5279 1998 5335 utilidem
2034 5282 2191 5336 nobis

601 5361 806 5417 faciunt
831 5372 1023 5412 Omnes
1049 5367 1181 5409 mss.
1213 5350 1454 5421 codices,
1481 5351 1571 5416 qui
1602 5353 1870 5405 constanti
1903 5364 2189 5421 perpetuo-

599 5449 704 5502 que
725 5442 995 5502 consensu
1027 5427 1262 5480 retinent
1290 5420 1488 5490 ubique
1518 5420 1925 5502 voces-Graecas
1951 5427 2022 5502 ab
2048 5423 2178 5502 _llie-

600 5493 832 5574 ronymo
867 5499 1126 5574 recitatas
1143 5510 1172 5574 ς.
1190 5509 1329 5574 etim.
1356 5503 1584 5574 caeteras
1603 5493 1880 5574 atltlititias
1900 5494 2179 5574 adiiciant,

603 5584 661 5629 ut
684 5565 787 5627 lioc
812 5570 958 5632 loco,
988 5569 1101 5640 otiati
1127 5566 1173 5640 oi
1203 5566 1476 5634 ἰσχύοντες
1499 5565 2185 5640 Ἰσραὴλ.-ΙΙεο-ρηιειιιιιηὶ-

599 5652 684 5698 tus
716 5644 911 5698 Lector
949 5635 1421 5705 animadversione
1448 5634 1833 5705 non'requirat
1873 5634 2040 5688 Notas
2089 5650 2184 5690 uo-

600 5725 744 5769 stras
774 5717 827 5764 in
848 5705 1237 5777 consequentia
1266 5702 1454 5759 Graeca
1485 5702 1873 5777 additamenta.
1905 5718 2026 5772 quae
2058 5713 2186 5760 sunt

595 5781 992 5858 cOpiosissima.
1037 5776 1051 5777 ί
1808 5776 2074 5832 unum,

2302 4669 2426 4740 quia
2457 4668 2572 4739 ipse
2620 4668 2690 4723 sit
2742 4667 3003 4722 Dominus
3031 4664 3250 4736 (Ezech.
3277 4682 3412 4732 χιιι,
3449 4665 3562 4735 18).
3601 4664 3708 4721 Sed
3741 4675 3796 4721 et
3845 4666 3902 4722 in

2366 4783 2391 4820 ά
2420 4783 2557 4838 Tres
2581 4798 2738 4849 Inss.,
2767 4784 3024 4854 principes
3047 4798 3274 4854 quosque
3294 4781 3508 4854 corripi.

2369 4865 2391 4890 θ
2414 4853 2682 4923 Corrupte
2711 4851 3075 4919 Martianaeus,
3101 4853 3359 4920 nullaque
3394 4852 3577 4906 addita
3609 4851 3902 4923 interpun-

2296 4925 2494 4982 CIionis
2526 4922 2677 5006 nota,
2705 4927 3067 5006 interpretatus
3108 4933 3184 4978 est
3217 4923 3561 5006 ._Sgtnmacftus
3601 4931 3650 4976 et
3682 4922 3902 5006 Aquila,

2298 4999 2760 5074 θιεηιιισκωρίαν,
2785 4990 3279 5074 qtiod_Syt_t_ttnach_i
3322 4990 3426 5062 eSI',
3463 4994 3549 5049 hic
3590 5007 3690 5048 nec
3731 4990 3902 5074 Syru-

2299 5071 2493 5124 macho
2524 5066 2744 5133 revera,
2797 5066 2895 5122 nec
2927 5067 3137 5134 Aquilzr.
3187 5066 3520 5120 tribueretur
3561 5082 3573 5118 :
3622 5079 3746 5132 qua:
3796 5066 3902 5120 l‘uit

2300 5142 2476 5195 doctis
2512 5141 2642 5193 vizis
2667 5140 2874 5195 erroris
2908 5151 3092 5191 causa.
3131 5134 3240 5190 Nos
3270 5146 3318 5190 et
3344 5137 3536 5190 Vocula
3567 5135 3631 5188 ad
3660 5135 3899 5194 Palatio.

2299 5211 2456 5264 ﬁdem
2490 5211 2724 5272 sublata,
2771 5223 2989 5263 sen~nm
3017 5207 3082 5259 ad
3122 5207 3438 5278 Hieronymi
3487 5216 3722 5259 trientem
3766 5223 3903 5264 exe-

2297 5283 2490 5346 gimus.
2517 5281 2783 5352 Eusebius
2804 5280 2857 5332 in
2879 5279 3023 5332 bnnc
3039 5279 3244 5352 locum:
3266 5282 3348 5334 Διό
3370 5281 3498 5335 κατὰ
3509 5280 3592 5334 τὸν
3610 5280 3903 5352 Σύμμαχον

2299 5352 2517 5429 ξῖρητᾳι,
2544 5351 2646 5429 lini
2664 5355 2894 5429 stupebam
2917 5352 2987 5429 sic
3009 5351 3338 5429 καθαρὸν-Τήν
3360 5354 3586 5429 cumpin
3613 5369 3729 5429 ρων
3748 5351 3905 5429 Δκοὰξ-ἀι

2293 5419 2443 5498 δὲ’τόν
2465 5421 2674 5498 ’Δκύλοεν
2689 5419 2816 5491 (leg.
2835 5419 3151 5498 Geodorimvai
3165 5443 3197 5483 ι,
3216 5421 3313 5477 Καὶ
3323 5419 3560 5498 stupebam
3581 5422 3652 5480 εἰς
3674 5422 3905 5498 καθᾳρὸν

2293 5497 2349 5571 re
2386 5481 2713 5571 _7t7ap_rr33éc
2767 5481 2896 5548 Ῑγου.
2970 5481 3255 5571 PrOptcrea
3315 5481 3462 5571 inuia
3523 5481 3904 5571 ngnmchiun

2293 5563 2503 5630 dicitur,
2521 5563 2601 5618 "Et
2625 5580 2903 5630 excoquam
2933 5563 3001 5616 ad
3044 5563 3230 5632 purum
3269 5565 3487 5617 scoriam
3521 5572 3659 5615 tuam
3693 5578 3711 5614 :
3733 5566 3904 5633 jmta

2297 5633 2695 5689 Theodotionem
2743 5651 2883 5702 vero,
2920 5634 2984 5689 Et
3029 5649 3310 5705 excogitant
3351 5635 3419 5687 ad
3461 5648 3647 5704 purum
3684 5635 3918 5691 acinum’

2293 5713 2456 5759 tuum.
