4008 6312
170 295 234 353 di
786 291 1435 354 COMMENTARIORUM
1477 293 1541 350 ΙΝ
1584 293 1820 353 [SMAM
1863 294 2284 354 PROPHETAM
2326 298 2456 353 LIB.
2502 297 2542 354 Ι.
2583 297 2741 355 CAP.
2782 298 2848 354 ll.
3398 304 3471 360 42

173 409 473 482 Evangelio
501 410 603 467 sub
626 410 733 467 alia
756 412 1075 483 metaphora
1107 410 1251 467 idem
1300 425 1499 468 sensus
1524 410 1773 466 ostendi—
1798 412 1850 473 Α
1879 412 2014 466 tibus
2041 412 2226 481 foliis;
2253 420 2302 466 et
2327 411 2459 468 velut
2480 412 2686 479 hortus,
2714 414 2830 468 sive
2855 414 3149 485 paradisus,
3179 416 3291 472 sine
3316 433 3473 489 aqua.

173 512 263 561 tur
308 524 322 558 :
370 503 531 578 Cujus
576 504 915 560 ventilabrum
955 506 1013 560 in
1064 521 1220 559 manu
1271 508 1409 578 ejus,
1456 515 1505 559 et
1534 504 1775 577 purgabit
1879 503 2067 574 Usque
2124 505 2285 560 hodie
2342 505 2517 561 Judaei
2550 506 2815 576 legentes
2866 507 3179 578 Scripturas
3226 522 3469 579 sanctas,

175 596 284 671 [Αἰ.
319 598 616 671 mundabit]
642 616 817 655 aream
844 617 1018 664 suam,
1051 610 1099 655 et
1128 598 1398 654 mundabit
1424 598 1436 671 |
1460 598 1545 653 Al.
1578 614 1776 670 purga-
1879 597 2195 653 terebinthus
2243 597 2393 660 sunt,
2426 598 2541 653 sive
2569 615 2811 669 quercus,
2861 608 2923 655 ut
2959 600 3355 671 interpretatus
3391 612 3476 658 est

172 690 272 764 bit]
314 693 562 757 triticum,
608 702 656 746 et
696 692 1035 766 congregabit
1073 696 1388 763 frumentum
1429 694 1485 746 in
1529 691 1717 746 horrea
1755 709 1775 747 :
1877 689 2257 763 Symmachus.
2311 690 2380 745 Et
2422 690 2581 760 juxta
2633 691 2991 762 Evangelium
3037 692 3270 762 (Matth.
3315 710 3408 749 ιιι
3427 691 3472 764 ),

172 781 347 854 paleas
386 793 559 838 autem
602 784 869 839 comburat
914 786 1024 857 igni
1073 782 1487 855 iuexstiuguibili
1541 783 1774 855 (Matth.
1877 783 2012 839 licus
2026 799 2147 853 qua:
2167 783 2334 846 aruit.
2354 784 2408 838 in
2431 799 2535 853 qua
2558 798 2679 839 cum
2701 784 2971 840 Dominus
2988 800 3149 854 poma
3165 788 3474 853 quaesisset,

173 890 252 942 tu,
286 875 438 947 12).]
1879 887 1935 933 et
1966 893 2073 933 non
2107 878 2426 941 invenisset,
2451 888 2655 934 aeterna
2687 879 2737 935 ei
2767 878 3023 934 ariditate
3039 879 3342 934 maledixit.
3368 878 3478 936 Sed

246 964 426 1038 (Vers.
473 965 594 1039 26.)
647 967 718 1022 Et
752 967 1028 1023 restituam
1057 970 1268 1043 judices
1291 978 1429 1035 tuos,
1475 977 1534 1023 ut
1570 972 1781 1040 {uerunt

175 1060 321 1127 prius
342 1069 391 1115 et
410 1058 732 1117 consiliarios
760 1072 875 1117 tuos
901 1062 1033 1116 sicut
1052 1063 1357 1134 antiquitus.
1387 1061 1444 1116 In
1468 1062 1688 1117 civitate
1721 1061 1781 1116 lio

176 1151 286 1207 deli
319 1152 470 1219 Sion,
521 1168 642 1223 quae
671 1161 859 1221 postea
919 1154 1064 1210 facta
1109 1165 1196 1210 est
1243 1156 1548 1219 meretrix;
1596 1163 1651 1209 et
1681 1168 1782 1224 pro

172 1245 345 1316 justo,
394 1245 515 1302 sive
542 1246 782 1316 justitia,
811 1247 1202 1302 habitaverunt
1257 1248 1309 1301 in
1363 1262 1426 1303 ea
1471 1247 1781 1302 homicidm.

178 1338 307 1395 ideo
336 1337 605 1394 Dominus
647 1340 918 1395 convertit
962 1355 1180 1394 manum
1222 1354 1400 1403 suam,
1430 1350 1489 1393 ut
1517 1348 1788 1408 excoquat

182 1448 309 1488 eam
357 1433 425 1488 ad
456 1448 653 1504 purum
682 1442 740 1488 et
788 1433 1002 1487 auferat
1031 1448 1197 1489 omne
1238 1442 1495 1486 stannum
1540 1431 1680 1500 ejus,
1736 1437 1788 1484 et

184 1527 442 1583 restituat
468 1526 684 1596 judices
712 1526 884 1590 illius,
918 1527 1061 1582 sicut
1087 1524 1311 1581 fuerunt
1342 1540 1373 1579 a
1400 1523 1692 1594 principio,
1732 1532 1789 1578 et

184 1617 536 1675 consiliarios
572 1618 716 1673 sicut
745 1617 1069 1687 antiquitus.
1091 1616 1312 1673 Judices
1338 1618 1551 1686 priores
1572 1614 1792 1670 fuerunt

1882 978 1936 1026 et
1966 972 2080 1040 ipsa
2114 970 2242 1027 folia
2276 981 2332 1027 et
2362 986 2520 1042 poma
2550 974 2850 1028 verborum
2884 987 3026 1028 nunc
3055 972 3200 1043 apud
3229 988 3327 1029 eos
3355 974 3482 1031 esse

1882 1072 2209 1119 cessarunt:
2242 1064 2432 1119 hortus
2459 1079 2677 1134 quoque
2710 1065 2968 1134 irriguos,
2999 1064 3052 1118 id
3095 1072 3204 1130 est,
3249 1064 3480 1120 scientia

1886 1156 2314 1227 Scripturarum,
2343 1158 2459 1214 sive
2510 1158 2796 1229 paradisus
2822 1158 3165 1214 diversarum
3193 1158 3476 1226 arborum,

1887 1252 1976 1319 qui
2026 1251 2232 1319 absque
2260 1252 2435 1322 gratia
2482 1252 2749 1322 spirituali
2780 1260 2885 1318 est,
2926 1267 3026 1308 nec
3072 1252 3221 1308 olera
3258 1251 3479 1322 quidem

1888 1343 2070 1413 affert,
2086 1344 2154 1399 de
2168 1346 2365 1414 quibus
2380 1346 2678 1412 Apostolus
2693 1348 2934 1418 loquitur
2964 1365 2977 1401 :
3013 1346 3115 1414 Qui
3129 1346 3370 1417 inﬁrmus
3383 1357 3477 1415 est,

1890 1435 2036 1490 olera
2061 1437 2341 1492 manducet
2364 1438 2546 1508 (Rom.
2576 1455 2692 1505 inv,
2718 1440 2821 1510 2):
2852 1450 2907 1496 et
2925 1439 3147 1496 siccatis
3174 1438 3477 1506 radicibus,

1890 1529 2070 1584 omnis
2100 1531 2248 1585 viror
2274 1532 2326 1585 in
2356 1532 2661 1587 ariditatem
2681 1548 2872 1587 versus
2894 1543 3002 1598 est,
3032 1547 3097 1587 ac
3145 1532 3480 1603 squalorem.

1964 1623 1983 1693 (
2010 1623 2162 1679 Vers.
2193 1623 2324 1694 3i.)
2354 1622 2421 1677 Et
2442 1626 2536 1678 erit
2564 1625 2818 1696 fortitudo
2834 1633 2999 1680 vestra
3023 1633 3078 1678 ut
3104 1624 3283 1695 favilla
3300 1633 3483 1696 διείρας.

182 1711 384 1779 Moses,
417 1720 473 1766 et
498 1712 658 1768 Jesus
687 1710 829 1765 illius
850 1709 1023 1776 Nave,
1046 1717 1101 1764 et
1129 1711 1312 1765 caeteri
1345 1724 1374 1764 a
1402 1707 1599 1779 quibus
1623 1707 1786 1762 etiam
1822 1788 1856 1790 _
1890 1713 1997 1768 Pro
2010 1715 2213 1785 favilla,
2233 1718 2560 1790 ἁποτίναγμα
2581 1715 2971 1785 interpretatus
2985 1724 3069 1771 est
3087 1713 3489 1786 Symmachus:

183 1804 326 1859 liber
363 1803 655 1872 Scriptura:
684 1812 892 1859 sancta:
932 1818 1133 1858 nomen
1173 1801 1385 1872 accepit
1420 1818 1434 1854 :
1491 1811 1546 1855 et
1601 1811 1789 1871 postea
1820 1788 1870 1849 Β
1896 1808 2113 1878 quando
2138 1821 2294 1878 stupa
2327 1788 2584 1877 pectitur,
2631 1817 2686 1863 et
2714 1807 2976 1877 quidquid
3023 1806 3269 1862 sordium
3302 1804 3487 1872 habet,

181 1894 352 1952 David
392 1906 447 1950 et
470 1894 563 1949 alii
583 1894 716 1966 juSti
750 1909 930 1966 reges.
963 1894 1241 1950 Restituet
1269 1908 1401 1964 ergo
1429 1892 1685 1950 ludicum
1714 1894 1789 1948 si-

184 1988 588 2044 militudinem:
619 1989 703 2045 vel
732 1999 855 2059 post
882 1989 1257 2057 captivitatem
1288 1986 1701 2058 Babylonicum,
1734 1996 1792 2042 ut

183 2079 359 2136 Judaei
399 2081 609 2145 volunt,
659 2081 990 2146 Zorobabel,
1031 2081 1286 2148 Esdram,
1325 2091 1383 2135 et.
1429 2080 1706 2136 Neemiam
1736 2088 1793 2135 et

186 2184 422 2231 caeteros
465 2174 764 2245 principes,
818 2174 911 2244 qui
947 2188 1121 2243 usque
1147 2173 1215 2229 ad
1266 2172 1563 2227 Hircanum
1592 2170 1793 2241 populo

186 2269 548 2341 prmluerunt,
591 2268 678 2323 cui
717 2266 964 2323 Herodes
992 2266 1259 2323 successit
1288 2266 1344 2320 in
1377 2279 1604 2336 regnum
1644 2280 1657 2317 :
1702 2262 1793 2318 vel

189 2370 343 2417 certe
370 2360 558 2417 verius
609 2368 665 2415 et
714 2360 939 2427 rectius,
982 2359 1297 2428 Apostolos,
1331 2364 1389 2413 et
1407 2356 1500 2427 qui
1530 2372 1626 2426 per
1648 2354 1796 2423 Apo-

190 2456 365 2513 stolos
408 2454 779 2522 crediderunt,
840 2453 1319 2521 Ecclesiarumque
1368 2451 1641 2521 principes
1667 2463 1794 2505 con-

192 2550 369 2607 stituti
391 2560 538 2610 sunt,
571 2550 712 2605 sicut
730 2549 786 2602 in
816 2548 1088 2620 principio
1112 2548 1271 2615 hujus
1295 2553 1322 2582 ἰ
1349 2544 1589 2599 diximus
1626 2543 1792 2597 visio-

194 2641 305 2707 nis,
334 2642 477 2711 quod
503 2650 560 2697 et
580 2639 934 2696 comminatio
961 2649 1015 2695 et
1038 2637 1395 2709 repromissio
1426 2635 1700 2706 pertineat
1728 2633 1797 2689 ad

203 2741 424 2802 tempus
454 2733 751 2789 Dominicte
794 2732 1087 2802 passionis,
1123 2741 1178 2786 et
1203 2730 1271 2785 ad
1297 2728 1486 2797 tidem,
1516 2743 1639 2796 quae
1679 2734 1800 2798 post

198 2828 509 2899 passionem
534 2828 650 2899 ejus
683 2828 928 2883 fundavit
949 2827 1278 2882 Ecclesium.

274 2922 405 2977 Post
421 2925 530 2978 haec
550 2922 809 2977 vocaberis
833 2921 1182 2993 civitasjusti,
1201 2917 1319 2972 urbs
1340 2916 1529 2987 fidelis.
1548 2915 1657 2988 29
1676 2913 1802 2969 Haec

199 3016 490 3089 perspicue
531 3016 600 3072 de
644 3012 909 3082 Ecclesia,
948 3027 1069 3083 quae
1104 3012 1160 3066 in
1191 3010 1479 3065 Dominum
1527 3006 1805 3062 creditura

200 3119 288 3165 est
317 3120 420 3163 tam
466 3108 535 3164 de
584 3106 807 3174 ludatis,
840 3119 999 3175 quam
1029 3103 1099 3160 de
1124 3104 1400 3175 gentibus,
1455 3099 1805 3170 propheticus

1893 1900 2197 1971 projicitur.
2230 1898 2422 1955 Omnis
2448 1900 2612 1969 igitur
2633 1899 2898 1956 fortitudo
2922 1909 2977 1955 et
3007 1898 3262 1970 superbia
3295 1913 3494 1970 pecca-

1894 2002 2072 2050 torum
2126 2001 2183 2049 et
2229 1994 2619 2049 sceleratorum
2674 1993 2875 2061 Israel,
2931 1994 3021 2062 qui
3082 1993 3496 2063 dereliquerunt

1895 2088 2213 2149 Dominum,
2243 2096 2300 2143 et
2327 2086 2531 2142 idcirco
2570 2087 2881 2157 consumpti
2916 2094 3080 2141 sunt:
3122 2093 3179 2141 et
3222 2084 3498 2140 sacriﬁca-

1895 2189 2098 2235 verunt
2121 2179 2307 2245 idolis,
2339 2188 2393 2234 et
2416 2179 2748 2235 erubescent
2776 2179 2828 2233 in
2862 2178 3057 2240 hortis,
3087 2177 3197 2249 30
3222 2192 3360 2247 quos
3385 2176 3501 2232 ele-

1896 2282 2130 2344 gerunt;
2163 2272 2487 2343 redigentur
2518 2274 2570 2326 in
2603 2281 2958 2343 purgamenta
2994 2282 3192 2341 stupui,
3223 2286 3348 2342 quae
3391 2270 3500 2326 levi

1898 2378 2163 2423 vorantur
2191 2368 2474 2423 incendio.
2503 2366 2765 2436 Sequitur
2791 2367 2938 2421 enim
2966 2383 2979 2420 :
3009 2364 3080 2419 Et
3109 2382 3240 2435 Opus
3282 2368 3416 2437 ejus,
3448 2365 3501 2420 id

1897 2469 2005 2528 est,
2057 2458 2395 2514 fortitudinis
2443 2469 2666 2523 vestrae,
2716 2461 2833 2513 sive
2882 2458 3233 2524 idololatriae,
3284 2457 3339 2512 in
3391 2471 3503 2527 qua

1900 2551 2251 2613 erraveratis.
2287 2552 2508 2621 parvula
2537 2549 2775 2605 scintilla
2802 2557 3109 2605 consumet.

1973 2643 2044 2699 Et
2065 2643 2405 2699 succendetur
2425 2653 2700 2712 utrumque
2720 2641 2877 2697 simul
2900 2658 2918 2697 :
2948 2653 2994 2695 et
3027 2658 3131 2695 non
3170 2640 3267 2695 erit
3294 2641 3381 2707 qui
3410 2656 3502 2694 ea:-

1900 2740 2148 2813 stinguat.
2183 2738 2250 2793 Et
2277 2739 2506 2794 scientia
2535 2737 2791 2793 videlicet
2832 2736 3170 2801 Judtcorum,
3221 2745 3278 2791 et
3321 2735 3504 2790 omnia

1903 2848 2205 2903 operaquze
2228 2831 2455 2897 iaciunt,
2470 2832 2586 2887 sive
2608 2830 2882 2887 etidolum
2898 2840 2951 2883 et
2980 2828 3307 2892 Jerusalem.
3332 2828 3384 2883 in
3399 2843 3504 2896 qua

1906 2922 2108 2979 idolum
2138 2923 2277 2978 fuit:
2310 2932 2366 2978 et
2394 2922 2769 2978 succendente
2804 2922 3053 2987 Domino,
3093 2921 3274 2975 nullus
3303 2930 3509 2975 exstin-

1906 3030 2073 3085 gnere
2103 3014 2324 3083 poterit.
2356 3014 2490 3079 Qua:
2516 3014 2695 3067 omnia
2720 3014 2787 3068 de
2814 3012 3107 3067 contrariis
3131 3027 3345 3082 quoque
3368 3012 3506 3082 dog-

1910 3106 2151 3162 matibus
2200 3105 2454 3173 accipere
2502 3118 2835 3174 possumus:
2879 3104 3021 3173 quod
3071 3114 3124 3159 et
3175 3105 3417 3174 magistri
3452 3112 3508 3157 et

200 3214 389 3255 Sermo
443 3200 842 3268 compleClilur-
889 3196 1026 3252 Urbs
1078 3205 1262 3250 θυιθιῐι
1310 3191 1444 3262 ius“
1470 3235 1484 3260 ν
1543 3191 1649 3248 hoc
1696 3197 1800 3258 θεῖ,
1832 3167 1879 3231 C
1909 3197 2162 3268 discipuli
2197 3198 2403 3268 pariter
2423 3204 2670 3267 pereant,
2703 3204 2758 3251 et
2784 3210 2947 3249 omne
2978 3209 3115 3264 opus
3142 3209 3334 3250 eorum
3363 3193 3505 3264 ignis

202 3289 426 3346 Domini
452 3289 772 3355 Saluatoris,
802 3288 920 3341 sive
949 3288 1064 3357 ipsa
1086 3285 1234 3354 justa
1262 3284 1566 3349 vocabitur,
1607 3282 1675 3337 de
1701 3296 1804 3351 qua

201 3381 414 3438 dictum
428 3390 512 3434 est
540 3377 695 3434 :Non
722 3385 886 3447 potest
900 3377 1087 3431 civitas
1114 3376 1366 3430 abscondi
1395 3390 1558 3447 supra
1586 3382 1808 3427 montem

202 3475 376 3548 posita
402 3472 422 3546 (
448 3471 641 3527 Matth.
673 3487 727 3539 ν,
763 3469 885 3543 M).
922 3468 949 3508 δ
978 3469 1219 3525 Fidelem
1247 3483 1465 3540 quoque
1500 3467 1805 3538 appellans,

202 3569 292 3624 vel
322 3565 667 3635 metropolim
708 3564 864 3634 juxta
893 3562 1038 3619 LXX
1067 3562 1313 3619 ostendit
1341 3563 1410 3616 ah
1440 3562 1526 3616 his
1549 3575 1674 3618 esse
1711 3576 1808 3630 ap-

204 3662 543 3735 pellandam,
569 3661 659 3731 qui
698 3661 750 3714 in
785 3658 1017 3715 Domino
1044 3657 1311 3713 credituri
1337 3664 1483 3711 sunt.

280 3755 473 3828 (Vers.
505 3752 694 3809 27-29.
720 3756 739 3819 )
770 3752 901 3808 Sion
928 3751 983 3805 in
1009 3751 1217 3825 judicio
1255 3749 1558 3814 redimetur,
1587 3756 1634 3802 et
1654 3746 1810 3802 redu-

209 3858 324 3903 cent
351 3864 465 3901 eam
499 3849 553 3899 in
574 3845 860 3917 justitiam,
900 3854 921 3881 ο
954 3853 1002 3898 et
1033 3849 1263 3897 conteret
1288 3842 1529 3896 scelestos
1555 3849 1602 3894 et
1632 3855 1810 3907 pecca-

208 3948 350 3994 tores
387 3937 581 4004 simul;
617 3947 665 3992 et
709 3937 796 4007 qui
831 3933 1217 4006 dereliquerunt
1268 3931 1574 3996 Dominum,
1624 3946 1811 3985 consu-

213 4041 455 4096 meutur;
484 4029 866 4102 confundentur
888 4027 1023 4083 enim
1052 4026 1116 4080 ab
1143 4026 1323 4091 idolis,
1345 4022 1528 4095 quibus
1547 4022 1810 4090 sacriﬁca-

213 4135 421 4192 verunt,
444 4133 490 4177 et
516 4122 825 4178 erubescetis
844 4136 1001 4193 super
1021 4119 1206 4185 hortis,
1231 4134 1359 4187 quos
1381 4117 1667 4190 elegeratis.
1691 4112 1809 4167 Non

215 4231 416 4273 omnes
440 4215 803 4284 redimentur,
839 4228 941 4269 nec
970 4227 1162 4268 omnes
1208 4210 1341 4265 salvi
1374 4209 1524 4271 lient,
1557 4208 1653 4262 sed
1686 4205 1813 4261 reli-

216 4312 386 4383 quiae,
432 4309 500 4365 de
547 4311 743 4380 quibus
786 4315 840 4364 et
884 4322 1046 4377 supra
1077 4304 1281 4359 dictum
1314 4316 1418 4359 εει.
1460 4301 1815 4356 Reducentur

219 4415 406 4458 autem
436 4403 487 4456 in
516 4401 749 4470 justitia,
797 4415 920 4454 cum
962 4398 1213 4453 scelerati
1251 4404 1308 4451 et
1337 4407 1655 4465 peccatores
1684 4408 1815 4448 con—

218 4499 332 4554 triti
367 4498 590 4563 ruerint,
623 4504 676 4550 et
698 4494 1102 4565 quiDominum
1135 4492 1432 4562 reliquere,
1478 4490 1812 4559 consumpti.

1910 3290 2167 3361 pabulum
2187 3290 2293 3361 sit.

1984 3358 2154 3430 (Cap.
2187 3358 2255 3413 ll.
2287 3386 2360 3400 --
2387 3358 2545 3413 Vers.
2579 3356 2677 3428 1.)
2713 3356 2938 3411 Verbum
2976 3358 3112 3427 quod
3140 3357 3269 3410 vidit
3302 3356 3505 3423 Isaias,

1912 3451 2055 3520 [ilius
2081 3450 2237 3504 Amos
2280 3465 2437 3520 super
2464 3448 2667 3501 ludam
2695 3458 2739 3501 et
2769 3445 3079 3501 Jerusalem.
3133 3447 3199 3501 Et
3239 3447 3293 3500 in
3339 3446 3507 3516 priori

1910 3546 2156 3610 Visione,
2189 3559 2351 3614 quam
2392 3542 2505 3613 jam
2536 3544 2910 3612 exposuimus,
2940 3541 3030 3596 ubi
3064 3540 3208 3595 LXX
3243 3542 3515 3609 interpre-

1913 3643 2005 3693 tati
2033 3647 2180 3704 sunt,
2212 3652 2367 3707 quant
2397 3635 2522 3688 vidit
2550 3645 2732 3687 contra
2760 3630 2787 3669 ἀ
2817 3631 3061 3687 Iudaeam
3082 3642 3128 3685 et
3155 3642 3333 3685 contra
3351 3631 3512 3685 Jeru-

1912 3734 2093 3799 salem,
2126 3731 2177 3783 in
2208 3729 2477 3784 Heliraico
2513 3738 2533 3764 ε
2570 3729 2833 3795 scriptum
2885 3736 2970 3782 est
2998 3743 3066 3782 AL
3091 3744 3220 3784 sunt
3248 3743 3510 3783 ωιῑειιιεΑ-

1914 3843 2021 3882 ιειι
2055 3801 2322 3897 (ώτυτνπ
2342 3827 2493 3880 ΓΓΠΠΊ
2520 3805 2625 3892 ιν’λτ)
2653 3839 2664 3875 :
2690 3832 2744 3877 et
2773 3821 2826 3876 in
2857 3823 2956 3875 hac
2982 3839 3103 3892 qua:
3134 3823 3374 3878 secunda
3404 3832 3511 3889 est,

1914 3920 1967 3975 in
2001 3917 2268 3974 llehraico
2298 3915 2551 3970 similiter
2582 3914 2919 3969 continetur.
2951 3914 3018 3969 Et
3047 3916 3218 3970 miror
3239 3930 3337 3970 cur
3368 3914 3511 3969 LXX

1914 4011 2249 4081 lnterpretes
2292 4008 2345 4063 in
2380 4008 2470 4062 illa
2499 4008 2760 4075 dixorint,
2794 4016 2974 4061 contra
2999 4007 3241 4060 Iudicum
3280 4016 3330 4061 et
3356 4004 3515 4061 Jeru-

1915 4106 2119 4170 salem,
2154 4112 2209 4159 et
2251 4104 2305 4158 in
2356 4101 2458 4157 hac
2488 4101 2551 4154 de
2594 4098 2787 4154 Judwa
2833 4110 2881 4153 et
2929 4099 2994 4153 de
3041 4098 3376 4166 Jerusalem;
3408 4101 3515 4156 nisi

1916 4199 2057 4255 forte
2082 4198 2207 4270 quia
2234 4196 2305 4251 ibi
2335 4195 2644 4266 appellatur
2663 4210 2798 4265 gens
2824 4196 3118 4264 peccatrix,
3142 4196 3374 4265 pupulus
3404 4195 3519 4263 ple-

1917 4306 2023 4346 nus
2067 4288 2329 4361 peccatis,
2384 4302 2571 4344 semen
2598 4290 2918 4357 pessimum,
2964 4287 3058 4340 hhi
3092 4285 3421 4357 iniquitatis,
3463 4297 3518 4342 et

1920 4383 2199 4456 principes
2223 4382 2616 4449 Sodomorum,
2646 4396 2711 4435 ac
2740 4380 2971 4451 populus
2991 4378 3335 4447 Gomorrhae,
3365 4390 3417 4434 et
3444 4381 3523 4436 ci-

1921 4477 2060 4531 vitas
2095 4475 2372 4541 meretrix,
2427 4482 2485 4528 et
2512 4485 2708 4528 caetera
2740 4473 3066 4538 istiusmodi,
3096 4489 3316 4530 sensum
3348 4477 3522 4544 magis

218 4593 470 4661 Cumque
533 4589 731 4644 ωινίηί
782 4587 986 4643 fuerim
1011 4629 1025 4653 ν
1070 4586 1477 4643 εοιιί·ηηάρηιηιι
1521 4586 1611 4654 qui
1657 4583 1818 4639 ίάοιίε
1847 4553 1896 4614 D
1924 4584 2085 4640 quam
2136 4568 2355 4622 verbum
2386 4566 2728 4661 interpretati
2758 4575 2925 4618 sunt:
2964 4576 3019 4620 et
3051 4564 3137 4619 hic
3180 4567 3307 4636 quia
3338 4568 3520 4623 statim

222 4683 382 4755 prius
411 4679 895 4736 sacriﬁcaverant:
932 4688 988 4734 et
1012 4679 1335 4734 erubescent
1362 4677 1417 4732 in
1450 4677 1644 4740 hortis,
1676 4687 1814 4742 quos

223 4776 532 4846 elegerant.
568 4771 854 4842 Sgniﬁcat
897 4781 1081 4825 autem
1113 4769 1232 4825 loca
1276 4770 1526 4836 luxurias,
1576 4768 1732 4821 lucos
1760 4773 1818 4820 et

225 4886 472 4928 nemora.

303 4960 492 5034 chrS.
523 4960 611 5017 50.
641 4959 659 5029 )
699 4957 869 5012 Erunt
898 4956 1035 5012 enim
1060 4954 1206 5025 quasi
1251 4952 1556 5008 terebinthus
1590 4952 1823 5021 deﬂuen—

303 5156 329 5183 ἰ
361 5143 603 5199 Diximus
633 5141 865 5195 visionis.
899 5139 1158 5194 Advertat
1183 5136 1435 5191 curiosus
1457 5148 1519 5195 ac
1545 5133 1822 5188 studiosus

229 5217 640 5285 Scriptor-arum
667 5212 977 5285 indagator,
1012 5212 1238 5285 priorem
1266 5207 1509 5285 uisionem
1536 5205 1825 5285 ah_lliero-

228 5277 400 5360 tiytn'o
428 5292 690 5360 _Vocatu_ni
743 5283 976 5348 primum
1013 5277 1173 5360 vlfaim
1206 5277 1734 5360 capttttlniti,nsicut
1774 5283 1829 5327 et

230 5347 559 5434 secundum,
588 5347 830 5409 visionem
869 5352 1168 5434 secundum.
1206 5347 1340 5403 Vide
1371 5347 1511 5402 infra
1539 5347 1832 5434 Commen-

235 5431 410 5484 tarios
434 5430 488 5482 in
519 5427 541 5480 l
578 5440 724 5481 vers.
759 5424 955 5493 capitis
987 5438 1025 5476 ιι
1087 5421 1355 5493 Murrum.

306 5498 335 5538 δ
378 5500 713 5553 luti-rserunt
754 5487 845 5548 hic
901 5493 1008 5548 duo
1049 5508 1180 5545 mss.
1209 5491 1456 5546 Vatican.
1493 5497 1550 5543 et
1596 5487 1828 5542 Palatin.

234 5571 299 5627 Si
326 5572 403 5625 ita
425 5578 518 5624 est.

311 5654 334 5682 ε
385 5639 457 5694 Et
485 5645 729 5701 conteret,
771 5647 881 5694 etc.
914 5633 1256 5690 Omittuntur
1285 5632 1339 5686 in
1372 5646 1507 5685 mss.
1556 5628 1838 5684 codicibus

235 5714 403 5769 verba
440 5711 581 5766 sacri
603 5706 936 5764 contextus:
970 5703 1037 5758 Et
1057 5713 1281 5757 conteret
1319 5706 1560 5757 scelestos
1599 5711 1645 5754 et
1670 5714 1841 5768 uSquc

236 5784 303 5841 ad
329 5781 503 5839 Erunt
526 5781 680 5834 enim.
708 5781 780 5835 Ea
816 5791 998 5833 tmnen
1028 5775 1193 5831 verba
1222 5788 1289 5829 ex
1322 5773 1485 5829 editis
1516 5774 1840 5837 retinemus,

482 5875 763 5937 Ρλτκοι..
802 5868 1039 5933 XXIV.

1926 4677 2189 4734 prospera
2225 4660 2653 4729 promittuntur:
2679 4655 2795 4709 Erit
2826 4657 2879 4709 in
2907 4658 3197 4711 novissimis
3216 4658 3392 4711 ditibus
3416 4676 3526 4713 nta-

1926 4756 2143 4822 nifestus
2163 4770 2309 4808 mons
2329 4751 2558 4813 Domini,
2584 4760 2629 4804 et
2652 4749 2837 4803 domus
2861 4746 2958 4801 Dei
2983 4749 3034 4801 in
3057 4751 3353 4803 summitate
3380 4768 3526 4806 mon-

1926 4851 2077 4915 tium,
2110 4863 2214 4904 non
2238 4856 2429 4902 contra
2458 4844 2699 4898 .ludmam
2742 4850 2797 4897 et
2839 4840 3164 4906 Jerusalem,
3197 4844 3294 4898 sed
3321 4844 3391 4900 de
3426 4844 3525 4902 Ju-

1928 4944 2045 4999 daca
2077 4951 2131 4996 et
2156 4940 2459 4996 JeI‘USulCDl
2489 4936 2830 5009 prophetiam
2874 4936 3291 4993 intellexerunt:
3320 4954 3444 4995 cum
3473 4949 3531 4998 et

1930 5129 2054 5198 quia
2079 5125 2446 5192 Hieronymus
2474 5121 2663 5198 eadem
2692 5121 2923 5178 illustrat
2945 5124 3060 5178 suis
3078 5123 3525 5184 Commentariis.

1932 5196 2199 5255 MARTIAN.
2239 5224 2310 5237 —
2336 5197 2468 5262 Quae
2498 5196 2624 5247 hinc
2651 5197 3075 5264 subsequuntur,
3104 5207 3149 5250 et
3178 5212 3398 5251 conteret
3422 5217 3529 5254 sce-

1933 5271 2107 5331 lestos,
2141 5277 2245 5321 etc.
2284 5267 2349 5319 ad
2381 5269 2541 5319 linem
2584 5282 2753 5331 usque
2778 5270 2914 5321 sacri
2939 5280 3248 5329 cmitrxtns,
3273 5286 3447 5335 neque
3477 5273 3527 5323 in

1936 5339 2137 5394 nostris
2162 5352 2291 5389 mss.
2336 5354 2512 5406 neque
2544 5337 2596 5390 in
2628 5336 2743 5404 his,
2777 5337 2973 5405 quibus
3004 5352 3134 5388 usus
3166 5349 3248 5390 est
3279 5336 3530 5395 Martian.

1940 5408 2307 5466 invi-nitntur.

2011 5479 2039 5516 ἀ
2081 5478 2253 5533 Palat.
2290 5477 2532 5530 nonnihil
2568 5478 2792 5538 rectius,
2829 5472 3008 5529 Judah
3042 5473 3418 5533 Uhirusalaim.

2020 5560 2042 5586 ο
2094 5549 2357 5615 Scriptum
2389 5556 2485 5610 est,
2527 5558 2631 5600 etc.
2667 5546 2757 5601 Sic
2800 5550 2977 5613 legunt
3012 5548 3349 5609 CXPJlljllill‘ia
3404 5568 3537 5615 mss.

1983 5638 2064 5674 nm
2110 5619 2497 5692 aspirationem
2540 5616 2733 5671 habent
2781 5629 2907 5692 ante
2943 5616 3267 5682 Hierusalem
3295 5660 3310 5682 ,
3343 5637 3541 5692 nempe

1943 5639 2064 5749 Ὲιῖῐξ
2110 5639 2497 5685 θεμιΐῑιιιυιιυιιι
2540 5639 2732 5671 "30""!
2781 5639 2907 5672 ςιιιιιξ
2943 5639 3267 5682 ulerusatmt
3295 5660 3310 5682 ,
3343 5639 3541 5692 llelltlte

2005 5690 2314 5763 ujerusalem
2340 5705 2358 5755 ;
2383 5704 2556 5755 more,
2591 5705 2643 5744 ut
2667 5692 2779 5760 jam
2815 5689 3074 5758 dixzuius,
3101 5704 3343 5763 Vt‘lt‘l'llllt
3378 5695 3547 5752 libro-

1949 5759 2097 5821 ruin.
2672 5759 2679 5760 ί
3163 5759 3433 5820 Maurum.

2980 5852 3021 5913 2
