4008 6304
530 276 604 354 ts
1782 286 1843 344 s.
1884 281 2162 345 unseen
2200 255 2591 343 utenonvnt
3770 296 3845 352 μ

530 412 587 467 in
636 410 725 466 illa
768 409 1059 480 legerimus
1102 416 1234 477 post
1278 405 1770 464 eommiuationem
1816 422 2079 479 prospera
2107 427 2119 464 :
2150 400 2206 464 Δ
2227 406 2363 460 banc
2393 415 2593 476 petram
2620 403 2891 475 aediﬁcabo
2917 403 3207 461 Ecclesium
3236 421 3442 463 meant:
3462 419 3511 464 et
3552 421 3720 481 porta:
3750 412 3840 465 in—

526 501 815 559 Bcstitaam
831 502 1036 574 judices
1063 510 1200 570 tuos,
1224 509 1280 554 ut
1303 504 1512 572 fuerunt
1539 501 1704 570 prius,
1731 510 1778 557 et
1798 502 2121 557 consiliarios
2226 497 2322 568 feri
2353 514 2456 553 non
2480 495 2828 569 pravalebunt
2856 497 3109 554 adversus
3135 514 3245 555 eam
3269 501 3289 571 (
3311 497 3504 556 Matth.
3544 516 3658 569 ιιι,
3708 505 3835 577 18).

529 605 644 651 tuos
676 597 806 650 sicut
829 595 1115 666 antiquitus
1134 611 1153 649 :
1179 603 1294 667 pou
1328 594 1440 650 hac
1475 594 1737 651 vocaberis
1764 595 1946 650 civitas
1965 596 2120 668 justi,

529 688 649 741 urbs
670 684 877 753 ﬁdelis;
898 693 954 741 et
981 686 1035 739 in
1078 685 1205 750 ista,
1232 691 1358 756 post
1385 699 1668 755 prospera,
1708 685 2012 739 truculenta
2055 683 2126 740 sit

524 778 897 836 comminatio.
925 777 1061 833 Ecce
1085 774 1384 834 dominator
1406 778 1659 833 Dan-irtus
1685 781 2004 834 mrcituttm
2028 794 2125 833 an-

522 876 648 942 feret
672 872 738 926 ab
755 868 1053 926 Jerusalem
1079 878 1128 925 et
1155 871 1221 924 ab
1243 869 1645 931 Judavalidum
1668 880 1718 926 et
1742 874 1952 942 fortem,
1977 884 2126 924 omne

522 962 681 1019 robur
709 962 885 1034 panis.
926 971 975 1018 et
1004 978 1155 1017 omne
1185 961 1343 1017 robur
1385 978 1565 1034 aque,
1599 970 1656 1019 et
1700 962 1932 1034 reliqua.
1977 961 2124 1032 Ergo

513 1056 668 1126 juxta
706 1054 1032 1112 llebraicnm
1059 1064 1115 1111 et
1157 1055 1212 1111 in
1236 1056 1330 1111 illa
1380 1058 1621 1123 visione,
1672 1063 1728 1112 et
1762 1058 1815 1111 in
1868 1057 1977 1111 isto
2006 1071 2123 1111 ser-

521 1169 707 1221 mone,
733 1168 895 1224 qttem
915 1153 1049 1208 vidit
1067 1153 1260 1221 Isaias,
1287 1152 1434 1210 illius
1449 1154 1718 1222 Amos,de
1733 1153 1869 1210 Juda
1900 1154 2125 1210 etJeru-

520 1248 694 1304 salem
724 1246 1138 1319 intelligendum
1180 1255 1267 1304 est
1294 1264 1309 1302 :
1341 1262 1448 1303 non
1468 1258 1656 1304 contra
1684 1246 1931 1303 Judatam
1961 1246 2118 1304 etle-

520 1340 762 1401 rusalem
788 1356 803 1396 :
830 1341 915 1397 vel
947 1356 1046 1411 pro
1069 1339 1209 1396 Juda
1238 1350 1292 1397 et
1311 1340 1636 1405 Jerusalem,
1666 1350 1725 1397 ut
1761 1340 2127 1413 Symmachus

518 1436 803 1491 transtulit
841 1454 854 1489 :
897 1436 994 1492 sed
1023 1437 1296 1503 absolute,
1341 1437 1410 1492 de
1428 1438 1535 1509 ει
1559 1435 1695 1493 Juds
1718 1445 1772 1493 et
1795 1437 2121 1506 Jerusalem,

516 1525 577 1582 in
623 1541 735 1597 quo
775 1538 1009 1595 possunt
1054 1539 1110 1585 et
1152 1531 1274 1583 laeta
1313 1537 1370 1585 et
1406 1530 1580 1584 tristia
1608 1531 1901 1586 contineri.
1930 1531 1996 1586 Et
2021 1530 2126 1586 hoc.

518 1620 1015 1689 considerandum,
1060 1625 1184 1694 quia
1219 1623 1294 1679 ibi
1333 1622 1603 1679 visionem
1626 1623 1849 1690 videat;
1879 1624 1968 1680 hic
1991 1625 2128 1681 Ver-

2226 591 2417 648 Simile
2441 588 2570 663 quid
2591 590 2660 647 ad
2681 592 3087 649 desiderantem
3108 594 3344 649 animam
3370 608 3547 662 suam,
3576 604 3631 652 ct
3657 596 3837 669 impao

2227 686 2427 741 tienter
2448 686 2675 741 domum
2706 687 2797 741 Dei
2827 685 3015 743 videre
3037 688 3372 757 cupientem,
3406 698 3632 744 sanctus
3655 688 3839 761 loqui-

2228 787 2349 832 tur:
2383 777 2562 844 Quare
2595 778 2756 832 tristis
2782 795 2856 845 es,
2903 778 3080 833 anima
3104 793 3242 847 mea,
3269 787 3315 832 et
3351 793 3513 849 quare
3555 782 3838 836 conturbas

2226 886 2306 924 me
2335 868 2524 940 (Psal.
2569 885 2677 938 xu,
2704 873 2737 925 ti
2761 871 2815 941 )?
2845 871 2912 925 Et
2943 872 3142 926 iterum
3169 889 3182 923 :
3213 869 3345 925 Haec
3384 871 3689 929 recordatus
3719 889 3837 929 sum

2224 968 2275 1016 et
2299 960 2461 1029 emtdi
2488 963 2541 1016 in
2563 976 2647 1016 me
2669 962 2897 1016 animum
2920 976 3088 1017 nteant
3111 976 3133 1017 :
3158 965 3403 1033 quoniam
3431 962 3757 1035 pertransibo
3782 967 3836 1021 in

2226 1051 2396 1107 locum
2439 1053 2546 1126 θλ
2590 1053 2910 1109 tabernaculi
2956 1053 3285 1108 admirabilis
3329 1068 3492 1127 usque
3534 1057 3604 1109 ad
3621 1059 3834 1111 domum

2227 1144 2361 1202 Del:
2387 1148 2444 1200 ir:
2470 1161 2591 1203 voce
2616 1146 2951 1201 exultationis
2975 1156 3024 1201 et
3052 1146 3391 1218 confessionis
3427 1165 3587 1204 sonus
3616 1152 3834 1223 epulan-

2227 1240 2358 1293 tium
2385 1236 2589 1311 μωρίη
2618 1239 2714 1311 5).
2758 1237 2922 1306 LXX,
2970 1237 3314 1311 Manifestum
3341 1250 3562 1295 montem
3592 1241 3827 1311 Domini,

2227 1340 2277 1386 et
2308 1332 2517 1385 domum
2542 1328 2642 1385 Dei
2685 1346 2843 1403 super
2872 1332 3047 1402 capita
3090 1333 3372 1399 montium,
3411 1335 3827 1390 transtulerunt.

2227 1423 2381 1493 Quod
2414 1424 2784 1479 testimonium
2833 1425 3041 1481 eisdem
3088 1426 3273 1481 verbis
3321 1432 3377 1480 et
3405 1424 3660 1482 Michaeas
3706 1442 3831 1499 pro—

2230 1517 2397 1587 pheta
2420 1518 2639 1587 posuit:
2662 1532 2789 1589 qua:
2816 1519 2873 1571 in
2899 1530 3001 1573 suo
3025 1518 3146 1573 loco
3172 1519 3406 1589 exposui
3429 1518 3629 1592 (uicit.
3664 1519 3739 1592 ι).

2303 1607 2370 1662 Et
2397 1608 2681 1664 elevabitur
2702 1625 2859 1682 super
2886 1607 3065 1665 colles.
3113 1610 3218 1677 Qui
3265 1612 3318 1665 in
3363 1611 3635 1681 capitibus
3673 1627 3829 1668 mon-

515 1712 833 1784 bunt,qu
852 1723 976 1771 erat
1003 1716 1056 1768 in
1080 1716 1505 1786 principieapnd
1518 1717 1689 1772 Deum
1716 1736 1733 1770 θ
1753 1725 1810 1771 et
1836 1716 1890 1771 in
1916 1717 2009 1771 ma
2032 1717 2127 1772 ιιι.
2161 1780 2183 1786 Α
2230 1700 2363 1754 tium
2391 1709 2646 1756 ostensus
2672 1708 2758 1756 est
2801 1713 2857 1757 et
2888 1714 3131 1773 paratus,
3165 1701 3271 1757 iste
3301 1716 3469 1773 super
3511 1702 3685 1759 colles
3715 1705 3826 1760 cle-

520 1804 657 1861 ἀωῑδ
684 1780 1035 1862 (Summanus
1054 1780 1122 1862 δἐι
1134 1780 1381 1878 nmium
1394 1780 1579 1865 ςγεηῑω
1600 1808 1868 1873 salutem;
1902 1809 1955 1863 in
1969 1808 2073 1864 13.3
2096 1824 2124 1863 θ
2154 1780 2205 1847 Β
2231 1794 2461 1849 vubitttr.
2490 1795 2566 1850 De
2584 1795 2785 1866 quibus
2816 1796 3091 1852 montibus
3116 1805 3171 1851 et
3191 1797 3423 1852 collibus
3444 1805 3498 1852 et
3524 1798 3576 1851 in
3602 1796 3828 1856 Cantica

517 1897 767 1967 gentium
794 1897 970 1953 solute
1015 1898 1307 1969 incipiens,
1339 1900 1535 1970 punito
1566 1898 1758 1966 lsrael,
1783 1914 1848 1954 ex
1897 1908 2127 1971 utraque

516 1991 809 2047 vocatione
836 1991 1133 2048 credentes
1162 1992 1214 2047 in
1237 1993 1446 2049 Christi
1476 1992 1780 2048 Ecclesiam
1806 2004 2124 2066 congreget.

590 2081 788 2156 (Vera.
821 2085 917 2157 Ξ.)
950 2084 1019 2139 Et
1040 2087 1139 2141 erit
1165 2088 1219 2141 in
1255 2087 1549 2141 novissimis
1588 2086 1767 2141 diebus
1796 2098 2120 2161 preparatus

515 2193 665 2232 mons
688 2179 877 2234 domu
898 2176 1110 2235 Domini
1135 2179 1193 2233 in
1238 2180 1424 2235 vertice
1474 2179 1748 2233 montium.
1781 2177 2121 2234 Novissimos

515 2272 632 2328 dies
656 2283 709 2328 et
737 2275 788 2328 in
809 2273 1010 2330 Genesi
1042 2274 1293 2345 legimus,
1328 2272 1496 2344 quod,
1522 2280 1758 2329 vocante
1784 2272 1956 2328 Jacolt
1980 2272 2121 2328 ﬂlios

511 2379 642 2421 suos
669 2375 835 2437 atque
860 2366 1119 2423 dicente:
1154 2367 1341 2423 Venite
1379 2376 1434 2422 ut
1476 2368 1782 2422 enuntiem
1826 2366 1968 2420 vobis
1994 2366 2119 2437 quid

517 2463 751 2530 futurum
771 2459 840 2512 sit
860 2463 917 2512 tu
935 2459 1227 2513 novissimis
1250 2459 1435 2513 diebus
1458 2458 1631 2532 (Gen.
1661 2473 1807 2523 χιιι,
1837 2457 1902 2530 1)
1930 2474 1947 2509 2
1970 2465 2119 2527 posta-

514 2565 578 2605 ea
612 2549 679 2605 ad
699 2548 916 2618 Judam,
960 2550 1029 2604 de
1068 2550 1226 2620 cujus
1257 2551 1469 2606 semine
1513 2561 1671 2605 ortus
1706 2558 1793 2605 est
1839 2547 2116 2615 Christus,

513 2643 716 2699 dixerit
750 2660 763 2696 :
798 2641 922 2697 Non
953 2643 1154 2714 deﬁciet
1181 2644 1423 2715 princeps
1451 2641 1699 2711 exinde,
1726 2657 1888 2713 neque
1908 2643 2021 2696 duo:
2056 2640 2119 2693 de

513 2737 791 2806 femoribus
818 2740 934 2808 ejus
952 2777 965 2799 ,
990 2737 1152 2791 donec
1179 2737 1350 2792 veniat
1374 2737 1459 2790 cui
1479 2737 1763 2805 repositum
1784 2746 1859 2789 est
1892 2751 1915 2789 :
1931 2744 1983 2789 et
2008 2736 2119 2805 ipse

513 2828 611 2882 erit
634 2829 949 2897 exspectatio
968 2831 1218 2898 gentium.
1245 2829 1302 2884 In
1332 2830 1418 2883 Itis
1445 2829 1762 2884 novissimis
1788 2828 1982 2883 diebus
2009 2829 2119 2882 erit

513 2918 651 2973 liora
673 2920 992 2985 novissima,
1013 2919 1085 2975 de
1108 2935 1212 2991 qua
1235 2919 1475 2975 Joannes
1499 2920 1796 2990 Apostolus
1830 2920 2074 2990 loquitur
2098 2935 2111 2974 :

513 3010 703 3065 Filieli
741 3013 861 3077 nisi,
892 3011 1172 3067 novissima
1195 3011 1329 3066 Item
1370 3022 1445 3067 est
1473 3011 1495 3086 (
1525 3011 1567 3066 ll
1592 3011 1752 3066 lean.
1785 3026 1824 3076 ι,
1860 3011 2006 3082 18);
2059 3012 2114 3067 is

510 3117 618 3174 qua
641 3103 884 3159 abscisus
915 3104 1054 3174 lapis
1074 3104 1141 3160 de
1163 3112 1349 3160 monte
1378 3105 1498 3161 sine
1520 3105 1790 3170 manibus,
1838 3105 2012 3159 crevit
2059 3105 2111 3158 in

2226 1888 2565 1945 canticorum
2594 1900 2792 1958 sponsa
2816 1889 3090 1959 loquitur:
3120 1888 3237 1944 Vsa:
3252 1891 3522 1959 {rati-netis
3548 1892 3690 1946 mei:
3716 1906 3829 1948 ecce

2225 1980 2308 2035 hic
2339 1982 2472 2035 venit
2489 1978 2684 2034 saliens
2707 1996 2864 2053 super
2891 1990 3105 2049 montes,
3142 1981 3439 2037 transiliens
3466 1983 3659 2038 colles:
3682 1985 3830 2038 simi-

2224 2072 2292 2128 lis
2321 2082 2393 2127 est
2419 2073 2684 2143 fratruelis
2713 2089 2857 2127 nicas
2879 2088 3083 2144 capreae
3106 2075 3185 2129 vel
3215 2075 3437 2130 hintsqu
3466 2091 3734 2131 cervorum
3774 2077 3826 2131 in

2223 2165 2483 2222 montibus
2509 2163 2692 2221 Βρεμι
2713 2164 2905 2237 (Cant.
2928 2178 2988 2233 tt,
3017 2166 3071 2233 8,
3103 2164 3196 2237 9).

2294 2257 2364 2310 Et
2385 2261 2547 2328 ﬂuent
2566 2258 2636 2312 ad
2656 2272 2774 2314 eum
2791 2270 2966 2313 attines
2982 2267 3157 2331 gentes
3180 2276 3200 2312 :
3220 2266 3266 2313 et
3287 2259 3431 2314 ibunt
3448 2258 3632 2331 populi
3651 2260 3825 2316 multi.

2220 2350 2427 2407 Omues
2470 2352 2616 2407 enim
2662 2362 2853 2424 gentes
2893 2353 3135 2408 servient
3185 2352 3256 2419 ei,
3315 2353 3402 2409 cui
3444 2353 3647 2408 dictum
3697 2363 3823 2409 est:

2223 2442 2445 2498 Postulo
2473 2458 2507 2497 a
2532 2458 2631 2509 me,
2665 2457 2717 2499 et
2754 2444 2892 2498 dabo
2916 2444 3007 2498 tibi
3051 2453 3224 2517 gentes
3254 2443 3613 2500 hareditatem
3654 2454 3821 2514 tuam,

2220 2542 2268 2587 et
2293 2535 2666 2604 possessionem
2698 2545 2841 2589 tuam
2867 2536 3113 2590 terminos
3136 2541 3326 2607 tcrrce(
3352 2534 3501 2590 Psal.
3525 2551 3582 2604 tt,
3613 2534 3693 2606 8)
3721 2553 3734 2588 :
3767 2546 3827 2591 ut

2221 2628 2468 2682 serviant
2496 2629 2547 2682 ei
2571 2629 2727 2698 juxta
2759 2628 3096 2699 Stephanium
3123 2629 3228 2684 sub
3251 2630 3385 2699 iugo
3427 2642 3557 2695 uno,
3602 2628 3675 2685 de
3697 2629 3825 2700 qui-

2220 2719 2329 2775 bus
2369 2719 2512 2775 idem
2560 2719 2824 2790 propheta
2869 2730 3138 2777 testatur:
3190 2719 3276 2777 Ea:
3305 2720 3496 2791 ﬁnibus
3541 2722 3823 2791 ﬂuuiorum

2221 2813 2513 2887 zEt/u'opia:
2541 2814 2758 2883 aﬂ'crent
2789 2817 2881 2871 tibi
2898 2816 3095 2871 hostias
3117 2818 3323 2889 (Soph.
3359 2830 3438 2886 tn,
3475 2818 3544 2873 10
3565 2817 3607 2890 ).
3650 2818 3719 2872 Et
3766 2819 3823 2873 in

2218 2909 2627 2978 septuagesimo
2666 2908 2844 2979 primo
2886 2909 3103 2979 psalmo
3134 2910 3405 2980 legimus:
3437 2907 3509 2963 In
3547 2919 3826 2977 conspectu

2218 3007 2332 3075 ejus
2361 3003 2631 3074 procident
2659 3002 2935 3076 .Etkiopes
2967 3002 3156 3078 (Psal.
3189 3018 3335 3070 Lm,
3366 3003 3461 3075 9).
3509 3004 3568 3059 lu
3597 3005 3826 3061 nomine

2217 3097 2363 3150 enim
2385 3095 2524 3151 Iesu
2553 3111 2717 3151 omne
2753 3108 2895 3166 genu
2941 3094 3211 3165 ﬂectetur,
3259 3096 3583 3162 caelestium,
3619 3107 3824 3153 terres-

512 3164 757 3252 montem
787 3164 1066 3267 magnum,
1095 3206 1153 3252 et
1172 3197 1408 3266 replevit
1424 3210 1645 3251 omnem
1668 3164 1871 3251 terram
1902 3212 1914 3248 :
1940 3209 1970 3249 a
2003 3210 2110 3263 quo
2137 3164 2186 3232 θ
2218 3190 2403 3253 trium,
2437 3197 2493 3244 et
2520 3164 2855 3244 utieruorum
2887 3188 3166 3263 (Philipp.
3196 3204 3237 3245 ιι
3258 3193 3297 3259 ).

509 3289 764 3358 princeps
787 3287 915 3361 Tyri
939 3288 993 3343 in
1013 3288 1301 3344 Ezechiele
1318 3289 1521 3344 dicitur
1538 3289 1856 3344 vulneratus
1879 3289 1899 3361 (
1918 3286 2105 3342 Exerit.

506 3397 622 3449 vm,
661 3381 757 3449 16,
786 3382 1068 3437 secundum
1088 3379 1288 3456 LXX).
1324 3383 1424 3439 Hic
1452 3399 1609 3438 mons
1645 3383 1698 3439 in
1731 3384 1895 3438 domo
1923 3380 1967 3438 D
1988 3384 2108 3439 imi-

509 3476 564 3528 ni
594 3483 699 3539 est,
743 3490 906 3545 quam
960 3475 1235 3544 Propheta
1284 3475 1545 3544 sustiirat,
1598 3475 1829 3531 dicens:
1864 3485 1891 3512 ι
1936 3475 2109 3531 Unum

509 3564 662 3636 petivi
690 3581 722 3617 a
750 3561 999 3630 Domino,
1033 3562 1129 3618 hoc
1150 3565 1443 3635 requiram:
1473 3575 1528 3619 ut
1564 3565 1846 3620 inhabitem
1873 3567 1927 3619 in
1956 3566 2109 3621 domo

509 3654 747 3722 Domini,
789 3671 965 3710 omnes
992 3655 1100 3711 dies
1127 3658 1245 3712 vita:
1288 3672 1417 3714 mete
1445 3656 1576 3728 (Ps.
1608 3672 1761 3723 χιιι,
1804 3659 1911 3729 4);
1946 3668 2003 3715 et
2040 3659 2109 3715 de

510 3761 615 3816 qua
636 3744 841 3803 Paulus
874 3746 1072 3803 scribit
1094 3747 1161 3802 ad
1185 3746 1534 3804 Timotheum
1561 3765 1574 3801 :
1610 3749 1706 3804 Sin
1738 3760 1910 3803 autem
1930 3749 2110 3804 tarda-

507 3854 648 3906 vero,
671 3849 729 3894 ut
749 3842 883 3895 scias
909 3840 1169 3912 quomodo
1214 3852 1263 3896 te
1290 3851 1522 3914 aporteat
1547 3844 1841 3897 conversari
1872 3843 1924 3896 in
1953 3842 2109 3897 domo

503 3931 627 3997 Dei,
649 3949 768 4006 qua:
786 3944 860 3989 est
889 3934 1123 3990 Ecclesia
1167 3932 1267 3989 Dei
1298 3936 1529 4001 viventis,
1570 3933 1811 3990 columna
1849 3943 1898 3990 et
1930 3935 2108 4005 ﬁrma-

506 4032 734 4081 mentum
757 4027 985 4081 veritatis
1010 4023 1061 4097 (Ι
1093 4022 1230 4081 Tim.
1264 4039 1345 4091 ιιι,
1390 4025 1511 4096 15).
1538 4024 1665 4081 Haec
1705 4024 1899 4081 domus
1939 4025 2110 4080 rediti-

505 4130 624 4176 (ιλιι
641 4132 725 4176 est
736 4136 903 4189 super
915 4119 1326 4175 fundamentum
1342 4120 1725 4189 Apostolorum
1739 4131 1793 4174 et
1810 4118 2109 4188 Propheta-

505 4228 649 4279 rum,
676 4214 768 4283 qui
790 4221 845 4268 et
870 4213 973 4282 ipsi
995 4221 1209 4268 montes
1232 4220 1382 4279 sunt,
1402 4213 1555 4283 quasi
1577 4212 1881 4267 imitatores
1902 4208 2108 4267 Christi

505 4303 745 4376 (Ephes.
772 4303 869 4375 ιι).
928 4303 1006 4357 De
1051 4304 1152 4359 hac
1199 4303 1366 4359 domo
1404 4301 1432 4341 δ
1460 4302 1763 4358 Jerusalem
1814 4301 2106 4359 Psalmista

502 4395 812 4451 conclamat
855 4393 1087 4449 dicens:
1129 4392 1232 4459 Qui
1280 4394 1551 4464 conﬁdant
1594 4395 1650 4447 in
1700 4391 1926 4448 Domine
1976 4395 2108 4449 sicut

501 4503 651 4543 mons
678 4487 828 4555 Sion,
854 4504 961 4542 non
982 4486 1383 4542 commovebitur
1402 4487 1456 4540 in
1486 4496 1759 4555 Μένητι-ιη,
1787 4487 1877 4559 qui
1907 4486 2106 4540 habitat

2284 3281 2467 3353 (νοτε.
2498 3277 2581 3352 5.)
2612 3280 2683 3335 Et
2710 3282 2914 3336 dicent:
2952 3282 3156 3347 Venite,
3189 3281 3530 3336 ascendamas
3556 3280 3628 3334 ad
3667 3298 3822 3336 mon-

2212 3384 2313 3430 tem
2334 3374 2562 3440 Domini,
2597 3382 2646 3427 et
2670 3374 2743 3426 ad
2780 3374 2993 3427 domum
3032 3372 3126 3427 Dei
3162 3370 3325 3427 Iacob
3346 3388 3365 3427 :
3403 3383 3451 3427 et
3496 3372 3696 3426 decebit
3723 3389 3822 3426 nos

2211 3469 2323 3521 vias
2347 3482 2469 3520 snas
2490 3481 2511 3520 :
2538 3475 2588 3519 et
2619 3465 2997 3519 ambulatorias
3029 3466 3086 3518 in
3115 3467 3312 3520 semitis
3343 3468 3479 3538 ejus.
3526 3462 3734 3521 Gentes
3764 3476 3825 3521 et

2215 3558 2400 3628 populi
2424 3570 2763 3627 nequaquam
2793 3557 3010 3627 propria
3037 3558 3212 3612 solute
3241 3557 3505 3622 contem,
3540 3570 3601 3611 se
3629 3567 3822 3615 mutuo

2214 3651 2598 3716 hortabantur,
2628 3661 2686 3705 et
2712 3650 2897 3705 dicent
2922 3667 2936 3703 :
2970 3648 3168 3716 Venite,
3198 3650 3543 3704 assensi-nus
3568 3649 3639 3703 ecl
3670 3665 3823 3704 motio

2212 3753 2314 3798 tem
2335 3742 2548 3797 Domini
2578 3751 2629 3796 et
2652 3743 2721 3796 ad
2742 3743 2955 3797 domum
2980 3740 3079 3798 Dei
3106 3740 3294 3797 Iacob.
3322 3743 3399 3798 De
3419 3742 3619 3813 quibus
3646 3757 3820 3811 supra

2211 3846 2468 3912 diximus,
2503 3845 2595 3915 qui
2641 3845 2714 3900 sit
2761 3859 2921 3901 mons
2971 3844 3187 3899 Domini
3240 3852 3578 3915 praeparatus
3608 3854 3663 3899 et
3694 3858 3820 3912 quae

2211 3945 2406 4001 domus
2439 3942 2647 3998 Domini
2676 3957 2841 4014 super
2857 3943 3119 4000 verticem
3162 3944 3448 3999 montium.
3484 3942 3686 3998 Domus
3714 3958 3818 3998 au-

2215 4054 2320 4098 tem
2354 4042 2569 4098 Domini
2597 4042 2797 4097 dicitur
2827 4041 3021 4098 domus
3051 4042 3143 4097 Dei
3167 4041 3359 4111 Jacob,
3395 4048 3453 4097 ut
3480 4042 3817 4111 recipiamus

2212 4157 2372 4202 vetus
2396 4146 2842 4215 lnstrumentum,
2889 4156 3079 4203 etnon
3126 4146 3426 4203 secundant
3455 4146 3814 4203 Manichtcmn

2210 4252 2370 4307 aliam
2417 4259 2569 4307 extra
2609 4252 2830 4307 domum
2881 4251 2977 4307 Dei
3024 4249 3195 4308 Jactvb
3224 4266 3533 4323 qumramus
3563 4238 3814 4308 domum.

2211 4351 2345 4415 Cum
2374 4363 2558 4410 autem
2585 4352 2848 4409 fuerimus
2873 4352 2930 4408 in
2953 4352 3118 4409 domo
3148 4354 3241 4409 Dei
3262 4352 3457 4420 Jacob,
3488 4360 3615 4408 tunc
3646 4351 3816 4409 doce-

2211 4457 2291 4513 bit
2335 4472 2436 4512 nos
2465 4457 2582 4511 vias
2612 4471 2764 4524 suas,
2798 4472 2897 4527 per
2923 4471 3058 4527 quas
3086 4454 3402 4526 gradiantur
3443 4454 3513 4510 ad
3551 4470 3701 4522 eum,
3756 4466 3815 4510 et

502 4581 559 4635 in
600 4554 917 4635 Jerusalem.
978 4578 1182 4634 Hontes
1226 4580 1281 4633 in
1327 4579 1549 4633 circuitu
1596 4582 1712 4652 ejus
1746 4554 1772 4633 7:
1800 4554 2097 4642 etjbonti'

2221 4555 2614 4611 ambulabitnus
2645 4556 2699 4609 in
2726 4555 2937 4610 sentitis
2983 4554 3124 4625 ejus,
3155 4569 3293 4625 quas
3334 4564 3355 4593 ε
3400 4554 3715 4609 tribuerunt
3755 4564 3815 4610 et

501 4690 601 4729 nus
629 4674 685 4727 in
723 4674 943 4728 circuitu
970 4673 1151 4746 populi
1192 4674 1277 4727 sui
1323 4671 1515 4742 (Paul.
1548 4688 1711 4727 cxxrv
1737 4716 1751 4737 ,
1794 4673 1819 4725 1
1860 4671 1902 4743 ).
1932 4671 2093 4730 [inde

495 4775 551 4819 et
592 4780 762 4835 super
805 4780 969 4820 unum
1014 4766 1281 4819 montium
1340 4761 1592 4817 Christus
1658 4761 1846 4815 fundat
1909 4763 2095 4819 Eccle-

499 4855 656 4923 sium,
702 4865 761 4911 et
799 4857 1042 4926 loquitur
1079 4858 1149 4910 ad
1178 4870 1343 4911 eum:
1378 4853 1455 4909 Tu
1480 4871 1533 4908 es
1580 4852 1790 4921 Petrus,
1843 4863 1891 4907 et
1940 4870 2100 4926 super

569 5029 595 5056 ιι
656 5017 825 5073 Unum
871 5016 1046 5085 petivi,
1097 5024 1204 5070 etc.
1259 5015 1371 5069 lloc
1408 5012 1573 5067 modo
1622 5012 1753 5081 legit
1802 5010 2007 5085 smpius
2038 5011 2088 5066 in

492 5081 915 5147 Commentariis
937 5086 1073 5146 suis.
1099 5086 1344 5154 quamvis
1378 5086 1429 5140 in
1459 5084 1815 5140 translatione
1842 5081 2091 5154 Scriptu-

494 5176 675 5216 rarnm
695 5156 961 5212 feminino
983 5152 1193 5281 genere
1208 5156 1431 5220 dixerit,
1447 5172 1601 5209 unam
1621 5156 1777 5225 petivi
1796 5172 1828 5209 a
1844 5152 2086 5218 Domino,

494 5232 628 5281 hanc
669 5229 948 5281 requiram.
1030 5242 1061 5281 e
1090 5228 1189 5279 hac
1236 5240 1364 5278 vero
1406 5226 1656 5281 lectionis
1697 5226 1961 5280 varietate
2012 5224 2086 5278 ita

492 5232 628 5287 hunc
669 5229 948 5298 requiram.
983 5224 1061 5281 De
1090 5228 1189 5298 ha_c
1236 5240 1364 5298 vero
1406 5224 1656 5298 lectionis
1697 5226 1961 5280 varietate
2012 5224 2089 5298 ita

491 5295 813 5371 disputatin
844 5304 1009 5368 caput
1031 5312 1101 5371 v_tt
1117 5295 1485 5371 Ecclesiastte
1509 5312 1521 5347 :
1557 5295 1662 5349 Pro
1678 5312 1737 5350 eo
1757 5307 1927 5371 utttent
1948 5296 2088 5362 quod

490 5366 648 5445 supra
697 5366 981 5425 sermonem
1020 5366 1302 5445 Hebraeum
1341 5367 1757 5445 interpretantes,
1808 5367 2036 5445 eligimus
2066 5383 2085 5421 :

492 5438 666 5499 Uitam
697 5443 1080 5497 adounum..."
1104 5440 1337 5509 apertius
1366 5440 1727 5509 interpretatus
1755 5447 1825 5492 est
1856 5438 2093 5507 Symma-

492 5516 640 5578 chus,
671 5522 837 5566 annm
866 5511 933 5565 ad
956 5526 1244 5563 unum.....
1280 5508 1433 5576 Quod
1460 5510 1594 5563 enim
1627 5524 1719 5562 nos
1750 5510 1972 5562 solemus
2001 5509 2092 5578 abg

489 5576 653 5637 solute
672 5595 717 5637 et
746 5580 1046 5651 neutraliter
1067 5580 1351 5651 appellare,
1367 5580 1419 5633 ia
1448 5578 1662 5644 est,ltoc
1681 5580 1913 5648 quierim”,
1945 5576 2088 5651 istud

491 5655 630 5706 volui
663 5652 925 5716 invenire;
972 5647 1182 5703 Hebrtei
1219 5650 1466 5719 feminino
1504 5665 1685 5719 genere
1727 5647 2083 5719 pronuntiant,

488 5725 621 5778 sicut
645 5722 698 5775 in
736 5719 935 5787 psalmo
965 5735 983 5773 :
1015 5720 1186 5787 Unam
1217 5717 1347 5787 petii
1370 5733 1401 5771 ιι
1431 5717 1854 5787 Dotnino,hanc
1896 5717 2082 5787 requi-

488 5805 647 5861 ram;
680 5786 777 5862 pro
797 5803 858 5844 eo
885 5786 1027 5859 quod
1059 5795 1156 5861 est,
1180 5786 1370 5845 unum.
1698 5786 1970 5843 Murus.

2198 4655 2311 4709 alii.
2341 4655 2586 4724 Denique
2610 4665 2664 4709 et
2684 4654 2849 4711 Jesus
2874 4654 3185 4710 ascendens
3206 4655 3265 4710 in
3285 4667 3547 4721 montem,
3572 4654 3814 4711 docebat

2202 4755 2502 4825 discipulos
2540 4771 2671 4811 suos
2719 4766 2847 4813 octo
2891 4755 3276 4823 beatitudines,
3322 4768 3380 4812 et
3426 4765 3626 4811 ctetera
3682 4772 3811 4826 qua:

2207 4857 2565 4927 Evangelicus
2622 4872 2805 4913 sermo
2852 4860 3235 4930 complectitur
3280 4857 3446 4930 (Luc.
3479 4856 3596 4929 v1).
3648 4858 3813 4914 Prius

2266 5042 2337 5053 -—
2371 5013 2544 5068 Vatic.
2570 5031 2728 5069 unant
2752 5016 2927 5085 petivi,
2955 5024 3010 5071 et
3035 5031 3159 5069 mox
3190 5014 3323 5067 hanc
3348 5013 3629 5085 requirant.
3666 5013 3813 5069 Mar-

2198 5086 2329 5138 tian.
2364 5100 2602 5155 queque,
2627 5088 2720 5154 qui
2754 5083 2925 5139 unum
2958 5095 3011 5140 et
3055 5085 3151 5139 hoc
3184 5083 3427 5149 retinuit,
3460 5083 3519 5139 S.
3554 5083 3811 5140 Doctoris

2195 5154 2563 5210 tcsdmonium
2592 5157 2769 5210 laudat
2792 5157 2842 5208 in
2877 5171 2998 5223 cup.
3029 5170 3100 5209 ru
3130 5155 3340 5212 Eccles.
3374 5154 3531 5221 Quod
3555 5169 3649 5208 nos
3673 5156 3814 5210 sole-

2192 5241 2307 5297 mus
2336 5225 2589 5290 absolute,
2622 5236 2667 5279 ct
2698 5227 3015 5297 neutraliter;
3016 5227 3302 5297 appellare,
3328 5228 3383 5279 id
3404 5233 3501 5291 est,
3526 5224 3630 5277 huc
3661 5242 3812 5296 qum-

2189 5296 2303 5363 sivi,
2335 5297 2477 5350 istud
2509 5297 2646 5349 volui
2675 5297 2939 5368 invenire;
2971 5294 3176 5368 [labrist
3202 5298 3448 5362 feminino
3476 5294 3814 5368 gettere'pro-

2192 5369 2452 5439 nuntiant,
2501 5367 2636 5420 sicut
2666 5370 2720 5421 in
2776 5365 3233 5439 Psaltttotlhlztm
3279 5369 3410 5436 petii
3462 5365 3492 5419 ιι
3540 5365 3805 5439 Domino,

2199 5437 2353 5509 hanc
2367 5438 2655 5509 requiram,
2685 5452 2783 5509 pro
2807 5453 2869 5492 eo
2894 5437 3154 5509 quodest,
3188 5453 3377 5493 unum.

2267 5504 2294 5544 δ
2334 5504 2503 5572 idem,
2537 5508 2599 5561 de
2628 5504 2723 5561 hac
2750 5504 2923 5571 domo,
2957 5518 3004 5563 et
3025 5508 3339 5563 Jerusalem.

2269 5587 2291 5615 ο
2317 5576 2554 5650 Omnino
2584 5579 2811 5650 resctibi
2839 5581 3000 5635 velim
3034 5582 3283 5635 triverunt
3323 5593 3421 5650 pro
3464 5580 3803 5649 cribuertmt,

2190 5648 2333 5771 (mod
2365 5648 2452 5703 hic
2493 5649 2627 5704 nihil
2670 5660 2785 5717 est,
2817 5652 3034 5708 tametsi
3065 5651 3117 5705 iit
3155 5648 3514 5722 editis—atque
3558 5667 3621 5707 ac
3657 5648 3808 5710 mss.

2212 5728 2425 5771 erratur.

2212 5728 2425 5790 egatur.
