4008 6290
489 302 561 356 Π
1709 280 1796 344 ιε.
1841 274 2119 336 EUSEBII
2160 271 2538 332 IIIERONYMI
3734 265 3804 323 48

485 427 650 468 mime
666 423 765 482 pro
788 406 1024 478 proprio,
1055 417 1177 474 quae
1197 407 1280 456 est
1303 397 1466 455 hodie
1482 409 1617 467 gens
1639 393 2083 455 Palmstinorum,
2119 391 2169 450 Α
2193 386 2361 451 ditus,
2393 384 2692 440 Antinoum
2721 378 3062 436 consecrarit
3107 379 3162 434 in
3204 377 3400 444 Deum,
3434 373 3803 445 templumque

487 507 644 577 quasi
675 501 1148 559 Philisthinorum.
1176 497 1304 566 quia
1331 493 1367 547 P
1392 494 1632 547 litteram
1658 501 1841 544 sermo
1870 482 2098 540 IIebrai-

485 573 582 655 cus
615 613 719 650 non
765 595 959 656 habet;
1013 589 1116 645 sed
1148 603 1252 659 pro
1281 601 1344 641 ea
1375 600 1462 639 rut
1491 583 1686 639 Grteco
1713 579 1904 632 utitur.
1942 573 2098 630 Unde

484 689 615 745 illud
646 686 789 756 quod
839 687 893 739 in
942 681 1179 736 Psalmis
1234 677 1454 743 dicitur,
1514 689 1637 732 cum
1681 667 2099 726 enumeratione

482 783 719 851 gentium
774 788 1099 835 exterarum
1146 790 1159 826 :
1216 770 1352 826 Mihi
1398 769 1705 838 alienigena:
1749 762 1943 819 subditi
1980 769 2098 814 sunt

484 873 656 946 (Psal.
699 869 959 936 ux,10),
1009 881 1116 920 non
1163 878 1356 918 omnes
1401 869 1621 915 exteras
1673 856 1948 917 nationes,
2001 850 2096 906 sed

484 967 704 1036 proprie
776 961 1097 1016 Palaestinos
1161 955 1453 1025 signiﬁcat.
1526 948 1836 1018 Redditqne
1903 960 2097 1000 causas

485 1071 657 1128 quare
684 1053 981 1124 proiecerit
1009 1051 1149 1104 Deus
1179 1047 1440 1119 populum
1466 1060 1626 1098 suum
1657 1041 1878 1096 domum
1895 1036 2093 1094 Iacob:

486 1149 616 1219 quia
662 1145 858 1216 repleti
898 1151 1045 1206 sunt,
1097 1141 1302 1206 inquit,
1343 1146 1402 1192 ut
1433 1136 1656 1192 fuerunt
1701 1134 1756 1188 in
1800 1129 2092 1199 principio,

486 1237 806 1309 auguribus,
846 1245 870 1271 ει
902 1244 954 1288 et
983 1231 1278 1294 ominibus,
1312 1227 1635 1295 cunctisque
1679 1222 1936 1278 sordibus
1983 1219 2098 1274 ido-

485 1332 740 1389 lolatrire.
775 1327 893 1383 Non
913 1323 1244 1380 attendenda
1268 1321 1296 1360 ι)
1321 1319 1504 1376 omina
1539 1333 1640 1372 nec
1666 1313 1911 1386 auguria,
1948 1311 2097 1366 Mose

487 1425 791 1488 scribente,
815 1419 1215 1491 cognoscimus,
1249 1413 1926 1484 quaaliabueruntgentes,
1958 1417 2094 1474 quas

490 1519 654 1589 eiecit
684 1517 947 1571 Dominus
975 1529 1004 1567 a
1033 1511 1169 1565 faeie
1191 1507 1386 1574 Israel,
1415 1505 1876 1564 Chananmorum,
1898 1497 2094 1551 Amor-

488 1587 788 1674 rhmorum,
843 1614 898 1660 et
939 1603 1344 1659 Chethaeorum.
1388 1599 1540 1652 Ilunc
1596 1596 1772 1650 locum
1831 1587 2092 1646 Ecclesia:

487 1708 812 1754 traetatores
856 1697 1037 1761 aliter,
1069 1703 1230 1763 atque
1277 1691 1438 1745 aliter
1479 1687 1809 1742 edisserunt.
1855 1680 2088 1750 Quidam

2203 479 2254 534 ei
2284 494 2348 534 ac
2377 479 2646 543 victimas,
2702 484 2757 530 et
2794 474 3110 530 sacerdotes
3157 473 3269 544 36
3299 470 3615 537 instituerit,
3647 478 3705 524 et
3735 485 3801 525 cx

2201 587 2267 627 eo
2298 571 2520 644 Egypti
2551 569 2748 626 civitas
2778 583 2843 622 ac
2873 568 3022 638 regio
3067 581 3266 620 nomen
3305 563 3604 634 acceperit.
3658 561 3804 617 Inter

2201 672 2381 716 scorta
2405 677 2622 732 quoque
2647 660 2697 714 in
2727 658 3028 714 fornicibus
3053 655 3490 726 spectaculorum
3513 656 3668 725 pueri
3697 660 3803 708 ste-

2203 755 2369 811 terint
2400 755 2632 825 publica:
2661 751 2875 807 libidini
2907 751 3136 822 expositi
3183 767 3194 802 :
3231 749 3403 804 donec
3452 747 3556 803 sub
3608 755 3631 782 ε
3663 742 3804 800 Con~

2199 851 2443 905 stautino
2476 850 2824 919 imperatore,
2861 844 3066 900 Christi
3115 842 3412 913 Evangelio
3451 847 3799 904 coruscante,

2199 953 2253 998 et
2270 941 2558 996 inﬁdelitas
2574 941 2953 995 universarum
2973 936 3238 1007 gentium,
3254 941 3310 990 et
3331 930 3612 1001 turpitudo
3624 929 3802 986 deleta

2201 1045 2306 1091 est.
2343 1036 2512 1090 Porro
2540 1032 2683 1088 LXX
2715 1031 2980 1100 coniuges
3006 1044 3194 1083 eorum
3227 1026 3460 1081 violatas
3489 1038 3614 1080 esse
3635 1023 3803 1093 signi-

2200 1127 2386 1194 ﬁcant,
2418 1126 2545 1182 dum
2581 1125 2722 1178 ﬁlios
2753 1122 2968 1177 alienos
2999 1119 3202 1176 Iudaeis
3235 1125 3516 1190 generant.
3552 1117 3804 1186 Symma‘

2199 1219 2334 1274 chus
2361 1216 2594 1288 quodam
2625 1215 2880 1279 circuitu,
2907 1221 2963 1268 et
2993 1212 3224 1266 honesto
3252 1223 3510 1265 sermone
3541 1207 3804 1277 plauden-

2200 1310 2358 1376 tium,
2374 1309 2620 1364 eamdem
2638 1322 2761 1363 cum
2776 1305 2958 1376 pueris
2973 1303 3368 1375 turpitudinem
3383 1300 3800 1358 demonstravit.

2271 1402 2472 1472 (Vers.
2506 1400 2598 1473 8.)
2625 1401 2688 1454 Et
2719 1402 2916 1470 repleta
2944 1409 3017 1453 est
3050 1409 3187 1453 terra
3233 1405 3446 1466 argento
3477 1404 3523 1449 et
3550 1410 3707 1459 auro,
3757 1400 3804 1447 et

2198 1514 2300 1551 non
2357 1506 2432 1550 est
2462 1496 2584 1566 ﬁnis
2625 1494 2989 1548 thesaurorum
3039 1495 3175 1566 ejus.
3221 1490 3370 1546 Inter
3423 1498 3624 1546 etctera
3671 1487 3802 1542 vitia

2197 1598 2356 1645 terrae
2386 1588 2582 1643 domus
2608 1586 2802 1654 Jacob,
2835 1586 2999 1641 etiam
3028 1586 3145 1640 auri
3178 1593 3234 1640 et
3264 1582 3478 1654 argenti
3511 1577 3802 1636 multitudo

2195 1688 2537 1736 numeratur.
2592 1679 2740 1733 Inter
2781 1678 2964 1732 omina
3005 1686 3060 1732 et
3085 1690 3352 1746 augures,
3386 1687 3556 1743 equos
3585 1682 3640 1728 et
3663 1687 3802 1742 qua-

485 1791 635 1847 enim
686 1789 877 1845 volunt
910 1787 1014 1841 hoc
1053 1782 1374 1855 signiﬁcari,
1423 1778 1564 1849 quod
1599 1777 1841 1846 proiecto
1887 1771 2088 1842 popqu
2117 1767 2398 1844 Bdrigas,
2445 1787 2582 1842 quas
2653 1773 2796 1827 Deus
2857 1769 3221 1838 multiplicari
3254 1767 3534 1840 prohibuit
3582 1764 3803 1837 regibus

483 1883 820 1945 .Iudazorum,
847 1881 1128 1948 ingressus
1154 1876 1226 1928 sit
1261 1883 1459 1928 terram
1491 1869 1765 1940 quondam
1797 1863 2092 1934 repromis-

483 1975 656 2030 sionis
698 1973 981 2026 Romanus
1006 1967 1322 2029 exercitus;
1361 1972 1415 2017 et
1444 1961 1636 2030 ejectis
1675 1956 1900 2018 Iudaeis,
1938 1953 2090 2008 habi-

485 2067 725 2121 taverint
775 2066 829 2117 in
868 2062 1054 2118 .Iodma
1097 2057 1437 2126 alienigena),
1477 2053 1567 2124 qui
1615 2051 1684 2107 de
1707 2059 1821 2105 toto
1847 2049 1980 2104 orbe
2009 2045 2090 2102 di-

486 2155 769 2213 versurum
808 2153 1051 2225 gentium
1102 2149 1303 2204 accola:
1343 2155 1492 2210 sunt,
1525 2143 1743 2199 adducti
1787 2160 1814 2195 a
1856 2141 2003 2207 Tito,
2037 2149 2092 2197 et

485 2251 852 2321 Vespasiano,
913 2255 966 2302 et
1015 2244 1310 2307 IIadriano,
1369 2239 1690 2308 exterisque
1725 2235 2085 2307 principibus.

487 2346 594 2402 Alii
635 2353 814 2399 autem
874 2347 1062 2411 putant
1100 2338 1202 2392 hoc
1255 2351 1360 2390 non
1396 2331 1670 2404 pertinere
1717 2331 1784 2386 ad
1845 2331 2090 2385 Ilomana

484 2446 753 2505 tempora,
793 2432 886 2487 sed
910 2431 978 2485 ad
1006 2427 1315 2499 superiora,
1369 2425 1684 2494 priusquam
1715 2437 1744 2474 a
1776 2418 2092 2489 Babyloniis

487 2533 861 2588 vastarentur,
907 2520 1051 2591 quod
1095 2517 1198 2573 sub
1248 2515 1428 2583 impiis
1459 2515 1677 2584 regibus
1713 2523 1732 2551 ο
1768 2512 1935 2566 fuisse
1966 2525 2089 2565 nar-

494 2632 705 2682 rantur,
742 2628 798 2673 et
835 2632 865 2671 a
900 2614 1128 2670 Domino
1160 2609 1410 2666 tlerelicti
1441 2617 1588 2663 sunt.

564 2711 632 2766 Et
655 2711 829 2784 pueris
859 2706 1045 2760 alienis
1066 2703 1417 2758 adha’serunt.
1450 2700 1558 2754 Pro
1588 2714 1696 2769 quo
1726 2697 1874 2753 LXX
1904 2707 2090 2752 trans-

489 2807 767 2863 tulerunt:
798 2802 866 2855 Et
894 2799 992 2867 ﬁlii
1023 2797 1175 2851 multi
1195 2794 1494 2864 alienigena:
1521 2793 1632 2846 nati
1658 2803 1778 2846 sunt
1809 2793 1900 2846 eis.
1932 2791 2092 2862 Sym-

488 2899 718 2955 machus
749 2913 762 2949 :
801 2893 868 2948 Et
892 2909 1007 2945 cum
1033 2889 1158 2960 [iliis
1196 2886 1381 2940 alienis
1419 2886 1816 2954 applauserunt.
1849 2884 1952 2938 Pro
1983 2899 2092 2954 quo

490 2989 756 3056 scriptum
788 2994 872 3040 est
923 2984 974 3036 in
1009 2980 1280 3035 Hebraico
1333 2976 1588 3032 .Issrmcu
1623 2974 1911 3058 (πρωτην),
1945 2973 2090 3045 quod

489 3080 709 3138 Ilebrtei
748 3079 1216 3148 interpretantur,
1269 3071 1667 3143 ἓσφηνὼθησαν,
1708 3077 1762 3122 ει
1811 3081 1913 3122 nos
1971 3082 2092 3122 νεν-

2194 1868 2360 1922 Israel
2379 1885 2391 1921 :
2410 1867 2553 1920 inter
2571 1865 2738 1931 idola,
2754 1880 2875 1935 qua:
2891 1873 3016 1918 sunt
3041 1877 3207 1934 opera
3224 1877 3479 1916 manuum
3495 1860 3798 1926 hominum,

2192 1959 2424 2013 avaritia
2456 1957 2882 2013 condemnatur.
2938 1954 3097 2011 Unde
3148 1955 3410 2010 Dominus
3455 1955 3715 2023 praecepit
3747 1952 3802 2008 in

2193 2050 2515 2121 Evangelio.
2577 2064 2645 2104 ne
2702 2049 3136 2104 tliesaurizemns
3194 2047 3358 2102 nobis
3407 2044 3699 2100 thesauros
3749 2044 3801 2099 in

2196 2152 2363 2210 terra,
2393 2154 2450 2200 et
2480 2160 2549 2200 ne
2573 2143 2838 2198 faciamus
2871 2150 3181 2208 thesauros,
3205 2142 3274 2197 de
3301 2141 3498 2211 quibus
3521 2141 3604 2195 fur
3626 2139 3802 2211 possit

2193 2237 2436 2306 eripere,
2482 2236 2551 2291 ad
2583 2246 2890 2291 extremum
2949 2234 3231 2290 inferens:
3269 2233 3392 2288 Non
3441 2233 3650 2302 potestis
3689 2231 3801 2287 Deo

2191 2321 2384 2384 seiuire
2405 2337 2454 2383 et
2477 2345 2785 2383 mammome
2814 2326 3043 2398 (Matth.
3078 2342 3156 2394 vr,
3175 2326 3248 2381 24
3276 2326 3315 2396 ).
3352 2325 3588 2380 Pulchre
3615 2334 3798 2380 autem

2194 2421 2331 2476 illud
2387 2435 2600 2475 comma
2650 2421 2954 2476 versiculi:
2995 2419 3214 2492 Semper
3260 2435 3446 2473 avarus
3483 2428 3617 2492 eget,
3670 2418 3799 2474 aliis

2193 2513 2379 2569 verbis
2407 2513 2676 2583 PrOpheta
2709 2513 3040 2581 signiﬁcavit
3068 2514 3260 2570 dicens
3289 2533 3302 2568 :
3337 2513 3406 2568 Et
3443 2531 3546 2568 non
3571 2523 3646 2569 est
3673 2515 3798 2582 ﬁnis

2196 2608 2556 2662 thesaurorum
2606 2611 2739 2681 ejus.
2770 2607 2889 2662 Non
2918 2607 3064 2678 quod
3099 2607 3337 2662 thesauri
3370 2606 3531 2662 ﬁnem
3562 2622 3668 2660 non
3701 2606 3799 2661 ha-

2194 2699 2379 2766 beant,
2405 2699 2499 2754 sed
2519 2699 2663 2770 quod
2687 2699 3080 2770 possidentium
3104 2698 3320 2754 animus
3345 2712 3450 2753 non
3475 2699 3790 2768 impleatur.

2195 2790 2436 2860 Utraque
2465 2803 2646 2846 autem
2679 2807 2810 2861 gens
2860 2802 2915 2846 et
2953 2791 3264 2847 Judteorum
3316 2800 3371 2846 et
3423 2791 3799 2847 Romanorum

2195 2899 2294 2952 per
2325 2882 2440 2937 haec
2474 2885 2639 2938 verba
2692 2883 2933 2938 avaritiae
2974 2883 3282 2954 sugillatur.
3342 2882 3498 2950 Quod
3543 2881 3800 2949 historiae

2196 2990 2408 3045 quoilue
2441 2985 2546 3029 tam
2577 2974 2782 3031 Grtecac
2825 2984 3050 3030 narrant
3077 2991 3239 3046 quam
3268 2975 3493 3040 Latina},
3528 2975 3665 3030 nihil
3693 2973 3800 3030 Ju-

2195 3069 2439 3124 dzeorum
2470 3079 2525 3124 et
2575 3069 2944 3124 Romanorum
2975 3081 3137 3140 gente
3177 3084 3300 3124 esse
3344 3070 3585 3123 avarius.
3645 3068 3804 3126 Unde

497 3178 694 3242 timus,
754 3171 1114 3234 adhwserunl,
1181 3175 1239 3220 υι
1270 3166 1527 3218 Vitiorum
1588 3163 1640 3216 ill
1701 3168 1862 3229 gente
1902 3159 2089 3214 Judzea
2117 3153 2162 3214 C
2197 3170 2251 3217 et
2281 3161 2300 3199 ί
2336 3162 2762 3232 repetundarum
2788 3163 2876 3217 lex
2908 3165 3206 3219 constituta
3227 3171 3334 3226 est,
3363 3172 3419 3217 et
3447 3161 3690 3231 quotidie
3716 3163 3804 3217 vi-

497 3266 772 3337 turpitudo
813 3269 1170 3318 monstretur.
1237 3257 1514 3311 Intantum
1557 3262 1736 3308 autem
1771 3251 1968 3316 Graeci,
2040 3259 2095 3306 et

493 3360 724 3415 Romani
760 3358 861 3411 hoc
886 3351 1162 3425 quondam
1195 3348 1328 3403 vitio
1361 3347 1777 3410 laboraverunt,
1803 3353 1860 3398 ut
1891 3353 1946 3398 et
1974 3343 2092 3399 cla-

493 3453 696 3510 rissimi
735 3446 1190 3518 phi|050phorum
1222 3440 1450 3496 Graeciae
1473 3439 1742 3492 haberent
1792 3434 1818 3472 ά
1879 3437 2093 3505 publice

495 3545 830 3602 concubinos
869 3557 884 3593 :
928 3546 985 3593 et
1021 3534 1298 3590 Adrianus
1330 3529 1694 3601 philosophire
1725 3528 1934 3583 artibus
1964 3543 2090 3583 eru-

492 3655 745 3711 ell‘ntiunt
773 3647 1022 3704 hodierni
1052 3644 1260 3709 Critici,
1295 3643 1388 3709 qui
1419 3657 1490 3697 ex
1519 3641 1616 3695 illo
1645 3640 1845 3711 docere
1872 3656 1973 3695 nos
2002 3656 2092 3695 vo-

494 3710 614 3782 lunt
670 3725 722 3778 in
764 3723 904 3775 libro
954 3717 1247 3772 Nominum
1288 3713 1677 3768 Hebraictirum
1730 3710 2088 3778 ahjicieudam

494 3798 737 3853 litteram
771 3792 830 3854 F,
865 3805 928 3844 ac
960 3802 1057 3858 pro
1083 3803 1143 3839 ea
1179 3783 1834 3858 usurpandumGraecum
1857 3782 2002 3858 _PIII,
2028 3800 2086 3857 φς

498 3883 608 3923 non
639 3852 984 3918 attendentes
1009 3859 1402 3980 IIieronimum
1435 3856 1486 3908 in
1516 3854 1656 3907 libro
1699 3854 1808 3920 jam
1840 3852 1988 3907 dicto
2011 3852 2098 3908 se-

499 3948 682 3980 msltltn
724 3934 894 3980 fuisse
939 3931 1188 3980 ordinem
1269 3929 1538 3980 utiliorum
1570 3926 1986 3980 elementorum.
2021 3934 2098 3977 at-

499 3948 683 3992 cutum
724 3934 894 3988 fuisse
939 3931 1188 3983 ordinem
1220 3926 1538 3980 Latinorum
1570 3926 1986 3990 elementorum,
2021 3934 2099 3977 at-

495 4024 600 4078 que
633 4009 837 4078 litteras
869 4001 906 4056 F
933 3999 1126 4078 et_PH_
1155 3998 1462 4078 promiscue
1493 3995 1792 4078 accepisse.
1825 3994 2094 4078 Materiam.

573 4109 644 4121 —-
667 4077 803 4131 Vide
827 4090 946 4144 qua:
977 4072 1046 4144 de
1082 4065 1368 4144 VP'littera
1405 4078 1520 4121 tum
1547 4065 1699 4131 alibi,
1738 4074 1849 4119 tum
1886 4066 1951 4119 ad
1991 4065 2099 4120 No-

507 4151 710 4206 tninum
754 4147 951 4200 librum
982 4143 1242 4194 diximus.

577 4230 602 4257 ιι
636 4218 698 4272 Et
725 4215 1002 4270 ominibus.
1029 4211 1133 4265 Pro
1165 4223 1302 4263 voce
1329 4208 1604 4272 ominibus,
1631 4206 1765 4261 editi
1793 4215 1952 4261 antea
1977 4206 2106 4263 libri

507 4292 696 4361 legunt
726 4284 959 4346 somniis,
992 4291 1183 4336 contra
1216 4291 1543 4334 consensum
1580 4278 2028 4402 mssﬁodicum.

1783 4364 1996 4402 ARTIAN.

1783 4364 1996 4403 ARTIAN.

579 4429 605 4467 ι’
637 4427 818 4484 Vatic.
856 4423 1080 4485 somnia,
1125 4419 1271 4490 quod
1312 4433 1510 4474 nomen
1555 4429 1768 4474 veteres
1798 4421 1930 4474 editi
1981 4419 2104 4475 libri

507 4511 562 4557 et
583 4513 747 4566 supra
788 4510 888 4566 pro
917 4493 1174 4566 ominibus
1206 4492 1525 4558 praeierunt.

583 4583 605 4610 ο
644 4565 756 4623 Duo
782 4565 938 4630 mss.,
979 4565 1162 4633 fecisse
1191 4573 1490 4616 narrantur.

582 4641 609 4678 ά
642 4639 908 4695 Haberent
939 4632 1316 4707 publiceque.
1342 4632 1632 4707 IIucrel'er
1674 4648 1793 4703 quae
1824 4632 1893 4707 de
1920 4633 2107 4688 Xeno-

507 4722 657 4770 crate
682 4711 826 4767 etde
855 4703 1084 4764 Socrate
1106 4705 1272 4760 habet
1302 4706 1418 4772 ipse
1450 4703 1812 4773 llieronymus
1851 4705 1904 4773 in
1940 4719 2064 4772 cap.
2089 4721 2106 4758 ι

509 4788 669 4841 Usee.
713 4782 790 4837 De
829 4779 1069 4835 Adriano
1106 4784 1287 4830 autem
1331 4773 1448 4828 haec
1481 4772 1731 4841 leguntur
1763 4775 1816 4826 in
1834 4772 2108 4829 Chronico

507 4855 862 4910 Eusebiano:
897 4849 1154 4902 Adrianus
1181 4844 1561 4900 eruditissimus
1582 4843 1634 4895 in
1664 4853 1876 4913 utraque
1907 4844 2106 4913 lingua;

511 4926 602 4977 sed
631 4926 684 4975 in
715 4935 987 4989 puerorum
1018 4932 1407 4989 amoreparum
1443 4917 1740 4989 co_ttt_inelt8._
1762 4913 1831 4989 Et
1859 4913 2056 4989 iterum
2091 4932 2104 4968 :

512 4981 767 5048 Antinous
783 5005 906 5059 puer
927 4987 1115 5055 Regius
1138 4981 1340 5039 eximite
1359 4981 1766 5107 pulchritudinis
1795 4985 1848 5037 in
1874 4982 2108 5057 rEgypto

513 5065 764 5107 moritur:
808 5073 956 5107 auem
988 5055 1251 5107 Adrianus
1298 5072 1356 5107 ve
1397 5065 1616 5107 ementer
1655 5055 1919 5107 deveriens
1956 5063 2108 5107 luant

513 5055 956 5126 ntoriturpquent
988 5055 1261 5126 Adrianus
1298 5055 1616 5109 vehementer
1655 5055 1919 5121 deperiens
1953 5055 2109 5124 (nam

513 5137 571 5188 in
597 5132 795 5187 deliciis
822 5125 1101 5196 habuerat)
1144 5127 1194 5177 in
1229 5125 1364 5196 Deos
1396 5129 1549 5196 refert
1579 5141 1596 5178 :
1627 5141 1688 5178 ea:
1715 5127 1864 5195 cujus
1902 5128 2110 5181 nomine

515 5205 671 5259 etiam
713 5199 832 5254 urbs
867 5194 1134 5264 appellata
1174 5203 1270 5247 est.
1321 5194 1581 5248 Consulat
1631 5197 1720 5264 qui
1775 5197 2012 5250 voluerit
2039 5199 2108 5252 de

511 5275 618 5330 hoc
640 5263 913 5328 Catamito
935 5266 1101 5322 Notas
1130 5264 1300 5318 Isaaci
1325 5263 1631 5318 Casauboni
1656 5265 1709 5318 in
1732 5266 2102 5334 Spartianum.

515 5347 592 5400 De
648 5345 779 5399 urbe
823 5349 1001 5394 autem
1051 5339 1290 5408 Antinoo
1359 5335 1608 5408 motuinit
1654 5335 2104 5408 Martyrologium

513 5415 678 5470 Rom.
705 5414 781 5467 2‘2
815 5411 970 5480 Sept.
1012 5418 1066 5462 et
1095 5410 1129 5464 8
1157 5407 1316 5461 Mart.
1347 5405 1439 5460 ubi
1472 5403 1673 5458 dicitur
1723 5403 2103 5530 ﬁntinoopolis.

1782 5494 1999 5530 surum.

1782 5494 1999 5534 ARTIAN.

583 5584 655 5595 —
683 5553 809 5607 Vid.
852 5551 906 5604 in
934 5549 1116 5604 Jovin.
1151 5548 1246 5603 lib.
1273 5563 1333 5612 tt,
1369 5562 1492 5618 pag.
1526 5546 1653 5613 556,
1682 5558 1794 5601 not.
1820 5552 1852 5602 h
1877 5549 1982 5619 (hic
2003 5550 2104 5603 col.

513 5624 647 5678 297.
677 5633 782 5676 not.
818 5631 843 5658 ⁸
866 5620 905 5678 l.

677 5633 782 5676 not.
818 5631 843 5658 ⁸
870 5631 905 5676 ).

818 5631 843 5658 ἃ

589 5627 820 5746 Ζ’ὅὲιξέε
847 5620 941 5746 s)ub
972 5688 1330 5754 Constantino,
1352 5698 1468 5758 etc.
1505 5687 1561 5742 In
1593 5689 1884 5758 Tripartita
1928 5688 2108 5746 Ilisto-

511 5765 614 5830 rit,
654 5762 747 5815 lib.
799 5777 814 5814 t
847 5804 860 5824 ,
912 5775 1031 5829 cap.
1065 5760 1120 5823 8,
1169 5761 1319 5814 istaec
1349 5757 1612 5827 leguntur
1647 5757 1716 5815 ex
1746 5759 2054 5816 Sozomeno
2089 5762 2164 5815 τ’

2133 4465 2185 4524 D

2201 3253 2392 3309 demus
2432 3255 2566 3308 illud
2622 3255 2998 3324 Apostolicnm
3053 3253 3317 3324 compleri
3355 3272 3366 3307 :
3422 3253 3526 3320 Qui
3557 3253 3806 3322 principis

2202 3363 2304 3402 non
2346 3348 2650 3418 furandum,
2684 3347 2878 3416 furaris
2904 3347 2922 3417 (
2952 3346 3106 3400 Rom.
3147 3363 3207 3409 ιι,
3239 3346 3366 3415 21).
3419 3355 3443 3392 8
3494 3343 3689 3416 Furem
3713 3345 3810 3413 ju-

2200 3439 2375 3494 dicem
2404 3439 2554 3494 audit
2578 3447 2740 3508 atque
2767 3437 3098 3492 condemnat
3110 3437 3282 3508 judex
3313 3435 3574 3505 luracior,
3607 3435 3662 3490 in
3693 3435 3808 3491 alio

2199 3531 2268 3586 de
2296 3545 2357 3586 se
2389 3544 2650 3602 promens
2687 3529 3044 3584 sententiam.

2193 3643 2310 3709 Qua
2341 3660 2499 3697 causa
2535 3644 2778 3717 inductus
2822 3642 3262 3717 (Constantinus)
3305 3648 3698 3707 intemperantes
3732 3642 3798 3717 fet

2194 3717 2498 3770 libidinosas
2546 3715 2843 3769 concubitus
2896 3726 3050 3770 antea
3082 3715 3290 3770 minime
3325 3719 3507 3770 uetitos
3545 3715 3811 3782 coercuit,

2196 3785 2626 3853 quemadmodum
2666 3803 2731 3840 ea:
2779 3786 2974 3854 legibus
3031 3787 3095 3840 de
3121 3790 3226 3841 illis
3256 3788 3408 3855 latis,
3446 3789 3493 3840 si
3523 3786 3606 3839 cui
3663 3801 3810 3841 cura:

2199 3857 2338 3912 istud
2368 3873 2692 3930 {agnoscerg
2720 3858 2873 3926 facile
2910 3866 3075 3926 potest
3091 3860 3347 3930 jntelligi.
3412 3929 3415 3930 ν
3447 3857 3731 3930 -ΜΛΒΊΊΑΝ,

2272 3957 2341 3968 -
2366 3927 2588 3982 Factum
2610 3927 2663 3982 id
2689 3931 2919 3996 primum
2952 3930 3051 3982 lata
3076 3927 3419 3984 Constantini
3445 3928 3590 3997 Lege
3606 3938 3806 3982 contra

2203 3999 2620 4067 conjunctiones
2669 4001 3093 4068 intemperantes
3131 4015 3198 4054 ac
3247 4001 3566 4064 dissolutas,
3622 4007 3814 4054 narrat

2205 4071 2550 4126 Sozomenus
2600 4069 2693 4122 lib.
2726 4085 2765 4134 ι,
2795 4086 2916 4138 cap.
2942 4072 2995 4134 8,
3032 4072 3084 4125 in
3120 4074 3258 4126 line:
3313 4071 3718 4137 Intemperantes
3747 4085 3814 4122 ac

2206 4140 2484 4194 dissolutos
2517 4141 2817 4195 concubitus
2847 4152 2997 4194 antea
3020 4143 3230 4195 minime
3250 4141 3534 4212 prohibitos
3555 4142 3808 4212 coercuit,

2205 4213 2338 4266 sicut
2377 4228 2441 4283 ea}
2471 4211 2690 4283 legibus,
2722 4228 2837 4283 qua:
2856 4213 2920 4266 de
2945 4213 3052 4266 illis
3081 4215 3202 4267 lata:
3243 4211 3362 4268 sunt
3416 4211 3813 4283 deprehendere

2210 4283 2345 4337 licet.
2395 4281 2534 4338 Vide
2566 4281 2766 4353 Legem
2798 4286 2864 4338 de
2889 4293 3046 4352 raptu
3073 4286 3342 4351 virginum
3391 4298 3455 4337 ac
3495 4282 3810 4353 viduarum,

2209 4368 2331 4419 qum
2363 4353 2596 4406 habetur
2626 4351 2679 4408 in
2704 4353 2827 4408 cod.
2870 4354 3253 4408 'I‘heodosiano
3289 4355 3385 4408 lib.
3418 4368 3572 4416 xxix,
3603 4362 3689 4406 tit.
3710 4351 3812 4419 Ἃ,

2210 4423 2488 4494 Valesiani
2523 4439 2738 4494 quoque
2769 4425 2822 4477 in
2848 4423 3124 4479 laudatum
3151 4426 3442 4484 Sozomeni
3479 4424 3678 4477 locum.

2289 4491 2307 4566 ξ
2338 4493 2488 4548 Unde
2510 4491 2558 4547 et
2586 4491 3012 4566 repetundarum,
3029 4507 3135 4550 etc.
3155 4496 3324 4566 Leges
3345 4496 3414 4550 de
3446 4491 3810 4566 Repetutidis,

2211 4565 2423 4618 scilicet
2475 4563 2744 4633 pecuniis,
2797 4581 2890 4619 sex
2940 4564 3093 4622 fuere
3118 4570 3204 4622 vel
3232 4563 3494 4634 'septem.
3555 4564 3620 4618 L.
3652 4563 3808 4632 Piso,

2211 4635 2487 4690 Tribunus
2514 4639 2719 4704 populi,
2745 4637 2976 4704 primum
3001 4635 3070 4692 de
3102 4638 3439 4706 Repetundis
3467 4634 3812 4705 rogationem

2212 4707 2367 4771 tulit;
2397 4706 2466 4760 de
2496 4724 2600 4775 qua
2627 4706 2743 4762 Cic.
2777 4708 2875 4761 lib.
2929 4723 2966 4761 tt
3014 4707 3170 4763 Oflic.
3197 4726 3211 4762 :
3253 4707 3506 4762 Nondum
3527 4717 3732 4760 centum
3751 4715 3811 4775 et

2211 4777 2386 4858 decem
2425 4774 2548 4858 anni
2595 4787 2744 4858 sunt,
2798 4795 2920 4858 curn
2944 4778 3007 4832 de
3047 4779 3277 4852 pecuniis
3329 4778 3626 4847 repetundis
3656 4793 3704 4857 ιι⁹
3735 4774 3804 4831 L.

2213 4847 2404 4900 Pisone
2433 4852 2538 4900 lata
2569 4858 2642 4902 est
2673 4850 2770 4902 (ex.
2810 4849 3014 4905 Eodem
3045 4846 3211 4914 anno,
3240 4860 3334 4906 aut
3357 4846 3508 4904 certe
3553 4846 3808 4917 proximo

2209 4918 2316 4991 alia
2341 4919 2420 4991 lex
2450 4917 2722 4991 agcrncilio
2746 4921 2964 4975 tribuno
2989 4923 3170 4989 pepuli
3203 4924 3306 4974 lata
3337 4916 3807 4991 quoque’dieitur.

2212 4989 2424 5070 Deinde
2447 4989 2590 5070 alite
2619 4992 2761 5070 leges
2801 4991 2893 5070 di:__
2916 4987 3260 5070 repetundis.
3293 4987 3570 5070 βώνιῑξᾳ,
3601 4987 3807 5070 Acilia,

2209 5059 2458 5132 COrnelia
2485 5073 2538 5132 et
2565 5059 2704 5116 Julia
2739 5079 2752 5116 :
2784 5059 3228 5124 quibus’sinuulis
3253 5061 3569 5132 aliquandiu
3595 5059 3810 5132 judicia

2210 5141 2335 5185 sunt
2365 5131 2766 5186 administrata.
2797 5133 2968 5186 Porro
2996 5133 3064 5186 de
3091 5127 3465 5187 Romanorum
3501 5141 3554 5185 et
3583 5127 3812 5184 Judteo-

2210 5217 2334 5282 rum
2375 5203 2598 5282 avaritia
2623 5217 2740 5282 _non
2775 5216 2944 5282 pauca
2965 5202 3187 5282 scripsit
3214 5203 3486 5282 Iosephus
3515 5201 3665 5255 libris
3690 5200 3812 5282 suis

2210 5271 2434 5340 Antiqq.
2481 5272 2694 5326 Judaic.
2745 5269 2809 5325 ac
2848 5274 2916 5325 de
2964 5269 3113 5329 Bello
3137 5269 3386 5329 Judaieo.
3452 5273 3525 5327 De
3574 5269 3812 5327 avaritia

2210 5343 2705 5414 veroltnpei-atoris
2725 5344 2910 5398 Severi
2943 5345 3066 5399 vide
3095 5346 3380 5414 Epitomen
3403 5344 3584 5398 Dionis
3615 5343 3667 5394 in
3695 5341 3810 5414 ﬁe-

2209 5427 2362 5467 vero.
2396 5411 2664 5468 lilsttrtsu.
2697 5440 2767 5452 -υ-
2804 5415 2997 5468 Cicero
3027 5416 3097 5469 de
3144 5410 3292 5470 Clar.
3336 5420 3485 5469 Urat.
3531 5427 3652 5480 cap.
3688 5410 3806 5467 27:

2209 5480 2276 5534 L.
2322 5481 2452 5556 Iliso
2484 5485 2643 5555 legem
2675 5485 2869 5550 primus
2899 5485 2974 5556 de
3001 5489 3228 5556 pecuniis
3259 5484 3557 5554 repetundis
3587 5483 3727 5536 tulit.

2283 5561 2310 5598 Β
2337 5550 2776 5635 αι’ςηίῄςᾴξεενῖι
2801 5554 2968 5623 audit,
2991 5550 3213 5635 etc-Sic
3240 5550 3426 5635 legunt
3453 5569 3587 5609 mss.
3618 5567 3811 5635 exem-

2208 5621 2417 5693 plaria;
2453 5626 2503 5706 in
2537 5621 2701 5706 editis
2732 5641 2860 5705 vero
2887 5621 2985 5696 pro
3009 5627 3179 5691 audit,
3203 5621 3469 5706 scriptum
3494 5635 3576 5680 est
3595 5624 3808 5706 arguit:

2209 5709 2330 5761 qua:
2359 5695 2472 5749 vari
2493 5707 2630 5750 mles
2665 5695 2926 5752 lcetioues
2959 5715 3064 5754 non
3107 5695 3337 5752 multum
3374 5697 3579 5754 distare
3608 5695 3809 5750 viden.

2209 5772 2321 5830 tur,
2349 5780 2448 5822 nec
2480 5776 2607 5821 sunt
2638 5777 3013 5825 momentum.
3059 5773 3324 5824 Maurus.
