4008 6292
103 214 261 383 ξιθ

188 454 353 528 drigte
372 460 506 531 ejus.
534 456 651 511 Non
677 455 821 511 enim
845 454 1068 524 dignum
1096 461 1182 509 est
1212 469 1446 510 numero
1476 453 1619 524 quod
1649 467 1783 508 con-

187 555 269 603 tra
327 549 416 606 Dei
461 550 753 619 imperium
787 546 1121 619 possidetur.
1155 546 1316 603 Unde
1365 549 1507 602 etin
1546 545 1781 602 Psalmis

185 639 388 695 dicitur
414 658 427 693 :
464 638 662 695 Fallax
688 655 848 710 equus
876 641 930 694 in
957 638 1177 693 salutem
1220 636 1409 711 (Psal.
1441 653 1613 706 xxxtt,
1645 639 1711 692 17
1735 637 1779 709 ).

184 730 252 788 Ει
284 732 336 785 in
379 730 613 788 Exodo:
644 731 850 803 Equum
882 740 930 785 et
956 746 1275 786 ascensorem
1323 729 1510 803 dejecit
1553 731 1606 784 in
1641 745 1785 784 mare

181 822 399 896 (Exod.
421 825 565 891 xv,l
599 824 646 896 ).
674 826 741 881 Et
786 825 842 881 in
870 824 981 880 alio
1014 824 1264 895 psalmo:
1320 822 1394 878 Hi
1422 825 1475 877 in
1520 824 1778 890 curribus,

180 916 288 990 37
326 927 377 973 et
401 916 458 973 lti
486 918 540 973 in
571 919 716 989 equis
745 934 764 973 :
802 935 898 973 nos
927 929 1102 972 autem
1127 918 1183 972 in
1221 918 1427 971 nomine
1450 915 1660 970 Domini
1682 914 1782 971 Dei

180 1012 345 1066 nostri
405 1013 759 1067 invocabimus
815 1011 835 1081 (
860 1011 1003 1066 Psal.
1063 1027 1174 1078 xix,
1207 1009 1299 1081 8).
1357 1010 1544 1066 Potest
1596 1018 1778 1065 autem

179 1111 476 1173 utrumque
541 1102 808 1174 intelligi,
867 1102 1015 1174 quod
1074 1111 1128 1157 et
1177 1101 1412 1174 populus
1466 1100 1780 1156 Judtcorum

178 1205 372 1250 contra
400 1203 738 1266 praeceptum
770 1194 869 1250 Dei
888 1194 996 1251 sibi
1022 1208 1219 1261 equos,
1250 1203 1306 1249 et
1330 1194 1623 1264 quadrigas
1641 1193 1785 1248 mul-

177 1287 531 1358 tiplieaverit,
561 1298 619 1344 et
638 1295 789 1344 terra
812 1287 1016 1343 Judzeae
1034 1288 1309 1342 victorum
1340 1287 1496 1357 equis
1526 1293 1582 1342 et
1610 1287 1784 1341 curri-

174 1379 278 1437 bus
304 1382 377 1438 sit
410 1381 643 1452 repleta.

250 1470 444 1545 (Vera.
471 1470 555 1544 9.)
580 1470 655 1526 Et
674 1472 878 1541 repleta
904 1479 981 1525 est
1002 1480 1139 1525 terra
1166 1472 1281 1540 ejus
1310 1469 1504 1526 idolis:
1524 1487 1655 1541 opus
1676 1486 1787 1525 ma—

173 1578 340 1618 nuum
359 1579 578 1618 suarum
598 1565 971 1627 adoraverunt,
1001 1562 1139 1633 quod
1156 1566 1388 1634 fecerunt
1404 1562 1557 1636 digiti
1580 1578 1781 1633 eorum,

172 1665 223 1711 et
252 1656 540 1711 incurvavit
567 1672 623 1711 se
640 1654 820 1722 homo,
852 1663 900 1709 et
919 1653 1229 1709 humiliatus
1248 1662 1324 1709 est
1353 1654 1448 1708 vir.
1472 1654 1574 1710 Ubi
1604 1670 1783 1725 quon-

799 239 1449 301 COMMENTARIORUM
1486 238 1555 296 IN
1594 238 1837 297 ISAIAM
1872 237 2298 299 PROPHETAM
2336 243 2470 302 LIB.
2514 244 2556 302 Ι.
2595 244 2754 303 CAP.
2796 248 2866 307 ll.
3416 254 3489 312 50

262 360 332 417 Et
362 360 560 435 repleta
587 369 659 418 est
685 369 823 416 terra
852 362 965 432 ejus
985 358 1129 429 equis
1151 366 1201 413 et
1228 357 1632 412 innumerabiles
1661 373 1789 429 qua-
1815 358 1863 419 Α
1891 356 1985 414 iud
2032 358 2176 427 quod
2221 359 2275 415 in
2310 360 2610 433 Evangelio
2641 363 2873 435 legimus
2899 381 2917 421 :
2940 364 3081 421 Tunc
3107 366 3278 425 dicent
3302 371 3498 425 monti-

1882 448 1997 516 bus,
2030 450 2199 505 cadite
2233 467 2394 520 super
2422 469 2515 506 nos
2536 472 2557 520 ;
2582 464 2630 509 et
2663 457 2849 528 petris,
2882 458 3179 513 abscondite
3207 477 3303 516 nos
3335 460 3492 534 (Luc.

1885 556 2037 608 χχιιι,
2070 540 2183 611 50).
2205 541 2365 597 Juxta
2389 558 2673 616 anagogen
2698 563 2831 603 vero
2851 565 2881 604 a
2906 548 3043 605 facie
3063 550 3355 609 Dominicae
3379 569 3495 609 ma-

1878 633 2091 705 iestatis
2121 637 2441 709 praecipitur
2470 642 2654 707 nobis,
2687 650 2746 697 ut
2775 658 3119 702 assumamus
3148 659 3316 719 petra:
3344 650 3497 704 torti-

1883 725 2149 794 tudinem,
2168 728 2235 783 de
2256 745 2362 801 qua
2390 731 2595 787 dictum
2621 742 2734 788 est:
2758 733 2921 790 Petra
2946 741 3210 810 refugium
3238 740 3497 812 leporibus

1887 818 2005 891 (Ps.
2034 836 2147 889 cm,
2180 821 2294 894 18).
2324 832 2399 892 et,
2431 822 2497 878 In
2528 836 2676 893 petra
2703 825 2948 882 exallasti
2973 844 3054 885 me
3086 830 3206 901 (Ps.
3239 848 3388 899 xxvi,
3415 832 3499 902 6).

1881 912 2063 970 Moses
2091 931 2310 988 quoque
2340 918 2393 972 in
2428 916 2694 975 foramine
2732 930 2900 991 petra:
2929 924 3183 990 ponitur,
3216 932 3274 978 ut
3316 924 3504 980 videat

1883 1007 2184 1077 posteriora
2217 1006 2316 1063 Dei
2340 1008 2537 1079 (Exod.
2572 1011 2787 1081 XXXIII).
2817 1012 2901 1078 Et,
2934 1010 3151 1068 Bibebat
3179 1013 3406 1083 populus
3436 1016 3501 1071 de

1883 1095 2110 1168 spiritali
2145 1099 2381 1166 sequenti
2422 1116 2507 1154 eos
2549 1111 2695 1172 petra
2723 1101 2784 1170 (l
2810 1100 2933 1156 Cor.
2964 1120 3019 1171 ι,
3062 1102 3154 1176 4).
3190 1105 3497 1160 Abscondi-

1885 1197 2081 1259 turque
2134 1191 2186 1245 in
2234 1201 2387 1261 petra
2417 1193 2508 1262 qui
2540 1193 2845 1264 ingreditur
2878 1195 3193 1251 cubiculum
3224 1211 3409 1263 suum,
3438 1209 3496 1255 et

1884 1280 2072 1337 clauso
2119 1282 2262 1338 ostio
2305 1282 2497 1339 adorat
2542 1283 2797 1352 Patrem,
2832 1286 2969 1341 utin
3001 1297 3220 1344 terreno
3266 1304 3501 1359 corpore

1886 1372 2230 1440 constitutus,
2257 1380 2629 1432 transeuntem
2655 1379 2841 1434 mundi
2874 1394 2979 1436 non
3025 1381 3227 1436 sentiat
3254 1390 3495 1453 tempes-

1889 1474 2076 1521 tatem.

1963 1557 2153 1631 (Vers.
2190 1560 2276 1614 11.
2303 1559 2324 1631 )
2358 1559 2512 1615 Oculi
2534 1564 2776 1619 sublimes
2808 1565 3031 1620 hominis
3060 1567 3320 1622 humiliati
3350 1578 3491 1636 sunt,

1885 1657 1933 1703 et
1955 1648 2305 1704 incurvabitur
2325 1651 2552 1705 altitudo
2565 1654 2826 1708 virorum:
2849 1654 3165 1710 exaltabitur
3183 1665 3356 1711 autem
3380 1656 3494 1712 Do-

169 1747 302 1804 dam
334 1758 454 1803 em
485 1746 771 1816 Templum
819 1755 873 1803 ei
905 1746 1098 1814 religio
1125 1745 1258 1813 Dei,
1302 1745 1375 1801 iiii
1403 1746 1626 1802 Adi-iani
1667 1755 1780 1803 sia-
1814 1754 1861 1811 B
1887 1740 2061 1794 minus
2112 1740 2256 1795 solus
2304 1741 2361 1795 in
2410 1742 2495 1797 die
2547 1743 2661 1800 illa.
2706 1744 2839 1799 Cum
2892 1745 3080 1801 hostes
3110 1747 3385 1813 venerint,
3442 1756 3499 1802 et

170 1846 290 1905 tua,
321 1847 375 1895 et
400 1838 547 1894 lovis
588 1837 792 1894 idolum
844 1838 1172 1895 collocatum
1200 1847 1301 1896 est.
1329 1838 1483 1909 Quod
1515 1840 1670 1895 multi
1696 1855 1786 1896 su-

168 1945 271 2001 per
298 1931 392 1986 illo
419 1930 733 1987 testimonio
757 1930 1209 2001 interpretantur,
1235 1931 1383 2002 quod
1407 1933 1458 1987 in
1493 1931 1788 2001 Evangelia

170 2021 440 2093 legimus:
474 2021 603 2078 Cum
643 2032 816 2077 autem
850 2024 1080 2079 videritis
1117 2024 1554 2079 abominationem
1584 2024 1789 2080 desola-

170 2116 333 2170 tionis
355 2124 572 2170 stantem
601 2116 655 2169 in
683 2125 862 2171 sancto
888 2116 1002 2170 loco
1030 2115 1228 2188 (Marc.
1250 2132 1367 2183 xm,
1395 2115 1507 2187 14).
1538 2117 1604 2171 Et
1632 2117 1786 2187 operi

170 2221 433 2262 manuum
475 2222 698 2262 suarum
746 2207 992 2263 inclinati
1022 2214 1185 2263 sunt:
1220 2217 1277 2263 et
1303 2212 1488 2274 homo,
1519 2209 1787 2265 rationale

168 2299 398 2365 animal,
430 2313 505 2354 aes
530 2298 800 2367 adoravit,
825 2310 880 2354 et
905 2298 1166 2369 lapidem.
1184 2299 1325 2356 Sunt
1343 2307 1522 2355 autem
1548 2299 1641 2370 qui
1670 2299 1787 2355 haec

168 2389 243 2447 de
267 2389 942 2461 Judtcisiuterpretentur,
969 2391 1113 2461 quod
1140 2402 1427 2462 antequam
1458 2400 1787 2462 caperentur

169 2497 203 2539 a
243 2482 560 2555 Babyloniis
584 2483 843 2539 universa
883 2484 1000 2538 haec
1029 2482 1288 2549 fecerint,
1321 2495 1373 2539 et
1402 2482 1528 2539 ideo
1570 2483 1784 2539 dimissi

169 2585 303 2633 sunt
330 2591 362 2630 a
388 2577 519 2632 Deo.
540 2574 696 2633 Unde
722 2586 780 2632 et
807 2576 861 2631 in
890 2577 997 2631 line
1018 2577 1239 2646 capituli
1271 2579 1522 2647 ponitur:
1559 2575 1644 2632 Ne
1662 2591 1784 2647 ergo

171 2668 408 2723 dimittas
450 2670 545 2723 eis.
597 2668 897 2724 Possumus
933 2669 1236 2726 secundum
1275 2685 1556 2742 anagogen
1586 2678 1641 2725 et
1681 2669 1785 2725 hoc

171 2759 391 2828 dicere,
414 2761 559 2831 quod
581 2776 748 2818 omne
766 2761 965 2831 dogma
984 2763 1323 2817 contrarium
1348 2762 1565 2817 veritati
1589 2761 1786 2817 adoret

172 2866 348 2923 opera
382 2867 633 2908 manuum
688 2867 942 2921 suarum,
974 2863 1030 2909 et
1056 2854 1355 2910 constituat
1382 2854 1525 2909 idola
1557 2854 1608 2908 in
1639 2863 1784 2909 terra

171 2958 305 3011 sua,
336 2955 392 3001 et
423 2946 738 3001 incurvetur
762 2944 949 3012 homo,
975 2954 1031 3000 et
1054 2946 1372 3002 humilietur
1392 2948 1496 3010 vir,
1523 2957 1577 3001 et
1595 2961 1655 3001 se
1677 2946 1788 3001 eri-

168 3052 309 3109 gere
358 3053 466 3094 non
502 3039 714 3110 possit:
743 3046 870 3110 quia
902 3040 1026 3095 sita
1072 3040 1294 3095 diabolo
1337 3041 1646 3110 colligatus,
1680 3040 1785 3097 nisi

1891 1848 2105 1889 omnem
2148 1835 2480 1903 provinciam
2525 1836 2860 1909 Babylonius
2888 1847 2982 1893 aut
3010 1839 3284 1894 Romanus
3312 1854 3499 1895 mucro

1887 1928 2205 1992 vastaverit,
2231 1939 2284 1983 et
2314 1929 2772 1986 circumsederint
2800 1930 3018 2002 agmina
3049 1932 3376 1988 bellatorum
3405 1932 3501 1988 Je-

1886 2020 2153 2074 rusalem:
2189 2028 2319 2074 tunc
2340 2035 2440 2075 nec
2467 2020 2694 2087 divitiae,
2721 2037 2822 2078 nec
2849 2022 3108 2078 nobilitas
3128 2026 3367 2093 generis,
3396 2040 3500 2081 nec

1886 2112 2129 2181 patentia
2146 2111 2472 2182 dignitatum
2496 2114 2733 2184 aliquem
2751 2114 3050 2171 defendere
3081 2126 3372 2186 poterunt;
3400 2117 3499 2174 sed

1886 2205 2127 2259 omnium
2160 2206 2266 2260 erit
2303 2222 2411 2261 una
2437 2208 2753 2279 captivitas,
2787 2217 2842 2264 et
2869 2209 3012 2264 Deus
3043 2211 3194 2267 solus
3223 2212 3496 2267 exaltabi-

1888 2306 1995 2365 tur,
2029 2297 2190 2368 cujus
2222 2297 2359 2353 iram
2394 2299 2575 2354 nullus
2602 2301 2806 2370 poterit
2832 2301 3135 2358 declinare.
3186 2302 3335 2358 Multi
3380 2303 3497 2359 haec

1884 2388 1952 2444 de
1973 2388 2278 2457 diejudicii
2321 2389 2652 2462 intelligunt,
2686 2392 2827 2463 quod
2856 2394 3037 2449 omnis
3063 2403 3315 2449 creatura
3344 2410 3496 2451 eom-

1883 2481 2164 2550 paratiooe
2188 2479 2390 2536 divinae
2416 2483 2603 2553 gloriae
2624 2483 2965 2552 bumilietur,
2989 2496 3042 2542 et
3064 2484 3413 2556 iueurvetur,
3440 2496 3496 2544 et

1886 2571 2021 2628 nihil
2050 2586 2174 2629 esse
2200 2587 2261 2629 se
2285 2574 2507 2629 sentiat.
2950 2588 2959 2629 :

1960 2662 2159 2736 (Vers.
2194 2665 2326 2734 12.)
2364 2665 2489 2722 Dies
2542 2669 2679 2723 enim
2718 2667 2932 2723 Domini
2984 2670 3304 2725 exercituum
3342 2687 3498 2743 super

1886 2772 2086 2812 omnem
2129 2758 2409 2827 superbum
2438 2769 2486 2815 et
2531 2760 2820 2828 excelsum,
2849 2770 2897 2817 et
2923 2778 3083 2833 super
3110 2779 3315 2818 onmem
3350 2779 3499 2818 arro-

1887 2860 2111 2923 gantem.
2129 2859 2155 2887 ιι
2182 2851 2250 2906 Ει
2275 2852 2392 2908 ιιωο
2420 2853 2693 2922 prioribus
2721 2855 3149 2928 coniunguntur.
3179 2858 3237 2913 lu
3264 2858 3373 2925 die,
3411 2858 3500 2913 iu-

1888 2944 2026 3014 quit,
2061 2945 2151 2998 illa
2179 2945 2232 2998 in
2264 2961 2369 3015 qua
2402 2947 2731 3002 exaltabitur
2762 2948 3029 3003 Dominus
3058 2949 3228 3017 solus,
3260 2950 3365 3005 hoc
3390 2960 3498 3017 est,

1893 3035 1947 3089 in
1980 3035 2068 3091 die
2099 3036 2319 3090 ultionis
2342 3036 2659 3103 Dominica‘,
2687 3040 2892 3094 excelsi
2929 3039 3127 3110 quique
3154 3051 3210 3096 et
3241 3056 3499 3112 arrogan-

168 3129 335 3186 iilum
389 3132 633 3187 erexerit
682 3132 964 3198 Dominus,
1015 3134 1269 3205 exemplo
1324 3134 1470 3189 illius
1522 3134 1783 3201 mulieris,
1814 3122 1862 3186 C
1896 3137 1978 3184 tes
2005 3138 2169 3199 atque
2190 3129 2452 3185 sublimes
2479 3131 2781 3201 captivitati
2812 3140 2868 3187 et
2908 3133 3091 3202 gladio
3117 3134 3498 3204 subjacebunt.

168 3238 343 3295 quam
360 3222 598 3278 Satanas
613 3225 862 3280 vinxerat
882 3226 1039 3280 annis
1059 3226 1247 3281 decem
1271 3236 1327 3280 et
1346 3236 1493 3293 octo,
1507 3236 1569 3282 ut
1584 3242 1789 3297 nequa-

165 3330 344 3387 quam
373 3314 599 3381 caelum,
623 3316 720 3369 sed
734 3326 933 3370 terram
949 3332 1170 3386 semper
1186 3319 1457 3383 aspiceret
1482 3316 1634 3389 (Luc.
1650 3314 1791 3387 xui).

248 3406 341 3462 Ne
369 3423 498 3477 ergo
549 3406 787 3462 dimittas
822 3408 915 3461 eis.
964 3407 1073 3464 Pro
1120 3424 1229 3479 quo
1257 3408 1401 3463 LXX
1454 3408 1793 3479 interpretati

165 3510 305 3558 sunt
333 3518 346 3555 :
382 3498 452 3554 Et
483 3516 587 3555 non
623 3499 886 3556 dimittam
913 3502 1007 3555 eis.
1053 3501 1109 3555 Si
1139 3501 1283 3557 Deus
1313 3502 1575 3569 loquitur,
1607 3502 1679 3557 ita
1706 3503 1791 3557 in-

167 3590 531 3663 telligendum
572 3602 697 3649 est:
734 3593 869 3662 Quia
900 3602 1050 3650 tanta
1096 3592 1363 3659 fecerunt,
1399 3610 1505 3649 non
1566 3610 1789 3665 parcam

167 3679 278 3749 eis,
311 3697 411 3738 nec
434 3692 541 3738 tam
563 3684 983 3740 innumerabilia
1012 3694 1233 3755 peccata
1257 3686 1552 3741 dimittam.
1577 3685 1635 3741 Si
1660 3686 1792 3742 Pro-

169 3773 364 3844 pheta,
416 3774 498 3829 sic
545 3774 931 3830 sentiendum:
966 3791 1034 3831 ne
1063 3791 1195 3847 ergo
1241 3776 1488 3831 dimittas
1540 3777 1646 3843 eis,
1697 3778 1790 3847 qui

171 3875 329 3921 tanta
357 3866 566 3922 scelera
596 3875 1004 3937 perpetrarunt.
1035 3867 1189 3937 Quod
1219 3868 1268 3923 si
1313 3868 1382 3923 de
1416 3870 1675 3926 Romanis
1700 3869 1788 3926 in-

171 3957 494 4028 telligimus,
519 3961 707 4015 verior
736 3961 1112 4030 interpretatio
1142 3969 1261 4016 est:
1292 3962 1383 4031 qui
1408 3961 1791 4017 subvertentcs

169 4052 444 4122 templum
491 4052 608 4120 Dei,
643 4068 751 4108 non
803 4068 926 4108 eum
959 4054 1347 4121 adoraverunt,
1382 4056 1472 4124 qui
1502 4054 1787 4109 victoriam

170 4143 435 4213 pra-buit,
486 4145 579 4200 sed
613 4144 759 4200 idola
806 4159 1063 4201 manuum
1092 4161 1335 4201 suarum.
1366 4146 1462 4203 Sin
1494 4157 1675 4203 autem
1720 4147 1789 4205 de

167 4233 404 4303 Iudaeis,
432 4234 720 4305 Proiiheta:
748 4239 1056 4293 truculenta
1078 4237 1349 4294 sententia
1374 4249 1478 4305 est,
1513 4248 1571 4293 ut
1596 4250 1788 4294 contra

170 4328 440 4400 pOpulum
490 4344 647 4384 suum
688 4344 846 4385 orare
891 4330 1174 4398 videatur,
1211 4331 1297 4385 cui
1346 4345 1507 4401 supra
1534 4331 1781 4386 dixerat:

170 4422 388 4478 Domus
417 4422 611 4490 Jacob,
634 4425 836 4491 venite,
865 4434 921 4481 et
959 4424 1301 4480 ambulemus
1346 4424 1398 4478 in
1442 4424 1647 4480 lumine
1680 4424 1787 4479 Do-

248 4607 454 4679 (Vers.
486 4608 611 4681 10.)
661 4609 946 4681 Ingredere
995 4611 1049 4665 in
1096 4620 1296 4683 petram
1322 4626 1341 4665 :
1379 4610 1689 4665 abscondere
1727 4611 1783 4663 in

166 4704 323 4774 fossa
353 4703 511 4756 Immo
538 4718 570 4755 a
597 4702 731 4774 facie
758 4702 959 4757 timoris
986 4698 1222 4769 Domini,
1258 4711 1308 4756 et
1328 4719 1360 4757 a
1398 4703 1567 4773 gloria
1594 4704 1784 4773 majes-

168 4796 298 4850 tatis
323 4798 460 4867 ejus.
492 4795 605 4864 Ego
636 4792 860 4865 quidem
891 4794 1149 4864 populum
1180 4794 1496 4850 cohortatus
1522 4810 1668 4863 sum,
1697 4794 1785 4848 di-

167 4900 329 4947 cens.
358 4883 551 4939 Domus
566 4882 753 4951 Iacob,
778 4886 962 4951 venite,
982 4894 1026 4938 et
1045 4882 1366 4939 ambulemus
1387 4888 1443 4938 in
1463 4885 1656 4939 lumine
1674 4883 1786 4938 Do-

167 4976 447 5048 mini.38
472 4976 578 5033 Sed
602 4978 727 5048 quia
758 4976 989 5048 proiecit
1015 4976 1277 5031 Dominus
1300 4978 1557 5047 populum
1579 4977 1781 5034 Jacob:

166 5070 415 5143 proiecit
465 5078 673 5137 autem,
702 5071 825 5141 quia
876 5080 971 5124 aut
1000 5067 1156 5135 fecit,
1188 5078 1282 5124 aut
1310 5083 1501 5139 passus
1527 5078 1634 5131 est.
1664 5085 1787 5139 quae

168 5177 346 5233 supra
392 5162 777 5233 exposuimus;
829 5163 951 5218 ideo
978 5162 1284 5232 prtenuntio
1313 5159 1467 5216 vobis
1496 5176 1620 5232 quae
1649 5177 1787 5217 ven-

171 5269 299 5315 tura
330 5256 447 5312 sint
477 5258 641 5324 mala,
664 5266 722 5313 et
749 5258 940 5311 hortor
985 5267 1039 5312 ut
1087 5254 1466 5328 ingrediamini
1497 5264 1698 5325 petras,
1732 5264 1790 5310 et

168 5347 599 5407 abscondamini
625 5349 679 5403 in
709 5349 991 5418 speluncis
1014 5363 1044 5403 a
1083 5347 1225 5403 facie
1252 5347 1537 5417 Babylonii
1564 5348 1647 5402 vel
1679 5347 1788 5402 Ro-

169 5446 330 5505 mani
360 5444 660 5511 exercitus,
684 5442 901 5514 quando
928 5443 1112 5499 omnia
1136 5440 1516 5509 vastabantur,
1538 5441 1693 5511 juxta
1724 5442 1785 5496 il-

252 5677 281 5708 ι
313 5666 441 5721 Duo
471 5678 608 5719 mss.
640 5663 815 5720 Vatic.
844 5671 901 5718 et
931 5660 1103 5717 Palat.
1131 5660 1336 5716 addunt
1359 5669 1408 5717 et
1436 5661 1655 5732 reliqua.

176 5806 183 5810 ι
261 5739 290 5777 b
324 5734 494 5793 Falso
519 5735 653 5807 legit
680 5734 933 5792 Martiau.
969 5733 1020 5788 in
1047 5732 1305 5787 tricesimo
1334 5734 1533 5802 psalmo
1565 5741 1797 5797 tantum,

1895 3232 2247 3301 Μεταφορικῶς
2271 3235 2450 3279 autem
2483 3240 2665 3280 sermo
2708 3224 2777 3280 de
2807 3226 3018 3296 magnis
3047 3233 3133 3281 est
3158 3236 3319 3297 atque
3353 3228 3505 3297 prin-

1895 3318 2107 3386 cipibus
2132 3335 2146 3371 :
2179 3317 2321 3386 quod
2351 3323 2556 3385 quanto
2581 3318 2753 3386 magis
2785 3318 3175 3384 superbierint,
3204 3330 3355 3373 tanto
3385 3335 3506 3373 am—

1900 3408 2045 3476 plius
2072 3407 2467 3477 deprimantur.
2496 3406 2759 3462 Dominus
2796 3408 2942 3463 enim
2985 3409 3239 3478 superbis
3274 3409 3504 3477 resistit,

1895 3509 1953 3556 et
1980 3501 2276 3555 humilibus
2305 3501 2398 3555 dat
2440 3503 2669 3571 gratiam
2702 3503 2747 3573 (I
2768 3501 2888 3558 Pet.
2916 3500 2992 3573 v).
3019 3503 3121 3572 Qui
3143 3502 3212 3560 de
3242 3503 3331 3560 die
3354 3505 3504 3574 judi-

1893 3594 1964 3650 cii
1992 3594 2319 3664 intelligunt,
2352 3595 2645 3665 superbum
2674 3606 2729 3651 et
2757 3597 3056 3665 excelsum,
3088 3607 3141 3652 et
3177 3599 3497 3670 sublimem,

1892 3694 1946 3742 et
1975 3694 2341 3757 arrogantem,
2367 3685 2641 3743 diabolum
2671 3686 2777 3743 dici
2798 3698 3009 3758 putant.
3040 3690 3142 3757 Qui
3174 3692 3502 3763 superbiens

1891 3776 2134 3847 loquitur
2157 3794 2174 3832 :
2202 3776 2373 3850 Super
2395 3779 2574 3833 stellas
2602 3781 2718 3836 cteli
2747 3797 2940 3853 ponam
2972 3782 3144 3837 sedem
3171 3800 3336 3837 meam
3358 3800 3377 3838 :
3417 3801 3498 3839 sc-

1892 3870 2020 3925 debo
2043 3870 2096 3924 in
2120 3881 2289 3925 monte
2309 3873 2528 3940 excelso,
2555 3888 2713 3941 super
2735 3889 2907 3927 omnes
2929 3873 3250 3945 montes39
3268 3875 3499 3930 excelsos

1891 3964 1960 4016 ad
1988 3963 2328 4030 Aquilonem:
2355 3965 2633 4017 ascendam
2674 3980 2830 4034 super
2855 3963 3037 4032 nubes,
3066 3980 3155 4017 ero
3193 3965 3379 4018 similis
3408 3964 3503 4020 Al-

1892 4055 2090 4109 tissimo
2121 4053 2292 4126 (lsai.
2325 4070 2436 4121 stv,
2475 4056 2565 4119 15,
2597 4054 2688 4125 14)
2710 4071 2723 4106 :
2747 4054 2965 4123 quando
2988 4068 3052 4108 ex
3085 4067 3182 4108 ore
3208 4051 3498 4111 infantium

1890 4155 1946 4203 et
1975 4147 2291 4204 lactentium
2326 4148 2641 4217 perlicietur
2659 4145 2799 4211 laus,
2824 4155 2883 4202 ut
2909 4145 3229 4202 destruatur
3250 4146 3501 4206 inimicus

1890 4248 1945 4294 et
1967 4239 2111 4295 ultor
2140 4237 2325 4309 (Psal.
2358 4254 2474 4307 vttt,
2510 4238 2603 4310 5).

1962 4332 2164 4405 (Vera.
2198 4333 2318 4403 15.)
2348 4331 2419 4386 Ει
2449 4349 2608 4402 super
2631 4348 2809 4387 omnes
2831 4332 3010 4387 cedros
3039 4331 3228 4388 Libani
3256 4333 3501 4390 sublimes

1887 4436 1939 4480 et
1966 4435 2181 4492 erectas,
2213 4434 2260 4479 et
2291 4441 2448 4495 super
2472 4441 2648 4478 omnes
2689 4441 2908 4493 quercus
2937 4423 3133 4480 Busan.
3164 4425 3234 4481 Et
3261 4425 3315 4480 in
3348 4427 3499 4482 vice-

1810 4499 1865 4558 D
1890 4518 2030 4574 simo
2058 4524 2253 4573 octavo
2284 4518 2495 4585 psalmo
2520 4516 2737 4570 canitur
2761 4535 2774 4569 :
2806 4516 2925 4571 Vox
2954 4517 3166 4573 Domini
3190 4521 3501 4574 conterentis

1893 4611 2074 4667 cedros
2098 4626 2116 4664 :
2147 4617 2368 4663 conteret
2398 4604 2654 4661 Dominus
2681 4609 2862 4661 cedros
2880 4607 3088 4673 Libani,
3119 4621 3168 4663 et
3191 4612 3502 4665 comminuet

1892 4719 1981 4758 eas
2008 4701 2157 4774 quasi
2175 4700 2393 4755 uitulum
2415 4696 2790 4769 Libani(Psal.
2820 4713 3011 4765 xxviii,
3043 4699 3156 4770 35).
3183 4700 3315 4754 Etiu
3340 4702 3502 4758 trice-

1892 4795 2033 4851 simo
2054 4793 2082 4834 δ
2114 4803 2268 4850 sexto
2298 4792 2508 4863 psalmo
2530 4808 2549 4846 :
2590 4790 2713 4845 Vidi
2752 4790 2969 4863 impium
3011 4793 3295 4847 exaltatum
3323 4803 3372 4849 et
3399 4792 3504 4849 ele-

1891 4899 2064 4943 uatum
2091 4889 2242 4959 quasi
2272 4887 2450 4942 cedros
2491 4884 2696 4950 Libani,
2730 4893 2775 4938 et
2797 4886 3035 4953 transivi,
3080 4895 3129 4941 et
3155 4903 3257 4941 non
3286 4897 3417 4954 erat,
3450 4899 3497 4944 et

1891 4980 2101 5053 quwsivi
2131 4995 2271 5047 eum,
2298 4988 2344 5033 et
2370 4995 2473 5032 non
2498 4986 2573 5031 est
2596 4977 2829 5031 inventus
2878 4978 3020 5032 locus
3045 4981 3161 5052 ejus
3189 4979 3207 5052 (
3236 4976 3387 5034 Psal.
3422 4997 3498 5050 vr,

1889 5073 2006 5143 54).
2034 5071 2280 5139 Quercus
2300 5085 2515 5141 quoque
2536 5070 2734 5135 Basan,
2750 5086 2888 5138 quas
2909 5072 3106 5142 Aquila
3130 5072 3313 5150 δρύας,
3342 5074 3503 5146 Sym-

1889 5164 2149 5229 machus,
2209 5170 2267 5217 et
2311 5162 2615 5218 Theodotio
2655 5163 2907 5235 βαλάνους
2951 5165 3294 5234 interpretati
3340 5175 3497 5235 sunt,

1889 5256 2225 5329 glandiferas
2277 5258 2567 5325 novimus,
2610 5272 2732 5327 quae
2804 5259 2906 5312 etsi
2970 5256 3203 5311 fecerint
3252 5257 3493 5327 fructus,

1892 5361 2188 5421 porcorum
2219 5355 2347 5401 sunt
2376 5347 2655 5409 alimenta,
2702 5360 2813 5399 non
2844 5345 3148 5398 hominum.
3195 5342 3373 5427 Busan
3414 5362 3502 5403 re-

1891 5441 1983 5512 gio
2010 5446 2095 5495 est
2121 5437 2357 5506 Arabiae,
2382 5439 2471 5493 cui
2510 5433 2801 5507 imperavit
2828 5433 2928 5503 Og,
2958 5433 3054 5503 qui
3083 5433 3387 5502 appellatus
3416 5449 3503 5494 est

1908 5677 2009 5734 pro
2030 5660 2284 5719 tricesimo
2314 5667 2477 5725 sexto,
2501 5666 2560 5713 ut
2585 5663 2674 5713 est
2696 5669 2755 5713 re
2780 5656 2920 5727 ipsa,
2949 5664 3006 5712 et
3032 5668 3165 5711 mss.
3185 5656 3502 5724 praeferunt.
