4008 6292
499 196 560 253 εί
1742 182 1800 237 s.
1847 180 2126 242 unseen
2163 181 2540 240 lllERONYMl
3747 189 3826 248 52

498 331 597 372 rex
629 315 832 378 Basan,
867 321 922 368 et
954 313 1337 380 interpretatur
1359 305 1594 377 αἰσχύνη
1614 345 1629 370 ,
1677 301 1770 357 ἰάσι
1801 312 1888 358 est
1908 346 1923 370 ,
1956 304 2096 376 igno-
2128 304 2181 366 Α
2208 313 2350 360 trum
2380 303 2826 362 debetaediﬁcare
2853 305 3066 371 turrim,
3094 305 3246 376 prius
3266 305 3574 376 sumptibus
3606 321 3826 377 suppu-

502 410 689 473 minia,
722 421 882 475 quam
913 404 956 456 si
989 400 1363 456 confusionem
1404 398 1698 453 transferre
1738 397 2106 466 voluerimus,

504 500 676 569 magis
708 500 976 570 σύγχυσιν
1000 534 1014 558 ,
1049 492 1100 548 id
1129 499 1244 558 est,
1283 490 1596 563 Babylonem
1643 488 1914 559 signiﬁcat
1941 505 2105 560 quam

502 592 694 647 Busan.
729 589 904 661 Super
957 601 1151 640 omnes
1182 600 1313 654 ergo
1363 585 1456 654 qui
1505 583 1791 654 eriguntur
1823 582 1876 636 in
1909 597 2103 650 super-

502 687 676 752 biam,
716 693 770 739 et
816 682 1023 738 faciunt
1071 696 1239 750 Opera
1289 679 1621 751 ignominize,
1668 689 1830 751 atque
1863 680 1916 735 in
1948 694 2107 736 coeno

502 778 784 833 libidinum
836 775 1200 836 volutantur,
1247 773 1458 828 Domini
1507 771 1744 826 vindicta
1789 780 2102 844 consurget.

502 869 655 938 Quod
705 869 750 923 si
810 866 1056 938 prudens
1089 866 1261 920 lector
1291 863 1600 934 quaesierit,
1655 878 1754 918 cur
1808 864 1860 918 in
1904 863 2106 934 templo

500 959 721 1015 Domini
763 958 990 1014 cedrina
1037 957 1180 1023 ligna
1233 956 1342 1010 sint
1399 956 1595 1024 posita,
1626 965 1681 1009 et
1725 955 1780 1010 in
1807 958 2106 1012 centesino

500 1043 664 1108 tertin
697 1050 905 1121 psalmo
937 1050 1178 1119 legamus
1215 1048 1371 1118 juxta
1419 1047 1740 1104 Hebraieam
1788 1050 2102 1112 veritatem,

504 1142 900 1199 Saturabuntur
939 1141 1080 1212 ligna
1115 1139 1368 1207 Domini,
1396 1149 1444 1194 et
1476 1139 1616 1193 cedri
1662 1138 1868 1205 Libani,
1899 1157 2023 1209 quas
2057 1149 2110 1192 ttt

504 1234 756 1308 plantasti
790 1251 808 1288 :
838 1233 911 1288 ibi
942 1248 1178 1303 passeres
1208 1232 1549 1301 nidiﬁcabunt
1584 1230 1777 1302 (Psal.
1810 1247 1902 1288 cur
1923 1275 1936 1297 ,
1978 1231 2108 1302 18);

503 1337 561 1382 et
591 1328 734 1382 inter
762 1335 959 1381 caetera
993 1325 1134 1397 ligna
1183 1323 1349 1380 etiam
1395 1323 1542 1380 cedri
1575 1324 1643 1379 ad
1678 1324 1864 1380 Iaudes
1895 1325 2109 1381 Domini

507 1429 908 1490 provocentur:
941 1430 994 1474 et
1027 1419 1080 1473 in
1122 1418 1357 1473 adventu
1386 1418 1707 1484 Salvatoris,
1741 1420 1956 1490 quando
1987 1435 2108 1476 om-

507 1528 606 1567 nes
634 1513 858 1568 arbores
879 1553 896 1579 ,
940 1521 995 1565 et
1027 1511 1169 1580 ligna
1197 1510 1375 1580 campi
1399 1510 1732 1580 applaudcnt
1776 1509 1943 1568 ramis
1972 1512 2107 1577 suis,

506 1607 773 1676 scriptum
796 1606 901 1658 sit:
936 1602 1136 1657 Panum
1162 1605 1215 1657 in
1258 1613 1394 1658 terra
1424 1607 1677 1671 inaquosa
1707 1603 1918 1657 cedrum
1945 1613 1990 1658 et
2018 1603 2111 1657 btt-

2210 399 2357 464 tatis,
2397 413 2465 452 ne
2493 400 2644 465 juxta
2697 399 3071 469 Evangelii-ain
3108 398 3422 466 parabolam
3451 398 3624 470 (Luc.
3655 415 3752 454 11v
3776 399 3826 470 ),

2208 505 2332 544 cum
2362 489 2584 558 explere
2633 505 2769 558 opus
2801 488 3132 560 nequiverit,
3164 488 3427 544 rideatur.
3477 490 3606 546 Ha‘c
3654 491 3830 546 turris

2210 582 2349 637 bene
2397 590 2708 638 constructa
2751 581 3012 650 persistit.
3047 583 3142 639 Sin
3175 592 3355 642 autem
3389 590 3575 637 erecta
3611 581 3665 634 in
3725 596 3826 636 su-

2209 675 2475 745 perbiam.
2512 676 2665 732 firma
2709 690 2813 729 non
2845 674 3097 731 habuerit
3124 675 3504 740 fundamenta,
3533 674 3695 730 cadet
3733 689 3832 728 su-

2210 784 2308 840 per
2337 786 2481 834 eum,
2509 785 2538 822 a
2568 784 2676 837 quo
2701 769 2964 824 :edilicata
2991 778 3102 824 est:
3131 769 3268 824 sicut
3294 767 3385 822 illa
3412 766 3464 821 iu
3494 765 3667 832 Siloa,
3698 781 3828 836 qm:

2211 863 2422 928 decem,
2452 871 2501 918 et
2531 871 2658 918 octo
2687 861 2936 916 homines
2967 861 3260 917 interfecit.
3300 859 3452 918 Unde
3482 869 3537 919 et
3564 858 3828 918 Dominus

2215 957 2453 1024 loquitur
2492 955 2558 1010 ad
2581 955 2895 1010 audientes:
2928 953 2996 1010 Et
3024 970 3112 1010 vos
3137 957 3184 1008 si
3207 970 3308 1006 non
3334 953 3540 1025 egeritis
3565 952 3824 1022 paeniten-

2212 1049 2357 1114 tium,
2381 1049 2622 1105 similiter
2651 1047 2880 1116 peribitis
2910 1046 3060 1121 (Luc.
3091 1061 3205 1110 xm,
3232 1046 3312 1116 ὅ).
3342 1044 3402 1100 In
3431 1044 3824 1116 consequenti-

2213 1143 2314 1198 bus
2345 1157 2559 1214 quoque
2591 1141 2786 1196 lecturi
2817 1155 3029 1207 sumus,
3081 1138 3228 1209 quod
3264 1139 3528 1194 Dominus
3553 1139 3608 1196 iu
3660 1139 3825 1194 vinea

2211 1248 2308 1289 sua
2341 1231 2688 1288 mdiﬂcaverit
2717 1233 2932 1297 turrim,
2955 1244 3007 1288 et
3039 1233 3227 1290 fecerit
3264 1231 3528 1297 torcular,
3557 1240 3610 1286 et
3641 1244 3825 1286 mace-

2215 1328 2348 1382 riam
2395 1327 2857 1396 circumdederit,
2893 1326 2988 1381 sed
3024 1329 3138 1381 hate
3169 1326 3352 1379 omnia
3383 1324 3668 1384 destructa
3713 1323 3828 1378 sint.

2214 1428 2374 1489 atque
2420 1428 2656 1487 vistata,
2682 1419 2807 1489 quia
2852 1435 2990 1473 vano
3039 1419 3316 1490 superbia)
3349 1417 3646 1488 supercilio
3679 1415 3824 1474 inlu-

2216 1511 2452 1566 mueriut
2483 1509 2618 1582 (Isa.
2653 1512 2741 1581 v).
2777 1511 2912 1566 Muri
2943 1525 3160 1584 quoque
3198 1517 3556 1566 exstruuntur
3583 1506 3822 1573 excelsi,

2219 1621 2286 1660 ne
2315 1607 2425 1659 cito
2455 1603 2654 1660 civitas
2685 1602 3021 1670 destruatur,
3056 1618 3125 1658 nc
3167 1602 3415 1658 hostibus
3467 1607 3665 1670 pateat,
3696 1599 3824 1669 quia

504 1708 715 1767 a'um,et
737 1713 1038 1768 cypressum
1059 1705 1107 1748 et
1130 1697 1311 1765 pinum
1342 1693 1484 1765 (Isa.
1513 1710 1622 1758 xu,
1655 1694 1743 1760 l9,
1772 1711 1874 1750 sec.
1903 1694 2104 1766 LXX):
2139 1697 2188 1757 B
2213 1696 2625 1752 circumdantur
2653 1695 2914 1753 Ecclesia:
2950 1694 3367 1764 sapientissimis
3397 1693 3557 1758 viris,
3591 1700 3644 1748 et
3671 1691 3825 1746 omni

504 1801 558 1848 et
586 1808 728 1846 nunc
751 1790 894 1846 diem
923 1791 1134 1844 Domini
1160 1805 1324 1858 super
1349 1788 1542 1844 cedi-os
1563 1788 1753 1844 Libani
1776 1804 1958 1844 sermo
1985 1804 2110 1858 pro-

505 1884 756 1956 pbeticus
803 1882 1214 1937 committetur?
1245 1881 1347 1936 hoc
1386 1880 1679 1936 dicendum
1711 1890 1816 1947 est,
1849 1881 1992 1952 quod
2043 1897 2111 1937 ex

508 1976 700 2032 eodem
723 1989 924 2043 genere
941 1973 1244 2038 hominum,
1268 1972 1361 2030 alii
1387 1973 1748 2028 sublinieutur
1769 1972 1833 2026 ad
1858 1989 2108 2044 regnum,

510 2069 598 2121 alii
623 2067 978 2122 detrahantur
1008 2064 1075 2119 ad
1101 2079 1336 2135 poenam,
1362 2073 1416 2120 et
1443 2063 1590 2120 cedri
1615 2064 1961 2135 Libani,qu:e
1987 2082 2112 2135 pro-

511 2171 632 2230 pter
680 2160 993 2229 superbiam
1037 2169 1427 2223 conterentur,
1470 2159 1771 2230 eligantur,
1813 2174 1934 2215 cum
1981 2159 2111 2216 boni

506 2255 690 2310 odoris
720 2253 960 2320 fuerint,
995 2262 1051 2309 et
1096 2269 1219 2307 cum
1265 2253 1533 2322 Apostolo
1577 2251 1858 2310 dixerint:
1917 2252 2111 2309 Christi

509 2350 670 2404 bonus
695 2351 823 2403 odor
849 2365 1028 2402 sumus
1057 2347 1098 2419 (1
1127 2347 1244 2404 Cor.
1281 2363 1340 2413 ll,
1374 2346 1483 2419 15).

587 2447 604 2514 (
628 2443 784 2498 Vers.
820 2445 908 2498 11.
932 2445 948 2513 )
986 2442 1052 2498 Et
1078 2459 1233 2511 super
1254 2459 1428 2498 onines
1457 2452 1653 2497 montes
1680 2442 1931 2508 excelsos,
1957 2454 2008 2500 et
2034 2462 2116 2501 stt-

513 2553 603 2606 per
631 2551 805 2589 omnes
826 2534 986 2588 colles
1009 2535 1250 2588 elet'atos.
1287 2534 1434 2590 Sicut
1467 2534 1521 2588 in
1554 2535 1751 2589 boaam
1787 2547 1998 2606 partem
2017 2553 2116 2605 pro

511 2629 774 2683 varietate
827 2627 1107 2690 virtutum,
1163 2635 1376 2682 montes
1403 2627 1751 2697 appellantur
1795 2639 1853 2684 et
1904 2629 2110 2686 colles:

512 2723 594 2777 sic
621 2722 765 2775 inter
795 2720 994 2789 impios
1025 2734 1124 2788 pro
1147 2718 1463 2774 diversitate
1484 2721 1760 2786 vitiorum,
1795 2730 1849 2775 et
1879 2723 2115 2778 maxime

515 2813 808 2883 superbiai,
853 2811 948 2865 alii
981 2819 1191 2866 montes
1221 2821 1368 2873 sunt,
1403 2811 1494 2865 alii
1527 2813 1715 2876 colles,
1769 2827 1936 2882 super
1978 2829 2117 2882 quos

516 2907 620 2958 erit
669 2904 785 2959 dies
811 2903 1042 2964 Domini,
1074 2901 1141 2956 de
1172 2901 1369 2973 quibus
1396 2901 1506 2974 ω
1537 2903 1590 2958 in
1623 2903 1906 2960 Ezechiele
1937 2907 2115 2974 scrip.

517 3007 630 3050 tum
663 3006 745 3051 est
773 3014 785 3050 :
818 2995 948 3050 Ila'c
975 2995 1100 3048 dicit
1125 2995 1325 3048 Adonei
1351 2993 1604 3052 Dominus
1635 2995 1893 3050 montibus
1937 3006 1980 3051 et
2007 2996 2115 3050 col-

509 3089 643 3144 libus
668 3107 687 3144 :
715 3103 828 3142 ecce
848 3105 940 3161 ego
970 3087 1212 3142 inducam
1238 3105 1396 3158 super
1425 3104 1510 3142 vos
1534 3089 1790 3162 gladium,
1814 3099 1863 3144 et
1891 3091 2119 3158 dissipa-
2144 3079 2189 3141 C

519 3183 707 3234 bimtur
751 3182 951 3234 excelsa
984 3190 1151 3234 vestra
1177 3221 1190 3245 ,
1223 3189 1272 3234 et
1299 3189 1628 3234 cimterentur
1673 3196 1778 3236 ara:
1823 3193 2032 3249 uestra’,
2067 3191 2122 3238 et

520 3275 728 3340 reliqua
761 3273 974 3345 (Ezech.
1005 3290 1077 3338 Vl,
1107 3274 1184 3343 5).

591 3366 783 3435 (Vers.
823 3366 933 3437 15.)
964 3364 1032 3420 Et
1071 3383 1225 3438 super
1267 3382 1466 3418 omnem
1521 3366 1706 3420 turrim
1751 3366 2023 3432 excelsam,
2075 3377 2124 3422 et

518 3476 674 3527 super
711 3474 912 3512 omnem
959 3473 1165 3510 murum
1219 3459 1492 3512 munitum.
1551 3457 1650 3522 Qui
1701 3456 1765 3509 ad
1800 3453 2120 3526 Vespasiani

525 3549 855 3619 Adrianique
915 3549 1029 3600 lia-c
1061 3546 1308 3602 referunt
1342 3557 1604 3616 tempora,
1639 3549 1998 3618 corporaliter
2043 3549 2124 3606 di-

526 3649 656 3694 cunt
687 3638 906 3707 impleta
938 3653 1060 3708 qua:
1091 3637 1289 3708 scripta
1323 3646 1467 3699 sunt,
1495 3637 1638 3710 quod
1692 3654 1797 3692 non
1832 3641 1997 3696 turris
2027 3657 2123 3696 ex-

523 3733 689 3799 celsa,
717 3748 822 3786 non
855 3731 1200 3787 firmissimus
1229 3747 1434 3795 murus,
1463 3746 1570 3786 non
1601 3732 1707 3788 ulla
1736 3733 1954 3788 navium
1987 3734 2124 3790 inul-

524 3823 718 3888 titudo,
770 3832 826 3878 et
882 3823 1268 3894 negotiationis
1321 3823 1609 3891 industria,
1661 3823 1954 3882 adversum
2013 3827 2121 3882 vim

525 3917 755 3972 Romani
784 3918 1060 3973 exercitus
1089 3917 1328 3988 potuerit
1365 3917 1692 3986 prtevalere;
1719 3919 1814 3975 sed
1837 3919 1888 3976 in
1921 3929 2120 3978 tantam

521 4008 859 4066 habitatores
885 4009 1088 4066 Judmaz
1145 4009 1360 4064 venisse
1414 4007 1784 4078 formidinem,
1831 4019 1891 4067 ut
1935 4021 1988 4067 et
2021 4012 2122 4082 ipsi

522 4116 647 4156 cum
670 4102 993 4172 coiijugibus
1022 4112 1075 4156 et
1095 4101 1305 4166 liberis,
1339 4116 1471 4157 auro
1516 4111 1569 4156 et
1600 4111 1828 4174 argento
1857 4118 1978 4173 quae
2023 4103 2122 4160 sibi

525 4195 729 4248 auxilio
759 4194 875 4248 fore
922 4195 1290 4258 aestimabant,
1345 4195 1398 4248 in
1431 4195 1614 4251 foveas
1673 4204 1832 4251 terra:
1889 4195 2126 4254 demersi

527 4287 658 4354 sint,
691 4295 746 4342 et
792 4286 1217 4358 profundissima
1263 4296 1417 4343 antra
1443 4288 1655 4343 sectati.
1689 4288 1742 4344 Si
1771 4289 1913 4344 enim
1969 4305 2122 4348 vora-

525 4377 667 4430 cium
705 4385 761 4432 et
789 4377 1198 4434 luxuriosorum
1242 4387 1435 4434 venter
1482 4389 1566 4434 est
1589 4379 1755 4448 Deus,
1791 4397 1959 4452 quare
2014 4399 2119 4442 non

525 4469 676 4524 avari
707 4484 902 4525 aurum
935 4479 988 4526 et
1017 4482 1299 4542 argentum
1330 4471 1632 4543 appelletur
1655 4473 1837 4530 Deus?
1867 4477 1975 4534 Alii
2009 4477 2124 4536 bare

521 4564 591 4620 ad
621 4565 915 4638 Babylonia
943 4565 1183 4624 referunt
1206 4576 1473 4640 tempora.
1497 4569 1639 4642 Ergo
1661 4569 1814 4640 juxta
1839 4572 1988 4644 leges
2011 4582 2120 4630 tro-

525 4659 752 4730 pologia:
792 4660 1001 4732 singula
1053 4677 1285 4733 quaeque
1311 4665 1669 4734 percurram.f
1696 4663 1882 4720 Turris
1913 4666 1997 4721 vel
2051 4668 2123 4724 ob

524 4753 882 4810 munitionem
935 4753 1084 4810 urbis
1128 4755 1450 4820 aedificatur,
1500 4755 1584 4809 vel
1633 4754 1705 4808 ob
1732 4756 2031 4825 speculam,
2065 4767 2124 4814 ut

524 4844 686 4914 longe
705 4847 934 4902 veniens
960 4856 1212 4902 cernatur
1234 4845 1820 4918 hostis.Unusquisque
1841 4863 1970 4919 ergo
1997 4865 2121 4906 nos-

603 4987 630 5014 ει
657 4978 824 5054 Paulo
849 4979 1170 5054 concinnlns
1199 4981 1496 5054 Victorius,
1527 4997 1677 5054 quam
1704 4983 1749 5054 si
1769 4985 2126 5050 centurionem

529 5052 808 5130 transferre
846 5049 1191 5130 uoluerimus,
1201 5053 1258 5106 id
1284 5063 1360 5106 est
1373 5049 1678 5130 elumbem,
1705 5049 2120 5130 Babglonenrsi-

528 5121 741 5197 gniﬁcat
767 5121 934 5197 pangis
953 5136 1105 5197 quam
1144 5121 1342 5197 Busan.
1373 5124 1429 5178 lu
1463 5121 1623 5195 quam
1656 5141 1770 5197 rem
1795 5121 1964 5197 alium
1995 5127 2125 5184 Hie-

529 5189 954 5269 ronymiiociim
976 5189 1159 5269 laudat
1189 5191 1240 5246 in
1269 5191 1436 5269 _Am_os
1463 5189 1583 5269 cap.
1613 5213 1684 5250 tv.
1716 5195 1878 5252 Nobis
1927 5208 2128 5267 prater

527 5259 658 5322 mss'.
694 5259 854 5317 ﬁdem
881 5260 1014 5316 nihil
1043 5261 1212 5317 licere
1249 5264 1520 5319 duximus.

599 5338 628 5377 ι»
660 5332 1028 5405 Babbinortnn
1059 5333 1173 5388 haec
1205 5345 1290 5388 est
1333 5336 1540 5403 opinio,
1575 5337 1628 5390 in
1659 5351 1817 5405 quam
1863 5350 1917 5393 et
1946 5339 2127 5396 Graeci

528 5411 937 5478 concesserunt,
967 5403 1362 5478 Parapbrsstes
1384 5421 1417 5478 a
1440 5403 1700 5464 Corderio
1719 5409 1922 5478 editus,
1949 5411 2128 5468 Theo-

531 5480 696 5532 dorus
727 5475 1125 5538 Heracleensis,
1157 5488 1319 5546 atque
1345 5477 1457 5531 alii.
1488 5478 1684 5534 Verum
1712 5475 1969 5536 Hebraeos
1997 5483 2126 5536 olim

529 5550 604 5602 ita
635 5545 1010 5620 Sensissc,_vjx
1040 5545 1288 5620 credam;
1320 5563 1465 5616 nam,
1497 5550 1640 5620 quod
1670 5561 1725 5604 et
1753 5551 1978 5605 Drusius
2004 5555 2124 5606 ani-

535 5614 1105 5688 madvertit._dubitari
1131 5617 1290 5688 etiam
1324 5614 1528 5688 potest,
1554 5637 1620 5674 an
1652 5621 1875 5676 Tharsis
1900 5622 2126 5679 omnino

537 5702 676 5746 mare
719 5681 1010 5757 signiticet.
1061 5685 1215 5754 Quod
1245 5681 1518 5758 seqiiitur,
1551 5705 1657 5744 non
1688 5689 1974 5755 Hebraico,
2025 5693 2122 5754 sed

2215 1791 2427 1845 ratione
2447 1788 2752 1856 firmantur,
2784 1804 2851 1842 ne
2876 1789 3018 1859 quod
3055 1788 3247 1858 dogma
3273 1799 3592 1856 perversum
3614 1798 3826 1854 praeva-

2214 1881 2322 1937 leat
2348 1880 2584 1936 veritati.
2635 1881 2709 1934 De
2741 1880 3047 1936 istiusmodi
3096 1879 3264 1934 muris
3294 1879 3438 1933 Deus
3493 1879 3729 1946 loquitur
3757 1875 3828 1931 ad

2213 1975 2557 2032 Jerusalem:
2592 1972 2724 2029 Ecce
2764 1991 2921 2044 super
2971 1991 3156 2030 manus
3204 1991 3340 2030 meas
3391 1972 3602 2041 depiuxi
3642 1987 3825 2026 muros

2216 2080 2350 2130 tuos,
2383 2078 2432 2124 et
2452 2068 2504 2121 in
2535 2077 2810 2137 conspectu
2835 2083 2944 2120 meo
2973 2076 3092 2121 sunt
3115 2082 3316 2136 semper
3349 2063 3544 2136 (Infra
3572 2078 3701 2125 xcv,
3731 2062 3825 2132 16,

2215 2177 2318 2216 sec.
2349 2159 2494 2216 LXX
2603 2160 2697 2214 Siti
2745 2169 2924 2214 autem
2959 2159 3013 2212 lii
3063 2159 3153 2230 qui
3189 2159 3341 2228 prius
3371 2157 3829 2227 impugnaverant

2217 2258 2538 2322 Ecclesiam,
2577 2261 2794 2328 cognita
2820 2255 3072 2322 veritate,
3099 2254 3418 2310 transierint
3459 2252 3523 2308 ad
3547 2250 3735 2312 ﬁdem.
3774 2259 3832 2308 et

2217 2349 2578 2420 pugnaverint
2600 2363 2697 2419 pro
2725 2363 2809 2409 ea,
2839 2363 3000 2417 quam
3033 2353 3160 2400 ante
3189 2346 3663 2415 impngnaverant,
3697 2350 3830 2396 tunc

2218 2440 2356 2496 illud
2382 2440 2696 2509 implebitur
2715 2457 2728 2492 :
2750 2437 2856 2512 41
2886 2439 2998 2493 Cito
3017 2436 3357 2506 wdiﬁcaberis
3374 2435 3436 2490 ab
3463 2434 3563 2502 his,
3587 2451 3616 2488 a
3640 2431 3830 2502 quibus

2218 2534 2477 2587 destructa
2499 2548 2612 2586 eras
2635 2530 2825 2604 (Ibid,
2855 2530 3043 2598 17).Ιιι
3071 2528 3310 2584 Leviticu
3333 2543 3544 2599 quoque
3571 2525 3826 2595 legimus,

2217 2628 2459 2691 domum,
2477 2642 2594 2696 qua:
2613 2627 2667 2680 in
2687 2625 2912 2679 urbibus
2937 2624 3164 2680 muralis
3178 2623 3265 2686 sit,
3290 2624 3333 2678 si
3354 2623 3494 2674 intra
3517 2635 3721 2675 annum
3739 2633 3829 2674 re-

2219 2718 2436 2788 dempta
2473 2733 2576 2772 non
2631 2717 2815 2782 fuerit,
2849 2715 3080 2786 em;~tori
3129 2725 3330 2772 a-terua
3365 2713 3708 2784 possessione
3738 2713 3829 2764 lir-

2220 2810 2380 2879 tnari,
2412 2810 2552 2881 quod
2592 2810 2638 2863 si
2668 2810 2719 2863 in
2746 2810 2884 2862 villis
2929 2817 2982 2862 ct
3024 2811 3074 2864 in
3122 2808 3314 2864 viculis
3341 2807 3431 2874 sit,
3484 2820 3602 2876 qua:
3632 2819 3820 2860 muros

2221 2919 2326 2960 non
2359 2903 2614 2969 habeant,
2645 2919 2862 2972 seraper
2891 2917 3049 2970 posse
3077 2901 3298 2966 redimi,
3325 2909 3379 2955 et
3411 2900 3677 2971 emptoris
3704 2913 3828 2969 pre-

2221 2998 2350 3052 tium
2383 2997 2646 3053 ﬂuctuare
2676 2995 2862 3068 (Leuit.
2902 2996 3047 3065 xxv).

2295 3089 2471 3154 (Vers.
2509 3089 2624 3154 16.)
2661 3087 2725 3140 Et
2753 3105 2907 3158 super
2935 3105 3112 3144 omnes
3141 3102 3292 3144 naves
3318 3084 3553 3150 Tharsis,
3589 3095 3638 3139 et
3667 3100 3830 3156 super

2226 3197 2394 3248 omne,
2427 3181 2564 3251 quod
2612 3182 2724 3234 visu
2767 3182 3041 3251 pulchrum
3091 3189 3183 3235 est.
3239 3179 3345 3236 Pro
3382 3178 3623 3242 Tltarsis,
3680 3179 3828 3250 quod

2224 3289 2414 3332 omnes
2456 3273 2708 3328 similiter
2735 3273 3150 3338 transtulerunt,
3179 3273 3280 3328 soli
3313 3269 3453 3325 LXX
3478 3286 3624 3325 mure
3652 3271 3827 3326 inter-

2224 3369 2420 3440 pretati
2477 3377 2624 3422 sunt.
2679 3367 2886 3424 Hebra‘i
2936 3376 3144 3437 putant,
3174 3365 3200 3403 ι)
3236 3364 3415 3435 lingua
3466 3363 3679 3433 proprie
3729 3379 3827 3417 sua

2227 3475 2378 3516 mare
2413 3461 2642 3516 TllAltSlS
2673 3459 2887 3528 (omn)
2920 3459 3205 3529 appellari,
3241 3455 3459 3528 quando
3482 3465 3658 3510 autem
3691 3455 3830 3510 dici-

2227 3561 2313 3608 tur
2344 3568 2435 3608 υηι
2471 3550 2618 3622 (εν),
2655 3568 2760 3604 non
2809 3550 3072 3605 llebraico
3115 3564 3367 3606 sermone
3399 3547 3680 3618 appellari,
3727 3546 3828 3602 sed

2224 3641 2469 3715 Syriaco.
2500 3641 2702 3696 Habuit
2731 3650 2784 3695 et
2811 3640 3071 3710 Josapbat
3117 3656 3300 3704 naves,
3333 3653 3466 3710 quas
3491 3637 3738 3694 mittebat
3770 3638 3828 3700 in

2226 3735 2442 3792 Titarsis
2491 3735 2595 3808 (111
2637 3735 2766 3808 Reg.
2801 3751 2935 3801 xxn,
2983 3735 3090 3804 49)
3122 3776 3134 3801 ,
3169 3734 3261 3789 sed
3301 3735 3548 3789 contrita:
3596 3739 3725 3786 sunt
3764 3732 3823 3788 in

2224 3828 2584 3898 Asiongaher.
2610 3827 2808 3882 llabnit
2833 3837 2886 3882 et
2906 3827 3164 3882 Salomon
3190 3841 3309 3896 quae
3340 3827 3487 3882 ibant
3519 3827 3569 3880 in
3601 3825 3828 3881 Tharsis

2228 3922 2332 3996 (111
2362 3921 2495 3993 Reg.
2521 3937 2575 3988 ι,
2605 3919 2744 3991 22),
2778 3931 2832 3976 et
2865 3928 2985 3990 post
3033 3931 3141 3975 tres
3166 3934 3339 3974 annos
3385 3919 3826 3985 revertebantur,

2227 4014 2632 4084 allerehantque
2678 4013 2790 4083 regi
2841 4022 3120 4084 argentum
3152 4021 3208 4067 et
3246 4027 3462 4079 aurum,
3503 4011 3635 4066 ebur
3667 4021 3721 4065 et
3752 4010 3824 4064 εἰς

2228 4111 2384 4164 mias.
2412 4107 2518 4162 Sed
2549 4106 2672 4177 quia
2698 4121 2792 4161 rex
2824 4116 3052 4177 uterque
3082 4115 3422 4176 peccaverat,
3449 4105 3586 4160 alius
3612 4103 3833 4160 deditus

2227 4199 2514 4270 voluptati,
2560 4208 2614 4254 et
2657 4207 3005 4254 externarum
3038 4197 3281 4267 gentium
3316 4211 3508 4250 amans
3558 4196 3828 4250 feminas:

2227 4295 2366 4350 alius
2393 4310 2452 4351 se
2483 4309 2604 4348 cum
2649 4309 2776 4361 rege
2807 4292 3067 4348 Samaria:
3097 4291 3360 4360 cepolans
3386 4309 3397 4344 :
3437 4289 3582 4360 quod
3614 4296 3830 4344 utrum-

2228 4402 2334 4458 que
2365 4387 2430 4442 ad
2463 4387 2710 4444 ethnicos
2766 4383 3002 4442 refertur
3027 4426 3040 4450 ,
3102 4392 3157 4440 et
3187 4384 3497 4450 lizrreticos,
3550 4383 3601 4437 in
3631 4382 3833 4452 quibus

2153 4459 2206 4520 Ῑ)
2234 4481 2366 4535 nihil
2413 4478 2669 4534 estaliud
2705 4477 2803 4532 nisi
2851 4477 3030 4546 fulgor
3072 4476 3400 4546 eloquentia:
3425 4515 3440 4541 ,
3491 4486 3546 4530 et
3579 4485 3600 4512 ι’
3635 4487 3832 4530 sensus

2230 4574 2499 4630 diabolica
2525 4583 2640 4630 arte
2669 4582 3040 4639 construcms,
3086 4581 3138 4628 et
3166 4586 3347 4626 sermo
3381 4578 3646 4634 mortuus,
3684 4567 3830 4640 quod

2232 4670 2627 4740 interpretatur
2654 4667 2705 4722 in
2738 4667 3014 4732 dentibus,
3058 4675 3113 4722 et
3143 4664 3442 4723 similitudo
3471 4663 3702 4720 rationis
3732 4663 3832 4720 htt-

2231 4774 2426 4826 manai,
2473 4759 2616 4828 quod
2647 4761 2880 4816 sentitur
2924 4760 2978 4816 in
3017 4758 3231 4825 simiis;
3285 4758 3485 4814 idcirco
3517 4757 3567 4811 in
3600 4758 3832 4814 Psalmis

2230 4853 2478 4922 legimus,
2507 4850 2575 4908 In
2617 4853 2804 4923 spiritu
2832 4852 3054 4908 violento
3095 4851 3390 4921 confringet
3413 4865 3565 4906 naves
3614 4849 3829 4908 Titanis

2233 4988 2456 5062 Syriaco
2484 5001 2740 5062 sermone
2758 4993 2875 5062 jam
2901 4989 3033 5062 dici,
3071 4987 3269 5040 mirum
3297 4996 3380 5062 est
3404 4983 3591 5062 magis.
3624 4985 3668 5040 E
3695 5000 3830 5062 cori-

2236 5055 2406 5116 trario
2426 5060 2568 5134 enim
2599 5055 2946 5134 Syrijamma
2980 5058 3191 5134 dicunt,
3225 5057 3366 5134 quod
3398 5055 3620 5134 omnino
3654 5058 3830 5127 origi-

2236 5146 2358 5188 nem
2407 5130 2555 5187 ducit
2587 5127 2661 5187 nh'
2705 5127 2935 5186 Henrico
2957 5127 3592 5200 jnm,rquemadmodum
3620 5138 3675 5181 et
3717 5139 3830 5184 tota

2235 5200 2494 5273 Syrorum
2531 5201 2730 5270 lingua,
2758 5199 3072 5273 tantumque
3098 5199 3372 5273 diversum
3398 5209 3488 5273 est
3521 5199 3716 5273 forma.

2312 5283 2332 5309 θ
2369 5269 2434 5324 Et
2462 5268 2664 5334 sensus,
2689 5279 2788 5324 etc.
2828 5271 2882 5323 In
2909 5268 3064 5324 aniea
3100 5269 3260 5324 editis
3291 5270 3442 5322 libris
3475 5268 3730 5339 legimus,
3763 5269 3830 5323 Et

2235 5358 2412 5396 sensus
2435 5342 2703 5395 dialectica
2730 5351 2839 5395 arte
2866 5351 3202 5394 constructus.
3236 5340 3508 5394 MAll'l‘lAN.

2306 5445 2375 5453 —
2399 5413 2474 5468 ιω
2505 5422 2559 5466 et
2587 5428 2717 5468 mss.
2752 5413 2920 5468 nostri
2953 5421 3006 5466 et
3034 5411 3281 5468 Martiali.
3314 5411 3630 5480 praeferunt.
3667 5411 3835 5470 Vete-

2230 5498 2318 5536 res
2343 5485 2542 5552 vulgati
2575 5483 2867 5546 dialectica,
2896 5499 3056 5551 qttam
3087 5484 3306 5552 quidem
3349 5493 3519 5536 artem
3540 5483 3835 5552 ilia:reticis

2228 5555 2360 5608 vitio
2412 5551 2630 5626 vertere
2681 5554 3046 5626 Hieronymus
3087 5551 3250 5609 Solet.
3285 5551 3417 5606 Vide
3468 5551 3632 5618 infra,
3686 5553 3834 5613 etin

2227 5639 2347 5696 cap.
2385 5641 2412 5680 ν
2442 5624 2602 5684 Osee.
