4008 6306
462 226 534 285 55
1708 223 1766 281 S.
1806 222 2080 281 EUSEBII
2118 222 2499 283 HIERONYMI
3694 230 3772 287 56

461 351 552 400 tur
580 358 609 399 a
639 344 837 401 caecis:
883 352 939 401 et
966 343 1145 399 omnia
1195 341 1450 413 dogmata
1494 342 1769 398 contraria
1812 341 2053 398 veritati.
2084 343 2139 406 Α
2162 341 2396 401 fendatis
2420 358 2576 412 eum,
2611 344 2704 416 qui
2731 345 2957 401 omnino
2987 345 3144 402 nihili
3182 348 3300 403 est?
3326 347 3470 419 Ergo
3507 357 3767 404 econtra-

460 437 596 505 Quze
617 454 740 495 cum
762 439 816 493 in
844 436 932 493 die
960 435 1175 492 Domini
1208 434 1409 491 fuerint
1436 435 1717 505 derelicta,
1752 437 2058 508 ingredien-

461 538 554 586 tur
579 529 634 585 bi
665 531 753 599 qui
781 529 1111 600 projecerint
1130 544 1194 585 ea
1220 529 1274 584 in
1310 528 1532 584 ﬁssuras
1551 537 1845 599 petrarum,
1872 544 2060 586 caver-

464 639 668 693 nasque
699 637 975 690 saxorum,
1001 630 1061 678 ut
1083 638 1191 677 non
1213 622 1267 677 in
1295 630 1455 677 terra:
1477 622 1702 692 pulvere
1728 632 1782 678 et
1802 622 1895 677 vili
1913 622 2053 691 luto,

462 716 558 773 sed
586 716 642 771 in
671 714 821 771 ﬁrma
847 716 1063 770 ratione
1102 721 1411 782 versentur,
1445 721 1501 769 et
1524 714 1803 770 inveniant
1841 714 1946 769 sibi
1975 713 2060 770 di-

460 823 618 865 versa
646 808 911 863 virtutum
953 807 1242 875 foramina,
1276 821 1375 877 per
1400 821 1522 877 quae
1551 805 1618 861 ad
1659 807 1940 863 veritatem
1968 821 2062 861 va-

460 902 615 958 leant
644 900 954 972 pervenire.
978 900 1106 956 Haec
1126 900 1280 970 juxta
1300 915 1599 971 anagogen,
1630 909 1690 956 ut
1718 902 1889 970 potui,
1910 901 2059 957 brevi

459 1010 717 1051 sermone
746 995 1059 1065 perstrinxi,
1095 1010 1215 1065 quae
1258 994 1468 1051 llebrtei
1498 995 1562 1050 ad
1596 995 1890 1068 Babylonia
1920 994 2064 1051 rele-

459 1096 590 1141 runt
635 1095 880 1156 tempora
912 1095 967 1142 et
1007 1086 1418 1142 subversionem
1467 1085 1793 1153 Jerusalem,
1846 1086 2062 1158 quando

459 1177 703 1233 surrexit
723 1177 985 1233 Dominus
1006 1186 1208 1234 terram
1240 1189 1528 1249 percutere
1544 1178 1880 1235 Iudaeorum.

533 1270 716 1344 (Vers.
748 1270 867 1340 20.)
902 1270 1165 1339 Quiescite
1190 1287 1314 1343 ergo
1329 1273 1393 1326 ab
1413 1271 1643 1339 homine,
1676 1275 1829 1338 cuius
1850 1274 2064 1345 spiritus

463 1365 519 1420 in
548 1366 758 1420 naribus
786 1366 901 1435 ejus
926 1382 944 1419 :
975 1366 1099 1433 quia
1125 1364 1362 1420 excelsus
1392 1374 1663 1437 reputatus
1688 1375 1765 1420 est
1788 1367 1918 1434 ipse.
1950 1365 2063 1422 Hoc

462 1460 869 1529 praetermisere
894 1459 1060 1527 LXX,
1117 1468 1173 1515 et
1211 1460 1265 1513 in
1310 1458 1516 1514 Graecis
1545 1459 1952 1529 exemplaribus
1995 1459 2063 1515 ab

463 1551 701 1624 Origene
733 1554 831 1608 sub
878 1552 1161 1608 asteriscis
1186 1552 1255 1608 de
1298 1551 1541 1608 editione
1566 1552 1773 1623 Aquilae
1818 1551 2063 1607 additum

463 1653 571 1710 est,
609 1645 751 1715 quod
797 1644 851 1699 in
895 1644 1222 1700 Hebraoita
1270 1645 1505 1715 legitur:
1540 1655 1801 1700 “unum:
1850 1660 2062 1701 LACHEI

2159 436 2241 491 rio
2267 436 2348 492 sic
2393 437 2801 509 intelligendum
2850 456 2863 492 :
2912 438 3045 494 Cum
3089 440 3205 496 haec
3250 441 3501 497 universa
3530 452 3765 499 ventura

2160 529 2271 585 sint
2298 530 2472 597 vobis,
2504 539 2557 585 et
2583 530 2889 601 prophetali
2918 529 3116 602 spiritu
3144 532 3531 604 praedicantur,
3565 551 3765 592 moneo

2159 632 2320 693 atque
2362 623 2636 693 praecipio,
2671 633 2731 677 ut
2781 624 3079 694 quiescatis
3121 625 3192 682 ab
3218 640 3286 681 eo
3334 628 3427 697 qui
3460 627 3763 683 secundum

2160 730 2376 770 carnem
2406 714 2622 787 quidem
2665 716 2828 772 homo
2859 725 2963 783 est,
3014 728 3069 773 et
3100 718 3265 774 habet
3292 720 3551 789 animam,
3609 731 3666 776 et
3689 722 3763 778 ita

2160 809 2351 878 Spirat,
2399 819 2456 865 et
2503 810 2725 866 naribus
2779 810 3008 866 halitum
3060 811 3249 882 trahit,
3283 822 3339 868 ut
3364 828 3466 868 nos
3509 813 3764 873 homines

2160 905 2451 975 spiramus,
2482 914 2537 961 et
2565 906 2836 960 vivimus:
2869 905 2964 962 sed
2983 906 3282 964 secundum
3304 907 3546 963 divinam
3567 909 3766 980 majes-

2164 1003 2330 1051 tatem
2383 997 2638 1053 excelsus
2693 1006 2878 1066 etest,
2929 1008 2984 1054 et
3029 1000 3336 1070 reputatur,
3390 1009 3448 1057 et
3498 1001 3760 1057 creditur.

2169 1098 2191 1126 ο
2215 1087 2398 1143 Tacita
2412 1104 2626 1145 mecum
2654 1101 2835 1146 mente
2850 1100 3210 1161 pertractans,
3240 1108 3346 1148 non
3368 1107 3591 1164 possum
3616 1096 3767 1151 inve-

2164 1182 2284 1237 nire
2344 1183 2655 1251 rationem,
2717 1199 2885 1255 quare
2941 1182 3086 1239 LXX
3148 1194 3256 1241 tam
3303 1190 3646 1258 perspicuam
3697 1189 3767 1245 de

2162 1273 2381 1330 Christo
2401 1274 2741 1346 prophetiam
2759 1276 2808 1331 in
2832 1275 3077 1333 Gra'cum
3103 1279 3379 1335 noluerint
3401 1291 3634 1337 vertere.
3650 1281 3772 1337 Cm-

2166 1368 2267 1423 teri
2300 1369 2467 1435 enim,
2500 1368 2595 1438 qui
2618 1378 2903 1425 verterunt
2924 1370 3168 1442 quidem,
3195 1372 3290 1427 scd
3322 1388 3628 1429 sermonem
3652 1391 3769 1431 am-

2165 1459 2390 1530 biguum
2437 1460 2503 1514 ad
2538 1460 2833 1530 impietatis
2873 1470 3099 1519 traxere
3140 1479 3381 1534 sensum,
3432 1482 3539 1521 non
3571 1467 3765 1522 mirum

2166 1565 2263 1606 cur
2295 1551 2433 1608 male
2464 1552 2806 1624 interpretati
2851 1554 2983 1623 sint,
3018 1570 3118 1612 nec
3149 1557 3418 1614 volucrmt
3441 1559 3510 1614 de
3550 1558 3770 1617 Christo

2164 1646 2461 1716 gloriosum
2487 1647 2615 1718 quid
2645 1646 2854 1714 dicere,
2889 1649 2942 1702 in
2970 1664 3128 1719 quem
3156 1667 3262 1705 non
3286 1653 3615 1708 credebant:
3640 1651 3665 1690 ἀ
3692 1655 3773 1710 vi-

464 1752 575 1793 sum
603 1754 781 1793 una
826 1753 960 1793 assa
1007 1754 1216 1794 NASAIA
1257 1754 1533 1794 superno
1580 1755 1669 1795 cur
1713 1755 1857 1795 usus
1898 1756 2064 1796 nesse
2096 1731 2144 1790 B
2169 1737 2370 1794 delicet
2412 1737 2585 1795 Judaei
2611 1739 3064 1810 autSemijudaei,
3096 1741 3148 1796 id
3170 1750 3273 1807 est,
3304 1743 3589 1798 Ebionitm.
3614 1744 3772 1813 Quod

465 1845 557 1888 nu.
595 1830 697 1886 Ubi
744 1846 843 1886 nos
870 1831 1127 1900 diximus,
1188 1834 1423 1887 excelsus
1466 1842 1740 1903 reputatus
1794 1842 1868 1887 est
1914 1834 2066 1904 ipse:

461 1920 659 1991 Aquila
686 1921 1076 1991 interpretatus
1096 1931 1200 1989 est,
1226 1922 1280 1976 in
1302 1938 1404 1992 quo
1426 1931 1694 1993 reputatus
1717 1931 1792 1977 est
1820 1923 1935 1978 iste.
1958 1921 2069 1995 Μ

428 2015 706 2081 ,Verbum
746 2015 1075 2070 Hebraicutn
1106 2031 1247 2071 nam
1276 2016 1445 2088 (mn)
1468 2059 1481 2083 ,
1513 2016 1597 2071 vel
1626 2016 1820 2089 ὕψωμα
1845 2015 2060 2083 dicitur,

468 2108 521 2162 id
558 2116 664 2169 est.
692 2109 973 2175 excelsum,
1008 2108 1151 2179 quod
1192 2114 1248 2163 et
1275 2110 1326 2162 in
1368 2106 1678 2178 Regnorum
1710 2109 1884 2175 libris,
1936 2109 2066 2164 etin

469 2198 758 2256 Ezechiele
789 2200 1055 2272 legimus:
1108 2200 1195 2255 vel
1225 2210 1376 2255 certe
1404 2201 1458 2254 in
1485 2216 1609 2271 quo,
1644 2210 1701 2255 et
1739 2198 1944 2256 eisdem
1978 2200 2067 2256 lit-

467 2293 602 2348 teris
628 2293 891 2349 scribitur
917 2309 1077 2362 seru,
1110 2310 1245 2361 uel,
1280 2309 1386 2348 ne:
1414 2308 1477 2348 ac
1508 2308 1602 2364 pro
1631 2294 1871 2348 locorum
1896 2294 2070 2363 quali-

468 2395 600 2453 tate,
635 2385 681 2440 si
720 2385 1055 2441 voluerimus
1102 2385 1308 2456 legere,
1333 2386 1388 2439 in
1411 2402 1535 2455 quo,
1587 2385 1822 2441 dicimus
1851 2400 2066 2449 unus;

468 2479 552 2533 sin
590 2489 796 2545 autem,
829 2478 1092 2532 excelsum
1120 2478 1206 2531 vel
1233 2478 1486 2545 excelsus,
1524 2477 1752 2547 legimus
1788 2494 1951 2533 usus.
1983 2478 2073 2533 In-

468 2572 784 2642 telligcntes
813 2588 944 2643 ergo
986 2572 1160 2627 Judaei
1193 2572 1532 2642 prophetiam
1565 2589 1690 2630 esse
1730 2575 1798 2630 de
1829 2575 2068 2643 Christo,

468 2666 693 2722 verbum
724 2666 1036 2735 ambiguum
1062 2667 1115 2720 in
1146 2666 1473 2721 deteriorem
1499 2676 1707 2738 partem
1733 2668 2073 2739 interpretati

470 2767 620 2825 sunt,
651 2768 710 2813 ut
735 2758 1056 2813 viderentur
1077 2774 1184 2813 non
1215 2758 1438 2815 laudare
1464 2756 1765 2829 Christum,
1790 2760 1885 2815 sed
1919 2760 2075 2816 nihili

470 2851 740 2921 pendere.
766 2851 898 2917 Qu:e
924 2862 1010 2906 est
1054 2851 1200 2906 enim
1231 2851 1527 2907 verborum
1569 2853 1985 2924 consequentia,
2020 2860 2075 2907 et

470 2944 564 3014 qui
590 2942 729 2999 ordo
767 2943 998 3000 rationis
1028 2959 1092 3000 ac
1122 2959 1336 3013 sensus,
1387 2957 1445 3000 ut
1471 2945 1756 3001 dicamus:
1795 2945 1930 3001 Cum
1961 2946 2075 3000 haec

471 3039 551 3093 ita
572 3053 634 3093 se
676 3038 929 3106 habeant,
965 3048 1019 3094 et
1044 3037 1163 3093 dies
1209 3050 1433 3094 ventura
1475 3039 1549 3093 sit
1590 3039 1822 3107 Domini,
1873 3039 1925 3095 in
1971 3054 2075 3109 qua

2170 1838 2348 1884 autem
2380 1830 2627 1886 Christus
2659 1832 2907 1886 excelsus
2942 1832 3016 1887 sit
3040 1833 3128 1889 vel
3159 1834 3485 1901 altissimus,
3530 1838 3618 1904 qui
3663 1836 3774 1910 45

2171 1925 2280 1980 alio
2308 1940 2558 1981 sermone
2579 1926 2720 1996 apud
2747 1926 3007 1984 Hebraeos
3032 1928 3361 2000 appellatur,
3390 1945 3545 1985 suos
3570 1914 3772 2016 (W537),

2170 2018 2224 2073 in
2251 2020 2584 2089 octogesimo
2615 2030 2770 2076 sexto
2801 2021 3011 2091 psalmo
3041 2021 3311 2092 legimus:
3342 2022 3613 2095 Numquid
3644 2025 3780 2081 Sion

2170 2109 2309 2163 dicet
2333 2111 2507 2178 homo,
2547 2120 2570 2148 θ
2599 2120 2647 2164 et
2677 2111 2832 2166 homo
2860 2121 3014 2166 natus
3033 2122 3107 2167 est
3133 2113 3187 2167 in
3218 2130 3312 2181 ea;
3339 2124 3385 2170 et
3410 2115 3523 2181 ipse
3540 2116 3778 2187 fundavit

2170 2217 2286 2255 eam
2311 2200 2608 2257 Altissimus
2648 2200 2824 2273 (Psal.
2857 2219 3075 2271 LXXXVI,
3103 2203 3206 2275 5)?
3236 2205 3303 2260 Et
3347 2206 3403 2261 in
3436 2205 3729 2278 Evangelio
3760 2227 3775 2263 :

2173 2290 2242 2345 Et
2266 2302 2323 2346 tu
2361 2310 2490 2364 puer
2516 2291 2785 2364 Propheta
2805 2293 3060 2349 Altissimi
3084 2297 3346 2352 vocaberis
3370 2297 3525 2370 (Luc.
3572 2314 3624 2363 ι,
3660 2299 3777 2371 76).

2174 2385 2256 2440 Ac
2297 2399 2365 2440 ne
2396 2385 2614 2456 longum
2651 2385 2831 2442 funem
2862 2388 3073 2442 traham
3118 2390 3209 2458 (in
3259 2390 3601 2460 expositione
3630 2393 3777 2447 enim

2174 2487 2484 2533 sanctarum
2531 2478 2937 2548 Scripturarunt
2974 2481 3260 2538 veritatem
3304 2483 3570 2539 debemus
3598 2462 3777 2556 sequi,

2177 2585 2288 2625 non
2318 2571 2764 2644 contentionem)
2802 2574 2855 2627 in
2884 2573 2990 2628 isto
3019 2573 3140 2629 loco
3177 2591 3318 2630 usus
3346 2578 3485 2647 apud
3519 2577 3780 2633 Hebraeos

2177 2681 2282 2720 non
2310 2665 2543 2721 excelsus
2573 2666 2792 2733 dicitur,
2825 2667 2920 2722 sed
2950 2669 3209 2724 excelsum
3230 2714 3243 2735 ,
3276 2670 3327 2725 id
3357 2680 3442 2726 est
3462 2711 3476 2734 ,
3511 2672 3624 2741 ipsa
3654 2673 3780 2727 alti-

2178 2759 2307 2813 tudo
2338 2768 2500 2829 atque
2526 2757 2821 2813 sublimitas
2842 2775 2861 2813 :
2889 2760 3043 2830 quasi
3089 2760 3135 2814 si
3169 2759 3280 2833 46
3312 2764 3379 2816 de
3404 2761 3586 2832 aliquo
3626 2763 3777 2818 dica-

2179 2867 2319 2919 mus,
2355 2866 2462 2907 non
2491 2860 2576 2907 est
2614 2852 2822 2907 divinus
2843 2894 2857 2919 ,
2904 2851 2999 2908 sed
3030 2853 3279 2909 divinatio
3304 2870 3323 2908 :
3352 2870 3456 2911 non
3497 2866 3583 2910 est
3610 2857 3774 2924 rivus,

2179 2946 2273 3002 sed
2302 2936 2455 3016 fons:
2487 2962 2593 3000 non
2613 2946 2884 3013 cst/roma,
2919 2946 3011 3001 sed
3036 2948 3150 3016 ipsa
3169 2948 3488 3002 humanitas.
3512 2946 3781 3019 Origenes

2180 3037 2325 3091 hunc
2354 3037 2536 3091 locum
2574 3037 2647 3090 ita
2679 3037 3069 3106 interpretatus
3099 3045 3216 3091 cst:
3260 3038 3396 3104 Quia
3426 3036 3781 3106 singulariter

471 3132 768 3187 universus
795 3130 999 3188 Judaea:
1033 3141 1206 3189 status
1232 3133 1633 3189 subvertendus
1662 3143 1770 3203 est,
1800 3144 1857 3190 et
1887 3134 2070 3188 omnia
2102 3119 2148 3183 C
2178 3129 2247 3186 de
2276 3145 2384 3185 uno
2413 3130 2633 3185 homine
2655 3129 2873 3197 dicitur,
2897 3129 3091 3186 referri
3123 3138 3299 3200 potest
3326 3139 3377 3185 et
3401 3130 3468 3183 ad
3488 3130 3779 3187 Dominum

472 3225 804 3281 conterenda
833 3242 847 3279 :
873 3240 1073 3282 moneo
1093 3242 1192 3282 Vtts
1212 3237 1373 3297 atque
1391 3225 1672 3297 pr.t'cipi0,
1702 3234 1761 3281 ut
1781 3225 2073 3297 quiescatis

469 3321 540 3375 ab
571 3318 814 3389 homine,
847 3321 936 3389 qui
967 3321 1037 3376 ita
1083 3322 1257 3392 spirat
1292 3337 1356 3376 ac
1387 3323 1537 3390 vivit,
1577 3332 1636 3377 ut
1666 3336 1765 3376 nos
1796 3321 2065 3389 homines,

469 3414 595 3486 quia
621 3412 650 3452 ιι
674 3415 727 3469 in
754 3414 905 3469 nihili
927 3427 1181 3487 computa
1192 3415 1329 3469 ndus
1348 3414 1466 3471 θειῖ
1486 3414 1784 3484 Quisquam
1804 3429 1874 3470 ne
1896 3414 2072 3469 homi-

468 3523 599 3564 num
628 3509 704 3563 ita
739 3509 1050 3579 quempiam
1096 3507 1301 3575 laudet,
1347 3513 1409 3561 ut
1435 3508 1614 3562 dicat:
1646 3506 1850 3563 Cavete
1894 3522 1962 3562 ne
1991 3505 2072 3562 of-

542 3680 571 3709 ι
603 3670 815 3726 Hedalu
840 3671 1072 3738 lachem,
1099 3678 1207 3725 etc.
1244 3670 1384 3736 Quot
1424 3684 1490 3724 ac
1537 3679 1755 3739 quantm
1809 3670 1918 3724 sint
1956 3685 2074 3724 cor-

469 3743 702 3811 ruptelae
728 3741 1137 3813 Hieronymiani
1168 3751 1453 3813 contextus
1476 3742 1529 3795 in
1548 3750 1704 3813 antea
1728 3742 1890 3813 editis
1918 3740 2071 3795 libris

469 3829 579 3869 non
603 3813 783 3870 audeo
814 3812 1022 3875 dicere,
1059 3827 1128 3867 ne
1167 3812 1534 3867 calumniator
1561 3812 1795 3867 υτὶιίου»
1838 3812 2069 3882 alicujus

472 3885 761 3941 calumnia:
825 3901 913 3941 me
963 3884 1275 3953 insimulet,
1322 3883 1401 3938 uti
1452 3883 1579 3938 fecit
1622 3898 1777 3939 more
1816 3900 1917 3938 suo
1947 3899 2069 3939 cum

471 3958 677 4013 editum
712 3957 849 4012 vidit
887 3956 1243 4011 Protlromttut
1272 3958 1328 4008 S.
1381 3956 1723 4026 Hieronymi,
1778 3956 1831 4010 iu
1864 3970 1971 4025 quo
2001 3957 2069 4011 de

471 4028 727 4098 pra-senti
752 4030 1143 4100 depravatione
1164 4026 1408 4100 dixeram
1444 4046 1457 4080 :
1492 4027 1661 4096 Legat
1692 4028 1854 4100 igitur
1881 4042 2067 4096 aequus

468 4097 654 4156 rerum
677 4097 976 4155 aestumator
1009 4110 1179 4153 totum
1205 4097 1415 4154 huncce
1436 4100 1637 4167 locum,
1658 4108 1708 4153 et
1734 4099 1915 4151 statim
1948 4114 2066 4167 per-

472 4182 719 4242 spectum
771 4171 995 4224 habebit
1048 4169 1181 4223 nihil
1233 4170 1584 4242 depravatius
1631 4168 1720 4223 etli
1748 4169 1991 4242 potuisse
2015 4170 2065 4242 in

471 4239 732 4310 operibus
756 4242 1066 4311 llieronytni
1105 4258 1118 4291 :
1150 4254 1283 4311 nam
1303 4241 1447 4311 quod
1484 4242 1601 4311 ipse
1629 4239 2064 4311 reprehendititt

470 4309 695 4374 Jttdzei‘s,
725 4309 1071 4378 Semijutlzeis
1121 4321 1177 4363 et
1225 4309 1515 4374 Ebionitis,
1564 4310 1617 4364 id
1651 4310 1830 4378 ipsum
1871 4309 2068 4377 impin—

470 4386 604 4454 gunt
650 4382 705 4436 in
745 4390 992 4454 sanctum
1038 4381 1324 4454 Ductorem
1370 4397 1529 4454 prava
1575 4381 1811 4454 lectione
1855 4381 2065 4437 Hebraei

470 4451 653 4508 festus
681 4468 777 4507 seu
809 4451 958 4505 vocis
977 4457 1106 4506 nn:
1132 4451 1300 4508 bama.
1325 4467 1485 4521 quam
1507 4451 1691 4521 legunt
1721 4451 1919 4506 bamme
1941 4469 2064 4507 cum

472 4523 761 4580 obctrcatis
798 4522 1021 4589 Judmts,
1057 4522 1148 4590 qui
1173 4536 1484 4577 sermonem
1512 4525 1823 4594 ambiguum
1864 4525 1930 4579 ad
1965 4525 2067 4578 itn-

471 4596 692 4666 pietatis
738 4604 956 4649 traxere
1006 4609 1254 4661 seusum,
1304 4610 1372 4649 ne
1414 4594 1483 4650 de
1508 4595 1730 4651 Christo
1769 4596 2069 4665 gloriosum

471 4667 600 4737 quid
631 4668 896 4721 dicerent.

543 4738 812 4793 Caeterum
855 4752 963 4791 non
1012 4737 1206 4792 omitto
1240 4739 1295 4790 in
1342 4736 1552 4806 aliquot
1602 4751 1736 4790 mss.
1790 4735 2073 4791 codicibus

471 4813 710 4880 positum
740 4823 864 4863 esse
893 4806 1024 4861 Eser
1062 4823 1159 4878 pro
1181 4807 1331 4876 Aser,
1378 4820 1431 4860 et
1461 4824 1669 4860 nesama
1706 4821 1806 4875 pro
1835 4823 2067 4880 ttasatna.

473 4874 742 4957 liebraice
773 4900 1005 4965 positum
1028 4874 1260 4970 legimus
1289 4874 1455 4955 tum
1497 4903 1652 4959 D‘TN‘l
1683 4903 1758 4984 ID
1796 4880 1909 4957 EID")
1946 4874 2074 4953 15TH

469 4997 573 5050 R'ﬂ
588 4996 748 5053 nam:
763 4997 892 5047 nm
909 4995 962 5045 Ὀ
983 4994 1125 5051 Ἐζᾶ
1146 4993 1329 5047 t'lD'lUJ'

1693 5061 1940 5116 Maurum
1951 5101 1963 5114 .

540 5183 614 5198 —-
643 5155 824 5209 Nostri
854 5169 1015 5222 mss.,
1049 5152 1180 5208 Eser
1209 5170 1417 5208 nesama
1438 5154 1611 5223 baaffo
1630 5171 1649 5219 ,'
1671 5166 1833 5223 atque
1864 5155 1934 5209 ita
1955 5155 2074 5221 qui-

470 5227 596 5284 dem
629 5225 855 5283 rescribi
907 5227 1111 5281 malim.
1163 5224 1359 5279 Verum
1402 5227 1507 5280 alia
1554 5237 1816 5292 praeterea
1856 5226 2011 5280 duxit
2041 5242 2072 5281 e

469 5313 608 5354 mss.
642 5297 983 5354 emendanda
1015 5295 1242 5352 doctiss.
1271 5295 1518 5362 Drusius,
1550 5296 1730 5351 Hedlu
1752 5312 1948 5362 nempe
1972 5312 2070 5365 pro

470 5366 706 5441 Hedalu,
739 5369 798 5427 in
825 5384 960 5428 mss.
990 5370 1315 5443 plerumque
1341 5378 1426 5423 est
1451 5365 1665 5425 Hedal:
1693 5380 1807 5425 tum
1822 5366 2070 5424 Haadam

2182 3223 2558 3280 Salvatorem:
2606 3221 2835 3291 jubente
2866 3221 3160 3292 Pr0pbeta,
3192 3231 3253 3276 ut
3281 3221 3562 3290 quiescant
3601 3222 3671 3277 ab
3711 3237 3780 3279 eo

2174 3316 2263 3386 qui
2294 3317 2346 3371 in
2376 3329 2575 3386 magno
2615 3314 2797 3384 aliquo
2825 3324 3109 3385 reputatus
3136 3321 3252 3380 est;
3298 3313 3425 3369 licet
3453 3314 3779 3382 impraesen-

2174 3411 2370 3467 tiarum
2402 3410 2649 3465 videatur
2680 3417 2739 3463 ut
2764 3408 2950 3475 homo,
2978 3418 3034 3465 et
3063 3408 3337 3478 spiramen
3367 3405 3565 3463 habere
3597 3407 3650 3463 in
3680 3423 3782 3463 na-

2174 3505 2344 3571 ribus,
2376 3504 2518 3559 sicut
2546 3511 2603 3557 et
2630 3501 2815 3557 caeteri
2847 3501 3058 3571 spirant
3079 3499 3350 3557 homines.

2179 3683 2279 3737 pro
2309 3666 2364 3721 Η
2368 3666 2521 3721 udam
2541 3683 2559 3720 :
2591 3665 2824 3737 deniqtte
2840 3665 3062 3721 Bamma
3081 3682 3205 3722 cum
3236 3666 3459 3735 duplici,
3483 3681 3557 3731 m,
3578 3681 3773 3737 qnam-

2177 3755 2337 3810 quam
2363 3753 2498 3792 mss.
2530 3753 2653 3792 cum
2679 3755 2787 3791 uno
2817 3738 3054 3793 habeant
3080 3756 3093 3791 :
3127 3754 3250 3792 nam
3283 3738 3406 3804 hoc,
3430 3737 3625 3803 inquit,
3649 3752 3776 3810 pos-

2176 3808 2347 3866 terius
2377 3823 2561 3864 verum
2594 3823 2716 3865 esse
2760 3811 3050 3864 ostendunt
3082 3824 3303 3879 cauum
3335 3818 3671 3878 sequuntur:
3713 3808 3774 3864 Si

2174 3880 2485 3936 voluerimus
2514 3881 2699 3950 legere,
2731 3881 2782 3935 in
2806 3895 2938 3951 quo,
2971 3878 3468 3951 dirimusiBamma;
3498 3882 3578 3934 sin
3603 3891 3773 3934 autem

2173 3952 2476 4015 excelsum,
2526 3952 2607 4005 vel
2632 3950 2882 4007 excelsus
2927 3952 3147 4005 dicimus
3192 3950 3376 4007 Bama.
3407 3951 3691 4005 Postremo
3720 3951 3772 4006 in

2176 4022 2353 4078 Nesab
2408 4022 2631 4091 antiqua
2686 4023 3083 4078 consuetudine
3137 4022 3328 4077 elisam
3380 4022 3771 4093 aspiratiOnem

2172 4095 2324 4157 ltetlt,
2357 4093 2585 4163 t-juSque
2618 4096 2879 4161 vocalem,
2915 4094 3059 4149 idem
3105 4102 3288 4161 notat,
3323 4109 3449 4150 cum
3499 4094 3772 4163 integrum

2172 4165 2494 4221 vocabulum
2522 4164 2593 4219 sit
2614 4164 2872 4220 Neltesab.

2241 4235 2269 4275 ι)
2304 4234 2690 4308 Vulgati.‘quia
2728 4238 2781 4291 in
2809 4237 2995 4303 nihili;
3035 4246 3090 4293 et
3122 4251 3247 4292 mox
3276 4235 3364 4308 qui
3391 4236 3603 4291 omnino
3640 4237 3775 4292 nihil

2171 4318 2265 4373 est,
2300 4322 2399 4378 pro
2428 4304 2597 4361 nihili.

2247 4388 2270 4419 ο
2306 4377 2498 4433 Tacita
2536 4394 2735 4432 mecum
2761 4388 2949 4439 mente,
2980 4388 3087 4435 etc.
3127 4378 3318 4434 Videat
3347 4392 3490 4433 nunc
3527 4377 3775 4434 infensus

2175 4449 2507 4520 Hieronymo
2547 4448 2704 4504 Joan.
2739 4450 3023 4516 Clericus,
3073 4451 3361 4505 calumnia:
3401 4448 3501 4504 SS.
3548 4447 3772 4505 Patrum

2096 4495 2149 4555 D
2174 4495 3359 4583 ξιὶἱῆὶέέίίἶέξὶιιῖιῖἶῖιὶιιῖιῖἧὶέἧῖέἒίιῖῐλζὲἐῖςῖέ
3384 4495 3772 4577 ﬂint-silent?

2178 4592 2270 4645 tici
2335 4590 2651 4661 ittltttttatttis
2696 4590 2853 4661 LXX
2912 4592 3243 4661 luterpretes
3279 4633 3294 4657 ,
3360 4590 3503 4658 quod
3569 4591 3777 4647 dixerit

2177 4662 2397 4734 eosdem
2424 4658 2587 4734 LXX,
2616 4659 2845 4734 uoluisse
2868 4662 2991 4727 ﬁdei
3017 4658 3125 4717 suae
3152 4662 3777 4734 Sacramenta_perspicue

2176 4730 2413 4785 Ethnici:
2441 4732 2676 4802 prodere.
2696 4732 2856 4788 Certe
2883 4734 3135 4789 infament
3157 4734 3446 4787 Caltlmttiu:
3472 4730 3775 4789 Clericana:

2177 4801 2459 4871 S('0plt|tlltt
2518 4801 2605 4855 hic
2661 4803 2763 4857 loci
2812 4806 3090 4870 inveniet,
3137 4803 3229 4873 qui
3278 4803 3438 4869 hujus
3488 4802 3771 4860 Sociuiani

2175 4875 2515 4939 Οιιιυμιιοηεε
2543 4873 2993 4945 llieronymianas
3018 4877 3229 4945 legerit.
3251 4873 3572 4945 Suspicatur
3605 4889 3773 4941 porro

2178 4944 2539 5015 Hieronymus
2560 4944 2771 5017 inc:th
2794 4961 2905 5000 xvn
2934 4944 3210 5011 Jeremite,
3245 4944 3584 5017 prophetiam
3606 4944 3773 5001 istam

2176 5014 2433 5070 omissam
2468 5030 2498 5069 a
2556 5014 2723 5070 LXX
2757 5016 3178 5087 luterpretibus,
3237 5014 3294 5071 ut
3343 5024 3631 5086 parcerent
3683 5031 3756 5087 po

2177 5088 2304 5155 pulo
2335 5101 2457 5141 suo.
2502 5087 2547 5141 Μ
2555 5101 2774 5155 suum.

2247 5153 2273 5193 ἀ
2304 5156 2390 5211 AI.
2425 5174 2546 5212 cum
2579 5150 2633 5210 iu
2665 5157 2875 5219 vocula,
2909 5157 3145 5211 videlicet
3172 5167 3227 5212 ut
3251 5155 3448 5224 Judaei,
3476 5165 3586 5212 etc.

2250 5237 2273 5264 θ
2314 5228 2432 5281 Duo
2479 5243 2612 5299 mss.
2664 5227 2838 5282 Vatic.
2870 5238 2926 5283 et
2978 5226 3173 5296 Palat.,
3219 5230 3351 5283 dicet
3393 5226 3568 5295 homo,
3628 5230 3776 5299 quod

2172 5297 2326 5352 homo
2360 5307 2510 5353 natus
2537 5297 2604 5351 sit
2627 5298 2681 5351 in
2710 5313 2789 5352 ea.

1989 5570 2255 5626 una
