4008 6314
184 266 253 323 57
768 262 1420 323 COMMENTARIORUM
1460 263 1527 319 IN
1565 262 1801 321 lSAlAM
1842 262 2269 321 PROPHETAM
2309 262 2440 320 LIB.
2482 262 2548 321 ll.
2587 260 2743 320 CAP.
2786 262 2874 321 Ill.

3420 266 3491 321 58

1126 544 1617 657 LIBER
1697 542 2527 655 SECUNDUS.

250 943 498 1020 55-“
524 943 702 999 Finito
741 943 796 999 in
843 943 1037 999 Isaiam
1081 942 1258 1014 primo
1286 942 1584 1010 volumine,
1630 942 1777 1015 quod
1804 947 1850 1006 Α
1883 944 1957 998 tui
1984 942 2219 998 comedas
2247 958 2433 1015 panem
2459 952 2628 1011 tuum,
2671 942 2834 999 donec
2873 945 3152 1001 revertaris
3179 946 3234 1001 in
3266 956 3480 1015 terram,

177 1049 236 1095 ut
266 1040 444 1111 potui,
476 1054 582 1092 non
611 1046 671 1093 ut
697 1036 865 1101 volui.
896 1035 1063 1093 celeri
1078 1032 1347 1092 sermone
1375 1035 1577 1093 dictavi
1604 1053 1617 1091 :
1649 1051 1777 1093 sen-

177 1145 300 1187 sum
334 1129 515 1200 potius
548 1130 979 1202 Scripturarnm,
1022 1143 1183 1198 quam
1224 1130 1542 1199 compositae
1572 1130 1776 1186 oratio—

174 1228 264 1283 nis
291 1225 454 1282 verba
486 1227 808 1296 perquirens
834 1242 846 1277 :
873 1238 1018 1279 nunc
1061 1223 1443 1279 transcendam
1482 1224 1549 1279 ad
1579 1239 1776 1280 secun-

172 1322 340 1387 dum;
389 1330 445 1376 et
486 1319 750 1390 quidquid
782 1319 834 1372 in
883 1335 969 1371 me
999 1318 1197 1371 virium
1239 1325 1346 1383 est,
1397 1331 1691 1387 pronarqne
1721 1318 1777 1372 in

175 1415 471 1471 Dominum
500 1412 819 1475 voluntatis,
850 1410 1077 1467 otl'eram
1109 1411 1158 1466 ei
1182 1411 1275 1481 qui
1305 1426 1402 1480 per
1444 1409 1774 1480 Prophetam

174 1506 395 1563 loeutus
419 1515 541 1562 est:
581 1505 692 1576 Ego
725 1505 949 1559 visiones
980 1502 1321 1571 multiplicari
1343 1518 1361 1555 :
1387 1510 1433 1555 et
1459 1502 1512 1554 in
1543 1501 1777 1559 manibus

174 1596 570 1671 PrOpItetarum
611 1596 930 1650 assimilattts
956 1611 1070 1649 sum
1104 1594 1261 1659 (Usa.
1311 1608 1407 1658 xu,
1457 1590 1573 1664 10).
1618 1592 1775 1649 Unde

171 1690 413 1747 obsecro
452 1697 526 1753 te,
555 1687 707 1756 virgo
752 1684 956 1740 Christi
992 1684 1365 1749 Eustochium,
1416 1693 1467 1737 ut
1519 1684 1678 1739 nobis
1720 1684 1771 1738 in

172 1781 581 1850 Scripturarum
603 1779 989 1849 explanatione
1015 1777 1372 1843 certantibus,
1398 1785 1451 1831 tu
1477 1792 1599 1831 cum
1623 1776 1773 1833 Mose

166 1874 239 1929 ad
292 1872 580 1928 Dominum
614 1872 798 1927 eleves
849 1887 1041 1925 manus
1090 1888 1103 1925 :
1151 1880 1208 1924 ut
1254 1869 1349 1940 qui
1392 1879 1656 1925 exeuntes
1704 1870 1772 1924 de

166 1967 430 2040 JEgypto,
510 1981 663 2022 mare
728 1965 1078 2020 transivimus
1138 1963 1408 2029 Rubrum,
1487 1956 1770 2018 vincamus

167 2061 405 2126 Amalec,
436 2060 527 2131 qui
566 2060 963 2127 interpretatur
1010 2057 1264 2112 devorans
1292 2065 1345 2111 et
1395 2055 1662 2127 elingens;
1715 2064 1773 2111 et

165 2154 447 2225 possimus
491 2160 669 2209 tecum
710 2151 934 2206 dicere:
971 2149 1281 2204 Benedictus
1313 2147 1572 2202 Dominus
1628 2146 1770 2202 Deus

167 2261 334 2310 meus,
383 2246 471 2317 qui
517 2245 664 2299 docet
709 2260 897 2298 manus
926 2259 1066 2296 meas
1096 2240 1163 2294 ad
1191 2241 1455 2313 praelium,
1506 2250 1552 2294 et
1578 2239 1770 2313 digitos

168 2356 312 2397 meos
342 2340 411 2393 ad
442 2338 631 2394 bellum
657 2337 789 2411 (Ps.
812 2352 995 2401 cxun,
1033 2337 1119 2406 1).

243 2435 411 2508 (Cap.
459 2434 807 2490 lll.—Vers.
834 2431 926 2503 1.)
969 2431 1102 2486 Ecce
1147 2431 1282 2484 enim
1326 2429 1622 2483 dominator
1663 2427 1772 2482 Do-

167 2529 343 2583 minus
386 2528 703 2583 exercituum
746 2526 941 2595 auferet
985 2525 1048 2578 ab
1093 2521 1404 2590 Jerusalem,
1454 2530 1501 2577 et
1537 2521 1600 2575 ab
1629 2519 1771 2575 Juda

167 2620 422 2687 ualidum,
456 2630 504 2674 et
553 2622 737 2690 fortem
760 2635 780 2673 :
806 2634 955 2672 onme
1001 2615 1159 2670 robur
1190 2617 1362 2688 panis,
1415 2625 1459 2668 et
1492 2629 1641 2668 omne
1678 2629 1768 2668 ro-

167 2715 268 2768 bur
314 2729 482 2786 aqute.
527 2711 817 2783 ﬂuensque
856 2711 925 2766 de
957 2710 1164 2781 judicio
1199 2709 1310 2764 dici
1360 2718 1570 2778 putant.
1614 2707 1769 2773 Quod

165 2806 442 2876 sequitur,
466 2805 534 2860 de
563 2806 880 2875 captivitate
902 2813 1166 2869 ventura;
1198 2817 1357 2872 quam
1385 2802 1474 2855 alii
1508 2800 1573 2855 ad
1599 2800 1771 2871 Baby-

163 2896 370 2961 10nios,
402 2897 493 2951 alii
527 2897 768 2952 referunt
802 2896 868 2950 atl
891 2895 1186 2949 Romanos.
1222 2892 1330 2949 Sed
1362 2891 1557 2947 melius
1577 2900 1682 2955 est,
1714 2901 1771 2944 ut

165 3005 333 3059 supra
358 2989 619 3055 diximus,
643 2997 843 3045 cuncta
872 2989 1064 3043 referri
1084 2987 1150 3041 ad
1178 2986 1516 3040 Dominicam
1558 2984 1766 3054 passio-

164 3098 318 3138 nem.
348 3082 477 3137 Post
499 3080 941 3141 interfectionem
967 3080 1168 3150 quippe
1187 3078 1354 3143 illius,
1374 3090 1564 3131 omnes
1583 3074 1770 3145 gratiae

161 3184 224 3231 et
247 3175 572 3230 donationes
593 3174 824 3229 sublata:
841 3180 969 3227 sunt
991 3187 1018 3225 a
1042 3171 1246 3226 Judmis
1270 3188 1282 3224 :
1304 3168 1600 3225 secundum
1625 3166 1769 3237 quod

160 3269 219 3325 in
258 3266 557 3334 Evangelio
601 3267 864 3334 scriptum
912 3273 995 3317 est
1026 3262 1174 3319 :Lex
1210 3273 1255 3316 et
1292 3260 1568 3330 Propheta:
1610 3274 1772 3325 usque

155 3356 237 3414 ad
259 3354 524 3410 Joannem
549 3352 842 3426 Baptistam
866 3352 1093 3426 (Matth.
1121 3368 1197 3415 ιιι,
1235 3352 1352 3423 15).
1386 3352 1454 3405 Et
1480 3360 1565 3405 est
1600 3350 1768 3404 ordo:

158 3449 437 3519 Quoniam
470 3447 733 3502 noluistis
753 3461 971 3502 cessare
999 3446 1066 3501 ab
1096 3445 1341 3510 homine,
1367 3445 1523 3513 cujus
1549 3443 1773 3514 spiritus

163 3543 223 3598 in
273 3538 501 3595 naribus
545 3540 685 3607 ejus.
720 3538 813 3608 qui
856 3537 1107 3592 excelsus
1163 3545 1447 3606 reputatus
1505 3545 1591 3590 est
1625 3551 1639 3588 :
1673 3533 1769 3590 sed

161 3631 478 3689 econtrario
495 3628 713 3685 fudistis
734 3630 1050 3700 sanguinem
1074 3627 1229 3697 justi,
1264 3637 1322 3683 et
1344 3627 1624 3697 cogitastis
1644 3640 1772 3680 con-

1878 1036 1943 1091 de
1967 1053 2071 1107 qua
2114 1045 2354 1106 sumptus
2382 1053 2434 1091 es
2465 1034 2633 1111 (Gen.
2657 1051 2741 1102 ιιι,
2786 1035 2909 1107 19),
2940 1035 3198 1092 similiter
3247 1037 3479 1094 audien-

1877 1129 2026 1183 dum.
2059 1128 2170 1184 Nec
2196 1143 2303 1184 non
2330 1129 2474 1200 quod
2495 1143 2525 1183 a
2548 1127 2839 1184 Salvatore
2864 1127 3092 1184 dicitur:
3111 1128 3238 1183 Non
3262 1130 3317 1184 in
3341 1147 3480 1201 pane

1875 1221 1985 1275 solo
2008 1221 2130 1275 vivit
2154 1219 2330 1287 homo,
2368 1218 2459 1275 sed
2483 1220 2540 1274 in
2574 1220 2713 1274 omni
2739 1221 2892 1275 uerbo
2919 1221 3058 1292 quod
3095 1221 3363 1294 egreditur
3386 1237 3480 1292 per

1878 1329 1935 1367 os
1964 1311 2061 1368 Dei
2093 1312 2315 1385 (Matth.
2344 1330 2418 1381 tv,
2446 1312 2538 1385 4).
2571 1312 2855 1370 Fortitudo
2890 1314 3053 1385 igitur
3081 1315 3235 1386 panis
3261 1316 3478 1372 aufere-

1882 1415 1970 1458 tur
1993 1406 2061 1459 ab
2092 1406 2175 1460 eis
2202 1423 2216 1459 :
2245 1414 2272 1443 ι
2293 1405 2384 1460 ille
2414 1406 2505 1476 qui
2527 1404 2658 1461 dicit
2684 1422 2698 1460 :
2727 1405 2839 1477 Ego
2867 1423 2979 1461 sum
3010 1409 3161 1475 panis
3189 1409 3352 1477 rivus,
3389 1410 3480 1479 qui

1880 1495 1945 1550 de
1982 1495 2110 1549 ctelo
2135 1494 2376 1549 descendi
2404 1493 2593 1574 ('Joan.
2627 1511 2700 1565 vt,
2733 1495 2855 1568 51).
2894 1498 2959 1553 Ει
3004 1498 3263 1555 fortitudo
3291 1514 3467 1568 aquae,

1878 1588 1947 1644 de
1982 1604 2085 1657 qua
2117 1588 2258 1643 idem
2293 1589 2556 1645 Dominus
2581 1590 2904 1659 loquebatur
2938 1590 3162 1646 :Omnis
3181 1592 3267 1661 qui
3290 1591 3472 1647 biberit

1876 1695 1941 1734 ea:
1968 1695 2104 1752 aqua
2125 1680 2242 1749 hac,
2273 1681 2413 1735 sitiet
2439 1681 2624 1735 iterum
2654 1697 2674 1736 :
2699 1686 2789 1751 qui
2813 1692 2983 1737 autem
3007 1681 3191 1738 biberit
3220 1700 3285 1739 ea:
3310 1700 3468 1755 aqua,

1876 1789 2031 1842 quam
2075 1789 2168 1842 ego
2196 1773 2326 1828 dabo
2369 1774 2436 1840 ei,
2475 1790 2583 1828 non
2619 1774 2758 1827 sitiet
2799 1774 2852 1828 in
2882 1776 3278 1829 aaternumned
3315 1792 3473 1847 aqua,

1876 1881 2029 1936 quam
2056 1881 2150 1937 ego
2177 1864 2311 1920 dabo
2341 1866 2408 1932 ei,
2441 1866 2527 1934 fiet
2551 1866 2607 1920 in
2635 1881 2695 1920 eo
2722 1866 2842 1934 fons
2871 1882 3020 1936 aqua?
3047 1867 3280 1921 salientis
3317 1868 3372 1920 in
3396 1868 3474 1921 vi-

1874 1970 1980 2013 tam
2006 1969 2249 2014 wternam
2279 1957 2472 2033 (Joan.
2502 1973 2581 2026 Iv,
2611 1960 2738 2029 15).
2770 1958 2847 2014 De
2874 1959 3188 2027 hujusmodi
3221 1959 3452 2030 panibus

1874 2060 1930 2109 et
1946 2053 1997 2107 in
2020 2052 2334 2108 Proverbiis
2357 2053 2589 2124 legimus
2618 2070 2631 2106 :
2654 2052 2809 2116 Aperi
2831 2052 3011 2107 oculos
3034 2062 3168 2121 tuos,
3193 2063 3240 2107 et
3261 2054 3463 2124 replere

1876 2146 2098 2211 panibus
2125 2145 2319 2217 (Prov.
2352 2160 2441 2213 xx,
2471 2146 2596 2214 l3).
2620 2143 2649 2183 ι)
2674 2144 2889 2201 Habent
2915 2144 3089 2201 Judmi
3122 2160 3338 2215 panem,
3369 2146 3466 2201 sed

1874 2237 2080 2308 absque
2122 2237 2471 2305 fortitudine;
2526 2237 2731 2293 habent
2752 2251 2940 2307 aquas,
2988 2237 3084 2293 sed
3130 2237 3335 2308 absque
3385 2252 3473 2292 ro-

1798 2333 1846 2393 B
1874 2330 2027 2386 bore.
2067 2330 2275 2401 Legnnt
2297 2330 2443 2385 enim
2476 2328 2811 2396 Scripturas,
2856 2329 2951 2383 sed
2979 2344 3087 2383 non
3117 2329 3427 2399 intelligunt
3458 2371 3470 2384 .

1873 2433 2060 2481 tenent
2086 2424 2455 2490 membranas,
2490 2431 2547 2478 et
2571 2421 2872 2487 Christum,
2908 2425 3003 2491 qui
3050 2423 3105 2478 in
3135 2422 3473 2478 membranis

1871 2519 2111 2589 scriptus
2154 2527 2258 2585 est,
2312 2516 2671 2586 perdiderunt
2706 2513 2901 2583 (lCor.
2953 2513 3065 2584 tu).
3113 2513 3282 2570 Lacte
3328 2514 3475 2569 enim

1872 2611 2110 2679 aluntur,
2154 2608 2306 2680 quasi
2341 2609 2573 2678 parvuli,
2609 2615 2665 2662 et
2709 2622 2820 2661 non
2850 2606 3029 2660 solido
3058 2607 3203 2661 cibo.
3254 2605 3323 2661 Et
3349 2607 3474 2676 quia

1871 2703 2244 2759 fortitudinem
2275 2701 2653 2772 perdiderunt,
2684 2707 2739 2753 et
2765 2698 2965 2754 inﬁrmi
2995 2708 3148 2766 sunt,
3182 2705 3473 2769 propterea

1870 2796 2018 2851 olera
2069 2795 2382 2851 comedunt.
2435 2793 2776 2850 Athletarum
2809 2803 2991 2848 autem
3045 2791 3260 2847 solidus
3313 2790 3468 2846 cibus

1870 2897 1974 2954 est,
2012 2887 2101 2958 qtti
2135 2899 2188 2942 et
2218 2888 2382 2941 vitam
2411 2894 2683 2941 sustentat
2714 2884 3029 2954 humanam,
3062 2895 3118 2939 et
3161 2886 3473 2939 viventibus

1873 2980 2077 3050 prtcbet
2103 2978 2684 3050 fortitudinem(Rom.
2713 2994 2800 3033 xtv
2820 2979 2861 3049 ).
2893 2977 2970 3033 De
3001 2976 3312 3032 iStiusmodi
3337 2974 3474 3046 pane

1873 3080 1928 3127 et
1953 3086 2111 3141 aqua,
2142 3072 2285 3140 quod
2319 3070 2633 3125 auferantur
2665 3086 2694 3123 a
2724 3070 2954 3137 Jndmis,
2982 3074 3147 3125 etiam
3171 3070 3312 3125 alius
3344 3069 3474 3124 Pro-

1873 3163 2033 3235 pheta
2059 3172 2309 3229 testatur,
2344 3162 2572 3217 dicens:
2600 3160 2735 3215 Ecce
2763 3161 2876 3215 dies
2906 3162 3095 3229 reniet,
3129 3162 3257 3216 dicit
3293 3160 3478 3216 Domi-

1873 3273 1988 3322 nus,
2023 3266 2070 3309 et
2099 3256 2327 3309 emittam
2356 3257 2545 3325 fument
2572 3269 2733 3323 super
2760 3262 2949 3306 terram
2975 3268 2993 3305 :
3017 3269 3119 3305 non
3151 3256 3342 3323 famem
3375 3270 3467 3322 pa-

1873 3350 1976 3414 nis,
2022 3363 2182 3414 neque
2212 3346 2352 3399 sitim
2378 3361 2545 3416 aqute,
2571 3344 2661 3399 sed
2696 3348 2887 3414 famem
2906 3356 2928 3382 ε
2945 3344 3195 3398 audiendi
3221 3361 3480 3399 sermones

1875 3439 2085 3495 Domini
2112 3440 2302 3513 (Amos
2351 3455 2466 3507 vm,
2494 3440 2616 3511 11).

1946 3536 1966 3607 (
1988 3534 2147 3590 Vers.
2177 3533 2277 3604 2.)
2316 3532 2536 3589 Fortem
2578 3543 2628 3587 et
2669 3534 2839 3588 virum
2867 3532 3198 3600 bellatorem,
3252 3534 3477 3601 iudicem

1873 3640 1921 3684 et
1967 3630 2308 3700 Prophetam,
2366 3640 2414 3684 et
2480 3628 2771 3695 hariolum,
2831 3637 2879 3682 et
2918 3643 3110 3683 senem.
3148 3627 3256 3682 Pro
3306 3625 3468 3697 forti,

162 3724 346 3780 silium
380 3724 702 3793 pessimum,
735 3722 981 3778 dicentes
1005 3739 1018 3775 :
1042 3720 1330 3794 Alligemns
1365 3724 1593 3792 justum,
1644 3721 1764 3788 quia
1794 3709 1839 3772 C
1871 3722 2014 3794 quod
2045 3723 2223 3778 solum
2272 3730 2354 3776 est
2383 3721 2435 3775 in
2468 3720 2717 3788 Hebrtuo,
2760 3720 2869 3775 duo
2912 3720 3074 3774 simul
3104 3718 3251 3775 LXX
3295 3729 3475 3775 trans-

164 3816 373 3870 inutilis
401 3824 475 3869 est
510 3813 658 3869 nobis
688 3812 854 3886 (Sap.
899 3828 959 3878 ιι,
999 3812 1133 3883 12);
1178 3811 1300 3866 ideo
1334 3811 1569 3867 fructum
1606 3811 1762 3866 adiu-

164 3908 483 3963 ventionum
518 3915 823 3962 vestrarum
855 3904 1173 3960 comedetis.
1206 3904 1351 3959 Nihil
1383 3904 1523 3974 apud
1549 3903 1768 3960 Jndtros

164 4009 295 4071 post
320 3999 639 4055 Passionem
669 3998 879 4053 Domini
911 3996 1072 4065 forte,
1103 3997 1233 4052 nihil
1263 3997 1498 4052 validum
1527 4007 1645 4053 est:
1670 3996 1767 4052 sed

166 4092 352 4146 omnia
383 4092 591 4145 inlirma
621 4099 678 4147 et
700 4089 976 4162 languida.
1008 4089 1120 4145 Nec
1162 4089 1357 4161 aliquis
1402 4099 1578 4160 potest
1625 4089 1765 4159 apud

166 4198 269 4239 eos
296 4182 515 4238 dicere:
549 4181 738 4237 Omnia
784 4199 993 4252 possum
1041 4183 1095 4236 in
1138 4199 1216 4250 eo,
1246 4184 1333 4251 qui
1380 4198 1461 4236 me
1505 4185 1766 4254 confortat

167 4274 349 4350 (Phil.
377 4290 452 4341 tv,
485 4277 612 4347 15),
635 4275 856 4332 Christo
881 4275 1014 4332 Jesu
1047 4276 1280 4331 Domino
1310 4285 1522 4330 nostro.
1556 4277 1620 4330 Et
1640 4277 1764 4345 quia

159 4369 322 4439 juxta
344 4367 487 4423 LXX
519 4368 747 4440 legimus
786 4369 1018 4424 ralidum
1044 4376 1091 4422 et
1118 4368 1379 4433 validam;
1424 4369 1601 4423 valido
1634 4369 1765 4424 illud

164 4477 461 4534 possumus
491 4472 747 4531 coaptare
776 4480 789 4515 :
823 4461 1001 4515 Donec
1033 4477 1366 4515 occurramus
1397 4477 1572 4515 omnes
1605 4462 1661 4515 in
1691 4462 1765 4516 ei-

162 4572 285 4611 rttm
311 4559 616 4622 perfectum,
640 4556 694 4609 in
712 4545 1004 4609 mensuram
1026 4554 1191 4609 celatis
1213 4554 1553 4622 plenitudinis
1574 4552 1765 4608 Christi

165 4648 481 4723 (Ephes.tv,
500 4647 729 4721 15).4⁷
752 4648 1152 4703 Porrovalidtn:
1179 4647 1329 4714 Volo,
1364 4649 1559 4717 inquit,
1591 4665 1764 4703 omnes

163 4756 265 4797 vos
284 4742 532 4812 virginem
563 4753 757 4795 castam
794 4740 1033 4795 exhibere
1058 4739 1263 4795 Christo
1294 4741 1371 4813 (ll
1393 4741 1515 4797 Cor.
1562 4757 1642 4806 ιιι,
1667 4741 1702 4796 2
1722 4741 1762 4813 ).

165 4832 458 4889 Fortitudo
483 4844 665 4888 autem
698 4835 872 4902 panis.
904 4841 961 4889 et
986 4832 1247 4889 fortitudo
1271 4849 1449 4903 aqum,
1496 4852 1592 4904 pro
1616 4835 1766 4889 omni

164 4930 314 4994 cibo,
344 4937 400 4984 et
426 4936 554 5000 potu
596 4929 882 4999 accipitur.
914 4927 1169 4998 Legimus
1197 4929 1342 4996 quod
1389 4928 1567 4982 Moses
1604 4927 1770 4981 fuerit

164 5023 220 5079 in
267 5030 452 5078 monte
495 5022 671 5090 Sinai,
719 5034 772 5077 ct
802 5020 1156 5091 quadraginta
1186 5020 1381 5077 diebus
1421 5036 1615 5090 panem
1659 5038 1764 5075 non

1875 3817 2131 3876 tulerunt.
2186 3817 2445 3889 gigantent
2491 3813 2519 3852 εί
2557 3826 2604 3871 et
2646 3820 2869 3886 fortem,
2918 3814 3172 3871 eumdem
3223 3815 3474 3872 volentes

1870 3911 2142 3980 gigantem
2174 3923 2320 3976 esse,
2360 3922 2521 3978 quem
2555 3906 2777 3963 fortem.
2811 3906 2887 3962 De
2920 3907 3044 3963 forti
3076 3923 3238 3976 supra
3267 3907 3472 3964 dictum

1871 4011 1974 4057 est.
2006 3999 2293 4066 Gigantem
2323 4009 2504 4055 autem
2537 4000 2589 4054 in
2619 4000 2818 4056 bonam
2860 4012 3094 4069 partem,
3127 4000 3231 4056 hoc
3259 4011 3364 4067 est,
3403 4001 3474 4059 de

1874 4094 2103 4149 Domino
2125 4094 2428 4157 Salvatore,
2453 4094 2505 4147 in
2530 4102 2726 4147 octavo
2747 4092 2965 4146 decimo
2982 4093 3191 4162 psalmo
3210 4092 3469 4161 legimus:

1871 4187 2138 4244 Exultavit
2160 4197 2216 4242 ut
2238 4188 2386 4261 gigas
2414 4186 2483 4242 ad
2506 4184 2819 4240 currendum
2838 4184 2976 4237 riam
3001 4200 3152 4238 suam
3173 4201 3191 4238 :
3211 4202 3243 4238 a
3270 4202 3469 4241 summa

1870 4282 1995 4336 ctelo
2025 4281 2250 4353 egressio
2279 4284 2412 4354 ejus,
2444 4278 2619 4351 et“
2638 4293 2889 4332 occursus
2920 4281 3033 4351 ejus
3064 4294 3226 4349 usque
3243 4281 3312 4333 ad
3328 4296 3471 4334 sum-

1872 4388 2010 4425 mum
2044 4371 2187 4424 illius
2219 4370 2402 4441 (Psal.
2446 4386 2596 4436 xvm,
2632 4371 2722 4437 8).
2764 4369 2861 4425 Sin
2909 4380 3089 4423 autem
3145 4371 3460 4440 legerimus,
3511 4410 3529 4419 ς

1870 4464 2106 4519 Nentrod
2127 4464 2402 4534 gigantem
2434 4462 2596 4533 (Gen.
2623 4464 2714 4533 χ),
2756 4462 2848 4530 qui
2886 4463 2985 4517 fuit
3015 4473 3249 4518 venator
3282 4479 3467 4521 coram

1871 4542 2123 4624 Domino,
2162 4566 2219 4612 et
2256 4558 2504 4628 gigantes
2528 4556 2693 4625 (Gen.
2738 4560 2846 4625 vt),
2890 4567 3114 4627 propter
3143 4573 3282 4628 quos
3321 4562 3469 4615 venit

1871 4650 2131 4706 diluvium
2170 4664 2337 4718 super
2376 4660 2601 4713 terram,
2638 4648 2689 4700 in
2721 4648 3051 4702 contrariam
3088 4658 3297 4719 partem
3327 4651 3471 4705 acci-

1871 4743 2055 4816 piendi
2084 4752 2229 4799 sunt.
2270 4742 2459 4799 Virum
2491 4754 2708 4811 quoque
2746 4738 3069 4793 bellatorem
3110 4739 3260 4808 juxta
3298 4740 3468 4795 hism-

1870 4839 2003 4893 riam
2035 4838 2114 4892 sic
2140 4834 2515 4907 intelligimus,
2547 4831 2692 4905 quod
2725 4830 2870 4902 capti
2909 4830 3041 4897 sint,
3077 4840 3133 4885 et
3161 4847 3332 4901 usque
3368 4832 3464 4891 ho-

1870 4930 1959 4985 die
1996 4929 2258 4997 serviant,
2292 4938 2349 4984 et
2388 4942 2495 4982 non
2538 4925 2891 4995 deposuerint
2931 4924 3213 4982 servitutis
3248 4925 3460 4999 jngum.

1871 5022 1978 5079 Sed
2011 5039 2077 5078 ne
2099 5022 2317 5092 judices
2352 5020 2570 5089 quidem
2604 5017 2841 5074 habeant
2868 5018 3140 5089 proprios,
3182 5019 3469 5079 Romanis-

162 5115 492 5182 comederit,
536 5125 591 5171 et
639 5128 833 5185 aquam
881 5129 987 5168 non
1038 5112 1237 5167 biberit
1278 5111 1490 5184 (Exod.
1537 5114 1762 5183 χχχιιι).
1793 5097 1843 5155 υ
1872 5132 1978 5190 que
2006 5114 2366 5184 subjiciantur
2392 5110 2668 5182 judicibus
2695 5127 2707 5164 :
2736 5112 2788 5165 in
2831 5119 3039 5167 tantum
3073 5122 3129 5167 ut
3164 5113 3230 5167 de
3268 5114 3469 5182 princi-

162 5208 305 5265 lllud
331 5221 552 5279 quoque
573 5206 718 5277 quod
745 5205 812 5261 ad
832 5204 1005 5261 Adam
1034 5205 1262 5261 dicitur:
1290 5203 1358 5264 In
1381 5205 1574 5260 sudore
1600 5206 1768 5262 vultus

236 5379 263 5409 ⁸
304 5366 514 5436 Snpple
546 5375 595 5421 et
618 5369 837 5437 auferet,
865 5374 959 5421 aut
987 5365 1116 5437 quid
1133 5366 1331 5437 Simile.

1877 5210 2036 5280 pibus
2072 5221 2286 5273 eorum,
2318 5205 2409 5275 qui
2440 5216 2565 5260 esse
2608 5202 2859 5259 videntur
2885 5204 2940 5259 in
2971 5203 3195 5275 papulo,
3234 5204 3467 5261 Romani

1874 5371 1962 5423 οὐκ
1987 5366 2181 5437 ἔχουσι
2207 5369 2299 5423 τὴν
2323 5366 2483 5435 ἰσχὺν
2510 5368 2603 5418 τοῦ
2652 5358 2835 5436 ἄρτου,
2886 5360 3007 5417 οὔτε
3035 5368 3134 5434 μὴν
3185 5366 3278 5420 τήν
3305 5363 3467 5435 ἰσχὺν

233 5439 266 5481 δ
307 5435 464 5495 sum
492 5447 662 5493 totum
688 5435 842 5492 hunc
868 5435 1091 5492 sensum
1115 5452 1184 5492 ex
1224 5436 1448 5492 Eusebii
1478 5435 1769 5491 Commen-

1876 5444 1959 5495 τοῦ
1986 5435 2202 5499 ὕδατος,
2227 5448 2335 5490 etc.

165 5511 327 5570 tariis
358 5508 636 5575 expressit
663 5507 807 5563 Hier.
838 5510 911 5562 ita
946 5508 1060 5561 hac
1084 5507 1420 5575 potissimum
1448 5506 1609 5561 verba
1637 5522 1773 5571 pene

124 5596 131 5603 ‘
165 5584 356 5655 vertit.
384 5576 657 5655 h'loudgti'oi.
681 5600 739 5651 γε
766 5585 867 5655 μὴν
911 5576 1107 5655 ἴχονᾳι
1159 5580 1250 5655 μέν
1278 5578 1367 5655 rint
1393 5576 1561 5655 ἄρτον.
1605 5583 1689 5633 καὶ
1716 5582 1775 5636 τὸ

171 5653 341 5729 ὕδωρ.
373 5650 457 5708 ἔτι
476 5649 978 5729 πολυπράγμονᾳῦάι
1004 5651 1104 5729 ’κὰρ
1124 5649 1191 5729 id
1213 5649 1442 5729 gemuisse
1469 5650 1772 5729 γράμμςςτρι,

169 5732 260 5784 καὶ
280 5717 701 5798 ἂναγινώσκουάι
718 5717 802 5779 ’ἔδει
828 5723 997 5793 νόμον.
1011 5717 1188 5778 innati
1209 5718 1263 5776 δὲ
1283 5717 1595 5789 ’γινώσκὸὺσί
1613 5717 1772 5787 boat»,

1947 5519 1969 5577 ς
2010 5505 2188 5577 Vatic.
2219 5504 2468 5557 audiendi
2489 5499 2740 5577 sermonis
2772 5504 2885 5558 Dei.

1943 5576 1969 5614 ἀ
2010 5574 2234 5649 Drusius
2267 5583 2418 5649 putat
2449 5574 2807 5649 posteriqrent
2841 5592 3024 5633 vocem
3079 5577 3262 5649 fortem
3288 5592 3355 5635 ex
3386 5580 3462 5636 al-

1876 5659 1987 5707 tera
2021 5639 2281 5705 Editione’
2301 5642 2643 5714 desumptam
2674 5639 2863 5705 fuisse.
