4008 6296
539 198 612 259 59
1796 194 1855 257 Β,
1897 193 2129 257 ΕΒΕΕΒ

2238 191 2596 257 ΙΙΕΒΟΝῩΜΙ

3775 184 3853 240 60

539 312 813 382 principes
839 310 1103 382 judicent.
1132 308 1239 365 Sed
1266 319 1321 362 et
1351 307 1454 363 hoc
1480 305 1799 369 dicendum.
1826 305 1972 377 quod
2004 305 2130 362 nul-.-
2157 312 2206 371 Α
2230 306 2325 378 qui
2355 306 2633 362 salvantur
2661 318 2759 371 per
2779 302 3177 375 ptenitentiam,
3204 299 3457 358 Christus
3484 308 3569 356 est
3598 317 3612 354 :
3648 299 3848 356 brevi-

538 406 626 461 lus
656 407 726 461 sit
760 404 902 474 apud
937 419 1033 459 eos
1068 402 1302 458 bellator
1338 403 1392 456 in
1425 402 1565 471 lege,
1604 402 1812 457 habens
1841 401 2129 457 scientiam

549 495 823 567 judicandi
850 512 863 549 :
889 493 983 549 sed
1008 494 1189 548 omnia
1222 506 1362 547 vana
1390 493 1520 556 sint,
1546 500 1605 553 at
1630 492 1861 558 caduca,
1890 502 1950 549 et
1972 493 2129 563 ptem

538 588 799 644 Stultitiae.
846 586 922 641 De
960 585 1233 654 Propheta
1266 593 1472 649 autem,
1514 583 1656 654 quod
1696 584 1836 654 apud
1879 597 1976 639 eos
2006 596 2131 639 esse

2237 409 2318 453 ter
2359 400 2571 453 numeri
2602 397 2761 468 hujus
2802 405 3138 453 sacramenta
3184 396 3504 465 pandamus.
3540 393 3601 449 In
3637 392 3845 450 Genesi

2235 492 2546 567 legimus,“
2566 500 2748 560 glutto
2764 491 3037 553 Abraham
3058 490 3124 545 ad
3145 489 3609 559 Dominum,quod
3633 503 3662 542 a
3680 491 3847 558 quin-

2233 586 2485 656 quaginta
2521 583 2755 656 primum
2792 583 2977 654 iustis,
3018 583 3061 637 si
3107 581 3457 637 inveniantur
3496 580 3548 634 in
3591 580 3841 649 civitate,

536 678 852 746 cessaverit,
893 678 1027 732 nulli
1070 677 1295 731 dubium
1336 686 1439 734 est.
1468 675 1775 744 Quaerimus
1817 676 1971 746 juxta
2020 675 2143 731 Her
2228 675 2432 732 dixerit
2459 676 2653 732 urbem
2680 690 2804 732 esse
2829 674 3165 730 salvandam.
3204 676 3271 729 Et
3297 682 3507 744 septem
3537 673 3844 728 hebdoma-

535 772 796 836 braicum,
850 769 1123 841 quomodo
1170 769 1601 838 interpretemur
1635 769 1917 839 hariolum,
1970 786 2129 841 quem

532 880 722 925 omnes
749 865 1092 936 interpretati
1114 872 1242 919 sunt
1268 863 1497 925 divinum
1529 880 1548 919 :
1577 863 1821 935 exceptis
1848 862 2013 932 LXX,
2036 865 2131 936 qui

533 976 631 1034 pro
657 962 757 1017 hoc
777 963 1125 1034 canjrctorem
1143 958 1554 1015 transtulerunt.
1579 960 1645 1023 Et
1667 958 1958 1021 dicendum
1984 957 2129 1029 quod

535 1070 681 1127 saepe
720 1054 883 1111 etiam
933 1067 1029 1122 per
1064 1052 1305 1109 hariolos
1352 1050 1531 1111 futura
1572 1051 1848 1118 dicantur,
1891 1050 2033 1109 sicut
2075 1050 2129 1107 in

532 1148 750 1205 Balaam
772 1146 959 1202 divino
982 1145 1229 1216 legimus,
1257 1153 1314 1200 et
1343 1145 1397 1201 in
1421 1144 1620 1201 divinis
1652 1144 1891 1216 quinque
1914 1145 2128 1205 urbium

535 1237 975 1303 Palaestinarum,
1009 1236 1169 1293 Gazae
1196 1243 1253 1291 et
1280 1234 1587 1305 Ascalouis,
1619 1234 1783 1301 Gctb.
1818 1246 1873 1295 et
1904 1237 2133 1295 Accam-

535 1331 642 1397 nis,
678 1340 733 1385 et
751 1329 929 1394 Azoti,
951 1329 1042 1400 qui
1074 1326 1207 1391 dant
1236 1327 1523 1384 consilium
1552 1326 1831 1399 quomodo
1861 1341 1986 1389 area
2020 1327 2128 1387 Do-

536 1424 668 1479 mini
697 1422 1087 1492 remittatur(l
1112 1420 1244 1496 Reg.
1277 1419 1389 1494 vr).
1426 1420 1490 1475 Et
1529 1432 1612 1477 est
1651 1436 1880 1478 sensus:
1906 1421 1972 1477 Et
2000 1436 2130 1479 vera

533 1531 589 1574 et
608 1519 741 1579 falsa
764 1534 793 1574 a
823 1517 1025 1581 Judznis
1048 1518 1254 1586 pariter
1296 1514 1633 1575 aulerentnr.
1670 1515 1861 1572 Senem
1887 1531 2124 1589 quoque,

526 1626 685 1680 quem
705 1610 847 1667 LXX
869 1609 1219 1679 presbyterum
1246 1609 1666 1676 transtulerunt,
1719 1608 1973 1680 intelligit
1997 1606 2125 1681 [ΑΙ.

2235 770 2425 825 darum
2451 772 2504 824 in
2529 781 2551 808 ο
2575 770 2851 837 Numeris,
2874 769 2926 824 id
2955 779 3060 836 est,
3097 770 3447 824 Peutecostes
3477 768 3840 824 celeberrima

2234 862 2501 921 festivitas
2547 869 2656 923 est.
2694 861 2943 922 Jubileus
2992 877 3228 933 quoque,
3273 862 3324 916 id
3356 869 3462 926 est,
3494 861 3841 921 remissionis

2234 969 2428 1020 annus,
2459 955 2552 1026 qui
2581 956 2827 1031 septenis
2851 969 3119 1017 annorum
3150 950 3601 1017 hebdomadibus,
3638 946 3697 1007 id
3730 960 3837 1021 est,

2235 1049 2589 1121 quadraginta
2629 1064 2828 1111 novem
2874 1047 3032 1111 annis
3066 1051 3287 1119 texitur,
3334 1049 3386 1104 in
3429 1064 3536 1120 quo
3580 1046 3841 1118 clangunt

2236 1142 2400 1206 tubze,
2428 1150 2484 1203 et
2510 1140 2577 1195 ad
2607 1156 2797 1201 omnes
2826 1143 3126 1201 revertitur
3152 1142 3372 1213 antiqua
3403 1142 3707 1213 possessio,
3733 1144 3839 1198 hoc

2234 1238 2484 1292 continet
2508 1246 2932 1292 sacramentum.
2965 1234 3119 1297 Unde
3148 1246 3201 1291 et
3228 1233 3396 1289 David
3426 1235 3479 1290 in
3510 1235 3843 1307 quinquage-

2233 1333 2374 1385 simo
2399 1344 2628 1391 numero
2661 1329 2935 1384 Psalmum
2968 1328 3161 1385 scribit
3190 1326 3549 1400 poenitentiar.
3581 1326 3840 1401 Legimus

2232 1438 2453 1499 quoque
2481 1422 2535 1478 in
2562 1420 2760 1483 eodem
2796 1419 3158 1479 Numerorum
3198 1421 3359 1488 libro,
3387 1420 3528 1492 quod
3556 1419 3624 1475 de
3655 1421 3836 1490 praeda

2233 1523 2289 1571 et
2324 1513 2552 1587 Spoliis,
2603 1513 3113 1591 quinquagesimum
3142 1511 3266 1586 [Αλ.
3293 1512 3840 1585 quingentesimum]

2234 1617 2417 1679 caput,
2462 1616 2569 1663 tam
2612 1604 2682 1662 de
2725 1606 3063 1673 hominibus,
3100 1620 3262 1677 quam
3293 1603 3364 1660 de
3395 1605 3662 1676 jumeutis
3690 1603 3838 1660 acci-

528 1700 828 1774 intelliget]
853 1701 1138 1761 ablatuma
1165 1699 1389 1770 Judteis,
1413 1701 1503 1770 qui
1527 1700 1715 1757 scierit
1743 1701 1794 1754 in
1823 1700 2127 1771 Scripturis
2159 1701 2206 1762 B
2237 1699 2387 1768 piant
2441 1699 2779 1765 sacerdotes,
2830 1706 2889 1754 et
2942 1695 3451 1770 quinquagesimum
3500 1695 3704 1762 leviue,
3745 1694 3839 1765 qui

528 1793 727 1853 Sanctis
779 1794 1126 1866 presbyteros
1169 1793 1364 1848 merito
1410 1802 1464 1851 et
1506 1792 1775 1864 sapientia
1821 1792 1971 1864 eligi,
2017 1808 2126 1851 non

532 1893 709 1939 relate.
742 1884 933 1957 Neque
966 1885 1111 1939 enim
1141 1884 1285 1954 apud
1316 1884 1539 1943 Judaeos
1568 1900 1731 1943 senes
1766 1899 1891 1942 esse
1941 1900 2128 1945 cessa-

530 1985 675 2044 runt,
730 1992 865 2048 quos
900 1992 1069 2049 usque
1102 1976 1169 2035 ad
1208 1976 1544 2046 decrepitam
1598 1986 1939 2039 senectutem
1980 1991 2130 2049 stupe

527 2069 716 2125 venire
738 2067 1127 2139 conspicimus.
1154 2068 1220 2123 Et
1250 2068 1582 2131 inveteratas
1613 2069 1826 2129 dierum
1858 2069 2127 2131 malorum

529 2158 666 2214 duos
712 2159 1068 2233 presbyteros
1102 2159 1257 2231 juxta
1302 2159 1737 2225 Theodotionem
1789 2161 1846 2221 in
1890 2156 2131 2221 Dauielis

532 2259 557 2286 τι
582 2251 846 2323 principio
877 2250 1107 2323 legimus
1133 2250 1303 2319 (Dan.
1338 2253 1486 2323 xm).
1522 2251 1658 2313 Nam
1689 2262 1745 2313 et
1769 2252 1904 2317 Mosi
1937 2254 2132 2325 pracci-

530 2342 696 2414 pitur,
736 2351 799 2398 ut
841 2343 1009 2413 eligat
1031 2345 1401 2419 presbyteros,
1437 2361 1575 2417 quos
1614 2349 1718 2403 scit
1748 2362 1871 2403 esse
1901 2347 2130 2420 presby-

528 2443 678 2491 teros
728 2433 938 2507 (Exod.
986 2436 1173 2509 xviii).
1226 2438 1293 2493 Et
1343 2438 1626 2508 aposmlus
1688 2439 1907 2507 Paulus,
1954 2439 2131 2511 qualis

528 2527 818 2598 presbyter
844 2528 967 2599 eligi
1001 2527 1221 2595 debeat,
1254 2530 1574 2599 plenissime
1613 2531 1805 2587 scribit
1843 2530 1909 2586 ad
1943 2532 2130 2591 Τὶηιοφ

530 2617 715 2674 tbeum
749 2617 813 2690 (Ι
846 2617 982 2675 Tim.
1029 2635 1060 2672 ν
1082 2618 1122 2690 ).
1158 2618 1311 2675 Unde
1340 2621 1478 2681 etin
1523 2621 1835 2687 Proverbiis
1883 2622 2083 2685 dicitur
2114 2640 2129 2679 :

532 2710 713 2769 Gloria
740 2729 920 2767 senum
961 2714 1176 2769 canities
1202 2714 1220 2785 (
1246 2712 1403 2770 Prov.
1449 2730 1542 2783 xx,
1584 2715 1657 2772 29
1677 2714 1720 2789 ).
1752 2718 1885 2784 Qua:
1913 2725 2000 2779 est
2028 2718 2132 2781 ista

530 2803 796 2859 canities?
826 2804 967 2859 haud
1001 2804 1223 2861 dubium
1269 2806 1399 2876 quin
1432 2807 1720 2879 sapientia,
1755 2813 1824 2869 de
1855 2825 1959 2881 qua
1988 2810 2131 2871 scri-

529 2907 682 2970 ptum
704 2908 782 2957 est
806 2920 817 2953 :
844 2900 1069 2955 Canities
1090 2901 1354 2957 hominum
1389 2902 1666 2974 prudentia
1685 2914 1759 2965 est
1784 2903 1942 2975 (Sap.
1960 2920 2034 2969 iv,
2048 2904 2129 2975 8).

529 2991 774 3063 Cumque
813 3002 1138 3060 nongentos,
1189 3004 1241 3048 et
1274 3008 1343 3049 eo
1375 2994 1607 3066 amplius
1649 3010 1825 3055 annos
1856 2995 1924 3053 ab
1957 2995 2131 3057 Adam

2232 1790 2549 1847 custodiunt
2576 1789 2727 1849 fores
2772 1789 3127 1847 tabernaculi.
3161 1788 3256 1845 Illa
3295 1804 3512 1862 quoque
3557 1788 3839 1862 Evangelii

2234 1884 2490 1955 parabola
2517 1883 2673 1957 (Luc.
2705 1899 2780 1941 vn
2804 1896 2853 1938 et
2880 1881 3014 1957 xvi),
3038 1884 3091 1938 in
3121 1898 3227 1955 qua
3259 1881 3521 1939 dicuntur
3547 1878 3660 1937 duo
3682 1881 3840 1937 debi-

2234 1987 2403 2042 tores,
2432 1991 2574 2031 unus
2593 1975 2685 2048 qui
2716 1974 2955 2032 debebat
2976 1976 3301 2051 quingentos
3322 1975 3598 2040 denarios,
3622 1983 3676 2029 et
3697 1972 3840 2031 alius

2232 2069 2647 2145 quinquaginta,
2675 2067 2743 2123 ad
2776 2066 2919 2122 hanc
2948 2065 3187 2123 refertur
3211 2066 3646 2140 intelligentiam.
3679 2065 3838 2125 Unde

2233 2173 2287 2216 et
2309 2161 2603 2232 Apostolus
2631 2158 2771 2231 apud
2803 2154 3103 2229 Ephesios,
3127 2158 3322 2233 quibus
3347 2159 3575 2230 mystica
3605 2174 3838 2235 qumque

2230 2256 2581 2323 dissolverat,
2614 2255 2729 2310 vult
2773 2270 3092 2326 permanere
3132 2269 3302 2326 usque
3338 2252 3404 2309 ad
3446 2252 3833 2324 Pentecosten,

2235 2349 2344 2425 50
2369 2350 2548 2407 donec
2596 2349 2837 2419 pet-tecte
2875 2346 2942 2400 ad
2976 2345 3261 2402 Dominum
3292 2355 3705 2411 convertantur,
3753 2347 3836 2403 di-

2232 2458 2364 2499 cens
2394 2461 2407 2497 :
2441 2440 2645 2497 Ostium
2673 2440 2806 2494 enim
2847 2438 2977 2493 mihi
3007 2448 3242 2510 apertum
3272 2448 3347 2492 est
3376 2455 3624 2511 magnum
3653 2448 3701 2493 et
3729 2440 3835 2495 eoi-

2235 2535 2385 2599 dens,
2429 2533 2518 2589 sed
2562 2533 2847 2587 adversarii
2889 2531 3039 2587 multi
3081 2531 3123 2603 (Ι
3163 2531 3283 2587 Cor.
3317 2547 3428 2601 xvi,
3460 2530 3537 2603 9).
3581 2529 3833 2586 Imitatur

2235 2638 2447 2693 autem,
2483 2635 2537 2683 et
2562 2624 2817 2685 diabolus
2858 2623 3221 2679 lsraeliticum
3263 2624 3592 2689 exercitum,
3625 2622 3695 2677 de
3726 2636 3832 2693 quo

2233 2718 2424 2775 Jethro
2452 2710 2480 2754 ιι
2510 2716 2738 2772 dederat
2764 2731 2963 2788 genere
2990 2730 3089 2770 suo
3121 2714 3252 2769 Mosi
3273 2714 3590 2782 consilium,
3617 2723 3674 2769 ut
3702 2729 3833 2770 eon-

2234 2812 2489 2867 stitueret
2517 2824 2684 2881 super
2726 2807 2984 2880 populum
3028 2807 3275 2865 tribunos
3315 2815 3373 2862 et
3400 2807 3748 2863 centuriones
3776 2814 3833 2864 et

2235 2899 2732 2977 quinquagenarios
2756 2899 2954 2972 (Exod.
2977 2897 3154 2972 xvttt).
3188 2897 3347 2955 Unde
3374 2896 3576 2969 impius
3601 2914 3695 2953 rex
3727 2897 3831 2966 (iV

2238 2996 2369 3069 Reg.
2409 2992 2450 3065 ι)
2494 2995 2659 3051 mittit
2710 2996 2846 3048 duos
2889 2992 3385 3071 quinquagenarios
3436 3007 3558 3048 cum
3601 2991 3833 3049 subditis

531 3099 707 3157 usque
736 3084 802 3140 ad
837 3084 1108 3143 Abraham
1142 3085 1344 3143 vixisse
1366 3086 1617 3143 homines
1637 3086 2125 3159 legamuslcenes.
2157 3086 2202 3148 C
2234 3088 2336 3143 sibi
2371 3086 2658 3150 militibus,
2682 3095 2742 3141 ut
2766 3084 3096 3143 exhiberent
3129 3084 3341 3140 Etiam:
3374 3086 3460 3157 qui
3493 3084 3675 3139 divino
3708 3087 3832 3156 igne

529 3178 715 3245 xxiv),
748 3176 930 3233 nullus
957 3177 1097 3235 alius
1128 3180 1275 3247 prius
1302 3179 1613 3250 appellatus
1630 3191 1709 3235 est
1735 3180 2046 3257 presbyter,
2076 3181 2129 3243 id

531 3278 638 3337 est,
668 3285 861 3340 senex,
890 3271 993 3327 nisi
1019 3270 1316 3339 Abraham,
1336 3270 1447 3347 49
1473 3274 1563 3345 qui
1586 3274 1760 3337 multo
1779 3275 2130 3351 paucioribus

532 3365 690 3418 anuis
721 3367 920 3421 vixisse
964 3368 1329 3423 convincitur.
1364 3368 1519 3425 Unde
1568 3370 1755 3429 scribit
1786 3379 1843 3433 et
1886 3369 2129 3428 Joannes

531 3468 651 3525 pOSt
676 3472 873 3527 pueros
897 3468 950 3512 et
977 3459 1227 3531 juvenes,
1253 3461 1416 3517 etiam
1449 3459 1514 3513 ad
1542 3474 1725 3525 senes,
1749 3460 1962 3531 dicens,
1986 3462 2131 3516 Scri-

531 3548 609 3616 psi
639 3548 802 3613 vobis,
838 3558 1029 3615 patres,
1063 3550 1183 3621 quia
1209 3550 1514 3619 cognovislis
1540 3567 1678 3616 cum,
1704 3552 1794 3620 qui
1822 3566 1855 3605 α
1874 3551 2130 3635 principio

531 3646 605 3690 est
628 3635 682 3708 (l
704 3635 865 3694 Joan.
900 3652 962 3706 ιι,
991 3639 1110 3710 15).
1142 3639 1209 3694 Ει
1235 3638 1479 3695 Robnam
1508 3641 1653 3697 illius
1679 3642 1985 3699 Salomonis
2007 3643 2130 3699 ideo

532 3728 771 3799 perdidit
820 3746 1069 3802 regnum,
1123 3733 1246 3803 quia
1310 3735 1487 3793 noluit
1541 3735 1731 3792 audire
1779 3736 2130 3810 presbyteros

531 3819 630 3892 (ιιι
663 3820 795 3897 Reg.
827 3823 965 3895 xu).

600 3914 784 3985 (Vers.
825 3914 905 3987 ὅ.)
956 3914 1256 3990 Principem
1287 3935 1442 3991 super
1467 3920 1859 3993 quinquaginta.
1894 3921 2133 3981 Συνικδο-

531 4016 698 4081 χικῶς
728 4024 756 4063 a
786 4017 1157 4081 partc,tutum.
1185 4011 1471 4080 Quomodo
1485 4013 1627 4073 enim
1656 4012 2017 4071 Centuriones
2032 4031 2130 4072 vo-

530 4108 744 4167 eantur,
774 4102 865 4173 qui
892 4110 1111 4157 centum
1144 4112 1384 4172 przesunt
1411 4103 1696 4171 militibus,
1727 4116 1780 4160 et
1807 4105 2130 4177 Chiliarclti,

529 4192 619 4260 qui
645 4190 811 4258 mille,
845 4207 982 4263 quos
1008 4209 1105 4247 nos
1126 4194 1397 4250 Tribunos
1417 4197 1780 4266 appellamus,
1802 4197 1871 4253 ab
1901 4213 1965 4252 eo
1987 4198 2131 4270 quod

531 4281 753 4349 praesint
792 4283 953 4339 tribui
986 4301 999 4337 :
1032 4285 1112 4340 sic
1154 4284 1205 4339 in
1249 4280 1824 4349 Israeliticu'exercitu
1855 4290 2131 4367 Quinqua-

531 4375 734 4447 geuarii
767 4376 1120 4445 vocabantur,
1151 4379 1239 4447 qui
1275 4380 1327 4434 in
1368 4380 1544 4447 capite
1565 4390 1722 4441 erant
1747 4383 2131 4458 quinquaginta

2231 3181 2540 3251 consumpti
2575 3188 2724 3235 sunt.
2753 3176 2972 3235 Tertius
3002 3187 3186 3233 autem
3226 3176 3467 3233 salvatur
3495 3191 3563 3233 ex
3604 3176 3709 3243 eis,
3739 3176 3833 3250 qui

2231 3290 2531 3335 conversus
2551 3273 2618 3333 ad
2655 3288 2867 3344 preces,
2900 3273 3237 3344 paenitentia:
3258 3280 3598 3328 sacramenta
3629 3286 3835 3342 cogno-

2231 3378 2407 3432 verat.
2444 3368 2599 3427 llnde
2626 3378 2679 3424 et
2714 3366 2911 3434 Judaei,
2942 3367 3192 3423 nolentes
3230 3365 3519 3423 Dominum
3550 3380 3673 3421 esse
3700 3380 3831 3437 per-

2232 3460 2456 3528 fectum,
2494 3475 2597 3516 nec
2628 3459 2931 3533 principem
2966 3459 3512 3537 quinquagenarium,
3542 3456 3733 3513 dicunt
3760 3452 3831 3511 ad

2232 3568 2355 3609 eum
2391 3570 2403 3605 :
2437 3550 2832 3624 Quinquaginta
2859 3567 3023 3605 annos
3050 3552 3266 3605 necdum
3287 3550 3465 3619 habes,
3495 3560 3542 3604 et
3564 3547 3831 3604 Abraham

2232 3646 2407 3707 vidisti
2437 3644 2619 3718 (Joan.
2643 3661 2758 3711 νιιι,
2790 3645 2918 3717 57)?
2951 3646 3017 3705 Et
3044 3646 3135 3702 ille
3161 3646 3343 3702 sciens
3367 3660 3427 3701 se
3458 3659 3577 3700 esse
3603 3661 3713 3699 non
3744 3659 3834 3703 so.

2236 3740 2344 3794 lum
2371 3738 2747 3815 pteuitentium
2775 3737 3092 3810 principem,
3115 3737 3210 3793 sed
3234 3749 3288 3794 et
3304 3739 3579 3809 justorum
3599 3753 3833 3809 respon-

2234 3832 2312 3891 dit
2354 3848 2367 3885 :
2403 3832 2692 3903 Antequam
2734 3829 3011 3897 Abraham?
3032 3837 3187 3894 esset,
3214 3846 3308 3902 ego
3349 3846 3463 3883 sum
3489 3827 3680 3902 (Ibid,
3710 3826 3825 3902 58).

2233 3921 2386 3992 Quod
2417 3931 2597 3981 autem
2622 3919 2888 3976 Dominus
2914 3919 3172 3990 Princeps
3194 3920 3266 3974 sit
3291 3919 3830 3995 Quinquagenarius,

2235 4031 2299 4072 ex
2324 4030 2427 4071 una
2454 4013 2759 4073 lestivitatc
2789 4013 3091 4083 intelligere
3122 4028 3437 4085 possumus,
3473 4008 3540 4068 de
3566 4028 3675 4084 qua
3706 4013 3782 4069 ait
3813 4032 3829 4069 :

2239 4107 2490 4163 Dominus
2530 4117 2604 4163 est
2637 4106 2908 4167 Sabbathi,
2940 4103 3083 4178 ﬁlius
3121 4106 3342 4161 hominis
3371 4104 3588 4179 (Matth.
3613 4122 3712 4175 xit,
3746 4108 3830 4181 8).

2235 4200 2388 4270 Quod
2428 4201 2475 4257 si
2517 4200 2804 4267 Sabbathi,
2836 4209 2892 4255 et
2922 4199 3306 4255 Kalendarum.
3337 4200 3395 4256 Si
3437 4199 3827 4271 Kalendarum,

2235 4305 2290 4350 et
2327 4293 2566 4363 Paschrc,
2604 4293 2656 4355 id
2696 4302 2799 4363 est,
2837 4296 3186 4364 Αιγιιιθιίιιιι.
3216 4292 3275 4347 Si
3307 4288 3552 4362 Paschte,
3586 4304 3641 4349 et
3681 4295 3836 4350 lubi-

2237 4385 2327 4442 lei.
2359 4387 2417 4444 Si
2444 4386 2665 4454 Jubilei,
2699 4396 2753 4441 et
2783 4384 3300 4441 Tabernaculorum.
3333 4385 3391 4440 Si
3423 4380 3832 4442 Tabernaculo-

529 4472 785 4527 militum.
812 4471 964 4529 Unde
987 4482 1039 4529 et
1070 4474 1313 4530 Decanos
1332 4471 1361 4512 ιι
1384 4474 1635 4545 dicimus,
1661 4477 1751 4549 qui
1779 4479 1966 4535 decem
1997 4496 2134 4550 prre-
2158 4466 2211 4526 D
2237 4497 2380 4550 rum,
2422 4489 2477 4537 et
2518 4481 2888 4546 Pentecostes,
2924 4494 3046 4549 quae
3085 4477 3151 4531 ad
3192 4478 3698 4553 quinquagesimum
3742 4496 3829 4538 re-

530 4574 658 4621 sunt
684 4565 1012 4623 hominibus.
1042 4567 1152 4623 Nec
1182 4569 1378 4624 mirum
1426 4570 1469 4624 si
1516 4570 1657 4642 apud
1696 4570 1915 4628 Judaios
1954 4573 2132 4632 omnis

531 4658 752 4730 perierit
781 4660 1015 4731 dignitas
1046 4661 1392 4728 bellatorum,
1421 4678 1541 4719 cum
1585 4665 1851 4725 militandi
1883 4664 1985 4722 sub
2020 4666 2135 4737 gla-

528 4752 638 4820 dio,
670 4762 725 4808 et
749 4768 899 4808 arma
927 4753 1183 4824 portandi
1216 4768 1322 4808 non
1362 4753 1597 4809 habeant
1624 4765 1970 4825 poteStatcm.
1995 4758 2132 4829 Quia

503 4850 515 4862 ‘
527 4858 656 4898 vero
669 4846 1167 4917 quinquagenarius
1184 4862 1443 4902 numerus
1454 4862 1670 4925 semper
1682 4846 1921 4907 refertur
1936 4848 2001 4904 ad
2023 4865 2135 4920 pte-

532 4932 813 4990 nitentiam
840 4951 855 4991 :
880 4935 1245 5007 princepsque
1271 4939 1627 5010 paenitentiae,
1653 4948 1707 4995 et
1729 4951 1891 5019 caput
1917 4955 2130 5015 θοι-ωτι,

605 5148 631 5178 α
680 5136 747 5193 In
795 5137 1027 5212 Danielis
1057 5140 1310 5212 principio
1343 5141 1583 5211 legimus.
1623 5141 1882 5205 Ecclesia:
1926 5140 2131 5202 Christi

605 5158 631 5178 ⁵
680 5158 747 5193 m
795 5158 1027 5194 υαηιειιι
1057 5158 1310 5264 priuetin
1343 5158 1583 5211 tegimus.
1623 5158 1882 5205 M0185“?
1926 5158 2129 5202 Lnrtsu

533 5212 785 5283 legebant
822 5211 1020 5283 librum
1053 5212 1221 5283 Danie
1250 5212 1292 5264 is
1319 5212 1475 5279 juxta
1508 5212 1902 5269 Theodotionis
1932 5212 2129 5269 editio~

531 5281 678 5361 nem,
712 5283 776 5361 in_
807 5298 912 5361 qua
942 5281 1170 5361 historia
1206 5283 1468 5361 Susanna:
1509 5294 1627 5341 erat
1668 5286 1931 5361 posi_ta_i_n
1970 5286 2129 5361 prin-

528 5351 673 5426 cipio
698 5351 1008 5430 voluminis,
1028 5370 1200 5430 quam
1230 5351 1297 5430 ad
1329 5354 1536 5407 calcem
1557 5351 1831 5430 __repos_ult
1863 5351 2123 5430 lileiiony-

530 5423 691 5491 mus;
732 5423 855 5494 quia
887 5439 993 5478 nou
1026 5423 1255 5480 habt-tur
1284 5424 1335 5479 itt
1370 5433 1521 5480 textu
1557 5424 1844 5481 Hebraico.
1880 5457 1950 5468 -—
1978 5423 2132 5482 Nunc

531 5496 599 5621 id
628 5496 790 5551 linem
823 5506 905 5550 est
940 5494 1059 5565 ejus
1096 5495 1241 5561 libri,
1284 5510 1405 5566 quae
1444 5494 1591 5551 Visio
1634 5496 1907 5552 undecima
1938 5498 2135 5557 inscri-

574 5580 700 5620 uur.

574 5580 700 5620 lllll'.

604 5636 630 5675 ι»
662 5635 871 5691 Vitiose
896 5636 1093 5691 lectum
1123 5651 1152 5689 a
1183 5635 1496 5693 Martiantro
1525 5638 1772 5694 decimus.

608 5717 629 5749 ο
656 5705 935 5780 Rescribit
956 5706 1234 5773 Victor,in
1259 5707 1502 5779 Leuitico,
1524 5724 1650 5766 cum
1674 5718 1886 5782 septem
1916 5708 2127 5775 Hebdo-

2234 4572 2404 4628 fertur
2427 4586 2733 4627 numerum.

2307 4664 2377 4719 Et
2405 4664 2759 4725 honorabilem
2786 4664 2949 4732 vultu,
2981 4672 3028 4717 et
3056 4664 3433 4719 consiliarium.
3467 4661 3571 4718 Pro
3592 4662 3828 4734 duobus,

2237 4757 2287 4812 id
2319 4766 2424 4823 est,
2472 4755 2767 4812 honorabili
2793 4765 2815 4793 θ
2840 4758 3006 4824 vultu,
3039 4765 3088 4812 et
3123 4756 3444 4824 consiliario,
3476 4752 3620 4809 LXX
3661 4772 3829 4813 unum

2234 4849 2399 4902 virum
2436 4844 2798 4903 admirabilem
2829 4847 3186 4901 consiliarium
3221 4845 3640 4900 transtulerunt.
3683 4844 3833 4904 lnler

2236 4952 2464 4998 exteras
2493 4940 2697 5019 gratias
2727 4940 2889 4995 etiam
2919 4939 3021 4994 hoc
3043 4936 3309 4993 Dominus
3334 4937 3542 5015 auferet
3563 4953 3593 4991 a
3616 4935 3830 5005 Judzea,

2232 5141 2516 5203 madarum
2546 5142 2601 5199 in
2630 5139 2884 5197 Numeris
2923 5138 3123 5195 nudmn
3159 5147 3390 5208 tantum,
3419 5149 3607 5209 utpote
3634 5153 3697 5193 re
3714 5139 3831 5209 jam

2233 5214 2288 5268 in
2335 5212 2577 5269 Levitico
2620 5211 2907 5280 exiilicata,
2942 5210 3245 5279 reperiatur
3290 5225 3488 5265 nomen
3526 5224 3648 5279 cap.
3684 5211 3835 5265 s'cili-

2233 5293 2321 5339 cet
2352 5298 2538 5338 xxviii.
2594 5282 2729 5336 Hinc
2772 5296 2987 5353 quoque
3026 5281 3192 5353 paulo
3228 5294 3377 5353 post,
3436 5297 3534 5353 pro
3578 5281 3833 5353 Legimus

2233 5298 2321 5339 cet.
2352 5298 2538 5338 xxvm.
2594 5298 2729 5336 mnc
2772 5298 2987 5406 (pioque
3026 5298 3192 5349 paulo
3238 5298 3377 5350 post,
3436 5298 3531 5350 pro
3586 5298 3830 5353 Legimus

2232 5372 2430 5429 quoque
2458 5356 2511 5429 in
2550 5354 2726 5429 eodem
2843 5351 3330 5429 umerorumjibm,
3361 5351 3590 5429 bevitlci
3628 5352 3830 5408 librum

2233 5421 2544 5491 subetituit;
2579 5424 2708 5477 nihil
2743 5434 2926 5493 tamen
2952 5421 3027 5477 illi
3056 5422 3481 5493 suifragantibus
3511 5437 3646 5476 mss.

2305 5495 2333 5534 ἀ
2373 5496 2616 5571 Vaticani
2659 5490 2867 5571 codicis
2897 5497 3150 5571 scriptor
3199 5490 3509 5571 bitjttsmodl
3553 5495 3832 5571 glossema

2238 5566 2344 5623 hoc
2373 5568 2494 5639 loco
2535 5559 2857 5623 interserit:
2889 5559 3192 5639 ﬁniendum
3221 5559 3407 5639 lethrd
3434 5559 3668 5639 seruiunt
3700 5565 3831 5639 dici,
3882 5564 3895 5575 ’

2238 5650 2357 5694 cum
2369 5638 2594 5715 ‘Raguel
2620 5650 2855 5715 socerum
2885 5635 3053 5715 Moysi
3091 5637 3322 5715 legamus
3345 5636 3403 5691 iit
3436 5632 3641 5715 Exodo.

2314 5719 2338 5747 °
2368 5704 2542 5768 Palat.
2572 5720 2693 5767 cum
2724 5706 2923 5777 Vatic.,
2955 5704 3249 5765 ﬁondra'bili
3273 5707 3405 5777 viro,
3437 5715 3483 5762 et
3504 5706 3831 5778 consularia.
