4008 6486
254 186 325 243 61
865 193 1522 259 COMMENTARIORUM
1559 202 1626 267 ΙΝ
1666 204 1815 269 lSAlt

1944 205 2373 273 ΡΒΟΡΠΕΤΑΜ
2412 212 2543 272 LIB.
2586 213 2653 271 ll.
2694 215 2850 274 CAP.
2890 217 2982 275 III.

3502 230 3578 289 02

252 308 321 352 ιιι
352 300 566 361 nullum
594 301 834 359 habeant
863 308 1235 371 consiliarium
1268 329 1281 364 :
1313 312 1409 368 sed
1439 312 1643 375 faciant
1671 327 1867 381 cuneta
1896 319 1949 390 Α
1974 334 2102 374 cum
2133 321 2395 401 Apostolo
2428 323 2613 381 dicere
2652 338 2903 398 poterant
2933 347 2946 383 :
2979 330 3096 405 Ego
3122 335 3253 389 enint
3281 352 3393 390 sum
3422 339 3583 393 mini-

252 391 475 464 absque
501 397 750 459 consilio.
786 396 853 453 Et
879 398 1054 457 δι’κοί
1089 412 1264 476 poeta:
1290 414 1315 441 ἰ
1345 404 1634 467 laudabilis
1676 408 1767 465 illa
1813 418 1869 465 ct

251 482 584 544 admiranda
634 490 902 547 sententia
948 499 1035 546 est
1076 509 1090 546 :
1129 511 1149 546 ι
1186 492 1428 551 Primum
1455 512 1580 557 esse
1620 496 1859 573 beatum,

252 578 355 649 qui
386 596 482 655 per
505 597 564 639 sc
589 583 791 654 sapiat;
821 586 1143 657 secundum,
1168 590 1260 661 qui
1288 590 1587 663 sapientem
1617 594 1819 651 audiat.
1837 615 1857 650 ι

1972 426 2087 465 mus
2114 414 2502 486 Apostolorum,
2529 419 2619 491 qui
2645 436 2745 475 non
2775 438 2889 475 sunt
2930 424 3121 494 dignus
3158 431 3331 483 vocari
3352 431 3577 500 Aposto-

1970 502 2050 559 lus
2081 504 2126 577 (Ι
2154 504 2277 561 Cor.
2309 523 2400 578 xv,
2434 507 2512 579 9).
2544 509 2615 566 Et
2640 511 2806 568 alibi:
2832 511 2919 569 Ea:
2947 528 3095 587 parte
3125 524 3498 597 cognoscimus,
3523 537 3573 593 et

1966 608 2031 647 ea:
2056 605 2204 667 parte
2234 598 2629 673 propltetamus,
2660 611 2707 656 et
2733 620 2867 657 nunc
2910 623 3005 675 per
3030 609 3297 678 speculum
3340 615 3569 685 uidemus

247 671 363 740 Qui
390 684 567 733 autem
594 686 832 749 utroque
871 693 1078 751 careat,
1110 680 1257 740 hunc
1286 686 1531 743 inutilem
1563 702 1708 757 esse,
1751 699 1859 749 tam
1961 686 2015 745 in
2036 688 2306 761 a’m'gmate
2336 690 2377 764 (1
2401 689 2519 747 Cor.
2552 708 2669 761 xm,
2694 692 2774 765 9).

245 764 380 835 sibi,
410 781 573 838 quam
606 770 884 826 omnibus.
921 771 1078 830 Unde
1123 782 1179 830 et
1214 775 1345 833 illud
1374 778 1429 834 in
1463 781 1666 837 nostris
1704 780 1860 840 libris

241 853 483 926 legimus
514 876 528 913 ;
572 858 739 913 Amici
777 861 869 918 tibi
897 864 1000 918 sint
1042 862 1281 936 plurimi,
1312 868 1640 924 consiliarius
1684 882 1856 933 autem

240 960 385 1005 unus
407 947 471 1003 de
502 950 644 1004 mille
666 946 841 1023 (Eccl.
882 968 953 1021 vr,
985 953 1061 1028 6).
1103 955 1174 1012 Et
1203 958 1397 1015 iterum
1425 977 1440 1015 :
1472 960 1599 1017 Cum
1638 964 1855 1020 consilio

240 1041 423 1094 omnia
458 1058 554 1115 age
581 1040 766 1116 (Prov.
819 1061 940 1115 xut,
973 1046 1108 1122 10):
1146 1058 1201 1105 et
1241 1050 1394 1107 dabit
1427 1052 1523 1108 tibi
1562 1053 1850 1125 prudentia

238 1135 628 1197 admirabilem
656 1142 1059 1205 consiliarium.
1092 1147 1328 1209 Senatus
1351 1164 1567 1223 quoque
1602 1154 1849 1209 consulta

237 1227 521 1299 dicuntur,
567 1241 621 1288 et
657 1234 935 1311 principes
982 1240 1255 1317 quondam
1298 1241 1550 1312 Romani,
1597 1246 1851 1301 consules

234 1321 502 1399 appellati
525 1334 671 1395 sunt,
708 1325 797 1383 vel
830 1343 856 1380 a
888 1326 1229 1386 consulendo
1258 1332 1488 1404 civibus,
1523 1336 1611 1390 vel
1637 1333 1667 1374 ι’
1695 1352 1724 1390 a
1762 1352 1849 1393 re-

235 1413 422 1483 gendo
450 1427 651 1477 cuncta
691 1418 947 1475 consilio.
981 1420 1085 1501 51
1114 1421 1186 1477 Et
1227 1439 1332 1487 nos
1356 1420 1619 1483 hebennus
1656 1428 1708 1481 in
1741 1426 1846 1483 Ec-

234 1502 415 1562 clesia
464 1517 720 1575 senatum
793 1524 1071 1582 nostrum,
1127 1524 1327 1572 contum
1378 1517 1843 1595 presbyterorum.

234 1599 379 1657 Cum
411 1616 544 1673 ergo
573 1601 717 1659 inter
747 1613 944 1662 caetera
973 1608 1134 1663 etiam
1183 1624 1349 1666 senes
1373 1610 1558 1668 Judtea
1590 1613 1845 1693 perdide-

2034 772 2100 832 Et
2127 783 2433 852 prudentem
2470 782 2662 857 eloquii
2705 789 2924 859 mystici.
2975 790 3081 846 Pro
3114 809 3223 864 qtto
3423 797 3566 867 LXX

1956 866 2302 940 interpretati
2325 883 2482 941 sunt,
2510 876 2814 945 prudentem
2840 879 3172 949 auditorem;
3220 866 3560 961 Thebdt-tio,

1957 964 2256 1038 prudentem
2283 968 2687 1038 incantatoretn;
2714 970 2931 1043 Aquila,
2970 975 3276 1041 prudentem
3319 997 3565 1037 susurra-

1956 1065 2155 1135 torem;
2183 1059 2564 1132 Symmachus,
2596 1064 2903 1135 prudentem
2929 1064 3122 1138 eloquii
3152 1072 3376 1143 mystici,
3401 1088 3561 1145 quem

1953 1157 2008 1204 et
2037 1166 2135 1203 nos
2158 1152 2214 1213 in
2247 1154 2349 1208 hoc
2379 1154 2498 1207 loco
2526 1157 2698 1210 set-uti
2735 1173 2946 1213 sumus.
2985 1159 3280 1217 Dicendum
3316 1167 3556 1235 primum

1948 1239 2102 1311 juxta
2146 1242 2320 1310 LXX;
2371 1246 2513 1317 quod
2562 1248 2702 1311 inter
2730 1259 2958 1306 cmteras
3002 1253 3206 1324 gratias
3252 1255 3555 1335 spiritales,

1950 1334 2114 1388 etiam
2153 1337 2388 1406 prudens
2418 1337 2637 1394 auditor
2684 1341 2738 1395 in
2795 1341 3033 1399 Ecclesia
3075 1347 3421 1403 necessarius
3461 1334 3552 1407 sit.

1950 1424 2056 1483 Alii
2100 1430 2235 1479 enim
2279 1428 2435 1481 datur
2484 1430 2755 1499 prophetia
2793 1451 2810 1487 :
2849 1434 2941 1488 alii
2988 1437 3232 1492 discretio
3274 1441 3554 1510 spirituum

1950 1518 1994 1589 (l
2020 1518 2138 1573 Cor.
2178 1536 2275 1588 xu,
2307 1516 2417 1594 l0).
2456 1522 2627 1595 Unde,
2661 1532 2719 1580 et
2755 1529 3037 1583 constituti
3065 1543 3223 1587 erant
3250 1532 3304 1587 in
3348 1534 3552 1605 p0pttlo

1945 1608 2253 1667 Judmorum
2277 1616 2643 1673 sacerdotales
2666 1619 2891 1690 gradus,
2920 1623 3011 1692 qui
3043 1624 3356 1697 prophetas,
3385 1644 3548 1700 pseu-

230 1694 340 1762 rit,
376 1696 653 1763 quomodo
686 1700 886 1769 poterit
922 1696 1127 1765 habere
1165 1704 1475 1772 consilium,
1521 1708 1662 1779 quod
1712 1722 1841 1777 pro—
1870 1697 1915 1763 Β
1944 1701 2424 1785 doprophetasque
2448 1706 2979 1769 discernerent:hoe
3004 1725 3109 1784 est,
3142 1694 3544 1790 intelligerent,

225 1785 351 1856 prie
374 1785 654 1842 seniorum
685 1789 804 1844 est?

303 1875 373 1929 Et
398 1877 685 1949 sapientem
714 1880 1069 1949 architectum.
1094 1883 1205 1945 Pro
1233 1902 1342 1958 quo
1370 1890 1562 1963 Aquila
1589 1902 1833 1959 transtu-

221 1964 289 2020 lit
314 1966 759 2035 sapientissimum
789 1974 1070 2046 arti/icum,
1104 1986 1163 2041 ut
1186 1979 1505 2039 ostenderet
1532 1998 1628 2039 eos
1649 1984 1831 2055 plures

220 2060 497 2130 quondam
527 2063 789 2131 habuisse
809 2069 1052 2131 artiﬁces
1077 2090 1090 2125 :
1118 2073 1296 2145 qualis
1322 2086 1375 2131 et
1405 2076 1503 2132 ille
1534 2078 1634 2141 luit
1660 2080 1823 2137 Bese-

219 2150 329 2209 Icel
357 2152 503 2217 ﬁlius
532 2154 650 2227 Uri,
685 2157 781 2223 lilii
813 2160 889 2223 Ur
919 2161 988 2218 de
1019 2164 1160 2225 tribu
1202 2165 1360 2234 Juda,
1391 2184 1552 2239 quem
1587 2172 1828 2242 implevit

222 2245 368 2303 Deus
397 2249 591 2325 spiritu
630 2254 934 2327 sapientiae,
965 2265 1021 2321 et
1058 2258 1456 2333 intelligentiae,
1483 2277 1547 2319 ac
1587 2264 1829 2350 discipli-

216 2354 326 2411 ma,
358 2355 414 2397 ut
448 2343 502 2401 in
535 2342 872 2421 omniopere
894 2358 1041 2416 esset
1063 2352 1217 2409 faber
1237 2356 1690 2432 perieCtissitpus,
1715 2342 1823 2423 non

217 2432 398 2488 solum
427 2435 480 2492 in
515 2454 667 2511 auro,
699 2449 755 2501 et
785 2452 1030 2514 argento,
1062 2447 1157 2502 sed
1200 2449 1328 2506 etin
1360 2466 1488 2521 tere,
1523 2462 1578 2519 et
1606 2455 1822 2513 caeteris

214 2541 342 2596 qua:
371 2526 545 2586 Moses
574 2545 879 2603 enumerat,
900 2539 1005 2615 ηιιί
1045 2542 1338 2605 aedificavit
1380 2545 1816 2613 Tabernaculum

214 2616 314 2672 Dei
344 2617 541 2693 (Exod.
573 2624 750 2695 xxxi).
784 2625 894 2681 Illis
913 2643 1045 2700 ergo
1076 2631 1438 2705 perdentibus
1466 2638 1813 2711 architectos,

214 2711 399 2777 omnis
428 2712 732 2785 aediﬁcandi
760 2721 932 2793 gratia
979 2725 1237 2791 translata
1268 2737 1355 2786 est
1391 2731 1457 2785 ad
1492 2731 1811 2797 Ecclesiam.

212 2798 371 2855 Unde
394 2796 589 2862 Paulus
616 2808 898 2878 apostolus
920 2812 1056 2869 dicit
1084 2832 1096 2867 :
1134 2816 1298 2893 Quasi
1329 2821 1536 2891 sapiens
1562 2796 1810 2883 architec-

210 2890 720 2989 tiis_/uttdatttentum
747 2904 897 2977 posui
924 2904 969 2976 (Ι
997 2904 1117 2961 Cor.
1154 2890 1240 2976 ιιι,
1292 2910 1403 2989 10).
1449 2912 1515 2967 Et
1549 2912 1815 2981 Ieremias

206 2981 538 3041 architectus
562 3000 700 3058 erat,
733 2993 822 3067 qui
853 3009 960 3049 non
990 2997 1165 3053 solum
1196 2981 1530 3075 eradicabat,
1565 3014 1620 3063 et
1648 3008 1810 3071 ευπο-

1941 1796 2033 1867 qui
2058 1797 2128 1853 de
2157 1797 2253 1854 Dei
2281 1801 2474 1870 spiritu
2507 1801 2879 1872 loquerentur,
2906 1808 2995 1875 qui
3020 1806 3087 1863 de
3114 1812 3414 1865 contrario.
3445 1812 3548 1868 Le-

1933 1902 2125 1958 gamus
2150 1888 2467 1955 Jeremiam.
2496 1890 2739 1949 Prudens
2769 1904 2948 1952 autem
2973 1899 3164 1967 eloquii
3185 1903 3390 1971 mystici
3429 1902 3544 1975 (Je-

1913 1974 2064 2047 ‘rem,
2096 1981 2235 2055 xlv),
2271 1982 2385 2037 sive
2413 1995 2737 2052 susurrator,
2778 1996 2832 2041 et
2883 1996 2938 2041 ut
2995 1988 3301 2046 'I‘heodotio
3344 1993 3536 2064 voluit,

1932 2072 2248 2141 incantatur,
2276 2074 2494 2129 videtur
2522 2074 2657 2130 mihi
2695 2075 2777 2130 vir
2815 2092 2938 2133 esse
2968 2079 3215 2136 eruditus
3242 2092 3295 2137 et
3329 2086 3540 2141 exerci-

1933 2173 2075 2233 tatus
2106 2173 2213 2220 tam
2254 2166 2305 2221 in
2347 2164 2491 2237 Lege
2521 2176 2576 2222 et
2605 2164 2913 2239 Prophelis,
2952 2187 3112 2247 quam
3145 2173 3200 2227 in
3242 2173 3536 2247 Evangelia

1930 2266 1984 2312 et
2009 2256 2314 2329 Apostolis,
2346 2260 2439 2337 qui
2468 2261 2638 2332 possit
2674 2256 2919 2334 singulas
2960 2264 3126 2318 animi
3171 2268 3535 2341 perturbatio-

1928 2368 2026 2408 nes
2049 2368 2145 2409 sua
2177 2362 2375 2409 sanare
2404 2353 2679 2423 doctrina,
2713 2365 2763 2409 et
2792 2356 2859 2410 ad
2894 2367 3092 2415 statum
3131 2361 3333 2415 mentis
3370 2361 3534 2417 redu-

1925 2458 2087 2500 cere:
2119 2446 2246 2500 dum
2276 2454 2331 2500 et
2372 2455 2645 2511 scortator
2677 2447 2873 2521 recipit
2902 2452 3232 2517 castitatem,
3266 2461 3320 2504 et
3358 2467 3531 2522 ganeo

1928 2549 1951 2576 ο
1982 2536 2373 2609 frugalitatem,
2416 2546 2472 2595 et
2511 2536 2788 2611 quondam
2840 2553 3060 2610 avarus,
3094 2539 3187 2596 dat
3227 2543 3530 2618 eleetnosy.

1923 2648 2068 2686 nam.
2102 2630 2350 2688 Eventila
2371 2647 2564 2689 omnes
2592 2631 2903 2688 Judaaorum
2931 2649 3292 2708 syanagogas,
3319 2647 3375 2693 et
3404 2639 3526 2707 nul-

1920 2724 2032 2778 lum
2057 2726 2264 2795 poteris
2296 2727 2539 2781 invenire
2566 2730 2869 2794 doctorem,
2899 2727 2989 2797 qui
3015 2739 3197 2783 sancta
3224 2731 3526 2799 praecipiat,

1919 2824 1971 2870 et
2013 2819 2342 2886 contemptis
2385 2817 2613 2885 divitiis,
2648 2818 2964 2873 sectandam
3000 2818 3199 2875 doceat
3230 2830 3522 2892 pauperta-

1920 2919 2046 2966 tem.
2087 2911 2164 2967 De
2213 2913 2491 2968 itiusmodi
2536 2915 2969 2969 iucantatoribus
3003 2926 3196 2970 contra
3237 2928 3521 2987 serpentes

1916 3014 1971 3058 et
2011 3004 2249 3075 aSpides,
2292 3007 2342 3061 id
2375 3019 2478 3078 εει,
2515 3014 2705 3061 contra
2740 3016 3076 3077 peccatores,
3110 3009 3200 3079 qui
3237 3010 3327 3065 Dei
3360 3010 3522 3082 justi-

204 3073 414 3145 diebat,
454 3089 505 3132 ct
534 3080 816 3151 perdebat,
851 3085 1034 3171 sedet
1060 3088 1358 3155 :edilicabat
1389 3073 1606 3165 (Jerem.
1626 3099 1808 3167 xvut);
1839 3076 1885 3140 (ἶ
1921 3098 2063 3152 tiam
2078 3073 2436 3171 reliquerunt,
2465 3073 2639 3161 David
2665 3073 2987 3172 loquebatur
3017 3103 3068 3156 in
3097 3073 3313 3159 Dsalmo
3340 3073 3521 3158 :vAlie-

202 3164 368 3221 Utttle
394 3168 538 3225 idem
574 3170 868 3242 Apostolus
898 3166 1179 3251 loquitur:
1210 3181 1313 3239 Dei
1343 3188 1688 3260 agricultura,
1719 3164 1815 3246 Dei

196 3259 495 3328 mdiﬁcalio
524 3280 700 3321 sumus
728 3267 770 3339 (ι
798 3268 917 3323 Cor.
943 3286 1021 3340 ιιι,
1048 3273 1133 3336 9).
1175 3259 1436 3339 Dominus
1468 3296 1684 3353 quoque
1718 3300 1814 3340 no-

192 3361 323 3407 ster
337 3353 648 3425 appellatur
671 3367 911 3423 structor
937 3368 1292 3421 maceriarum
1316 3369 1533 3442 (Ep/tes.
1560 3373 1639 3445 ιι).
1667 3377 1730 3428 Et
1758 3377 1810 3447 in

196 3446 510 3517 Evangelio
538 3446 681 3506 ﬁlius
709 3448 847 3521 labri
873 3456 1182 3529 sugillatur,
1213 3461 1302 3529 qui
1337 3464 1599 3522 universa
1624 3446 1813 3535 condi?

193 3538 345 3593 derit
372 3532 591 3611 (Matth.
627 3547 768 3611 xm).
805 3540 860 3613 In
886 3538 1092 3619 Regum
1118 3566 1337 3623 quoque
1370 3555 1645 3611 volumine
1678 3532 1808 3631 legi-

196 3644 345 3698 mus,
381 3631 523 3702 quotl
557 3632 769 3690 miserit
814 3653 906 3693 rex
948 3639 1229 3713 Salomon,
1279 3656 1334 3700 et
1378 3648 1567 3704 tulerit
1603 3651 1805 3722 Hyratn

194 3719 446 3793 Tyrium,
492 3722 664 3781 lilium
712 3729 962 3799 mulieris
993 3732 1188 3804 vidtue,
1240 3739 1334 3808 qui
1381 3752 1497 3795 erat
1541 3742 1609 3801 de
1654 3719 1803 3803 tribu

196 3812 515 3887 Nephtbali,
541 3826 597 3874 et
628 3819 861 3880 habebat
888 3837 1094 3896 patrem
1109 3827 1356 3901 Tyrium,
1375 3834 1637 3893 artiﬁcem
1654 3841 1799 3898 acris.

196 3904 595 3983 Ingressusque
619 3921 704 3968 est
735 3912 803 3970 ad
833 3931 1035 3988 regem,
1070 3934 1118 3976 et
1150 3920 1278 3978 fecit
1306 3927 1485 3980 omnia
1501 3942 1665 3999 Opera
1688 3933 1799 4004 regi

196 3996 477 4057 Salomoni
505 4018 518 4055 :
551 4001 603 4057 in
648 4019 756 4074 quo
799 4015 956 4091 typus
996 4021 1081 4066 est
1127 4013 1460 4072 εΡόίίὶαειιιιίτι)
1511 3996 1795 4095 Ecclesiae,

198 4105 323 4160 qua:
348 4108 452 4147 non
477 4094 655 4150 solum
679 4094 747 4152 de
775 4084 917 4155 tribu
937 4098 1094 4171 Juda,
1124 4104 1219 4162 sed
1249 4108 1317 4164 de
1341 4108 1631 4182 Nephthali
1661 4084 1800 4185 quo;

193 4197 327 4257 que.
360 4193 415 4239 et
459 4195 616 4263 patre
659 4188 832 4262 Tyrio
859 4205 1152 4273 generatus
1181 4199 1272 4269 sit,
1315 4201 1406 4271 qui
1438 4202 1628 4271 habuit
1677 4223 1796 4275 pta-

198 4284 338 4329 trem
377 4275 624 4343 viduam;
672 4280 795 4354 quia
838 4285 1078 4355 priorem
1120 4289 1295 4345 virum
1343 4292 1654 4363 perdiderat
1693 4298 1795 4371 (III

1918 3191 2026 3243 nati
2050 3200 2170 3244 sunt
2202 3202 2490 3260 peccatores
2527 3209 2557 3244 a
2595 3193 2780 3246 vulva:
2808 3204 3107 3247 erraverunt
3142 3195 3203 3248 ab
3243 3207 3409 3264 utero,
3443 3197 3520 3251 lo-

1917 3282 2023 3335 cuti
2049 3293 2165 3336 sunt
2195 3286 2353 3355 falsa.
2393 3281 2574 3338 Furor
2600 3300 2776 3338 eorum
2798 3288 2959 3358 juxta
2986 3287 3376 3343 similitudinem
3405 3306 3518 3343 ser-

1917 3376 2083 3445 pentis
2111 3391 2129 3428 :
2160 3376 2293 3429 sicut
2332 3378 2529 3446 aspidis
2561 3378 2736 3432 surda:
2771 3388 2817 3431 et
2854 3380 3141 3434 obturantis
3176 3398 3328 3435 aures
3370 3400 3512 3453 suas,

1916 3482 2032 3537 quae
2058 3484 2160 3521 non
2189 3468 2395 3522 exaudit
2426 3485 2599 3522 vocem
2625 3470 3020 3539 incantantium,
3053 3482 3100 3527 et
3124 3475 3333 3543 veneﬁci
3354 3475 3519 3530 medi-

1913 3560 2079 3613 cantis
2112 3560 2374 3635 sapienter
2403 3560 2576 3632 (Psal.
2611 3577 2787 3629 vau,
2811 3563 2846 3617 4
2873 3565 3063 3637 seqq).
3111 3568 3297 3621 Omnis
3333 3584 3518 3627 sermo

1912 3650 2159 3721 Apostoli
2190 3661 2377 3705 contra
2406 3664 2689 3725 Serpentes
2724 3665 2778 3710 et
2815 3659 3032 3728 aSpides
3074 3660 3370 3715 incantatio
3401 3674 3509 3732 est,

1909 3754 2067 3813 quem
2109 3758 2215 3795 non
2260 3742 2555 3798 exaudiunt
2598 3758 2935 3817 peccatores,
2977 3759 3030 3804 ct
3071 3751 3335 3823 haeretici,
3379 3756 3507 3827 quia

1907 3832 2171 3888 claudunt
2200 3850 2360 3890 aures
2387 3851 2534 3900 suas,
2566 3853 2635 3892 ne
2656 3837 2877 3895 audiant
2916 3842 3222 3899 veritatem.

1978 3923 2159 3994 (Vers.
2191 3920 2274 3997 4.)
2309 3923 2375 3980 Et
2413 3927 2545 3983 dabo
2576 3946 2762 3996 pueros
2796 3933 3057 4005 principes
3097 3952 3299 3992 eorum.
3334 3936 3388 3993 Si
3432 3956 3506 3997 ex

1906 4033 2135 4087 persona
2161 4018 2448 4089 Propheta:
2472 4022 2705 4076 dicitur:
2742 4022 2875 4078 Ecce
2905 4027 3037 4079 enint
3061 4027 3357 4083 dominator
3395 4030 3508 4085 Do-

1904 4110 2072 4163 minus
2107 4112 2443 4179 exercituum,
2484 4118 2687 4183 auferet
2714 4116 2778 4167 ab
2808 4114 3121 4185 Jerusalem,
3162 4128 3210 4172 et
3256 4118 3318 4172 ab
3362 4119 3509 4178 Juda

1901 4205 2133 4259 ualidum
2159 4213 2206 4258 et
2235 4205 2462 4260 ualidam
2489 4222 2508 4261 :
2536 4225 2684 4263 onute
2711 4207 2866 4262 robur
2888 4211 3063 4281 panis,
3091 4219 3137 4265 et
3171 4228 3320 4267 omne
3346 4213 3507 4270 robur

1900 4313 2068 4370 aqnaz,
2102 4306 2159 4353 et
2188 4298 2395 4369 reliqua
2424 4317 2437 4354 :
2468 4299 2742 4372 quomodo
2773 4318 2915 4357 nunc
2951 4303 3092 4359 idem
3128 4306 3391 4376 prOpheta
3423 4307 3504 4362 lo-

196 4364 330 4438 Reg‘.
362 4370 480 4438 vn).
526 4368 595 4426 Et
622 4374 793 4429 multo
824 4374 1007 4447 plures
1036 4391 1164 4437 sunt
1202 4380 1294 4449 lilii
1336 4382 1593 4459 desertze,
1620 4364 1865 4475 magis“
1899 4364 2083 4461 quitur
2118 4406 2132 4441 :
2174 4364 2325 4444 Dabo
2351 4364 2537 4466 pueros
2568 4392 2826 4467 principes
2874 4410 3071 4460 eorum,
3124 4364 3171 4451 et
3216 4396 3505 4465 effeminati

188 4466 353 4527 tinam
384 4459 503 4530 Ejus
534 4474 654 4538 quae
680 4463 845 4533 habet
871 4470 1045 4526 virum
1072 4468 1229 4546 (Isai.
1256 4474 1372 4545 xv).
1401 4478 1511 4534 Sed
1535 4491 1590 4536 et
1618 4484 1671 4537 in
1693 4459 1793 4551 [Sa-,-
1817 4463 1871 4523 Ῑ)
1897 4459 2299 4535 dominabuntur
2322 4459 2433 4537 eis?
2455 4459 2597 4555 Ergo
2616 4459 2768 4557 juxta
2791 4487 3246 4544 consuetudinem
3268 4491 3502 4560 prOphe-

186 4550 566 4622 ralipomenon
587 4552 728 4614 libro
755 4559 984 4635 legimus
1006 4562 1207 4623 vallem
1229 4568 1503 4629 artiﬁcum
1535 4590 1550 4628 :
1576 4574 1793 4643 Saraias

185 4655 362 4699 autent
391 4651 568 4720 genuit
591 4650 727 4747 loab
754 4667 949 4725 patrem
986 4660 1138 4716 vallis
1167 4665 1428 4733 artiﬁcum
1452 4684 1472 4722 :
1497 4664 1567 4723 ibi
1594 4672 1789 4747 quippe

183 4736 415 4807 artiﬁces
444 4751 593 4797 erant
615 4736 656 4814 (Ι
682 4743 812 4801 Par.
842 4763 918 4814 tv,
945 4748 1056 4821 ιι).
1083 4750 1185 4819 Qui
1215 4769 1508 4827 propterea
1543 4736 1789 4817 habitare

185 4827 442 4923 dicuntur
461 4834 515 4897 in
538 4837 699 4907 valle,
726 4840 852 4913 quia
882 4856 989 4899 non
1025 4859 1123 4909 eos
1156 4846 1377 4915 inﬂabat
1407 4853 1660 4921 scientia,
1692 4854 1788 4923 sed

182 4917 446 4983 humilem
494 4938 657 5000 atque
704 4943 1049 4995 mansuetum
1093 4942 1465 5011 sequebantur
1492 4917 1699 5016 .lesutn,
1733 4917 1792 5005 et

251 5192 496 5289 Lageae
528 5198 1222 5289 laudabilis,_etc._Simi_lis
1248 5218 1524 5289 sententia
1580 5219 1776 5289 legitur

319 5248 342 5252 _
372 5248 490 5255 π-..
530 5248 803 5265 ,....,,...-....
868 5248 976 5263 νη..
1061 5248 1129 5267 ..ιι
1498 5248 1504 5250 -
1647 5248 1679 5272 ἰ
1712 5276 1715 5277 ,

179 5267 331 5357 apud
348 5258 768 5357 :l'ullium,‘.pro
791 5248 1097 5357 (glutinari;
1133 5248 1772 5356 ἕέᾦῗέιὶἱῖξέ¹ίὶέἱ¹υιξῗδεὲἕὲ

180 5336 368 5429 dicunt
394 5356 541 5426 eum,
576 5336 839 5429 citi-quod
867 5336 1125 5429 opussit,
1144 5336 1771 5429 'iii'éi'QEBi-Ii'in"niani

181 5415 285 5497 tem
321 5414 630 5497 :ﬂpro-x‘ime
666 5414 927 5497 accedere
972 5414 1121 5497 illuni
1148 5414 1304 5497 ,ἠμί
1347 5414 1574 5495 alterius
1621 5414 1773 5497 bene

178 5469 1005 5569 Ἡρηιιξχσιηεηεμξέζιῖδῖειὲ
1014 5469 1201 5559 {iisin
1210 5469 1618 5569 ’Eiéé‘li’ii’n
1626 5469 1770 5569 Εἱᾈῖ

176 5553 869 5647 ιέιφοξειειυιιιφειοειυι
896 5553 1293 5647 ueram.
1325 5553 1423 5647 nt
1442 5553 1772 5647 signa;

248 5586 340 5608 ων
369 5586 570 5610 ιιιαιιιθ
622 5586 867 5625 wswuua
896 5586 1143 5631 ξιξειῖῑμδ
1172 5586 1255 5620 εει
1328 5586 1420 5637 (ιιι
1461 5586 1513 5637 lli
1554 5587 1605 5646 ej

214 5586 322 5691 late
344 5620 418 5680 de
447 5586 708 5698 operibus
734 5638 791 5687 et
814 5626 1011 5715 diebus
1038 5624 1222 5715 ιμὲβυ
1242 5586 1360 5710 litati
1406 5629 1605 5701 hauet.

311 5712 481 5789 Οὗτος
508 5721 601 5795 μὲν
626 5722 941 5805 «antiptoch
968 5712 1025 5786 ὃς
1051 5712 1196 5807 uti???
1214 5731 1385 5792 πάντα
1409 5738 1611 5805 variata
1659 5774 1674 5797 ο

1898 4573 2062 4628 talem
2101 4572 2357 4645 loquente
2388 4573 2684 4644 Propheta,
2720 4577 2905 4632 subito
2950 4580 3093 4635 Deus
3132 4582 3372 4653 loquitur
3404 4599 3502 4653 per

1898 4662 2228 4739 Prophetam
2244 4682 2310 4721 ex
2331 4681 2562 4736 persona
2586 4682 2705 4735 sua,
2731 4668 2926 4725 etdicit
2950 4689 2963 4726 :
2984 4671 3127 4727 Dabo
3152 4692 3337 4745 pueros
3353 4678 3500 4745 prin-

1896 4761 2036 4831 cipes
2052 4776 2230 4815 eorum
2251 4775 2271 4815 :
2292 4759 2521 4817 sublatis
2544 4760 2691 4817 enim
2719 4761 2803 4815 his
2827 4778 2947 4831 qua:
2969 4770 3097 4818 ante
3130 4765 3235 4837 53
3253 4766 3497 4824 donave-

1895 4869 1951 4913 ra
1963 4869 2035 4922 tn,
2059 4860 2119 4917 et
2134 4855 2288 4922 quasi
2304 4854 2445 4911 bona
2462 4853 2634 4915 iratus
2648 4853 3008 4920 abstulerant.
3028 4870 3169 4913 nunc
3184 4861 3498 4920 econtrario

1891 4947 2032 5008 dabo
2054 4947 2215 5005 mala.
2236 4945 2362 5007 Tuli
2383 4962 2572 5005 senem
2600 4955 2653 5003 et
2672 4946 3221 5021 quinquagenarium,
3240 4960 3295 5009 et
3314 4950 3494 5012 admi-

2025 5220 2228 5284 Ἐσθλὸς
2258 5218 2304 5277 δ’
2328 5217 2393 5277 αὖ
2419 5232 2641 5288 κακεῖνος
2667 5220 2721 5288 ὂς
2742 5221 2797 5283 εὖ
2822 5229 3011 5285 εἰπόντι
3031 5231 3268 5299 πίθηται,

1880 5308 1973 5384 Ille
2004 5313 2209 5384 quidem
2229 5312 2442 5384 optimos
2468 5323 2570 5381 est,
2596 5316 2681 5384 qui
2707 5320 2801 5369 sibi
2825 5333 2934 5382 tpse
2958 5334 3049 5384 per
3072 5324 3231 5370 omnia
3257 5326 3435 5384 sapit...
3465 5356 3483 5378 .

1885 5371 2069 5425 [iuratis
2091 5378 2144 5423 et
2159 5371 2245 5425 ille
2260 5371 2420 5429 bonus
2441 5385 2537 5439 est,
2556 5371 2644 5443 'qtii
2662 5382 2793 5429 bene
2818 5371 3037 5431 nione'nti
3059 5384 3293 5442 paruerit.

3060 5449 3331 5519 nisurum,

1950 5535 1978 5574 δ
2009 5536 2332 5614 Palat_.__l'cre
2370 5556 2492 5596 cum
2538 5543 2665 5597 olim
2714 5540 2896 5611 editis,
2940 5544 3018 5598 vel
3057 5547 3258 5614 agendo
3296 5559 3481 5610 cuncta

1879 5622 1996 5664 cum
2016 5609 2255 5673 consilio.
2552 5620 2557 5625 ‘

1950 5688 1975 5723 ι
2007 5678 2177 5761 _Atld_i_t
2209 5679 2472 5761 Natis-ani
2518 5701 2621 5744 ms.
2675 5697 2833 5747 vetus
2869 5689 3160 5761 glossator,
3195 5705 3477 5761 ganeoneut

1883 5761 1969 5807 stu
1999 5751 2220 5829 intettigi
2252 5754 2547 5831 prodigum,
2573 5761 2654 5819 vel
2680 5751 3000 5837 curatorem;
