  <div class='ocr_page' id='page_1' title='image "/cluster/home/n/w/nwhite01/storage/ocr_20150623/24/uva.x000826571/039.png"; bbox 0 0 4008 6344; ppageno 0'>
   <div class='ocr_carea' id='block_1_1' title="bbox 471 193 2091 289">
    <p class='ocr_par' dir='ltr' id='par_1_1' title="bbox 471 200 2091 289">
     <span class='ocr_line' id='line_1_1' title="bbox 471 200 2091 289; baseline -0.009 0"><span class='ocrx_word' id='word_1_1' title='bbox 471 232 544 289; x_wconf 77' lang='lat' dir='ltr'><strong>os</strong></span> <span class='ocrx_word' id='word_1_2' title='bbox 1087 202 1117 208; x_wconf 72' lang='grc'>”</span> <span class='ocrx_word' id='word_1_3' title='bbox 1237 200 1241 204; x_wconf 24' lang='grc' dir='ltr'>τ</span> <span class='ocrx_word' id='word_1_4' title='bbox 1718 218 2091 277; x_wconf 78' lang='lat' dir='ltr'><strong>S.EUSEBH</strong></span> 
     </span>
    </p>
   </div>
   <div class='ocr_carea' id='block_1_2' title="bbox 2200 193 3797 289">
    <p class='ocr_par' dir='ltr' id='par_1_2' title="bbox 2200 193 3797 276">
     <span class='ocr_line' id='line_1_2' title="bbox 2200 193 3797 276; baseline -0.001 -2"><span class='ocrx_word' id='word_1_5' title='bbox 2200 219 2522 276; x_wconf 75' lang='lat' dir='ltr'><strong>lERONYMI</strong></span> <span class='ocrx_word' id='word_1_6' title='bbox 3163 193 3168 198; x_wconf 82' lang='grc'><em>’</em></span> <span class='ocrx_word' id='word_1_7' title='bbox 3705 217 3797 274; x_wconf 70' lang='lat' dir='ltr'><strong>6s</strong></span> 
     </span>
    </p>
   </div>
   <div class='ocr_carea' id='block_1_3' title="bbox 459 342 3792 417">
    <p class='ocr_par' dir='ltr' id='par_1_3' title="bbox 459 342 3792 417">
     <span class='ocr_line' id='line_1_3' title="bbox 459 342 3792 417; baseline -0.003 -9"><span class='ocrx_word' id='word_1_8' title='bbox 459 351 692 409; x_wconf 89' lang='lat' dir='ltr'><strong>rabilem</strong></span> <span class='ocrx_word' id='word_1_9' title='bbox 707 347 1483 417; x_wconf 88' lang='lat' dir='ltr'><strong>consiliarium,etsapientem</strong></span> <span class='ocrx_word' id='word_1_10' title='bbox 1498 343 1858 401; x_wconf 73' lang='lat' dir='ltr'><strong>architectum</strong></span> <span class='ocrx_word' id='word_1_11' title='bbox 1872 351 1927 398; x_wconf 91' lang='lat' dir='ltr'><strong>et</strong></span> <span class='ocrx_word' id='word_1_12' title='bbox 1942 359 2066 412; x_wconf 84' lang='lat' dir='ltr'><strong>pru-</strong></span> <span class='ocrx_word' id='word_1_13' title='bbox 2095 346 2148 407; x_wconf 79' lang='grc' dir='ltr'><strong>Α</strong></span> <span class='ocrx_word' id='word_1_14' title='bbox 2170 344 2318 401; x_wconf 93' lang='lat' dir='ltr'><strong>dotio</strong></span> <span class='ocrx_word' id='word_1_15' title='bbox 2347 343 2588 399; x_wconf 83' lang='lat' dir='ltr'><strong>illusores</strong></span> <span class='ocrx_word' id='word_1_16' title='bbox 2620 342 2960 414; x_wconf 86' lang='lat' dir='ltr'><strong>interpretati</strong></span> <span class='ocrx_word' id='word_1_17' title='bbox 2993 350 3141 409; x_wconf 91' lang='lat' dir='ltr'><strong>sunt,</strong></span> <span class='ocrx_word' id='word_1_18' title='bbox 3211 342 3402 410; x_wconf 84' lang='lat' dir='ltr'><strong>Aquila</strong></span> <span class='ocrx_word' id='word_1_19' title='bbox 3446 343 3792 410; x_wconf 79' lang='grc' dir='ltr'><strong>ἐναλλάκτας,</strong></span> 
     </span>
    </p>
   </div>
   <div class='ocr_carea' id='block_1_4' title="bbox 459 439 2065 512">
    <p class='ocr_par' dir='ltr' id='par_1_4' title="bbox 459 439 2065 512">
     <span class='ocr_line' id='line_1_4' title="bbox 459 439 2065 512; baseline -0.004 -10"><span class='ocrx_word' id='word_1_20' title='bbox 459 445 679 503; x_wconf 86' lang='lat' dir='ltr'><strong>dentem</strong></span> <span class='ocrx_word' id='word_1_21' title='bbox 702 446 1029 505; x_wconf 89' lang='lat' dir='ltr'><strong>auditorem,</strong></span> <span class='ocrx_word' id='word_1_22' title='bbox 1047 450 1155 497; x_wconf 91' lang='lat' dir='ltr'><strong>etc.</strong></span> <span class='ocrx_word' id='word_1_23' title='bbox 1175 439 1282 495; x_wconf 89' lang='lat' dir='ltr'><strong>Pro</strong></span> <span class='ocrx_word' id='word_1_24' title='bbox 1295 439 1382 494; x_wconf 87' lang='lat' dir='ltr'><strong>his</strong></span> <span class='ocrx_word' id='word_1_25' title='bbox 1397 439 1540 495; x_wconf 82' lang='lat' dir='ltr'><strong>dabo</strong></span> <span class='ocrx_word' id='word_1_26' title='bbox 1553 455 1754 512; x_wconf 90' lang='lat' dir='ltr'><strong>pueros</strong></span> <span class='ocrx_word' id='word_1_27' title='bbox 1766 440 2065 512; x_wconf 85' lang='lat' dir='ltr'><strong>principes.</strong></span> 
     </span>
    </p>
   </div>
   <div class='ocr_carea' id='block_1_5' title="bbox 472 531 2074 606">
    <p class='ocr_par' dir='ltr' id='par_1_5' title="bbox 472 531 2074 606">
     <span class='ocr_line' id='line_1_5' title="bbox 472 531 2074 606; baseline -0.004 -12"><span class='ocrx_word' id='word_1_28' title='bbox 472 537 576 606; x_wconf 82' lang='lat' dir='ltr'><strong>Qui</strong></span> <span class='ocrx_word' id='word_1_29' title='bbox 610 537 754 594; x_wconf 88' lang='lat' dir='ltr'><strong>enim</strong></span> <span class='ocrx_word' id='word_1_30' title='bbox 779 533 1158 606; x_wconf 75' lang='lat' dir='ltr'><strong>presbyterum</strong></span> <span class='ocrx_word' id='word_1_31' title='bbox 1189 531 1566 602; x_wconf 89' lang='lat' dir='ltr'><strong>perdiderunt,</strong></span> <span class='ocrx_word' id='word_1_32' title='bbox 1585 532 1798 602; x_wconf 89' lang='lat' dir='ltr'><strong>qualem</strong></span> <span class='ocrx_word' id='word_1_33' title='bbox 1822 532 2074 603; x_wconf 79' lang='lat' dir='ltr'><strong>superior</strong></span> 
     </span>
    </p>
   </div>
   <div class='ocr_carea' id='block_1_6' title="bbox 467 623 2069 700">
    <p class='ocr_par' dir='ltr' id='par_1_6' title="bbox 467 623 2069 700">
     <span class='ocr_line' id='line_1_6' title="bbox 467 623 2069 700; baseline -0.004 -15"><span class='ocrx_word' id='word_1_34' title='bbox 467 643 652 686; x_wconf 87' lang='lat' dir='ltr'><strong>sermo</strong></span> <span class='ocrx_word' id='word_1_35' title='bbox 681 624 1001 700; x_wconf 83' lang='lat' dir='ltr'><strong>[Al.servo]</strong></span> <span class='ocrx_word' id='word_1_36' title='bbox 1031 624 1375 690; x_wconf 74' lang='lat' dir='ltr'><strong>monstravit,</strong></span> <span class='ocrx_word' id='word_1_37' title='bbox 1398 624 1576 695; x_wconf 88' lang='lat' dir='ltr'><strong>qualis</strong></span> <span class='ocrx_word' id='word_1_38' title='bbox 1592 623 1936 679; x_wconf 87' lang='lat' dir='ltr'><strong>etAbraltam</strong></span> <span class='ocrx_word' id='word_1_39' title='bbox 1954 624 2069 693; x_wconf 91' lang='lat' dir='ltr'><strong>pri-</strong></span> 
     </span>
    </p>
   </div>
   <div class='ocr_carea' id='block_1_7' title="bbox 463 717 2074 792">
    <p class='ocr_par' dir='ltr' id='par_1_7' title="bbox 463 717 2074 792">
     <span class='ocr_line' id='line_1_7' title="bbox 463 717 2074 792; baseline -0.005 -13"><span class='ocrx_word' id='word_1_40' title='bbox 463 736 588 779; x_wconf 85' lang='lat' dir='ltr'><strong>mus</strong></span> <span class='ocrx_word' id='word_1_41' title='bbox 610 721 917 792; x_wconf 89' lang='lat' dir='ltr'><strong>appellatus</strong></span> <span class='ocrx_word' id='word_1_42' title='bbox 954 727 1039 775; x_wconf 76' lang='lat' dir='ltr'><strong>est</strong></span> <span class='ocrx_word' id='word_1_43' title='bbox 1078 719 1389 790; x_wconf 86' lang='lat' dir='ltr'><strong>presbyter,</strong></span> <span class='ocrx_word' id='word_1_44' title='bbox 1424 727 1574 773; x_wconf 90' lang='lat' dir='ltr'><strong>recte</strong></span> <span class='ocrx_word' id='word_1_45' title='bbox 1609 718 1840 788; x_wconf 87' lang='lat' dir='ltr'><strong>juvenes</strong></span> <span class='ocrx_word' id='word_1_46' title='bbox 1874 717 2074 785; x_wconf 86' lang='lat' dir='ltr'><strong>princi-</strong></span> 
     </span>
    </p>
   </div>
   <div class='ocr_carea' id='block_1_8' title="bbox 465 808 2072 885">
    <p class='ocr_par' dir='ltr' id='par_1_8' title="bbox 465 808 2072 885">
     <span class='ocr_line' id='line_1_8' title="bbox 465 808 2072 885; baseline -0.003 -16"><span class='ocrx_word' id='word_1_47' title='bbox 465 827 563 885; x_wconf 86' lang='lat' dir='ltr'><strong>pes</strong></span> <span class='ocrx_word' id='word_1_48' title='bbox 592 811 870 881; x_wconf 87' lang='lat' dir='ltr'><strong>accipiunt</strong></span> <span class='ocrx_word' id='word_1_49' title='bbox 900 808 1116 882; x_wconf 85' lang='lat' dir='ltr'><strong>(Genes.</strong></span> <span class='ocrx_word' id='word_1_50' title='bbox 1151 809 1271 882; x_wconf 88' lang='lat' dir='ltr'><strong>vn).</strong></span> <span class='ocrx_word' id='word_1_51' title='bbox 1313 811 1386 864; x_wconf 89' lang='lat' dir='ltr'><strong>De</strong></span> <span class='ocrx_word' id='word_1_52' title='bbox 1425 810 1646 880; x_wconf 88' lang='lat' dir='ltr'><strong>quibus,</strong></span> <span class='ocrx_word' id='word_1_53' title='bbox 1693 817 1750 865; x_wconf 89' lang='lat' dir='ltr'><strong>et</strong></span> <span class='ocrx_word' id='word_1_54' title='bbox 1791 811 1844 864; x_wconf 91' lang='lat' dir='ltr'><strong>in</strong></span> <span class='ocrx_word' id='word_1_55' title='bbox 1884 809 2072 864; x_wconf 88' lang='lat' dir='ltr'><strong>Eccle-</strong></span> 
     </span>
    </p>
   </div>
   <div class='ocr_carea' id='block_1_9' title="bbox 463 903 2075 976">
    <p class='ocr_par' dir='ltr' id='par_1_9' title="bbox 463 903 2075 976">
     <span class='ocr_line' id='line_1_9' title="bbox 463 903 2075 976; baseline -0.004 -14"><span class='ocrx_word' id='word_1_56' title='bbox 463 906 636 962; x_wconf 86' lang='lat' dir='ltr'><strong>siaste</strong></span> <span class='ocrx_word' id='word_1_57' title='bbox 662 905 901 976; x_wconf 78' lang='lat' dir='ltr'><strong>legimus</strong></span> <span class='ocrx_word' id='word_1_58' title='bbox 929 921 942 956; x_wconf 88' lang='lat'>:</span> <span class='ocrx_word' id='word_1_59' title='bbox 985 903 1077 958; x_wconf 80' lang='lat' dir='ltr'><strong>Va:</strong></span> <span class='ocrx_word' id='word_1_60' title='bbox 1107 903 1198 957; x_wconf 88' lang='lat' dir='ltr'><strong>tibi</strong></span> <span class='ocrx_word' id='word_1_61' title='bbox 1225 904 1428 970; x_wconf 79' lang='lat' dir='ltr'><strong>civitas,</strong></span> <span class='ocrx_word' id='word_1_62' title='bbox 1461 906 1612 976; x_wconf 88' lang='lat' dir='ltr'><strong>cujus</strong></span> <span class='ocrx_word' id='word_1_63' title='bbox 1647 920 1739 958; x_wconf 79' lang='lat' dir='ltr'><strong>rea;</strong></span> <span class='ocrx_word' id='word_1_64' title='bbox 1765 904 2000 976; x_wconf 82' lang='lat' dir='ltr'><strong>juvenis,</strong></span> <span class='ocrx_word' id='word_1_65' title='bbox 2027 911 2075 956; x_wconf 91' lang='lat' dir='ltr'><strong>et</strong></span> 
     </span>
    </p>
   </div>
   <div class='ocr_carea' id='block_1_10' title="bbox 466 996 2077 1072">
    <p class='ocr_par' dir='ltr' id='par_1_10' title="bbox 466 996 2077 1072">
     <span class='ocr_line' id='line_1_10' title="bbox 466 996 2077 1072; baseline -0.002 -18"><span class='ocrx_word' id='word_1_66' title='bbox 466 1001 732 1072; x_wconf 82' lang='lat' dir='ltr'><strong>principes</strong></span> <span class='ocrx_word' id='word_1_67' title='bbox 763 999 839 1052; x_wconf 89' lang='lat' dir='ltr'><strong>tui</strong></span> <span class='ocrx_word' id='word_1_68' title='bbox 868 1014 1020 1052; x_wconf 90' lang='lat' dir='ltr'><strong>mane</strong></span> <span class='ocrx_word' id='word_1_69' title='bbox 1061 998 1353 1052; x_wconf 82' lang='lat' dir='ltr'><strong>comedunt.</strong></span> <span class='ocrx_word' id='word_1_70' title='bbox 1387 996 1550 1051; x_wconf 87' lang='lat' dir='ltr'><strong>Beata</strong></span> <span class='ocrx_word' id='word_1_71' title='bbox 1591 1006 1747 1064; x_wconf 89' lang='lat' dir='ltr'><strong>terra,</strong></span> <span class='ocrx_word' id='word_1_72' title='bbox 1792 998 1942 1068; x_wconf 80' lang='lat' dir='ltr'><strong>cujus</strong></span> <span class='ocrx_word' id='word_1_73' title='bbox 1985 1012 2077 1050; x_wconf 62' lang='lat' dir='ltr'><strong>rex.</strong></span> 
     </span>
    </p>
   </div>
   <div class='ocr_carea' id='block_1_11' title="bbox 471 1089 2077 1163">
    <p class='ocr_par' dir='ltr' id='par_1_11' title="bbox 471 1089 2077 1163">
     <span class='ocr_line' id='line_1_11' title="bbox 471 1089 2077 1163; baseline 0 -18"><span class='ocrx_word' id='word_1_74' title='bbox 471 1092 616 1158; x_wconf 80' lang='lat' dir='ltr'><strong>filius</strong></span> <span class='ocrx_word' id='word_1_75' title='bbox 644 1091 992 1161; x_wconf 87' lang='lat' dir='ltr'><strong>ingenuorum</strong></span> <span class='ocrx_word' id='word_1_76' title='bbox 1020 1089 1192 1163; x_wconf 85' lang='lat' dir='ltr'><strong>(Eccl.</strong></span> <span class='ocrx_word' id='word_1_77' title='bbox 1213 1090 1403 1162; x_wconf 67' lang='lat' dir='ltr'><strong>x,16).</strong></span> <span class='ocrx_word' id='word_1_78' title='bbox 1431 1089 1579 1144; x_wconf 86' lang='lat' dir='ltr'><strong>Talis</strong></span> <span class='ocrx_word' id='word_1_79' title='bbox 1607 1089 1712 1144; x_wconf 83' lang='lat' dir='ltr'><strong>luit</strong></span> <span class='ocrx_word' id='word_1_80' title='bbox 1739 1105 1834 1145; x_wconf 90' lang='lat' dir='ltr'><strong>rex</strong></span> <span class='ocrx_word' id='word_1_81' title='bbox 1863 1089 2077 1159; x_wconf 79' lang='lat' dir='ltr'><strong>juvenis</strong></span> 
     </span>
    </p>
   </div>
   <div class='ocr_carea' id='block_1_12' title="bbox 473 1182 2075 1252">
    <p class='ocr_par' dir='ltr' id='par_1_12' title="bbox 473 1182 2075 1252">
     <span class='ocr_line' id='line_1_12' title="bbox 473 1182 2075 1252; baseline -0.001 -13"><span class='ocrx_word' id='word_1_82' title='bbox 473 1183 726 1239; x_wconf 80' lang='lat' dir='ltr'><strong>Roboam</strong></span> <span class='ocrx_word' id='word_1_83' title='bbox 761 1183 906 1237; x_wconf 84' lang='lat' dir='ltr'><strong>ﬁlius</strong></span> <span class='ocrx_word' id='word_1_84' title='bbox 936 1182 1270 1248; x_wconf 91' lang='lat' dir='ltr'><strong>Salomonis,</strong></span> <span class='ocrx_word' id='word_1_85' title='bbox 1304 1185 1394 1252; x_wconf 87' lang='lat' dir='ltr'><strong>qui</strong></span> <span class='ocrx_word' id='word_1_86' title='bbox 1437 1192 1658 1239; x_wconf 89' lang='lat' dir='ltr'><strong>secutus</strong></span> <span class='ocrx_word' id='word_1_87' title='bbox 1687 1193 1772 1239; x_wconf 90' lang='lat' dir='ltr'><strong>est</strong></span> <span class='ocrx_word' id='word_1_88' title='bbox 1814 1183 2075 1252; x_wconf 91' lang='lat' dir='ltr'><strong>juvenum</strong></span> 
     </span>
    </p>
   </div>
   <div class='ocr_carea' id='block_1_13' title="bbox 476 1274 2074 1347">
    <p class='ocr_par' dir='ltr' id='par_1_13' title="bbox 476 1274 2074 1347">
     <span class='ocr_line' id='line_1_13' title="bbox 476 1274 2074 1347; baseline -0.002 -16"><span class='ocrx_word' id='word_1_89' title='bbox 476 1275 707 1331; x_wconf 89' lang='lat' dir='ltr'><strong>consilia</strong></span> <span class='ocrx_word' id='word_1_90' title='bbox 735 1274 825 1347; x_wconf 77' lang='lat' dir='ltr'><strong>(lli</strong></span> <span class='ocrx_word' id='word_1_91' title='bbox 849 1274 980 1346; x_wconf 86' lang='lat' dir='ltr'><strong>Reg.</strong></span> <span class='ocrx_word' id='word_1_92' title='bbox 1007 1277 1129 1346; x_wconf 87' lang='lat' dir='ltr'><strong>xu).</strong></span> <span class='ocrx_word' id='word_1_93' title='bbox 1161 1274 1278 1330; x_wconf 86' lang='lat' dir='ltr'><strong>Non</strong></span> <span class='ocrx_word' id='word_1_94' title='bbox 1311 1275 1455 1344; x_wconf 87' lang='lat' dir='ltr'><strong>quod</strong></span> <span class='ocrx_word' id='word_1_95' title='bbox 1487 1284 1647 1330; x_wconf 66' lang='lat' dir='ltr'><strong>actate</strong></span> <span class='ocrx_word' id='word_1_96' title='bbox 1666 1284 1813 1330; x_wconf 82' lang='lat' dir='ltr'><strong>esset</strong></span> <span class='ocrx_word' id='word_1_97' title='bbox 1839 1275 2074 1344; x_wconf 86' lang='lat' dir='ltr'><strong>juvenis,</strong></span> 
     </span>
    </p>
   </div>
   <div class='ocr_carea' id='block_1_14' title="bbox 477 1364 2081 1437">
    <p class='ocr_par' dir='ltr' id='par_1_14' title="bbox 477 1364 2081 1437">
     <span class='ocr_line' id='line_1_14' title="bbox 477 1364 2081 1437; baseline -0.001 -17"><span class='ocrx_word' id='word_1_98' title='bbox 477 1364 577 1420; x_wconf 88' lang='lat' dir='ltr'><strong>sed</strong></span> <span class='ocrx_word' id='word_1_99' title='bbox 605 1366 896 1435; x_wconf 82' lang='lat' dir='ltr'><strong>sapientia.</strong></span> <span class='ocrx_word' id='word_1_100' title='bbox 929 1366 1146 1436; x_wconf 86' lang='lat' dir='ltr'><strong>Alioqui</strong></span> <span class='ocrx_word' id='word_1_101' title='bbox 1174 1365 1531 1437; x_wconf 79' lang='lat' dir='ltr'><strong>quadraginta</strong></span> <span class='ocrx_word' id='word_1_102' title='bbox 1562 1375 1620 1421; x_wconf 89' lang='lat' dir='ltr'><strong>et</strong></span> <span class='ocrx_word' id='word_1_103' title='bbox 1648 1365 1882 1436; x_wconf 87' lang='lat' dir='ltr'><strong>amplius</strong></span> <span class='ocrx_word' id='word_1_104' title='bbox 1907 1382 2081 1421; x_wconf 86' lang='lat' dir='ltr'><strong>anno-</strong></span> 
     </span>
    </p>
   </div>
   <div class='ocr_carea' id='block_1_15' title="bbox 474 1456 2080 1527">
    <p class='ocr_par' dir='ltr' id='par_1_15' title="bbox 474 1456 2080 1527">
     <span class='ocr_line' id='line_1_15' title="bbox 474 1456 2080 1527; baseline -0.001 -15"><span class='ocrx_word' id='word_1_105' title='bbox 474 1471 599 1512; x_wconf 85' lang='lat' dir='ltr'><strong>rum</strong></span> <span class='ocrx_word' id='word_1_106' title='bbox 629 1471 860 1526; x_wconf 79' lang='lat' dir='ltr'><strong>regnum</strong></span> <span class='ocrx_word' id='word_1_107' title='bbox 891 1458 1174 1527; x_wconf 86' lang='lat' dir='ltr'><strong>accepisse</strong></span> <span class='ocrx_word' id='word_1_108' title='bbox 1217 1465 1492 1512; x_wconf 91' lang='lat' dir='ltr'><strong>narratur.</strong></span> <span class='ocrx_word' id='word_1_109' title='bbox 1525 1456 1596 1512; x_wconf 90' lang='lat' dir='ltr'><strong>Et</strong></span> <span class='ocrx_word' id='word_1_110' title='bbox 1628 1458 1941 1512; x_wconf 91' lang='lat' dir='ltr'><strong>econtrario</strong></span> <span class='ocrx_word' id='word_1_111' title='bbox 1981 1456 2080 1513; x_wconf 89' lang='lat' dir='ltr'><strong>Sa-</strong></span> 
     </span>
    </p>
   </div>
   <div class='ocr_carea' id='block_1_16' title="bbox 478 1547 2082 1618">
    <p class='ocr_par' dir='ltr' id='par_1_16' title="bbox 478 1547 2082 1618">
     <span class='ocr_line' id='line_1_16' title="bbox 478 1547 2082 1618; baseline -0.001 -14"><span class='ocrx_word' id='word_1_112' title='bbox 478 1547 664 1604; x_wconf 89' lang='lat' dir='ltr'><strong>lomon</strong></span> <span class='ocrx_word' id='word_1_113' title='bbox 723 1548 1012 1605; x_wconf 88' lang='lat' dir='ltr'><strong>duodecim</strong></span> <span class='ocrx_word' id='word_1_114' title='bbox 1070 1564 1340 1603; x_wconf 89' lang='lat' dir='ltr'><strong>annorum</strong></span> <span class='ocrx_word' id='word_1_115' title='bbox 1405 1560 1522 1603; x_wconf 92' lang='lat' dir='ltr'><strong>erat</strong></span> <span class='ocrx_word' id='word_1_116' title='bbox 1578 1549 1795 1618; x_wconf 86' lang='lat' dir='ltr'><strong>quando</strong></span> <span class='ocrx_word' id='word_1_117' title='bbox 1839 1548 2082 1618; x_wconf 88' lang='lat' dir='ltr'><strong>suscepit</strong></span> 
     </span>
    </p>
   </div>
   <div class='ocr_carea' id='block_1_17' title="bbox 476 1639 2077 1711">
    <p class='ocr_par' dir='ltr' id='par_1_17' title="bbox 476 1639 2077 1711">
     <span class='ocr_line' id='line_1_17' title="bbox 476 1639 2077 1711; baseline -0.001 -15"><span class='ocrx_word' id='word_1_118' title='bbox 476 1639 794 1711; x_wconf 90' lang='lat' dir='ltr'><strong>imperium,</strong></span> <span class='ocrx_word' id='word_1_119' title='bbox 843 1650 899 1696; x_wconf 91' lang='lat' dir='ltr'><strong>et</strong></span> <span class='ocrx_word' id='word_1_120' title='bbox 945 1642 1071 1711; x_wconf 88' lang='lat' dir='ltr'><strong>quia</strong></span> <span class='ocrx_word' id='word_1_121' title='bbox 1123 1641 1356 1696; x_wconf 81' lang='lat' dir='ltr'><strong>habebat</strong></span> <span class='ocrx_word' id='word_1_122' title='bbox 1402 1641 1745 1710; x_wconf 82' lang='lat' dir='ltr'><strong>sapientiam,</strong></span> <span class='ocrx_word' id='word_1_123' title='bbox 1789 1652 2077 1711; x_wconf 84' lang='lat' dir='ltr'><strong>propterea</strong></span> 
     </span>
    </p>
   </div>
   <div class='ocr_carea' id='block_1_18' title="bbox 2171 434 3802 506">
    <p class='ocr_par' dir='ltr' id='par_1_18' title="bbox 2171 434 3802 506">
     <span class='ocr_line' id='line_1_18' title="bbox 2171 434 3802 506; baseline 0 -16"><span class='ocrx_word' id='word_1_124' title='bbox 2171 437 2261 505; x_wconf 87' lang='lat' dir='ltr'><strong>qtti</strong></span> <span class='ocrx_word' id='word_1_125' title='bbox 2292 451 2351 491; x_wconf 91' lang='lat' dir='ltr'><strong>se</strong></span> <span class='ocrx_word' id='word_1_126' title='bbox 2392 443 2624 501; x_wconf 89' lang='lat' dir='ltr'><strong>mutent,</strong></span> <span class='ocrx_word' id='word_1_127' title='bbox 2649 446 2701 491; x_wconf 91' lang='lat' dir='ltr'><strong>et</strong></span> <span class='ocrx_word' id='word_1_128' title='bbox 2736 434 3083 506; x_wconf 89' lang='lat' dir='ltr'><strong>turpitudinis</strong></span> <span class='ocrx_word' id='word_1_129' title='bbox 3110 442 3406 490; x_wconf 83' lang='lat' dir='ltr'><strong>exerceant</strong></span> <span class='ocrx_word' id='word_1_130' title='bbox 3434 435 3605 490; x_wconf 91' lang='lat' dir='ltr'><strong>vices.</strong></span> <span class='ocrx_word' id='word_1_131' title='bbox 3634 436 3802 502; x_wconf 86' lang='lat' dir='ltr'><strong>Qua-</strong></span> 
     </span>
    </p>
   </div>
   <div class='ocr_carea' id='block_1_19' title="bbox 2171 526 3800 597">
    <p class='ocr_par' dir='ltr' id='par_1_19' title="bbox 2171 526 3800 597">
     <span class='ocr_line' id='line_1_19' title="bbox 2171 526 3800 597; baseline -0.001 -13"><span class='ocrx_word' id='word_1_132' title='bbox 2171 529 2251 584; x_wconf 90' lang='lat' dir='ltr'><strong>les</strong></span> <span class='ocrx_word' id='word_1_133' title='bbox 2289 528 2342 583; x_wconf 91' lang='lat' dir='ltr'><strong>in</strong></span> <span class='ocrx_word' id='word_1_134' title='bbox 2373 528 2621 584; x_wconf 74' lang='lat' dir='ltr'><strong>Iudicum</strong></span> <span class='ocrx_word' id='word_1_135' title='bbox 2655 527 2793 582; x_wconf 92' lang='lat' dir='ltr'><strong>libro</strong></span> <span class='ocrx_word' id='word_1_136' title='bbox 2829 542 2994 597; x_wconf 85' lang='lat' dir='ltr'><strong>super</strong></span> <span class='ocrx_word' id='word_1_137' title='bbox 3019 526 3320 582; x_wconf 88' lang='lat' dir='ltr'><strong>concubina</strong></span> <span class='ocrx_word' id='word_1_138' title='bbox 3346 526 3560 582; x_wconf 68' lang='lat' dir='ltr'><strong>Levita:</strong></span> <span class='ocrx_word' id='word_1_139' title='bbox 3594 530 3648 581; x_wconf 88' lang='lat' dir='ltr'><strong>in</strong></span> <span class='ocrx_word' id='word_1_140' title='bbox 3671 526 3800 583; x_wconf 79' lang='lat' dir='ltr'><strong>Ga—</strong></span> 
     </span>
    </p>
   </div>
   <div class='ocr_carea' id='block_1_20' title="bbox 2171 617 3799 692">
    <p class='ocr_par' dir='ltr' id='par_1_20' title="bbox 2171 617 3799 692">
     <span class='ocr_line' id='line_1_20' title="bbox 2171 617 3799 692; baseline -0.002 -15"><span class='ocrx_word' id='word_1_141' title='bbox 2171 622 2272 677; x_wconf 88' lang='lat' dir='ltr'><strong>baa</strong></span> <span class='ocrx_word' id='word_1_142' title='bbox 2304 621 2532 691; x_wconf 79' lang='lat' dir='ltr'><strong>legimus</strong></span> <span class='ocrx_word' id='word_1_143' title='bbox 2565 618 2768 692; x_wconf 83' lang='lat' dir='ltr'><strong>(Judic.</strong></span> <span class='ocrx_word' id='word_1_144' title='bbox 2812 619 2947 691; x_wconf 81' lang='lat' dir='ltr'><strong>xix).</strong></span> <span class='ocrx_word' id='word_1_145' title='bbox 2993 617 3421 674; x_wconf 88' lang='lat' dir='ltr'><strong>Consideremus</strong></span> <span class='ocrx_word' id='word_1_146' title='bbox 3467 627 3493 656; x_wconf 74' lang='grc' dir='ltr'><strong>α</strong></span> <span class='ocrx_word' id='word_1_147' title='bbox 3539 619 3799 674; x_wconf 80' lang='lat' dir='ltr'><strong>Patriar—</strong></span> 
     </span>
    </p>
   </div>
   <div class='ocr_carea' id='block_1_21' title="bbox 2172 711 3799 784">
    <p class='ocr_par' dir='ltr' id='par_1_21' title="bbox 2172 711 3799 784">
     <span class='ocr_line' id='line_1_21' title="bbox 2172 711 3799 784; baseline -0.002 -14"><span class='ocrx_word' id='word_1_148' title='bbox 2172 715 2302 770; x_wconf 89' lang='lat' dir='ltr'><strong>chas</strong></span> <span class='ocrx_word' id='word_1_149' title='bbox 2351 713 2682 779; x_wconf 70' lang='lat' dir='ltr'><strong>Iudaeorum,</strong></span> <span class='ocrx_word' id='word_1_150' title='bbox 2718 721 2771 768; x_wconf 93' lang='lat' dir='ltr'><strong>et</strong></span> <span class='ocrx_word' id='word_1_151' title='bbox 2797 713 3033 784; x_wconf 89' lang='lat' dir='ltr'><strong>juvenes</strong></span> <span class='ocrx_word' id='word_1_152' title='bbox 3082 712 3199 767; x_wconf 86' lang='lat' dir='ltr'><strong>sive</strong></span> <span class='ocrx_word' id='word_1_153' title='bbox 3247 726 3465 780; x_wconf 91' lang='lat' dir='ltr'><strong>pueros,</strong></span> <span class='ocrx_word' id='word_1_154' title='bbox 3495 711 3799 768; x_wconf 81' lang='lat' dir='ltr'><strong>effemina-</strong></span> 
     </span>
    </p>
   </div>
   <div class='ocr_carea' id='block_1_22' title="bbox 2176 803 3800 876">
    <p class='ocr_par' dir='ltr' id='par_1_22' title="bbox 2176 803 3800 876">
     <span class='ocr_line' id='line_1_22' title="bbox 2176 803 3800 876; baseline -0.001 -16"><span class='ocrx_word' id='word_1_155' title='bbox 2176 814 2366 876; x_wconf 89' lang='lat' dir='ltr'><strong>tosque</strong></span> <span class='ocrx_word' id='word_1_156' title='bbox 2414 820 2476 860; x_wconf 86' lang='lat' dir='ltr'><strong>ac</strong></span> <span class='ocrx_word' id='word_1_157' title='bbox 2501 805 2712 860; x_wconf 82' lang='lat' dir='ltr'><strong>deliciis</strong></span> <span class='ocrx_word' id='word_1_158' title='bbox 2757 803 3084 872; x_wconf 82' lang='lat' dir='ltr'><strong>afﬂuentes,</strong></span> <span class='ocrx_word' id='word_1_159' title='bbox 3120 816 3177 859; x_wconf 91' lang='lat' dir='ltr'><strong>et</strong></span> <span class='ocrx_word' id='word_1_160' title='bbox 3232 804 3512 874; x_wconf 87' lang='lat' dir='ltr'><strong>impletam</strong></span> <span class='ocrx_word' id='word_1_161' title='bbox 3545 805 3800 876; x_wconf 84' lang='lat' dir='ltr'><strong>prophe-</strong></span> 
     </span>
    </p>
   </div>
   <div class='ocr_carea' id='block_1_23' title="bbox 2175 896 3799 954">
    <p class='ocr_par' dir='ltr' id='par_1_23' title="bbox 2175 896 3799 954">
     <span class='ocr_line' id='line_1_23' title="bbox 2175 896 3799 954; baseline 0 -2"><span class='ocrx_word' id='word_1_162' title='bbox 2175 899 2304 953; x_wconf 85' lang='lat' dir='ltr'><strong>tiam</strong></span> <span class='ocrx_word' id='word_1_163' title='bbox 2333 912 2456 953; x_wconf 90' lang='lat' dir='ltr'><strong>esse</strong></span> <span class='ocrx_word' id='word_1_164' title='bbox 2483 911 2791 953; x_wconf 88' lang='lat' dir='ltr'><strong>cernemus.</strong></span> <span class='ocrx_word' id='word_1_165' title='bbox 2843 896 3140 952; x_wconf 89' lang='lat' dir='ltr'><strong>Possumus</strong></span> <span class='ocrx_word' id='word_1_166' title='bbox 3192 896 3444 952; x_wconf 90' lang='lat' dir='ltr'><strong>illusores</strong></span> <span class='ocrx_word' id='word_1_167' title='bbox 3493 897 3680 953; x_wconf 89' lang='lat' dir='ltr'><strong>dicere</strong></span> <span class='ocrx_word' id='word_1_168' title='bbox 3731 907 3799 954; x_wconf 87' lang='lat' dir='ltr'><strong>et</strong></span> 
     </span>
    </p>
   </div>
   <div class='ocr_carea' id='block_1_24' title="bbox 2177 989 3790 1060">
    <p class='ocr_par' dir='ltr' id='par_1_24' title="bbox 2177 989 3790 1060">
     <span class='ocr_line' id='line_1_24' title="bbox 2177 989 3790 1060; baseline -0.001 -15"><span class='ocrx_word' id='word_1_169' title='bbox 2177 991 2466 1058; x_wconf 81' lang='lat' dir='ltr'><strong>magistros</strong></span> <span class='ocrx_word' id='word_1_170' title='bbox 2491 989 2677 1060; x_wconf 88' lang='lat' dir='ltr'><strong>populi</strong></span> <span class='ocrx_word' id='word_1_171' title='bbox 2701 989 2888 1057; x_wconf 84' lang='lat' dir='ltr'><strong>Israel,</strong></span> <span class='ocrx_word' id='word_1_172' title='bbox 2922 990 3015 1060; x_wconf 91' lang='lat' dir='ltr'><strong>qui</strong></span> <span class='ocrx_word' id='word_1_173' title='bbox 3044 989 3314 1044; x_wconf 81' lang='lat' dir='ltr'><strong>devorant</strong></span> <span class='ocrx_word' id='word_1_174' title='bbox 3347 990 3604 1059; x_wconf 89' lang='lat' dir='ltr'><strong>populum</strong></span> <span class='ocrx_word' id='word_1_175' title='bbox 3659 990 3790 1060; x_wconf 85' lang='lat' dir='ltr'><strong>Dei,</strong></span> 
     </span>
    </p>
   </div>
   <div class='ocr_carea' id='block_1_25' title="bbox 2177 1081 3798 1152">
    <p class='ocr_par' dir='ltr' id='par_1_25' title="bbox 2177 1081 3798 1152">
     <span class='ocr_line' id='line_1_25' title="bbox 2177 1081 3798 1152; baseline 0.002 -16"><span class='ocrx_word' id='word_1_176' title='bbox 2177 1083 2522 1137; x_wconf 79' lang='lat' dir='ltr'><strong>sit-utescam</strong></span> <span class='ocrx_word' id='word_1_177' title='bbox 2563 1082 2745 1152; x_wconf 89' lang='lat' dir='ltr'><strong>panis,</strong></span> <span class='ocrx_word' id='word_1_178' title='bbox 2777 1090 2833 1136; x_wconf 89' lang='lat' dir='ltr'><strong>et</strong></span> <span class='ocrx_word' id='word_1_179' title='bbox 2881 1097 3138 1152; x_wconf 85' lang='lat' dir='ltr'><strong>perverse</strong></span> <span class='ocrx_word' id='word_1_180' title='bbox 3196 1081 3511 1150; x_wconf 74' lang='lat' dir='ltr'><strong>Scripturas</strong></span> <span class='ocrx_word' id='word_1_181' title='bbox 3560 1092 3798 1139; x_wconf 87' lang='lat' dir='ltr'><strong>sanctas</strong></span> 
     </span>
    </p>
   </div>
   <div class='ocr_carea' id='block_1_26' title="bbox 2180 1174 3753 1245">
    <p class='ocr_par' dir='ltr' id='par_1_26' title="bbox 2180 1174 3753 1245">
     <span class='ocr_line' id='line_1_26' title="bbox 2180 1174 3753 1245; baseline -0.001 -14"><span class='ocrx_word' id='word_1_182' title='bbox 2180 1176 2630 1244; x_wconf 88' lang='lat' dir='ltr'><strong>interpretantur,</strong></span> <span class='ocrx_word' id='word_1_183' title='bbox 2658 1175 2995 1245; x_wconf 91' lang='lat' dir='ltr'><strong>illudnntque</strong></span> <span class='ocrx_word' id='word_1_184' title='bbox 3035 1174 3285 1228; x_wconf 68' lang='lat' dir='ltr'><strong>stultitia:</strong></span> <span class='ocrx_word' id='word_1_185' title='bbox 3324 1174 3753 1242; x_wconf 88' lang='lat' dir='ltr'><strong>discipulorum.</strong></span> 
     </span>
    </p>
   </div>
   <div class='ocr_carea' id='block_1_27' title="bbox 2252 1268 3798 1342">
    <p class='ocr_par' dir='ltr' id='par_1_27' title="bbox 2252 1268 3798 1342">
     <span class='ocr_line' id='line_1_27' title="bbox 2252 1268 3798 1342; baseline 0.001 -18"><span class='ocrx_word' id='word_1_186' title='bbox 2252 1270 2427 1338; x_wconf 88' lang='lat' dir='ltr'><strong>(Vers.</strong></span> <span class='ocrx_word' id='word_1_187' title='bbox 2469 1269 2548 1340; x_wconf 87' lang='lat'><strong>5.)</strong></span> <span class='ocrx_word' id='word_1_188' title='bbox 2590 1268 2656 1322; x_wconf 87' lang='lat' dir='ltr'><strong>Et</strong></span> <span class='ocrx_word' id='word_1_189' title='bbox 2687 1280 2894 1324; x_wconf 87' lang='lat' dir='ltr'><strong>corruet</strong></span> <span class='ocrx_word' id='word_1_190' title='bbox 2941 1271 3169 1342; x_wconf 88' lang='lat' dir='ltr'><strong>papulus</strong></span> <span class='ocrx_word' id='word_1_191' title='bbox 3197 1271 3275 1324; x_wconf 83' lang='lat' dir='ltr'><strong>vir</strong></span> <span class='ocrx_word' id='word_1_192' title='bbox 3303 1270 3372 1324; x_wconf 87' lang='lat' dir='ltr'><strong>ad</strong></span> <span class='ocrx_word' id='word_1_193' title='bbox 3400 1271 3588 1336; x_wconf 84' lang='lat' dir='ltr'><strong>virum,</strong></span> <span class='ocrx_word' id='word_1_194' title='bbox 3621 1288 3798 1326; x_wconf 83' lang='lat' dir='ltr'><strong>unus-</strong></span> 
     </span>
    </p>
   </div>
   <div class='ocr_carea' id='block_1_28' title="bbox 2179 1364 3800 1436">
    <p class='ocr_par' dir='ltr' id='par_1_28' title="bbox 2179 1364 3800 1436">
     <span class='ocr_line' id='line_1_28' title="bbox 2179 1364 3800 1436; baseline 0.002 -20"><span class='ocrx_word' id='word_1_195' title='bbox 2179 1364 2393 1436; x_wconf 87' lang='lat' dir='ltr'><strong>quisque</strong></span> <span class='ocrx_word' id='word_1_196' title='bbox 2413 1365 2484 1418; x_wconf 81' lang='lat' dir='ltr'><strong>ad</strong></span> <span class='ocrx_word' id='word_1_197' title='bbox 2511 1366 2805 1434; x_wconf 69' lang='lat' dir='ltr'><strong>proximum</strong></span> <span class='ocrx_word' id='word_1_198' title='bbox 2833 1381 2985 1419; x_wconf 86' lang='lat' dir='ltr'><strong>suum</strong></span> <span class='ocrx_word' id='word_1_199' title='bbox 3013 1382 3030 1419; x_wconf 93' lang='lat'><em>:</em></span> <span class='ocrx_word' id='word_1_200' title='bbox 3055 1365 3456 1419; x_wconf 83' lang='lat' dir='ltr'><strong>tumultuabitur</strong></span> <span class='ocrx_word' id='word_1_201' title='bbox 3480 1381 3609 1435; x_wconf 84' lang='lat' dir='ltr'><strong>puer</strong></span> <span class='ocrx_word' id='word_1_202' title='bbox 3655 1383 3800 1420; x_wconf 83' lang='lat' dir='ltr'><strong>con-</strong></span> 
     </span>
    </p>
   </div>
   <div class='ocr_carea' id='block_1_29' title="bbox 2181 1457 3803 1528">
    <p class='ocr_par' dir='ltr' id='par_1_29' title="bbox 2181 1457 3803 1528">
     <span class='ocr_line' id='line_1_29' title="bbox 2181 1457 3803 1528; baseline 0.003 -19"><span class='ocrx_word' id='word_1_203' title='bbox 2181 1465 2261 1509; x_wconf 89' lang='lat' dir='ltr'><strong>tra</strong></span> <span class='ocrx_word' id='word_1_204' title='bbox 2291 1472 2483 1524; x_wconf 86' lang='lat' dir='ltr'><strong>senem,</strong></span> <span class='ocrx_word' id='word_1_205' title='bbox 2521 1467 2569 1511; x_wconf 89' lang='lat' dir='ltr'><strong>et</strong></span> <span class='ocrx_word' id='word_1_206' title='bbox 2607 1458 2852 1528; x_wconf 78' lang='lat' dir='ltr'><strong>ignobilis</strong></span> <span class='ocrx_word' id='word_1_207' title='bbox 2883 1467 3063 1512; x_wconf 87' lang='lat' dir='ltr'><strong>contra</strong></span> <span class='ocrx_word' id='word_1_208' title='bbox 3101 1457 3343 1511; x_wconf 77' lang='lat' dir='ltr'><strong>nobilem.</strong></span> <span class='ocrx_word' id='word_1_209' title='bbox 3375 1457 3608 1526; x_wconf 88' lang='lat' dir='ltr'><strong>Quando</strong></span> <span class='ocrx_word' id='word_1_210' title='bbox 3631 1457 3803 1528; x_wconf 85' lang='lat' dir='ltr'><strong>juve-</strong></span> 
     </span>
    </p>
   </div>
   <div class='ocr_carea' id='block_1_30' title="bbox 2182 1548 3802 1619">
    <p class='ocr_par' dir='ltr' id='par_1_30' title="bbox 2182 1548 3802 1619">
     <span class='ocr_line' id='line_1_30' title="bbox 2182 1548 3802 1619; baseline 0.001 -15"><span class='ocrx_word' id='word_1_211' title='bbox 2182 1563 2278 1604; x_wconf 91' lang='lat' dir='ltr'><strong>nes</strong></span> <span class='ocrx_word' id='word_1_212' title='bbox 2325 1548 2526 1603; x_wconf 88' lang='lat' dir='ltr'><strong>l&#39;uerint</strong></span> <span class='ocrx_word' id='word_1_213' title='bbox 2577 1550 2877 1618; x_wconf 90' lang='lat' dir='ltr'><strong>principes,</strong></span> <span class='ocrx_word' id='word_1_214' title='bbox 2908 1559 2964 1604; x_wconf 89' lang='lat' dir='ltr'><strong>et</strong></span> <span class='ocrx_word' id='word_1_215' title='bbox 3011 1551 3266 1605; x_wconf 86' lang='lat' dir='ltr'><strong>illusnres</strong></span> <span class='ocrx_word' id='word_1_216' title='bbox 3309 1552 3569 1617; x_wconf 89' lang='lat' dir='ltr'><strong>Domini,</strong></span> <span class='ocrx_word' id='word_1_217' title='bbox 3599 1551 3802 1619; x_wconf 88' lang='lat' dir='ltr'><strong>quales</strong></span> 
     </span>
    </p>
   </div>
   <div class='ocr_carea' id='block_1_31' title="bbox 2185 1639 3796 1711">
    <p class='ocr_par' dir='ltr' id='par_1_31' title="bbox 2185 1639 3796 1711">
     <span class='ocr_line' id='line_1_31' title="bbox 2185 1639 3796 1711; baseline 0.001 -16"><span class='ocrx_word' id='word_1_218' title='bbox 2185 1639 2538 1710; x_wconf 80' lang='lat' dir='ltr'><strong>propheticus</strong></span> <span class='ocrx_word' id='word_1_219' title='bbox 2597 1654 2779 1694; x_wconf 89' lang='lat' dir='ltr'><strong>sermo</strong></span> <span class='ocrx_word' id='word_1_220' title='bbox 2820 1639 3102 1708; x_wconf 83' lang='lat' dir='ltr'><strong>describit,</strong></span> <span class='ocrx_word' id='word_1_221' title='bbox 3139 1651 3269 1696; x_wconf 91' lang='lat' dir='ltr'><strong>tunc</strong></span> <span class='ocrx_word' id='word_1_222' title='bbox 3317 1657 3417 1697; x_wconf 90' lang='lat' dir='ltr'><strong>nec</strong></span> <span class='ocrx_word' id='word_1_223' title='bbox 3470 1642 3796 1711; x_wconf 80' lang='lat' dir='ltr'><strong>dignitatis,</strong></span> 
     </span>
    </p>
   </div>
   <div class='ocr_carea' id='block_1_32' title="bbox 478 1729 3802 1804">
    <p class='ocr_par' dir='ltr' id='par_1_32' title="bbox 478 1729 3802 1804">
     <span class='ocr_line' id='line_1_32' title="bbox 478 1729 3802 1804; baseline -0.001 -15"><span class='ocrx_word' id='word_1_224' title='bbox 478 1748 586 1789; x_wconf 91' lang='lat' dir='ltr'><strong>non</strong></span> <span class='ocrx_word' id='word_1_225' title='bbox 611 1741 696 1788; x_wconf 91' lang='lat' dir='ltr'><strong>est</strong></span> <span class='ocrx_word' id='word_1_226' title='bbox 722 1733 1032 1804; x_wconf 89' lang='lat' dir='ltr'><strong>appellatus</strong></span> <span class='ocrx_word' id='word_1_227' title='bbox 1055 1733 1291 1804; x_wconf 89' lang='lat' dir='ltr'><strong>juvenis.</strong></span> <span class='ocrx_word' id='word_1_228' title='bbox 1318 1733 1451 1788; x_wconf 86' lang='lat' dir='ltr'><strong>Erat</strong></span> <span class='ocrx_word' id='word_1_229' title='bbox 1479 1735 1626 1789; x_wconf 92' lang='lat' dir='ltr'><strong>enim</strong></span> <span class='ocrx_word' id='word_1_230' title='bbox 1658 1734 1713 1788; x_wconf 92' lang='lat' dir='ltr'><strong>in</strong></span> <span class='ocrx_word' id='word_1_231' title='bbox 1755 1749 1821 1788; x_wconf 92' lang='lat' dir='ltr'><strong>eo</strong></span> <span class='ocrx_word' id='word_1_232' title='bbox 1853 1733 2082 1787; x_wconf 90' lang='lat' dir='ltr'><strong>latitudo</strong></span> <span class='ocrx_word' id='word_1_233' title='bbox 2112 1729 2157 1788; x_wconf 82' lang='grc' dir='ltr'><strong>Β</strong></span> <span class='ocrx_word' id='word_1_234' title='bbox 2187 1745 2284 1785; x_wconf 91' lang='lat' dir='ltr'><strong>nec</strong></span> <span class='ocrx_word' id='word_1_235' title='bbox 2310 1733 2506 1798; x_wconf 80' lang='lat' dir='ltr'><strong>aetatis,</strong></span> <span class='ocrx_word' id='word_1_236' title='bbox 2541 1745 2640 1785; x_wconf 91' lang='lat' dir='ltr'><strong>nec</strong></span> <span class='ocrx_word' id='word_1_237' title='bbox 2668 1730 2917 1785; x_wconf 71' lang='lat' dir='ltr'><strong>scientia:</strong></span> <span class='ocrx_word' id='word_1_238' title='bbox 2949 1731 3092 1786; x_wconf 88' lang='lat' dir='ltr'><strong>ullus</strong></span> <span class='ocrx_word' id='word_1_239' title='bbox 3133 1731 3268 1786; x_wconf 87' lang='lat' dir='ltr'><strong>ordo</strong></span> <span class='ocrx_word' id='word_1_240' title='bbox 3307 1733 3649 1797; x_wconf 76' lang='lat' dir='ltr'><strong>servabitur;</strong></span> <span class='ocrx_word' id='word_1_241' title='bbox 3694 1733 3802 1787; x_wconf 90' lang='lat' dir='ltr'><strong>sed</strong></span> 
     </span>
    </p>
   </div>
   <div class='ocr_carea' id='block_1_33' title="bbox 476 1825 2086 1897">
    <p class='ocr_par' dir='ltr' id='par_1_33' title="bbox 476 1825 2086 1897">
     <span class='ocr_line' id='line_1_33' title="bbox 476 1825 2086 1897; baseline -0.001 -15"><span class='ocrx_word' id='word_1_242' title='bbox 476 1826 682 1894; x_wconf 77' lang='lat' dir='ltr'><strong>cordis,</strong></span> <span class='ocrx_word' id='word_1_243' title='bbox 724 1835 780 1882; x_wconf 89' lang='lat' dir='ltr'><strong>et</strong></span> <span class='ocrx_word' id='word_1_244' title='bbox 808 1825 1115 1897; x_wconf 88' lang='lat' dir='ltr'><strong>amplitudo</strong></span> <span class='ocrx_word' id='word_1_245' title='bbox 1159 1827 1444 1897; x_wconf 83' lang='lat' dir='ltr'><strong>sapientiae</strong></span> <span class='ocrx_word' id='word_1_246' title='bbox 1486 1837 1689 1897; x_wconf 87' lang='lat' dir='ltr'><strong>quanta</strong></span> <span class='ocrx_word' id='word_1_247' title='bbox 1721 1841 1887 1883; x_wconf 89' lang='lat' dir='ltr'><strong>arena</strong></span> <span class='ocrx_word' id='word_1_248' title='bbox 1919 1835 2002 1880; x_wconf 91' lang='lat' dir='ltr'><strong>est</strong></span> <span class='ocrx_word' id='word_1_249' title='bbox 2032 1825 2086 1880; x_wconf 92' lang='lat' dir='ltr'><strong>in</strong></span> 
     </span>
    </p>
   </div>
   <div class='ocr_carea' id='block_1_34' title="bbox 479 1917 2091 1987">
    <p class='ocr_par' dir='ltr' id='par_1_34' title="bbox 479 1917 2091 1987">
     <span class='ocr_line' id='line_1_34' title="bbox 479 1917 2091 1987; baseline -0.001 -14"><span class='ocrx_word' id='word_1_250' title='bbox 479 1917 650 1974; x_wconf 91' lang='lat' dir='ltr'><strong>maris</strong></span> <span class='ocrx_word' id='word_1_251' title='bbox 679 1919 976 1972; x_wconf 74' lang='lat' dir='ltr'><strong>littoribus.</strong></span> <span class='ocrx_word' id='word_1_252' title='bbox 1007 1917 1166 1973; x_wconf 90' lang='lat' dir='ltr'><strong>Unde</strong></span> <span class='ocrx_word' id='word_1_253' title='bbox 1188 1925 1245 1973; x_wconf 86' lang='lat' dir='ltr'><strong>et</strong></span> <span class='ocrx_word' id='word_1_254' title='bbox 1274 1918 1568 1987; x_wconf 76' lang='lat' dir='ltr'><strong>Apostolus</strong></span> <span class='ocrx_word' id='word_1_255' title='bbox 1594 1918 1787 1972; x_wconf 89' lang='lat' dir='ltr'><strong>scribit</strong></span> <span class='ocrx_word' id='word_1_256' title='bbox 1813 1919 1879 1972; x_wconf 92' lang='lat' dir='ltr'><strong>ad</strong></span> <span class='ocrx_word' id='word_1_257' title='bbox 1909 1918 2091 1972; x_wconf 86' lang='lat' dir='ltr'><strong>Timo-</strong></span> 
     </span>
    </p>
   </div>
   <div class='ocr_carea' id='block_1_35' title="bbox 479 2005 2084 2079">
    <p class='ocr_par' dir='ltr' id='par_1_35' title="bbox 479 2005 2084 2079">
     <span class='ocr_line' id='line_1_35' title="bbox 479 2005 2084 2079; baseline -0.002 -15"><span class='ocrx_word' id='word_1_258' title='bbox 479 2008 667 2064; x_wconf 79' lang='lat' dir='ltr'><strong>theuut</strong></span> <span class='ocrx_word' id='word_1_259' title='bbox 688 2049 702 2072; x_wconf 91' lang='lat'><strong>,</strong></span> <span class='ocrx_word' id='word_1_260' title='bbox 740 2005 912 2062; x_wconf 87' lang='lat' dir='ltr'><strong>Nemo</strong></span> <span class='ocrx_word' id='word_1_261' title='bbox 942 2007 1355 2062; x_wconf 83' lang='lat' dir='ltr'><strong>adolescentiam</strong></span> <span class='ocrx_word' id='word_1_262' title='bbox 1385 2019 1526 2060; x_wconf 88' lang='lat' dir='ltr'><strong>tuam</strong></span> <span class='ocrx_word' id='word_1_263' title='bbox 1573 2018 1863 2064; x_wconf 79' lang='lat' dir='ltr'><strong>contemnat</strong></span> <span class='ocrx_word' id='word_1_264' title='bbox 1891 2007 2084 2079; x_wconf 85' lang='lat' dir='ltr'><strong>(lTim.</strong></span> 
     </span>
    </p>
   </div>
   <div class='ocr_carea' id='block_1_36' title="bbox 481 2096 2086 2170">
    <p class='ocr_par' dir='ltr' id='par_1_36' title="bbox 481 2096 2086 2170">
     <span class='ocr_line' id='line_1_36' title="bbox 481 2096 2086 2170; baseline 0.002 -17"><span class='ocrx_word' id='word_1_265' title='bbox 481 2114 553 2167; x_wconf 87' lang='lat' dir='ltr'><strong>tv,</strong></span> <span class='ocrx_word' id='word_1_266' title='bbox 587 2096 699 2170; x_wconf 69' lang='grc' dir='ltr'>η).</span> <span class='ocrx_word' id='word_1_267' title='bbox 724 2098 831 2165; x_wconf 88' lang='lat' dir='ltr'><strong>Qui</strong></span> <span class='ocrx_word' id='word_1_268' title='bbox 853 2100 997 2154; x_wconf 90' lang='lat' dir='ltr'><strong>enim</strong></span> <span class='ocrx_word' id='word_1_269' title='bbox 1030 2107 1190 2154; x_wconf 75' lang='lat' dir='ltr'><strong>relate</strong></span> <span class='ocrx_word' id='word_1_270' title='bbox 1213 2100 1430 2168; x_wconf 86' lang='lat' dir='ltr'><strong>juvenis</strong></span> <span class='ocrx_word' id='word_1_271' title='bbox 1451 2111 1554 2167; x_wconf 90' lang='lat' dir='ltr'><strong>est,</strong></span> <span class='ocrx_word' id='word_1_272' title='bbox 1584 2101 1896 2156; x_wconf 87' lang='lat' dir='ltr'><strong>maturitate</strong></span> <span class='ocrx_word' id='word_1_273' title='bbox 1921 2115 2086 2155; x_wconf 87' lang='lat' dir='ltr'><strong>senex</strong></span> 
     </span>
    </p>
   </div>
   <div class='ocr_carea' id='block_1_37' title="bbox 483 2190 2091 2264">
    <p class='ocr_par' dir='ltr' id='par_1_37' title="bbox 483 2190 2091 2264">
     <span class='ocr_line' id='line_1_37' title="bbox 483 2190 2091 2264; baseline 0.001 -19"><span class='ocrx_word' id='word_1_274' title='bbox 483 2199 589 2246; x_wconf 88' lang='lat' dir='ltr'><strong>est.</strong></span> <span class='ocrx_word' id='word_1_275' title='bbox 627 2191 691 2244; x_wconf 83' lang='lat' dir='ltr'><strong>Et</strong></span> <span class='ocrx_word' id='word_1_276' title='bbox 734 2191 922 2245; x_wconf 78' lang='lat' dir='ltr'><strong>Daniel</strong></span> <span class='ocrx_word' id='word_1_277' title='bbox 970 2190 1125 2260; x_wconf 80' lang='lat' dir='ltr'><strong>juxta</strong></span> <span class='ocrx_word' id='word_1_278' title='bbox 1156 2190 1590 2248; x_wconf 91' lang='lat' dir='ltr'><strong>Tbeodotionem</strong></span> <span class='ocrx_word' id='word_1_279' title='bbox 1635 2202 1922 2263; x_wconf 88' lang='lat' dir='ltr'><strong>antequam</strong></span> <span class='ocrx_word' id='word_1_280' title='bbox 1947 2193 2091 2264; x_wconf 87' lang='lat' dir='ltr'><strong>judi-</strong></span> 
     </span>
    </p>
   </div>
   <div class='ocr_carea' id='block_1_38' title="bbox 479 2282 2089 2356">
    <p class='ocr_par' dir='ltr' id='par_1_38' title="bbox 479 2282 2089 2356">
     <span class='ocr_line' id='line_1_38' title="bbox 479 2282 2089 2356; baseline 0.002 -19"><span class='ocrx_word' id='word_1_281' title='bbox 479 2292 654 2348; x_wconf 89' lang='lat' dir='ltr'><strong>earet,</strong></span> <span class='ocrx_word' id='word_1_282' title='bbox 676 2283 989 2352; x_wconf 88' lang='lat' dir='ltr'><strong>appellatus</strong></span> <span class='ocrx_word' id='word_1_283' title='bbox 1018 2291 1102 2339; x_wconf 90' lang='lat' dir='ltr'><strong>est</strong></span> <span class='ocrx_word' id='word_1_284' title='bbox 1127 2299 1265 2353; x_wconf 91' lang='lat' dir='ltr'><strong>puer</strong></span> <span class='ocrx_word' id='word_1_285' title='bbox 1287 2282 1452 2355; x_wconf 89' lang='lat' dir='ltr'><strong>(Dan.</strong></span> <span class='ocrx_word' id='word_1_286' title='bbox 1478 2285 1618 2355; x_wconf 93' lang='lat' dir='ltr'><strong>xm).</strong></span> <span class='ocrx_word' id='word_1_287' title='bbox 1646 2285 1936 2356; x_wconf 79' lang='lat' dir='ltr'><strong>P05tquatn</strong></span> <span class='ocrx_word' id='word_1_288' title='bbox 1961 2301 2089 2340; x_wconf 85' lang='lat' dir='ltr'><strong>vero</strong></span> 
     </span>
    </p>
   </div>
   <div class='ocr_carea' id='block_1_39' title="bbox 480 2375 2087 2448">
    <p class='ocr_par' dir='ltr' id='par_1_39' title="bbox 480 2375 2087 2448">
     <span class='ocr_line' id='line_1_39' title="bbox 480 2375 2087 2448; baseline 0.001 -18"><span class='ocrx_word' id='word_1_289' title='bbox 480 2375 740 2430; x_wconf 84' lang='lat' dir='ltr'><strong>excitavit</strong></span> <span class='ocrx_word' id='word_1_290' title='bbox 792 2375 847 2429; x_wconf 91' lang='lat' dir='ltr'><strong>in</strong></span> <span class='ocrx_word' id='word_1_291' title='bbox 889 2389 957 2429; x_wconf 93' lang='lat' dir='ltr'><strong>eo</strong></span> <span class='ocrx_word' id='word_1_292' title='bbox 1004 2375 1148 2432; x_wconf 92' lang='lat' dir='ltr'><strong>Deus</strong></span> <span class='ocrx_word' id='word_1_293' title='bbox 1185 2376 1460 2448; x_wconf 85' lang='lat' dir='ltr'><strong>spiritum,</strong></span> <span class='ocrx_word' id='word_1_294' title='bbox 1499 2385 1555 2432; x_wconf 91' lang='lat' dir='ltr'><strong>et</strong></span> <span class='ocrx_word' id='word_1_295' title='bbox 1592 2377 1863 2447; x_wconf 86' lang='lat' dir='ltr'><strong>judicavit</strong></span> <span class='ocrx_word' id='word_1_296' title='bbox 1905 2392 2087 2444; x_wconf 92' lang='lat' dir='ltr'><strong>senes,</strong></span> 
     </span>
    </p>
   </div>
   <div class='ocr_carea' id='block_1_40' title="bbox 479 2467 2091 2540">
    <p class='ocr_par' dir='ltr' id='par_1_40' title="bbox 479 2467 2091 2540">
     <span class='ocr_line' id='line_1_40' title="bbox 479 2467 2091 2540; baseline 0.001 -18"><span class='ocrx_word' id='word_1_297' title='bbox 479 2468 692 2537; x_wconf 89' lang='lat' dir='ltr'><strong>accepit</strong></span> <span class='ocrx_word' id='word_1_298' title='bbox 719 2467 1050 2540; x_wconf 83' lang='lat' dir='ltr'><strong>presbyterii</strong></span> <span class='ocrx_word' id='word_1_299' title='bbox 1083 2469 1431 2539; x_wconf 89' lang='lat' dir='ltr'><strong>dignitatem.</strong></span> <span class='ocrx_word' id='word_1_300' title='bbox 1461 2469 1714 2525; x_wconf 66' lang='lat' dir='ltr'><strong>Jerentia:</strong></span> <span class='ocrx_word' id='word_1_301' title='bbox 1737 2485 1974 2540; x_wconf 91' lang='lat' dir='ltr'><strong>quoque,</strong></span> <span class='ocrx_word' id='word_1_302' title='bbox 1999 2470 2091 2539; x_wconf 87' lang='lat' dir='ltr'><strong>qui</strong></span> 
     </span>
    </p>
   </div>
   <div class='ocr_carea' id='block_1_41' title="bbox 483 2561 2089 2631">
    <p class='ocr_par' dir='ltr' id='par_1_41' title="bbox 483 2561 2089 2631">
     <span class='ocr_line' id='line_1_41' title="bbox 483 2561 2089 2631; baseline -0.001 -14"><span class='ocrx_word' id='word_1_303' title='bbox 483 2561 552 2617; x_wconf 88' lang='lat' dir='ltr'><strong>ad</strong></span> <span class='ocrx_word' id='word_1_304' title='bbox 582 2561 889 2616; x_wconf 87' lang='lat' dir='ltr'><strong>mittentem</strong></span> <span class='ocrx_word' id='word_1_305' title='bbox 913 2577 972 2616; x_wconf 90' lang='lat' dir='ltr'><strong>se</strong></span> <span class='ocrx_word' id='word_1_306' title='bbox 1001 2563 1290 2617; x_wconf 89' lang='lat' dir='ltr'><strong>Dominum</strong></span> <span class='ocrx_word' id='word_1_307' title='bbox 1320 2565 1557 2630; x_wconf 81' lang='lat' dir='ltr'><strong>dixerat,</strong></span> <span class='ocrx_word' id='word_1_308' title='bbox 1582 2563 1754 2631; x_wconf 84' lang='lat' dir='ltr'><strong>Quies</strong></span> <span class='ocrx_word' id='word_1_309' title='bbox 1772 2564 2089 2631; x_wconf 86' lang='lat' dir='ltr'><strong>dominator,</strong></span> 
     </span>
    </p>
   </div>
   <div class='ocr_carea' id='block_1_42' title="bbox 486 2649 2089 2729">
    <p class='ocr_par' dir='ltr' id='par_1_42' title="bbox 486 2649 2089 2729">
     <span class='ocr_line' id='line_1_42' title="bbox 486 2649 2089 2729; baseline 0.002 -22"><span class='ocrx_word' id='word_1_310' title='bbox 486 2649 754 2708; x_wconf 82' lang='lat' dir='ltr'><strong>Domine:</strong></span> <span class='ocrx_word' id='word_1_311' title='bbox 800 2652 934 2708; x_wconf 86' lang='lat' dir='ltr'><strong>Ecce</strong></span> <span class='ocrx_word' id='word_1_312' title='bbox 988 2671 1082 2726; x_wconf 86' lang='lat' dir='ltr'><strong>ego</strong></span> <span class='ocrx_word' id='word_1_313' title='bbox 1131 2657 1302 2709; x_wconf 87' lang='lat' dir='ltr'><strong>nescio</strong></span> <span class='ocrx_word' id='word_1_314' title='bbox 1351 2657 1513 2726; x_wconf 85' lang='lat' dir='ltr'><strong>loqui,</strong></span> <span class='ocrx_word' id='word_1_315' title='bbox 1555 2659 1677 2726; x_wconf 85' lang='lat' dir='ltr'><strong>quia</strong></span> <span class='ocrx_word' id='word_1_316' title='bbox 1721 2659 1930 2729; x_wconf 78' lang='lat' dir='ltr'><strong>juvenis</strong></span> <span class='ocrx_word' id='word_1_317' title='bbox 1977 2674 2089 2710; x_wconf 89' lang='lat' dir='ltr'><strong>sum</strong></span> 
     </span>
    </p>
   </div>
   <div class='ocr_carea' id='block_1_43' title="bbox 489 2746 2095 2822">
    <p class='ocr_par' dir='ltr' id='par_1_43' title="bbox 489 2746 2095 2822">
     <span class='ocr_line' id='line_1_43' title="bbox 489 2746 2095 2822; baseline 0.002 -22"><span class='ocrx_word' id='word_1_318' title='bbox 489 2746 705 2822; x_wconf 83' lang='lat' dir='ltr'><strong>(Jerem.</strong></span> <span class='ocrx_word' id='word_1_319' title='bbox 736 2764 777 2814; x_wconf 88' lang='grc' dir='ltr'>ι,</span> <span class='ocrx_word' id='word_1_320' title='bbox 810 2748 891 2820; x_wconf 85' lang='grc'><strong>6),</strong></span> <span class='ocrx_word' id='word_1_321' title='bbox 919 2749 1208 2820; x_wconf 87' lang='lat' dir='ltr'><strong>respondit</strong></span> <span class='ocrx_word' id='word_1_322' title='bbox 1241 2749 1526 2814; x_wconf 87' lang='lat' dir='ltr'><strong>Dominus,</strong></span> <span class='ocrx_word' id='word_1_323' title='bbox 1553 2749 1630 2804; x_wconf 88' lang='lat' dir='ltr'><strong>Ne</strong></span> <span class='ocrx_word' id='word_1_324' title='bbox 1662 2751 1832 2818; x_wconf 90' lang='lat' dir='ltr'><strong>dicas,</strong></span> <span class='ocrx_word' id='word_1_325' title='bbox 1857 2751 1982 2821; x_wconf 90' lang='lat' dir='ltr'><strong>quia</strong></span> <span class='ocrx_word' id='word_1_326' title='bbox 2007 2750 2095 2820; x_wconf 87' lang='lat' dir='ltr'><strong>ju-</strong></span> 
     </span>
    </p>
   </div>
   <div class='ocr_carea' id='block_1_44' title="bbox 488 2841 2088 2912">
    <p class='ocr_par' dir='ltr' id='par_1_44' title="bbox 488 2841 2088 2912">
     <span class='ocr_line' id='line_1_44' title="bbox 488 2841 2088 2912; baseline 0 -17"><span class='ocrx_word' id='word_1_327' title='bbox 488 2841 644 2895; x_wconf 83' lang='lat' dir='ltr'><strong>venis</strong></span> <span class='ocrx_word' id='word_1_328' title='bbox 685 2856 842 2905; x_wconf 89' lang='lat' dir='ltr'><strong>sum;</strong></span> <span class='ocrx_word' id='word_1_329' title='bbox 880 2841 1032 2910; x_wconf 90' lang='lat' dir='ltr'><strong>prius</strong></span> <span class='ocrx_word' id='word_1_330' title='bbox 1071 2841 1218 2896; x_wconf 89' lang='lat' dir='ltr'><strong>enim</strong></span> <span class='ocrx_word' id='word_1_331' title='bbox 1262 2858 1422 2912; x_wconf 84' lang='lat' dir='ltr'><strong>quam</strong></span> <span class='ocrx_word' id='word_1_332' title='bbox 1457 2843 1773 2898; x_wconf 83' lang='lat' dir='ltr'><strong>formarcris</strong></span> <span class='ocrx_word' id='word_1_333' title='bbox 1814 2845 1866 2896; x_wconf 91' lang='lat' dir='ltr'><strong>in</strong></span> <span class='ocrx_word' id='word_1_334' title='bbox 1914 2853 2088 2909; x_wconf 88' lang='lat' dir='ltr'><strong>utero,</strong></span> 
     </span>
    </p>
   </div>
   <div class='ocr_carea' id='block_1_45' title="bbox 491 2935 2085 3005">
    <p class='ocr_par' dir='ltr' id='par_1_45' title="bbox 491 2935 2085 3005">
     <span class='ocr_line' id='line_1_45' title="bbox 491 2935 2085 3005; baseline 0.003 -17"><span class='ocrx_word' id='word_1_335' title='bbox 491 2935 619 2989; x_wconf 91' lang='lat' dir='ltr'><strong>novi</strong></span> <span class='ocrx_word' id='word_1_336' title='bbox 653 2945 727 3000; x_wconf 92' lang='lat' dir='ltr'><strong>te,</strong></span> <span class='ocrx_word' id='word_1_337' title='bbox 763 2942 820 2988; x_wconf 87' lang='lat' dir='ltr'><strong>et</strong></span> <span class='ocrx_word' id='word_1_338' title='bbox 855 2944 1147 3005; x_wconf 87' lang='lat' dir='ltr'><strong>antequam</strong></span> <span class='ocrx_word' id='word_1_339' title='bbox 1189 2937 1373 2990; x_wconf 86' lang='lat' dir='ltr'><strong>exires</strong></span> <span class='ocrx_word' id='word_1_340' title='bbox 1414 2937 1482 2992; x_wconf 92' lang='lat' dir='ltr'><strong>de</strong></span> <span class='ocrx_word' id='word_1_341' title='bbox 1522 2937 1678 2990; x_wconf 86' lang='lat' dir='ltr'><strong>vulva</strong></span> <span class='ocrx_word' id='word_1_342' title='bbox 1721 2937 1913 2992; x_wconf 87' lang='lat' dir='ltr'><strong>matris</strong></span> <span class='ocrx_word' id='word_1_343' title='bbox 1960 2946 2085 3004; x_wconf 85' lang='lat' dir='ltr'><strong>tuae,</strong></span> 
     </span>
    </p>
   </div>
   <div class='ocr_carea' id='block_1_46' title="bbox 488 3027 2091 3102">
    <p class='ocr_par' dir='ltr' id='par_1_46' title="bbox 488 3027 2091 3102">
     <span class='ocr_line' id='line_1_46' title="bbox 488 3027 2091 3102; baseline 0.002 -19"><span class='ocrx_word' id='word_1_344' title='bbox 488 3027 826 3084; x_wconf 82' lang='lat' dir='ltr'><strong>sanctiﬁcavi</strong></span> <span class='ocrx_word' id='word_1_345' title='bbox 866 3040 939 3098; x_wconf 91' lang='lat' dir='ltr'><strong>te,</strong></span> <span class='ocrx_word' id='word_1_346' title='bbox 981 3039 1036 3084; x_wconf 91' lang='lat' dir='ltr'><strong>et</strong></span> <span class='ocrx_word' id='word_1_347' title='bbox 1069 3031 1390 3100; x_wconf 85' lang='lat' dir='ltr'><strong>prephetatn</strong></span> <span class='ocrx_word' id='word_1_348' title='bbox 1440 3030 1494 3085; x_wconf 93' lang='lat' dir='ltr'><strong>in</strong></span> <span class='ocrx_word' id='word_1_349' title='bbox 1537 3032 1792 3102; x_wconf 85' lang='lat' dir='ltr'><strong>gentibus</strong></span> <span class='ocrx_word' id='word_1_350' title='bbox 1832 3034 2091 3088; x_wconf 84' lang='lat' dir='ltr'><strong>constitui</strong></span> 
     </span>
    </p>
   </div>
   <div class='ocr_carea' id='block_1_47' title="bbox 2191 1821 3798 1893">
    <p class='ocr_par' dir='ltr' id='par_1_47' title="bbox 2191 1821 3798 1893">
     <span class='ocr_line' id='line_1_47' title="bbox 2191 1821 3798 1893; baseline 0.001 -16"><span class='ocrx_word' id='word_1_351' title='bbox 2191 1821 2534 1877; x_wconf 80' lang='lat' dir='ltr'><strong>rebellabant</strong></span> <span class='ocrx_word' id='word_1_352' title='bbox 2581 1821 2732 1892; x_wconf 89' lang='lat' dir='ltr'><strong>pueri</strong></span> <span class='ocrx_word' id='word_1_353' title='bbox 2791 1823 3040 1890; x_wconf 88' lang='lat' dir='ltr'><strong>senibus,</strong></span> <span class='ocrx_word' id='word_1_354' title='bbox 3071 1833 3122 1878; x_wconf 91' lang='lat' dir='ltr'><strong>et</strong></span> <span class='ocrx_word' id='word_1_355' title='bbox 3174 1823 3442 1893; x_wconf 87' lang='lat' dir='ltr'><strong>ignobiles</strong></span> <span class='ocrx_word' id='word_1_356' title='bbox 3490 1824 3798 1891; x_wconf 81' lang='lat' dir='ltr'><strong>nobilibus,</strong></span> 
     </span>
    </p>
   </div>
   <div class='ocr_carea' id='block_1_48' title="bbox 2189 1915 3800 1987">
    <p class='ocr_par' dir='ltr' id='par_1_48' title="bbox 2189 1915 3800 1987">
     <span class='ocr_line' id='line_1_48' title="bbox 2189 1915 3800 1987; baseline 0.002 -16"><span class='ocrx_word' id='word_1_357' title='bbox 2189 1925 2244 1971; x_wconf 89' lang='lat' dir='ltr'><strong>et</strong></span> <span class='ocrx_word' id='word_1_358' title='bbox 2269 1926 2455 1971; x_wconf 91' lang='lat' dir='ltr'><strong>mutuo</strong></span> <span class='ocrx_word' id='word_1_359' title='bbox 2475 1926 2754 1972; x_wconf 90' lang='lat' dir='ltr'><strong>corruent.</strong></span> <span class='ocrx_word' id='word_1_360' title='bbox 2785 1915 2856 1970; x_wconf 91' lang='lat' dir='ltr'><strong>Et</strong></span> <span class='ocrx_word' id='word_1_361' title='bbox 2883 1916 3200 1985; x_wconf 89' lang='lat' dir='ltr'><strong>implebitur</strong></span> <span class='ocrx_word' id='word_1_362' title='bbox 3223 1917 3353 1972; x_wconf 82' lang='lat' dir='ltr'><strong>illud</strong></span> <span class='ocrx_word' id='word_1_363' title='bbox 3378 1918 3800 1987; x_wconf 82' lang='lat' dir='ltr'><strong>Apostolicum:</strong></span> 
     </span>
    </p>
   </div>
   <div class='ocr_carea' id='block_1_49' title="bbox 2193 2007 3796 2083">
    <p class='ocr_par' dir='ltr' id='par_1_49' title="bbox 2193 2007 3796 2083">
     <span class='ocr_line' id='line_1_49' title="bbox 2193 2007 3796 2083; baseline 0.004 -23"><span class='ocrx_word' id='word_1_364' title='bbox 2193 2007 2488 2062; x_wconf 82' lang='lat' dir='ltr'><strong>Mordentes</strong></span> <span class='ocrx_word' id='word_1_365' title='bbox 2526 2008 2766 2072; x_wconf 81' lang='lat' dir='ltr'><strong>invicem,</strong></span> <span class='ocrx_word' id='word_1_366' title='bbox 2791 2009 3087 2075; x_wconf 77' lang='lat' dir='ltr'><strong>consumpti</strong></span> <span class='ocrx_word' id='word_1_367' title='bbox 3106 2010 3226 2062; x_wconf 83' lang='lat' dir='ltr'><strong>estis</strong></span> <span class='ocrx_word' id='word_1_368' title='bbox 3253 2011 3316 2062; x_wconf 92' lang='lat' dir='ltr'><strong>ab</strong></span> <span class='ocrx_word' id='word_1_369' title='bbox 3347 2011 3565 2063; x_wconf 78' lang='lat' dir='ltr'><strong>invicem</strong></span> <span class='ocrx_word' id='word_1_370' title='bbox 3587 2009 3796 2083; x_wconf 85' lang='lat' dir='ltr'><strong>(Galat.</strong></span> 
     </span>
    </p>
   </div>
   <div class='ocr_carea' id='block_1_50' title="bbox 2191 2100 3807 2174">
    <p class='ocr_par' dir='ltr' id='par_1_50' title="bbox 2191 2100 3807 2174">
     <span class='ocr_line' id='line_1_50' title="bbox 2191 2100 3807 2174; baseline 0.002 -18"><span class='ocrx_word' id='word_1_371' title='bbox 2191 2118 2242 2167; x_wconf 92' lang='lat' dir='ltr'><strong>v,</strong></span> <span class='ocrx_word' id='word_1_372' title='bbox 2282 2100 2396 2174; x_wconf 75' lang='lat' dir='ltr'><strong>l5).</strong></span> <span class='ocrx_word' id='word_1_373' title='bbox 2431 2101 2559 2156; x_wconf 86' lang='lat' dir='ltr'><strong>Haec</strong></span> <span class='ocrx_word' id='word_1_374' title='bbox 2585 2102 2688 2158; x_wconf 91' lang='lat' dir='ltr'><strong>sub</strong></span> <span class='ocrx_word' id='word_1_375' title='bbox 2715 2101 2840 2157; x_wconf 88' lang='lat' dir='ltr'><strong>Tito</strong></span> <span class='ocrx_word' id='word_1_376' title='bbox 2870 2102 2982 2156; x_wconf 92' lang='lat' dir='ltr'><strong>lilio</strong></span> <span class='ocrx_word' id='word_1_377' title='bbox 3013 2100 3340 2172; x_wconf 82' lang='lat' dir='ltr'><strong>Vespasiani</strong></span> <span class='ocrx_word' id='word_1_378' title='bbox 3385 2103 3657 2159; x_wconf 84' lang='lat' dir='ltr'><strong>accidisse</strong></span> <span class='ocrx_word' id='word_1_379' title='bbox 3701 2120 3807 2174; x_wconf 80' lang='lat' dir='ltr'><strong>po-</strong></span> 
     </span>
    </p>
   </div>
   <div class='ocr_carea' id='block_1_51' title="bbox 2194 2194 3801 2269">
    <p class='ocr_par' dir='ltr' id='par_1_51' title="bbox 2194 2194 3801 2269">
     <span class='ocr_line' id='line_1_51' title="bbox 2194 2194 3801 2269; baseline 0.002 -20"><span class='ocrx_word' id='word_1_380' title='bbox 2194 2196 2319 2265; x_wconf 89' lang='lat' dir='ltr'><strong>pulo</strong></span> <span class='ocrx_word' id='word_1_381' title='bbox 2371 2195 2715 2260; x_wconf 69' lang='lat' dir='ltr'><strong>Judaeorum,</strong></span> <span class='ocrx_word' id='word_1_382' title='bbox 2739 2195 2934 2251; x_wconf 87' lang='lat' dir='ltr'><strong>scribit</strong></span> <span class='ocrx_word' id='word_1_383' title='bbox 2981 2194 3255 2265; x_wconf 84' lang='lat' dir='ltr'><strong>Josepbus</strong></span> <span class='ocrx_word' id='word_1_384' title='bbox 3303 2195 3442 2269; x_wconf 87' lang='lat' dir='ltr'><strong>(Lib.</strong></span> <span class='ocrx_word' id='word_1_385' title='bbox 3472 2212 3504 2250; x_wconf 91' lang='lat' dir='ltr'><strong>v</strong></span> <span class='ocrx_word' id='word_1_386' title='bbox 3535 2197 3598 2251; x_wconf 88' lang='lat' dir='ltr'><strong>de</strong></span> <span class='ocrx_word' id='word_1_387' title='bbox 3645 2195 3801 2252; x_wconf 78' lang='lat' dir='ltr'><strong>Bella</strong></span> 
     </span>
    </p>
   </div>
   <div class='ocr_carea' id='block_1_52' title="bbox 2190 2287 3800 2360">
    <p class='ocr_par' dir='ltr' id='par_1_52' title="bbox 2190 2287 3800 2360">
     <span class='ocr_line' id='line_1_52' title="bbox 2190 2287 3800 2360; baseline 0.003 -18"><span class='ocrx_word' id='word_1_388' title='bbox 2190 2287 2348 2358; x_wconf 84' lang='lat' dir='ltr'><strong>Jud.)</strong></span> <span class='ocrx_word' id='word_1_389' title='bbox 2384 2307 2396 2341; x_wconf 91' lang='lat'><strong>:</strong></span> <span class='ocrx_word' id='word_1_390' title='bbox 2427 2300 2480 2344; x_wconf 93' lang='lat' dir='ltr'><strong>et</strong></span> <span class='ocrx_word' id='word_1_391' title='bbox 2528 2290 2695 2359; x_wconf 92' lang='lat' dir='ltr'><strong>quod,</strong></span> <span class='ocrx_word' id='word_1_392' title='bbox 2732 2305 2855 2344; x_wconf 91' lang='lat' dir='ltr'><strong>cum</strong></span> <span class='ocrx_word' id='word_1_393' title='bbox 2911 2300 3358 2360; x_wconf 77' lang='lat' dir='ltr'><strong>expugnarentur</strong></span> <span class='ocrx_word' id='word_1_394' title='bbox 3403 2306 3430 2344; x_wconf 93' lang='lat' dir='ltr'><strong>a</strong></span> <span class='ocrx_word' id='word_1_395' title='bbox 3488 2290 3753 2348; x_wconf 82' lang='lat' dir='ltr'><strong>Romanis</strong></span> <span class='ocrx_word' id='word_1_396' title='bbox 3783 2333 3800 2358; x_wconf 95' lang='lat'><strong>,</strong></span> 
     </span>
    </p>
   </div>
   <div class='ocr_carea' id='block_1_53' title="bbox 2189 2378 3803 2450">
    <p class='ocr_par' dir='ltr' id='par_1_53' title="bbox 2189 2378 3803 2450">
     <span class='ocr_line' id='line_1_53' title="bbox 2189 2378 3803 2450; baseline 0.004 -18"><span class='ocrx_word' id='word_1_397' title='bbox 2189 2378 2356 2434; x_wconf 81' lang='lat' dir='ltr'><strong>fuerit</strong></span> <span class='ocrx_word' id='word_1_398' title='bbox 2406 2379 2708 2435; x_wconf 80' lang='lat' dir='ltr'><strong>Jerusalem</strong></span> <span class='ocrx_word' id='word_1_399' title='bbox 2755 2382 2807 2436; x_wconf 94' lang='lat' dir='ltr'><strong>in</strong></span> <span class='ocrx_word' id='word_1_400' title='bbox 2860 2391 2972 2436; x_wconf 90' lang='lat' dir='ltr'><strong>tres</strong></span> <span class='ocrx_word' id='word_1_401' title='bbox 3007 2391 3192 2450; x_wconf 87' lang='lat' dir='ltr'><strong>partes</strong></span> <span class='ocrx_word' id='word_1_402' title='bbox 3229 2381 3402 2436; x_wconf 89' lang='lat' dir='ltr'><strong>divisa</strong></span> <span class='ocrx_word' id='word_1_403' title='bbox 3453 2383 3651 2438; x_wconf 85' lang='lat' dir='ltr'><strong>seditio</strong></span> <span class='ocrx_word' id='word_1_404' title='bbox 3695 2395 3803 2439; x_wconf 90' lang='lat' dir='ltr'><strong>:et</strong></span> 
     </span>
    </p>
   </div>
   <div class='ocr_carea' id='block_1_54' title="bbox 2192 2472 3803 2548">
    <p class='ocr_par' dir='ltr' id='par_1_54' title="bbox 2192 2472 3803 2548">
     <span class='ocr_line' id='line_1_54' title="bbox 2192 2472 3803 2548; baseline 0.004 -23"><span class='ocrx_word' id='word_1_405' title='bbox 2192 2472 2282 2526; x_wconf 90' lang='lat' dir='ltr'><strong>alii</strong></span> <span class='ocrx_word' id='word_1_406' title='bbox 2315 2487 2499 2526; x_wconf 89' lang='lat' dir='ltr'><strong>arcem</strong></span> <span class='ocrx_word' id='word_1_407' title='bbox 2525 2482 2580 2528; x_wconf 91' lang='lat' dir='ltr'><strong>et</strong></span> <span class='ocrx_word' id='word_1_408' title='bbox 2619 2472 2932 2543; x_wconf 88' lang='lat' dir='ltr'><strong>Templum,</strong></span> <span class='ocrx_word' id='word_1_409' title='bbox 2963 2474 3056 2527; x_wconf 88' lang='lat' dir='ltr'><strong>alii</strong></span> <span class='ocrx_word' id='word_1_410' title='bbox 3102 2474 3452 2542; x_wconf 80' lang='lat' dir='ltr'><strong>inferiorem,</strong></span> <span class='ocrx_word' id='word_1_411' title='bbox 3487 2475 3582 2530; x_wconf 89' lang='lat' dir='ltr'><strong>alii</strong></span> <span class='ocrx_word' id='word_1_412' title='bbox 3633 2490 3803 2548; x_wconf 86' lang='lat' dir='ltr'><strong>supe-</strong></span> 
     </span>
    </p>
   </div>
   <div class='ocr_carea' id='block_1_55' title="bbox 2194 2567 3131 2636">
    <p class='ocr_par' dir='ltr' id='par_1_55' title="bbox 2194 2567 3131 2636">
     <span class='ocr_line' id='line_1_55' title="bbox 2194 2567 3131 2636; baseline 0.004 -18"><span class='ocrx_word' id='word_1_413' title='bbox 2194 2567 2392 2621; x_wconf 90' lang='lat' dir='ltr'><strong>riorem</strong></span> <span class='ocrx_word' id='word_1_414' title='bbox 2420 2578 2626 2636; x_wconf 89' lang='lat' dir='ltr'><strong>partem</strong></span> <span class='ocrx_word' id='word_1_415' title='bbox 2652 2568 2806 2624; x_wconf 91' lang='lat' dir='ltr'><strong>urbis</strong></span> <span class='ocrx_word' id='word_1_416' title='bbox 2835 2567 3131 2622; x_wconf 88' lang='lat' dir='ltr'><strong>tenuerint.</strong></span> 
     </span>
    </p>
   </div>
   <div class='ocr_carea' id='block_1_56' title="bbox 2253 2659 3801 2731">
    <p class='ocr_par' dir='ltr' id='par_1_56' title="bbox 2253 2659 3801 2731">
     <span class='ocr_line' id='line_1_56' title="bbox 2253 2659 3801 2731; baseline 0.001 -17"><span class='ocrx_word' id='word_1_417' title='bbox 2253 2659 2432 2729; x_wconf 85' lang='lat' dir='ltr'><strong>(Vers.</strong></span> <span class='ocrx_word' id='word_1_418' title='bbox 2450 2660 2531 2730; x_wconf 90' lang='lat'><strong>6.)</strong></span> <span class='ocrx_word' id='word_1_419' title='bbox 2547 2660 3062 2731; x_wconf 86' lang='lat' dir='ltr'><strong>Apprehendetenim</strong></span> <span class='ocrx_word' id='word_1_420' title='bbox 3075 2662 3152 2713; x_wconf 82' lang='lat' dir='ltr'><strong>vir</strong></span> <span class='ocrx_word' id='word_1_421' title='bbox 3165 2665 3382 2731; x_wconf 80' lang='lat' dir='ltr'><strong>fratrem</strong></span> <span class='ocrx_word' id='word_1_422' title='bbox 3405 2678 3575 2728; x_wconf 86' lang='lat' dir='ltr'><strong>suum,</strong></span> <span class='ocrx_word' id='word_1_423' title='bbox 3594 2662 3801 2718; x_wconf 88' lang='lat' dir='ltr'><strong>domes-</strong></span> 
     </span>
    </p>
   </div>
   <div class='ocr_carea' id='block_1_57' title="bbox 2194 2753 3802 2827">
    <p class='ocr_par' dir='ltr' id='par_1_57' title="bbox 2194 2753 3802 2827">
     <span class='ocr_line' id='line_1_57' title="bbox 2194 2753 3802 2827; baseline 0.004 -22"><span class='ocrx_word' id='word_1_424' title='bbox 2194 2753 2348 2806; x_wconf 88' lang='lat' dir='ltr'><strong>ticum</strong></span> <span class='ocrx_word' id='word_1_425' title='bbox 2376 2755 2538 2824; x_wconf 80' lang='lat' dir='ltr'><strong>patris</strong></span> <span class='ocrx_word' id='word_1_426' title='bbox 2557 2755 2658 2807; x_wconf 86' lang='lat' dir='ltr'><strong>sui.</strong></span> <span class='ocrx_word' id='word_1_427' title='bbox 2687 2753 3060 2808; x_wconf 84' lang='lat' dir='ltr'><strong>Vcstimentum</strong></span> <span class='ocrx_word' id='word_1_428' title='bbox 3075 2754 3166 2808; x_wconf 85' lang='lat' dir='ltr'><strong>tibi</strong></span> <span class='ocrx_word' id='word_1_429' title='bbox 3183 2763 3279 2823; x_wconf 89' lang='lat' dir='ltr'><strong>est,</strong></span> <span class='ocrx_word' id='word_1_430' title='bbox 3305 2757 3545 2827; x_wconf 80' lang='lat' dir='ltr'><strong>princeps</strong></span> <span class='ocrx_word' id='word_1_431' title='bbox 3562 2765 3670 2810; x_wconf 79' lang='lat' dir='ltr'><strong>esto</strong></span> <span class='ocrx_word' id='word_1_432' title='bbox 3685 2773 3802 2811; x_wconf 85' lang='lat' dir='ltr'><strong>nos-</strong></span> 
     </span>
    </p>
   </div>
   <div class='ocr_carea' id='block_1_58' title="bbox 2191 2845 3801 2920">
    <p class='ocr_par' dir='ltr' id='par_1_58' title="bbox 2191 2845 3801 2920">
     <span class='ocr_line' id='line_1_58' title="bbox 2191 2845 3801 2920; baseline 0.006 -24"><span class='ocrx_word' id='word_1_433' title='bbox 2191 2851 2268 2897; x_wconf 85' lang='lat' dir='ltr'><strong>ter</strong></span> <span class='ocrx_word' id='word_1_434' title='bbox 2291 2858 2310 2898; x_wconf 92' lang='lat'><strong><em>:</em></strong></span> <span class='ocrx_word' id='word_1_435' title='bbox 2328 2846 2482 2898; x_wconf 85' lang='lat' dir='ltr'><strong>ruina</strong></span> <span class='ocrx_word' id='word_1_436' title='bbox 2505 2855 2672 2899; x_wconf 84' lang='lat' dir='ltr'><strong>autent</strong></span> <span class='ocrx_word' id='word_1_437' title='bbox 2690 2845 2800 2900; x_wconf 80' lang='lat' dir='ltr'><strong>Itwc</strong></span> <span class='ocrx_word' id='word_1_438' title='bbox 2823 2847 2916 2900; x_wconf 92' lang='lat' dir='ltr'><strong>sub</strong></span> <span class='ocrx_word' id='word_1_439' title='bbox 2934 2863 3088 2900; x_wconf 86' lang='lat' dir='ltr'><strong>manu</strong></span> <span class='ocrx_word' id='word_1_440' title='bbox 3104 2855 3214 2900; x_wconf 87' lang='lat' dir='ltr'><strong>tua.</strong></span> <span class='ocrx_word' id='word_1_441' title='bbox 3235 2847 3340 2903; x_wconf 87' lang='lat' dir='ltr'><strong>Pro</strong></span> <span class='ocrx_word' id='word_1_442' title='bbox 3357 2850 3525 2916; x_wconf 89' lang='lat' dir='ltr'><strong>ruina,</strong></span> <span class='ocrx_word' id='word_1_443' title='bbox 3547 2851 3801 2920; x_wconf 81' lang='lat' dir='ltr'><strong>Symma-</strong></span> 
     </span>
    </p>
   </div>
   <div class='ocr_carea' id='block_1_59' title="bbox 2194 2937 3801 3008">
    <p class='ocr_par' dir='ltr' id='par_1_59' title="bbox 2194 2937 3801 3008">
     <span class='ocr_line' id='line_1_59' title="bbox 2194 2937 3801 3008; baseline 0.003 -17"><span class='ocrx_word' id='word_1_444' title='bbox 2194 2937 2328 2991; x_wconf 88' lang='lat' dir='ltr'><strong>chus</strong></span> <span class='ocrx_word' id='word_1_445' title='bbox 2342 2949 2393 2992; x_wconf 93' lang='lat' dir='ltr'><strong>et</strong></span> <span class='ocrx_word' id='word_1_446' title='bbox 2408 2938 3080 3008; x_wconf 84' lang='lat' dir='ltr'><strong>&#39;l‘heodotioinﬁrmitatem</strong></span> <span class='ocrx_word' id='word_1_447' title='bbox 3095 2939 3509 3002; x_wconf 78' lang='lat' dir='ltr'><strong>transtulerunt,</strong></span> <span class='ocrx_word' id='word_1_448' title='bbox 3529 2940 3801 2996; x_wconf 79' lang='lat' dir='ltr'><strong>LXXbci-</strong></span> 
     </span>
    </p>
   </div>
   <div class='ocr_carea' id='block_1_60' title="bbox 2194 3029 3799 3100">
    <p class='ocr_par' dir='ltr' id='par_1_60' title="bbox 2194 3029 3799 3100">
     <span class='ocr_line' id='line_1_60' title="bbox 2194 3029 3799 3100; baseline 0.002 -16"><span class='ocrx_word' id='word_1_449' title='bbox 2194 3030 2333 3084; x_wconf 87' lang='lat' dir='ltr'><strong>bum.</strong></span> <span class='ocrx_word' id='word_1_450' title='bbox 2351 3029 2630 3099; x_wconf 85' lang='lat' dir='ltr'><strong>Signilicat</strong></span> <span class='ocrx_word' id='word_1_451' title='bbox 2653 3039 2834 3085; x_wconf 88' lang='lat' dir='ltr'><strong>autem</strong></span> <span class='ocrx_word' id='word_1_452' title='bbox 2863 3031 3138 3086; x_wconf 89' lang='lat' dir='ltr'><strong>raritatem</strong></span> <span class='ocrx_word' id='word_1_453' title='bbox 3165 3032 3537 3100; x_wconf 89' lang='lat' dir='ltr'><strong>hominum,et</strong></span> <span class='ocrx_word' id='word_1_454' title='bbox 3561 3035 3799 3088; x_wconf 84' lang='lat' dir='ltr'><strong>maxime</strong></span> 
     </span>
    </p>
   </div>
   <div class='ocr_carea' id='block_1_61' title="bbox 492 3114 3799 3193">
    <p class='ocr_par' dir='ltr' id='par_1_61' title="bbox 492 3114 3799 3193">
     <span class='ocr_line' id='line_1_61' title="bbox 492 3114 3799 3193; baseline 0 -16"><span class='ocrx_word' id='word_1_455' title='bbox 492 3130 569 3177; x_wconf 90' lang='lat' dir='ltr'><strong>te.</strong></span> <span class='ocrx_word' id='word_1_456' title='bbox 613 3123 697 3177; x_wconf 89' lang='lat' dir='ltr'><strong>0b</strong></span> <span class='ocrx_word' id='word_1_457' title='bbox 729 3123 870 3178; x_wconf 89' lang='lat' dir='ltr'><strong>hanc</strong></span> <span class='ocrx_word' id='word_1_458' title='bbox 912 3139 1133 3179; x_wconf 84' lang='lat' dir='ltr'><strong>causam</strong></span> <span class='ocrx_word' id='word_1_459' title='bbox 1183 3140 1308 3181; x_wconf 79' lang='lat' dir='ltr'><strong>reor</strong></span> <span class='ocrx_word' id='word_1_460' title='bbox 1337 3135 1391 3181; x_wconf 90' lang='lat' dir='ltr'><strong>et</strong></span> <span class='ocrx_word' id='word_1_461' title='bbox 1420 3125 1863 3182; x_wconf 87' lang='lat' dir='ltr'><strong>adolescentulas</strong></span> <span class='ocrx_word' id='word_1_462' title='bbox 1907 3127 2092 3182; x_wconf 81' lang='lat' dir='ltr'><strong>viduas</strong></span> <span class='ocrx_word' id='word_1_463' title='bbox 2121 3114 2166 3176; x_wconf 86' lang='lat' dir='ltr'>C</span> <span class='ocrx_word' id='word_1_464' title='bbox 2198 3138 2383 3178; x_wconf 91' lang='lat' dir='ltr'><strong>rerum</strong></span> <span class='ocrx_word' id='word_1_465' title='bbox 2411 3125 2650 3177; x_wconf 82' lang='lat' dir='ltr'><strong>omnium</strong></span> <span class='ocrx_word' id='word_1_466' title='bbox 2673 3123 2975 3192; x_wconf 90' lang='lat' dir='ltr'><strong>penuriam,</strong></span> <span class='ocrx_word' id='word_1_467' title='bbox 3010 3123 3154 3193; x_wconf 89' lang='lat' dir='ltr'><strong>quod</strong></span> <span class='ocrx_word' id='word_1_468' title='bbox 3177 3124 3270 3193; x_wconf 88' lang='lat' dir='ltr'><strong>qui</strong></span> <span class='ocrx_word' id='word_1_469' title='bbox 3298 3124 3500 3191; x_wconf 85' lang='lat' dir='ltr'><strong>cibum,</strong></span> <span class='ocrx_word' id='word_1_470' title='bbox 3538 3136 3594 3178; x_wconf 92' lang='lat' dir='ltr'><strong>et</strong></span> <span class='ocrx_word' id='word_1_471' title='bbox 3626 3128 3799 3180; x_wconf 87' lang='lat' dir='ltr'><strong>vesti—</strong></span> 
     </span>
    </p>
   </div>
   <div class='ocr_carea' id='block_1_62' title="bbox 487 3217 2093 3292">
    <p class='ocr_par' dir='ltr' id='par_1_62' title="bbox 487 3217 2093 3292">
     <span class='ocr_line' id='line_1_62' title="bbox 487 3217 2093 3292; baseline 0.002 -20"><span class='ocrx_word' id='word_1_472' title='bbox 487 3217 672 3289; x_wconf 54' lang='lat' dir='ltr'><strong>jubet‘i</strong></span> <span class='ocrx_word' id='word_1_473' title='bbox 705 3219 773 3272; x_wconf 90' lang='lat' dir='ltr'><strong>ab</strong></span> <span class='ocrx_word' id='word_1_474' title='bbox 794 3218 1059 3288; x_wconf 82' lang='lat' dir='ltr'><strong>Apostolo</strong></span> <span class='ocrx_word' id='word_1_475' title='bbox 1090 3220 1155 3292; x_wconf 95' lang='lat' dir='ltr'><strong>(ll</strong></span> <span class='ocrx_word' id='word_1_476' title='bbox 1182 3219 1314 3274; x_wconf 87' lang='lat' dir='ltr'><strong>Tim.</strong></span> <span class='ocrx_word' id='word_1_477' title='bbox 1349 3219 1425 3290; x_wconf 88' lang='lat' dir='ltr'><strong>v),</strong></span> <span class='ocrx_word' id='word_1_478' title='bbox 1460 3234 1517 3275; x_wconf 90' lang='grc' dir='ltr'><strong>ιιι</strong></span> <span class='ocrx_word' id='word_1_479' title='bbox 1543 3221 1813 3292; x_wconf 88' lang='lat' dir='ltr'><strong>accipiant</strong></span> <span class='ocrx_word' id='word_1_480' title='bbox 1844 3223 2093 3288; x_wconf 91' lang='lat' dir='ltr'><strong>maritos,</strong></span> 
     </span>
    </p>
   </div>
   <div class='ocr_carea' id='block_1_63' title="bbox 491 3309 2096 3384">
    <p class='ocr_par' dir='ltr' id='par_1_63' title="bbox 491 3309 2096 3384">
     <span class='ocr_line' id='line_1_63' title="bbox 491 3309 2096 3384; baseline 0.002 -20"><span class='ocrx_word' id='word_1_481' title='bbox 491 3319 548 3364; x_wconf 90' lang='lat' dir='ltr'><strong>et</strong></span> <span class='ocrx_word' id='word_1_482' title='bbox 577 3309 1003 3366; x_wconf 60' lang='lat' dir='ltr'><strong>matresfamilias</strong></span> <span class='ocrx_word' id='word_1_483' title='bbox 1031 3313 1162 3375; x_wconf 92' lang='lat' dir='ltr'><strong>sint,</strong></span> <span class='ocrx_word' id='word_1_484' title='bbox 1193 3320 1248 3368; x_wconf 87' lang='lat' dir='ltr'><strong>et</strong></span> <span class='ocrx_word' id='word_1_485' title='bbox 1273 3311 1508 3367; x_wconf 90' lang='lat' dir='ltr'><strong>educent</strong></span> <span class='ocrx_word' id='word_1_486' title='bbox 1556 3313 1759 3368; x_wconf 88' lang='lat' dir='ltr'><strong>liberos</strong></span> <span class='ocrx_word' id='word_1_487' title='bbox 1788 3328 1940 3379; x_wconf 89' lang='lat' dir='ltr'><strong>suos,</strong></span> <span class='ocrx_word' id='word_1_488' title='bbox 1969 3314 2096 3384; x_wconf 90' lang='lat' dir='ltr'><strong>quia</strong></span> 
     </span>
    </p>
   </div>
   <div class='ocr_carea' id='block_1_64' title="bbox 493 3404 2096 3475">
    <p class='ocr_par' dir='ltr' id='par_1_64' title="bbox 493 3404 2096 3475">
     <span class='ocr_line' id='line_1_64' title="bbox 493 3404 2096 3475; baseline -0.001 -16"><span class='ocrx_word' id='word_1_489' title='bbox 493 3404 682 3459; x_wconf 76' lang='lat' dir='ltr'><strong>multae</strong></span> <span class='ocrx_word' id='word_1_490' title='bbox 713 3416 863 3460; x_wconf 91' lang='lat' dir='ltr'><strong>retro</strong></span> <span class='ocrx_word' id='word_1_491' title='bbox 904 3405 1158 3460; x_wconf 88' lang='lat' dir='ltr'><strong>abierunt</strong></span> <span class='ocrx_word' id='word_1_492' title='bbox 1198 3413 1322 3475; x_wconf 90' lang='lat' dir='ltr'><strong>post</strong></span> <span class='ocrx_word' id='word_1_493' title='bbox 1361 3405 1643 3461; x_wconf 87' lang='lat' dir='ltr'><strong>Satanam.</strong></span> <span class='ocrx_word' id='word_1_494' title='bbox 1686 3406 1901 3461; x_wconf 88' lang='lat' dir='ltr'><strong>Etcum</strong></span> <span class='ocrx_word' id='word_1_495' title='bbox 1937 3407 2096 3460; x_wconf 82' lang='lat' dir='ltr'><strong>luxu-</strong></span> 
     </span>
    </p>
   </div>
   <div class='ocr_carea' id='block_1_65' title="bbox 490 3495 2096 3561">
    <p class='ocr_par' dir='ltr' id='par_1_65' title="bbox 490 3495 2096 3561">
     <span class='ocr_line' id='line_1_65' title="bbox 490 3495 2096 3561; baseline -0.001 -9"><span class='ocrx_word' id='word_1_496' title='bbox 490 3495 644 3552; x_wconf 75' lang='lat' dir='ltr'><strong>riata:</strong></span> <span class='ocrx_word' id='word_1_497' title='bbox 691 3496 896 3551; x_wconf 79' lang='lat' dir='ltr'><strong>fuerint</strong></span> <span class='ocrx_word' id='word_1_498' title='bbox 937 3497 991 3551; x_wconf 92' lang='lat' dir='ltr'><strong>in</strong></span> <span class='ocrx_word' id='word_1_499' title='bbox 1039 3496 1284 3561; x_wconf 89' lang='lat' dir='ltr'><strong>Christo,</strong></span> <span class='ocrx_word' id='word_1_500' title='bbox 1330 3497 1539 3552; x_wconf 90' lang='lat' dir='ltr'><strong>nubere</strong></span> <span class='ocrx_word' id='word_1_501' title='bbox 1580 3499 1790 3559; x_wconf 86' lang='lat' dir='ltr'><strong>volunt,</strong></span> <span class='ocrx_word' id='word_1_502' title='bbox 1831 3497 2096 3551; x_wconf 81' lang='lat' dir='ltr'><strong>habentes</strong></span> 
     </span>
    </p>
   </div>
   <div class='ocr_carea' id='block_1_66' title="bbox 490 3586 2094 3656">
    <p class='ocr_par' dir='ltr' id='par_1_66' title="bbox 490 3586 2094 3656">
     <span class='ocr_line' id='line_1_66' title="bbox 490 3586 2094 3656; baseline 0.001 -15"><span class='ocrx_word' id='word_1_503' title='bbox 490 3586 927 3650; x_wconf 82' lang='lat' dir='ltr'><strong>damnationem,</strong></span> <span class='ocrx_word' id='word_1_504' title='bbox 957 3589 1082 3656; x_wconf 87' lang='lat' dir='ltr'><strong>quia</strong></span> <span class='ocrx_word' id='word_1_505' title='bbox 1116 3588 1344 3656; x_wconf 89' lang='lat' dir='ltr'><strong>primatu</strong></span> <span class='ocrx_word' id='word_1_506' title='bbox 1383 3587 1544 3641; x_wconf 82' lang='lat' dir='ltr'><strong>tidem</strong></span> <span class='ocrx_word' id='word_1_507' title='bbox 1577 3588 1785 3642; x_wconf 89' lang='lat' dir='ltr'><strong>irritam</strong></span> <span class='ocrx_word' id='word_1_508' title='bbox 1825 3587 2094 3644; x_wconf 82' lang='lat' dir='ltr'><strong>fecerunt.</strong></span> 
     </span>
    </p>
   </div>
   <div class='ocr_carea' id='block_1_67' title="bbox 492 3680 2097 3747">
    <p class='ocr_par' dir='ltr' id='par_1_67' title="bbox 492 3680 2097 3747">
     <span class='ocr_line' id='line_1_67' title="bbox 492 3680 2097 3747; baseline -0.001 -11"><span class='ocrx_word' id='word_1_509' title='bbox 492 3680 605 3736; x_wconf 87' lang='lat' dir='ltr'><strong>Nec</strong></span> <span class='ocrx_word' id='word_1_510' title='bbox 654 3681 1061 3735; x_wconf 80' lang='lat' dir='ltr'><strong>Ecclesiasticis</strong></span> <span class='ocrx_word' id='word_1_511' title='bbox 1084 3681 1243 3735; x_wconf 89' lang='lat' dir='ltr'><strong>vidua</strong></span> <span class='ocrx_word' id='word_1_512' title='bbox 1283 3690 1624 3735; x_wconf 83' lang='lat' dir='ltr'><strong>sustentatur</strong></span> <span class='ocrx_word' id='word_1_513' title='bbox 1665 3682 1961 3747; x_wconf 84' lang='lat' dir='ltr'><strong>alimentis,</strong></span> <span class='ocrx_word' id='word_1_514' title='bbox 1994 3681 2097 3735; x_wconf 79' lang='lat' dir='ltr'><strong>nisi</strong></span> 
     </span>
    </p>
   </div>
   <div class='ocr_carea' id='block_1_68' title="bbox 495 3774 2099 3843">
    <p class='ocr_par' dir='ltr' id='par_1_68' title="bbox 495 3774 2099 3843">
     <span class='ocr_line' id='line_1_68' title="bbox 495 3774 2099 3843; baseline 0.002 -17"><span class='ocrx_word' id='word_1_515' title='bbox 495 3786 618 3843; x_wconf 84' lang='lat' dir='ltr'><strong>quae</strong></span> <span class='ocrx_word' id='word_1_516' title='bbox 650 3774 932 3841; x_wconf 78' lang='lat' dir='ltr'><strong>sexaginta</strong></span> <span class='ocrx_word' id='word_1_517' title='bbox 975 3788 1242 3827; x_wconf 90' lang='lat' dir='ltr'><strong>annorum</strong></span> <span class='ocrx_word' id='word_1_518' title='bbox 1277 3784 1381 3841; x_wconf 91' lang='lat' dir='ltr'><strong>est,</strong></span> <span class='ocrx_word' id='word_1_519' title='bbox 1426 3785 1479 3828; x_wconf 92' lang='lat' dir='ltr'><strong>et</strong></span> <span class='ocrx_word' id='word_1_520' title='bbox 1524 3775 1893 3829; x_wconf 89' lang='lat' dir='ltr'><strong>maturitatem</strong></span> <span class='ocrx_word' id='word_1_521' title='bbox 1937 3775 2099 3829; x_wconf 87' lang='lat' dir='ltr'><strong>habet</strong></span> 
     </span>
    </p>
   </div>
   <div class='ocr_carea' id='block_1_69' title="bbox 492 3867 2097 3940">
    <p class='ocr_par' dir='ltr' id='par_1_69' title="bbox 492 3867 2097 3940">
     <span class='ocr_line' id='line_1_69' title="bbox 492 3867 2097 3940; baseline 0.001 -20"><span class='ocrx_word' id='word_1_522' title='bbox 492 3883 716 3921; x_wconf 88' lang='lat' dir='ltr'><strong>morttm</strong></span> <span class='ocrx_word' id='word_1_523' title='bbox 749 3868 958 3936; x_wconf 90' lang='lat' dir='ltr'><strong>pariter</strong></span> <span class='ocrx_word' id='word_1_524' title='bbox 984 3876 1038 3922; x_wconf 89' lang='lat' dir='ltr'><strong>et</strong></span> <span class='ocrx_word' id='word_1_525' title='bbox 1069 3868 1269 3921; x_wconf 81' lang='lat' dir='ltr'><strong>a-tatis.</strong></span> <span class='ocrx_word' id='word_1_526' title='bbox 1306 3868 1462 3922; x_wconf 88' lang='lat' dir='ltr'><strong>Putet</strong></span> <span class='ocrx_word' id='word_1_527' title='bbox 1495 3867 1604 3940; x_wconf 61' lang='lat'><strong>55.</strong></span> <span class='ocrx_word' id='word_1_528' title='bbox 1624 3869 1846 3938; x_wconf 89' lang='lat' dir='ltr'><strong>aliquis,</strong></span> <span class='ocrx_word' id='word_1_529' title='bbox 1878 3879 1933 3924; x_wconf 91' lang='lat' dir='ltr'><strong>et</strong></span> <span class='ocrx_word' id='word_1_530' title='bbox 1964 3868 2097 3924; x_wconf 87' lang='lat' dir='ltr'><strong>illttd</strong></span> 
     </span>
    </p>
   </div>
   <div class='ocr_carea' id='block_1_70' title="bbox 493 3959 2096 4032">
    <p class='ocr_par' dir='ltr' id='par_1_70' title="bbox 493 3959 2096 4032">
     <span class='ocr_line' id='line_1_70' title="bbox 493 3959 2096 4032; baseline 0 -18"><span class='ocrx_word' id='word_1_531' title='bbox 493 3960 640 4030; x_wconf 91' lang='lat' dir='ltr'><strong>quod</strong></span> <span class='ocrx_word' id='word_1_532' title='bbox 664 3959 961 4027; x_wconf 82' lang='lat' dir='ltr'><strong>Apostolus</strong></span> <span class='ocrx_word' id='word_1_533' title='bbox 987 3960 1242 4026; x_wconf 86' lang='lat' dir='ltr'><strong>prohibet</strong></span> <span class='ocrx_word' id='word_1_534' title='bbox 1273 3960 1314 4032; x_wconf 90' lang='grc' dir='ltr'>(Ι</span> <span class='ocrx_word' id='word_1_535' title='bbox 1345 3960 1476 4014; x_wconf 89' lang='lat' dir='ltr'><strong>Tim.</strong></span> <span class='ocrx_word' id='word_1_536' title='bbox 1512 3961 1616 4032; x_wconf 90' lang='grc' dir='ltr'>ιιι),</span> <span class='ocrx_word' id='word_1_537' title='bbox 1641 3961 1957 4032; x_wconf 82' lang='lat' dir='ltr'><strong>episeopum</strong></span> <span class='ocrx_word' id='word_1_538' title='bbox 1982 3961 2096 4016; x_wconf 84' lang='lat' dir='ltr'><strong>ﬁeri</strong></span> 
     </span>
    </p>
   </div>
   <div class='ocr_carea' id='block_1_71' title="bbox 497 4053 2099 4126">
    <p class='ocr_par' dir='ltr' id='par_1_71' title="bbox 497 4053 2099 4126">
     <span class='ocr_line' id='line_1_71' title="bbox 497 4053 2099 4126; baseline 0 -16"><span class='ocrx_word' id='word_1_539' title='bbox 497 4054 856 4126; x_wconf 90' lang='lat' dir='ltr'><strong>neophytum,</strong></span> <span class='ocrx_word' id='word_1_540' title='bbox 893 4053 960 4109; x_wconf 88' lang='lat' dir='ltr'><strong>ad</strong></span> <span class='ocrx_word' id='word_1_541' title='bbox 992 4055 1096 4109; x_wconf 88' lang='lat' dir='ltr'><strong>hoc</strong></span> <span class='ocrx_word' id='word_1_542' title='bbox 1127 4056 1429 4125; x_wconf 90' lang='lat' dir='ltr'><strong>pertinere,</strong></span> <span class='ocrx_word' id='word_1_543' title='bbox 1465 4056 1590 4124; x_wconf 84' lang='lat' dir='ltr'><strong>quia</strong></span> <span class='ocrx_word' id='word_1_544' title='bbox 1624 4055 1882 4125; x_wconf 83' lang='lat' dir='ltr'><strong>parvulus</strong></span> <span class='ocrx_word' id='word_1_545' title='bbox 1907 4055 1961 4109; x_wconf 87' lang='lat' dir='ltr'><strong>in</strong></span> <span class='ocrx_word' id='word_1_546' title='bbox 1995 4055 2099 4110; x_wconf 87' lang='lat' dir='ltr'><strong>lidc</strong></span> 
     </span>
    </p>
   </div>
   <div class='ocr_carea' id='block_1_72' title="bbox 496 4147 2102 4219">
    <p class='ocr_par' dir='ltr' id='par_1_72' title="bbox 496 4147 2102 4219">
     <span class='ocr_line' id='line_1_72' title="bbox 496 4147 2102 4219; baseline -0.002 -15"><span class='ocrx_word' id='word_1_547' title='bbox 496 4156 605 4206; x_wconf 85' lang='lat' dir='ltr'><strong>est.</strong></span> <span class='ocrx_word' id='word_1_548' title='bbox 635 4163 702 4203; x_wconf 90' lang='lat' dir='ltr'><strong>ne</strong></span> <span class='ocrx_word' id='word_1_549' title='bbox 728 4149 904 4204; x_wconf 92' lang='lat' dir='ltr'><strong>elatus</strong></span> <span class='ocrx_word' id='word_1_550' title='bbox 934 4149 988 4205; x_wconf 87' lang='lat' dir='ltr'><strong>in</strong></span> <span class='ocrx_word' id='word_1_551' title='bbox 1016 4150 1352 4219; x_wconf 88' lang='lat' dir='ltr'><strong>superbiam,</strong></span> <span class='ocrx_word' id='word_1_552' title='bbox 1386 4148 1592 4204; x_wconf 91' lang='lat' dir='ltr'><strong>incidat</strong></span> <span class='ocrx_word' id='word_1_553' title='bbox 1615 4149 1666 4202; x_wconf 92' lang='lat' dir='ltr'><strong>in</strong></span> <span class='ocrx_word' id='word_1_554' title='bbox 1690 4147 1954 4216; x_wconf 83' lang='lat' dir='ltr'><strong>judicium</strong></span> <span class='ocrx_word' id='word_1_555' title='bbox 1985 4148 2102 4202; x_wconf 92' lang='lat' dir='ltr'><strong>dia-</strong></span> 
     </span>
    </p>
   </div>
   <div class='ocr_carea' id='block_1_73' title="bbox 492 4240 2098 4304">
    <p class='ocr_par' dir='ltr' id='par_1_73' title="bbox 492 4240 2098 4304">
     <span class='ocr_line' id='line_1_73' title="bbox 492 4240 2098 4304; baseline -0.001 -7"><span class='ocrx_word' id='word_1_556' title='bbox 492 4241 628 4297; x_wconf 87' lang='lat' dir='ltr'><strong>boli.</strong></span> <span class='ocrx_word' id='word_1_557' title='bbox 662 4241 935 4297; x_wconf 88' lang='lat' dir='ltr'><strong>.Iudicium</strong></span> <span class='ocrx_word' id='word_1_558' title='bbox 967 4253 1149 4297; x_wconf 89' lang='lat' dir='ltr'><strong>autem</strong></span> <span class='ocrx_word' id='word_1_559' title='bbox 1181 4242 1633 4296; x_wconf 85' lang='lat' dir='ltr'><strong>diaboli&#39;nnllum</strong></span> <span class='ocrx_word' id='word_1_560' title='bbox 1666 4250 1750 4296; x_wconf 89' lang='lat' dir='ltr'><strong>est</strong></span> <span class='ocrx_word' id='word_1_561' title='bbox 1795 4240 1964 4304; x_wconf 90' lang='lat' dir='ltr'><strong>aliud,</strong></span> <span class='ocrx_word' id='word_1_562' title='bbox 1999 4241 2098 4295; x_wconf 91' lang='lat' dir='ltr'><strong>nisi</strong></span> 
     </span>
    </p>
   </div>
   <div class='ocr_carea' id='block_1_74' title="bbox 494 4332 2100 4404">
    <p class='ocr_par' dir='ltr' id='par_1_74' title="bbox 494 4332 2100 4404">
     <span class='ocr_line' id='line_1_74' title="bbox 494 4332 2100 4404; baseline -0.001 -14"><span class='ocrx_word' id='word_1_563' title='bbox 494 4333 776 4403; x_wconf 82' lang='lat' dir='ltr'><strong>superbia,</strong></span> <span class='ocrx_word' id='word_1_564' title='bbox 810 4343 1034 4403; x_wconf 88' lang='lat' dir='ltr'><strong>propter</strong></span> <span class='ocrx_word' id='word_1_565' title='bbox 1063 4349 1229 4404; x_wconf 91' lang='lat' dir='ltr'><strong>quam</strong></span> <span class='ocrx_word' id='word_1_566' title='bbox 1257 4333 1326 4387; x_wconf 93' lang='lat' dir='ltr'><strong>de</strong></span> <span class='ocrx_word' id='word_1_567' title='bbox 1353 4333 1670 4388; x_wconf 59' lang='lat' dir='ltr'><strong>caelestibus</strong></span> <span class='ocrx_word' id='word_1_568' title='bbox 1696 4332 1913 4388; x_wconf 89' lang='lat' dir='ltr'><strong>cecidit.</strong></span> <span class='ocrx_word' id='word_1_569' title='bbox 1944 4332 2100 4389; x_wconf 89' lang='lat' dir='ltr'><strong>Unde</strong></span> 
     </span>
    </p>
   </div>
   <div class='ocr_carea' id='block_1_75' title="bbox 499 4423 2100 4496">
    <p class='ocr_par' dir='ltr' id='par_1_75' title="bbox 499 4423 2100 4496">
     <span class='ocr_line' id='line_1_75' title="bbox 499 4423 2100 4496; baseline -0.002 -16"><span class='ocrx_word' id='word_1_570' title='bbox 499 4434 557 4480; x_wconf 92' lang='lat' dir='ltr'><strong>et</strong></span> <span class='ocrx_word' id='word_1_571' title='bbox 584 4425 835 4480; x_wconf 87' lang='lat' dir='ltr'><strong>Salvator</strong></span> <span class='ocrx_word' id='word_1_572' title='bbox 869 4425 1131 4494; x_wconf 87' lang='lat' dir='ltr'><strong>loquitur,</strong></span> <span class='ocrx_word' id='word_1_573' title='bbox 1172 4423 1421 4478; x_wconf 87' lang='lat' dir='ltr'><strong>Videbam</strong></span> <span class='ocrx_word' id='word_1_574' title='bbox 1450 4424 1728 4492; x_wconf 84' lang='lat' dir='ltr'><strong>Satanam,</strong></span> <span class='ocrx_word' id='word_1_575' title='bbox 1757 4424 1906 4495; x_wconf 85' lang='lat' dir='ltr'><strong>quasi</strong></span> <span class='ocrx_word' id='word_1_576' title='bbox 1925 4424 2100 4496; x_wconf 77' lang='lat' dir='ltr'><strong>fulgor</strong></span> 
     </span>
    </p>
   </div>
   <div class='ocr_carea' id='block_1_76' title="bbox 498 4515 1476 4590">
    <p class='ocr_par' dir='ltr' id='par_1_76' title="bbox 498 4515 1476 4590">
     <span class='ocr_line' id='line_1_76' title="bbox 498 4515 1476 4590; baseline 0 -20"><span class='ocrx_word' id='word_1_577' title='bbox 498 4516 765 4570; x_wconf 84' lang='lat' dir='ltr'><strong>cadentem</strong></span> <span class='ocrx_word' id='word_1_578' title='bbox 798 4515 863 4570; x_wconf 88' lang='lat' dir='ltr'><strong>de</strong></span> <span class='ocrx_word' id='word_1_579' title='bbox 889 4517 1017 4570; x_wconf 75' lang='lat' dir='ltr'><strong>caelo</strong></span> <span class='ocrx_word' id='word_1_580' title='bbox 1045 4515 1199 4590; x_wconf 87' lang='lat' dir='ltr'><strong>(Luc.</strong></span> <span class='ocrx_word' id='word_1_581' title='bbox 1236 4533 1330 4582; x_wconf 86' lang='lat' dir='ltr'><strong>xx,</strong></span> <span class='ocrx_word' id='word_1_582' title='bbox 1364 4516 1476 4588; x_wconf 78' lang='grc'>18).</span> 
     </span>
    </p>
   </div>
   <div class='ocr_carea' id='block_1_77' title="bbox 571 4605 2100 4679">
    <p class='ocr_par' dir='ltr' id='par_1_77' title="bbox 571 4605 2100 4679">
     <span class='ocr_line' id='line_1_77' title="bbox 571 4605 2100 4679; baseline 0.002 -20"><span class='ocrx_word' id='word_1_583' title='bbox 571 4605 638 4659; x_wconf 83' lang='grc' dir='ltr'>Ει</span> <span class='ocrx_word' id='word_1_584' title='bbox 666 4605 951 4673; x_wconf 77' lang='lat' dir='ltr'><strong>effeminati</strong></span> <span class='ocrx_word' id='word_1_585' title='bbox 976 4608 1378 4662; x_wconf 84' lang='lat' dir='ltr'><strong>dominabuntur</strong></span> <span class='ocrx_word' id='word_1_586' title='bbox 1399 4608 1490 4662; x_wconf 85' lang='lat' dir='ltr'><strong>eis.</strong></span> <span class='ocrx_word' id='word_1_587' title='bbox 1517 4608 1625 4663; x_wconf 88' lang='lat' dir='ltr'><strong>Pro</strong></span> <span class='ocrx_word' id='word_1_588' title='bbox 1653 4624 1761 4679; x_wconf 88' lang='lat' dir='ltr'><strong>quo</strong></span> <span class='ocrx_word' id='word_1_589' title='bbox 1789 4609 1843 4663; x_wconf 87' lang='lat' dir='ltr'><strong>itt</strong></span> <span class='ocrx_word' id='word_1_590' title='bbox 1873 4609 2100 4664; x_wconf 65' lang='grc' dir='ltr'><strong>Ποιητιξο</strong></span> 
     </span>
    </p>
   </div>
   <div class='ocr_carea' id='block_1_78' title="bbox 497 4679 2102 4774">
    <p class='ocr_par' dir='ltr' id='par_1_78' title="bbox 497 4679 2102 4774">
     <span class='ocr_line' id='line_1_78' title="bbox 497 4679 2102 4774; baseline 0.001 -18"><span class='ocrx_word' id='word_1_591' title='bbox 497 4700 757 4772; x_wconf 87' lang='lat' dir='ltr'><strong>scriptum</strong></span> <span class='ocrx_word' id='word_1_592' title='bbox 782 4712 864 4757; x_wconf 91' lang='lat' dir='ltr'><strong>est</strong></span> <span class='ocrx_word' id='word_1_593' title='bbox 897 4717 1173 4758; x_wconf 72' lang='lat' dir='ltr'><strong>&#39;rnALtJLnt</strong></span> <span class='ocrx_word' id='word_1_594' title='bbox 1205 4679 1502 4774; x_wconf 62' lang='grc' dir='ltr'><strong>(ωῢὺνι-ι),</strong></span> <span class='ocrx_word' id='word_1_595' title='bbox 1525 4718 1661 4772; x_wconf 91' lang='lat' dir='ltr'><strong>quos</strong></span> <span class='ocrx_word' id='word_1_596' title='bbox 1683 4701 1830 4757; x_wconf 78' lang='lat' dir='ltr'><strong>LXX</strong></span> <span class='ocrx_word' id='word_1_597' title='bbox 1849 4710 1906 4757; x_wconf 89' lang='lat' dir='ltr'><strong>ct</strong></span> <span class='ocrx_word' id='word_1_598' title='bbox 1925 4701 2102 4758; x_wconf 90' lang='lat' dir='ltr'><strong>Theo-</strong></span> 
     </span>
    </p>
   </div>
   <div class='ocr_carea' id='block_1_79' title="bbox 570 4866 2102 4944">
    <p class='ocr_par' dir='ltr' id='par_1_79' title="bbox 570 4866 2102 4944">
     <span class='ocr_line' id='line_1_79' title="bbox 570 4866 2102 4944; baseline 0.002 -22"><span class='ocrx_word' id='word_1_599' title='bbox 570 4876 596 4944; x_wconf 54' lang='grc' dir='ltr'><strong>ει</strong></span> <span class='ocrx_word' id='word_1_600' title='bbox 628 4867 1221 4944; x_wconf 33' lang='lat' dir='ltr'><strong>EusebiumAimitatur,</strong></span> <span class='ocrx_word' id='word_1_601' title='bbox 1251 4869 1407 4944; x_wconf 83' lang='lat' dir='ltr'><strong>cujus</strong></span> <span class='ocrx_word' id='word_1_602' title='bbox 1431 4869 1548 4923; x_wconf 74' lang='lat' dir='ltr'><strong>haec</strong></span> <span class='ocrx_word' id='word_1_603' title='bbox 1577 4877 1729 4944; x_wconf 83' lang='lat' dir='ltr'><strong>sunt.</strong></span> <span class='ocrx_word' id='word_1_604' title='bbox 1750 4873 1838 4929; x_wconf 80' lang='grc' dir='ltr'><strong>Τίς</strong></span> <span class='ocrx_word' id='word_1_605' title='bbox 1860 4866 1952 4924; x_wconf 76' lang='grc' dir='ltr'><strong>οὖν</strong></span> <span class='ocrx_word' id='word_1_606' title='bbox 1973 4872 2102 4944; x_wconf 83' lang='grc' dir='ltr'><strong>ὁρῶν</strong></span> 
     </span>
    </p>
   </div>
   <div class='ocr_carea' id='block_1_80' title="bbox 500 4939 2103 5016">
    <p class='ocr_par' dir='ltr' id='par_1_80' title="bbox 500 4939 2103 5016">
     <span class='ocr_line' id='line_1_80' title="bbox 500 4939 2103 5016; baseline 0.001 -22"><span class='ocrx_word' id='word_1_607' title='bbox 500 4941 626 4998; x_wconf 79' lang='grc' dir='ltr'><strong>τοὺς</strong></span> <span class='ocrx_word' id='word_1_608' title='bbox 653 4944 799 5016; x_wconf 59' lang='grc' dir='ltr'>ποιρᾲ</span> <span class='ocrx_word' id='word_1_609' title='bbox 819 4939 1088 5016; x_wconf 73' lang='grc' dir='ltr'><strong>Ἰουδοιίοις</strong></span> <span class='ocrx_word' id='word_1_610' title='bbox 1115 4942 1520 5012; x_wconf 77' lang='grc' dir='ltr'><strong>ὀνομαζομένους</strong></span> <span class='ocrx_word' id='word_1_611' title='bbox 1542 4939 2103 5016; x_wconf 34' lang='grc' dir='ltr'><strong>πατριᾴρχας-νεαῦίσ·</strong></span> 
     </span>
    </p>
   </div>
   <div class='ocr_carea' id='block_1_81' title="bbox 503 5010 2103 5080">
    <p class='ocr_par' dir='ltr' id='par_1_81' title="bbox 503 5010 2103 5080">
     <span class='ocr_line' id='line_1_81' title="bbox 503 5010 2103 5080; baseline 0.002 -17"><span class='ocrx_word' id='word_1_612' title='bbox 503 5029 624 5080; x_wconf 67' lang='grc' dir='ltr'>κους</span> <span class='ocrx_word' id='word_1_613' title='bbox 673 5010 886 5080; x_wconf 55' lang='lat' dir='ltr'><strong>alaeue,</strong></span> <span class='ocrx_word' id='word_1_614' title='bbox 919 5012 977 5063; x_wconf 80' lang='grc' dir='ltr'>οὐ</span> <span class='ocrx_word' id='word_1_615' title='bbox 1006 5017 1126 5080; x_wconf 63' lang='grc' dir='ltr'><strong>τήνΔ</strong></span> <span class='ocrx_word' id='word_1_616' title='bbox 1153 5010 1255 5064; x_wconf 77' lang='grc' dir='ltr'><strong>τῶν</strong></span> <span class='ocrx_word' id='word_1_617' title='bbox 1302 5014 1556 5080; x_wconf 76' lang='grc' dir='ltr'><strong>σωμάτων</strong></span> <span class='ocrx_word' id='word_1_618' title='bbox 1608 5010 1823 5076; x_wconf 38' lang='lat' dir='ltr'><strong>nimi-acu,</strong></span> <span class='ocrx_word' id='word_1_619' title='bbox 1857 5013 1982 5066; x_wconf 68' lang='grc' dir='ltr'><strong>ἀλλὰ</strong></span> <span class='ocrx_word' id='word_1_620' title='bbox 2011 5014 2103 5074; x_wconf 80' lang='grc' dir='ltr'><strong>τὰς</strong></span> 
     </span>
    </p>
   </div>
   <div class='ocr_carea' id='block_1_82' title="bbox 503 5078 2103 5206">
    <p class='ocr_par' dir='ltr' id='par_1_82' title="bbox 503 5078 2103 5206">
     <span class='ocr_line' id='line_1_82' title="bbox 503 5078 2103 5206; baseline 0.003 -74"><span class='ocrx_word' id='word_1_621' title='bbox 503 5079 688 5206; x_wconf 49' lang='grc' dir='ltr'><strong>ἓυχὰς</strong></span> <span class='ocrx_word' id='word_1_622' title='bbox 717 5079 913 5139; x_wconf 73' lang='grc' dir='ltr'><strong>ἀτελεῖς</strong></span> <span class='ocrx_word' id='word_1_623' title='bbox 945 5084 1029 5134; x_wconf 80' lang='grc' dir='ltr'><strong>καὶ</strong></span> <span class='ocrx_word' id='word_1_624' title='bbox 1059 5078 1210 5140; x_wconf 84' lang='grc' dir='ltr'><strong>ἐνδεῖς</strong></span> <span class='ocrx_word' id='word_1_625' title='bbox 1239 5078 1446 5156; x_wconf 76' lang='grc' dir='ltr'><strong>φρενῶν,</strong></span> <span class='ocrx_word' id='word_1_626' title='bbox 1479 5085 1600 5142; x_wconf 76' lang='grc' dir='ltr'><strong>τοὺς</strong></span> <span class='ocrx_word' id='word_1_627' title='bbox 1630 5103 1684 5137; x_wconf 84' lang='grc' dir='ltr'><strong><em>τε</em></strong></span> <span class='ocrx_word' id='word_1_628' title='bbox 1711 5082 1919 5143; x_wconf 79' lang='grc' dir='ltr'>λοὶπους</span> <span class='ocrx_word' id='word_1_629' title='bbox 1942 5086 2103 5139; x_wconf 78' lang='grc' dir='ltr'><strong>αὐτῶν</strong></span> 
     </span>
     <span class='ocr_line' id='line_1_83' title="bbox 539 5145 2103 5206; baseline 0.002 -3"><span class='ocrx_word' id='word_1_630' title='bbox 539 5149 864 5206; x_wconf 79' lang='grc' dir='ltr'><strong>ιδασκάλους.</strong></span> <span class='ocrx_word' id='word_1_631' title='bbox 901 5153 990 5206; x_wconf 76' lang='grc' dir='ltr'><strong>οὐκ</strong></span> <span class='ocrx_word' id='word_1_632' title='bbox 1020 5145 1080 5205; x_wconf 81' lang='grc' dir='ltr'>ἂν</span> <span class='ocrx_word' id='word_1_633' title='bbox 1133 5148 1268 5206; x_wconf 83' lang='grc' dir='ltr'>εἴποι</span> <span class='ocrx_word' id='word_1_634' title='bbox 1295 5154 1576 5206; x_wconf 62' lang='lat' dir='ltr'><strong>iuri-«inme</strong></span> <span class='ocrx_word' id='word_1_635' title='bbox 1626 5150 1771 5206; x_wconf 78' lang='grc' dir='ltr'><strong>εἶναι.</strong></span> <span class='ocrx_word' id='word_1_636' title='bbox 1806 5154 1975 5206; x_wconf 76' lang='lat' dir='ltr'><strong>Porro</strong></span> <span class='ocrx_word' id='word_1_637' title='bbox 2005 5156 2103 5206; x_wconf 83' lang='lat' dir='ltr'><strong>Pa-</strong></span> 
     </span>
    </p>
   </div>
   <div class='ocr_carea' id='block_1_83' title="bbox 539 5145 2104 5224">
    <p class='ocr_par' dir='ltr' id='par_1_83' title="bbox 539 5145 2104 5224">
     <span class='ocr_line' id='line_1_84' title="bbox 539 5145 2104 5224; baseline 0.003 -21"><span class='ocrx_word' id='word_1_638' title='bbox 539 5145 864 5224; x_wconf 65' lang='grc' dir='ltr'><strong>ιᾷἆσκάλους,</strong></span> <span class='ocrx_word' id='word_1_639' title='bbox 901 5153 990 5224; x_wconf 52' lang='lat' dir='ltr'><strong>effr.</strong></span> <span class='ocrx_word' id='word_1_640' title='bbox 1020 5145 1080 5205; x_wconf 81' lang='grc' dir='ltr'>ἂν</span> <span class='ocrx_word' id='word_1_641' title='bbox 1133 5145 1576 5224; x_wconf 63' lang='grc' dir='ltr'><strong>ξῖποῖἐμπαίκτας</strong></span> <span class='ocrx_word' id='word_1_642' title='bbox 1626 5150 1771 5216; x_wconf 79' lang='grc' dir='ltr'><strong>εἶναι,</strong></span> <span class='ocrx_word' id='word_1_643' title='bbox 1806 5154 1975 5208; x_wconf 83' lang='lat' dir='ltr'><strong>Porro</strong></span> <span class='ocrx_word' id='word_1_644' title='bbox 2005 5156 2104 5208; x_wconf 83' lang='lat' dir='ltr'><strong>Pa-</strong></span> 
     </span>
    </p>
   </div>
   <div class='ocr_carea' id='block_1_84' title="bbox 501 5219 2103 5296">
    <p class='ocr_par' dir='ltr' id='par_1_84' title="bbox 501 5219 2103 5296">
     <span class='ocr_line' id='line_1_85' title="bbox 501 5219 2103 5296; baseline 0.003 -22"><span class='ocrx_word' id='word_1_645' title='bbox 501 5219 772 5296; x_wconf 73' lang='lat' dir='ltr'><strong>triarchas</strong></span> <span class='ocrx_word' id='word_1_646' title='bbox 796 5219 1290 5296; x_wconf 49' lang='lat' dir='ltr'><strong>pniglerosolymar</strong></span> <span class='ocrx_word' id='word_1_647' title='bbox 1318 5219 1591 5296; x_wconf 76' lang='lat' dir='ltr'><strong>excidium</strong></span> <span class='ocrx_word' id='word_1_648' title='bbox 1620 5225 1794 5278; x_wconf 89' lang='lat' dir='ltr'><strong>notari</strong></span> <span class='ocrx_word' id='word_1_649' title='bbox 1837 5225 2103 5296; x_wconf 79' lang='lat' dir='ltr'><strong>intelligo,</strong></span> 
     </span>
    </p>
   </div>
   <div class='ocr_carea' id='block_1_85' title="bbox 500 5289 1570 5354">
    <p class='ocr_par' dir='ltr' id='par_1_85' title="bbox 500 5289 1570 5354">
     <span class='ocr_line' id='line_1_86' title="bbox 500 5289 1570 5354; baseline -0.001 -6"><span class='ocrx_word' id='word_1_650' title='bbox 500 5302 555 5348; x_wconf 82' lang='lat' dir='ltr'><strong>et</strong></span> <span class='ocrx_word' id='word_1_651' title='bbox 583 5290 692 5346; x_wconf 88' lang='lat' dir='ltr'><strong>vid.</strong></span> <span class='ocrx_word' id='word_1_652' title='bbox 722 5289 842 5344; x_wconf 84' lang='lat' dir='ltr'><strong>eod.</strong></span> <span class='ocrx_word' id='word_1_653' title='bbox 873 5290 1086 5347; x_wconf 87' lang='lat' dir='ltr'><strong>Tlteod.</strong></span> <span class='ocrx_word' id='word_1_654' title='bbox 1122 5292 1215 5346; x_wconf 90' lang='lat' dir='ltr'><strong>lib.</strong></span> <span class='ocrx_word' id='word_1_655' title='bbox 1252 5308 1362 5354; x_wconf 79' lang='lat' dir='ltr'><strong>xvi,</strong></span> <span class='ocrx_word' id='word_1_656' title='bbox 1390 5293 1479 5346; x_wconf 86' lang='lat' dir='ltr'><strong>tit.</strong></span> <span class='ocrx_word' id='word_1_657' title='bbox 1513 5294 1570 5347; x_wconf 86' lang='lat'><strong>8.</strong></span> 
     </span>
    </p>
   </div>
   <div class='ocr_carea' id='block_1_86' title="bbox 2199 3216 3803 3288">
    <p class='ocr_par' dir='ltr' id='par_1_86' title="bbox 2199 3216 3803 3288">
     <span class='ocr_line' id='line_1_87' title="bbox 2199 3216 3803 3288; baseline -0.001 -16"><span class='ocrx_word' id='word_1_658' title='bbox 2199 3227 2440 3272; x_wconf 87' lang='lat' dir='ltr'><strong>mentum</strong></span> <span class='ocrx_word' id='word_1_659' title='bbox 2471 3217 2737 3281; x_wconf 87' lang='lat' dir='ltr'><strong>habuerit,</strong></span> <span class='ocrx_word' id='word_1_660' title='bbox 2757 3227 3040 3286; x_wconf 86' lang='lat' dir='ltr'><strong>potens,et</strong></span> <span class='ocrx_word' id='word_1_661' title='bbox 3067 3216 3363 3288; x_wconf 82' lang='lat' dir='ltr'><strong>dives,55</strong></span> <span class='ocrx_word' id='word_1_662' title='bbox 3382 3218 3687 3286; x_wconf 77' lang='lat' dir='ltr'><strong>etinclytus</strong></span> <span class='ocrx_word' id='word_1_663' title='bbox 3713 3232 3803 3272; x_wconf 86' lang='lat' dir='ltr'><strong>es—</strong></span> 
     </span>
    </p>
   </div>
   <div class='ocr_carea' id='block_1_87' title="bbox 2199 3307 3802 3378">
    <p class='ocr_par' dir='ltr' id='par_1_87' title="bbox 2199 3307 3802 3378">
     <span class='ocr_line' id='line_1_88' title="bbox 2199 3307 3802 3378; baseline -0.002 -13"><span class='ocrx_word' id='word_1_664' title='bbox 2199 3324 2259 3365; x_wconf 91' lang='lat' dir='ltr'><strong>se</strong></span> <span class='ocrx_word' id='word_1_665' title='bbox 2279 3309 2556 3364; x_wconf 88' lang='lat' dir='ltr'><strong>credatur.</strong></span> <span class='ocrx_word' id='word_1_666' title='bbox 2580 3308 2734 3377; x_wconf 87' lang='lat' dir='ltr'><strong>Quod</strong></span> <span class='ocrx_word' id='word_1_667' title='bbox 2749 3319 2931 3364; x_wconf 91' lang='lat' dir='ltr'><strong>autem</strong></span> <span class='ocrx_word' id='word_1_668' title='bbox 2965 3307 3214 3378; x_wconf 87' lang='lat' dir='ltr'><strong>aitjuxta</strong></span> <span class='ocrx_word' id='word_1_669' title='bbox 3241 3308 3567 3362; x_wconf 89' lang='lat' dir='ltr'><strong>Hebraicutn</strong></span> <span class='ocrx_word' id='word_1_670' title='bbox 3591 3325 3603 3360; x_wconf 85' lang='lat'><strong>:</strong></span> <span class='ocrx_word' id='word_1_671' title='bbox 3627 3307 3802 3362; x_wconf 81' lang='lat' dir='ltr'><strong>Ruina</strong></span> 
     </span>
    </p>
   </div>
   <div class='ocr_carea' id='block_1_88' title="bbox 2198 3401 3802 3462">
    <p class='ocr_par' dir='ltr' id='par_1_88' title="bbox 2198 3401 3802 3462">
     <span class='ocr_line' id='line_1_89' title="bbox 2198 3401 3802 3462; baseline -0.001 -5"><span class='ocrx_word' id='word_1_672' title='bbox 2198 3413 2367 3457; x_wconf 85' lang='lat' dir='ltr'><strong>autem</strong></span> <span class='ocrx_word' id='word_1_673' title='bbox 2397 3401 2506 3457; x_wconf 73' lang='lat' dir='ltr'><strong>licet:</strong></span> <span class='ocrx_word' id='word_1_674' title='bbox 2528 3401 2620 3457; x_wconf 84' lang='lat' dir='ltr'><strong>sub</strong></span> <span class='ocrx_word' id='word_1_675' title='bbox 2648 3419 2806 3455; x_wconf 87' lang='lat' dir='ltr'><strong>ntanu</strong></span> <span class='ocrx_word' id='word_1_676' title='bbox 2833 3412 2941 3462; x_wconf 90' lang='lat' dir='ltr'><strong>tua,</strong></span> <span class='ocrx_word' id='word_1_677' title='bbox 2968 3401 3112 3456; x_wconf 92' lang='lat' dir='ltr'><strong>hunc</strong></span> <span class='ocrx_word' id='word_1_678' title='bbox 3139 3415 3360 3457; x_wconf 87' lang='lat' dir='ltr'><strong>sensum</strong></span> <span class='ocrx_word' id='word_1_679' title='bbox 3385 3401 3547 3457; x_wconf 87' lang='lat' dir='ltr'><strong>habet</strong></span> <span class='ocrx_word' id='word_1_680' title='bbox 3585 3419 3597 3453; x_wconf 91' lang='lat'><strong>:</strong></span> <span class='ocrx_word' id='word_1_681' title='bbox 3634 3401 3802 3456; x_wconf 81' lang='lat' dir='ltr'><strong>Mise-</strong></span> 
     </span>
    </p>
   </div>
   <div class='ocr_carea' id='block_1_89' title="bbox 2200 3493 3805 3566">
    <p class='ocr_par' dir='ltr' id='par_1_89' title="bbox 2200 3493 3805 3566">
     <span class='ocr_line' id='line_1_90' title="bbox 2200 3493 3805 3566; baseline -0.001 -17"><span class='ocrx_word' id='word_1_682' title='bbox 2200 3493 2281 3549; x_wconf 88' lang='lat' dir='ltr'><strong>ria</strong></span> <span class='ocrx_word' id='word_1_683' title='bbox 2311 3505 2493 3549; x_wconf 89' lang='lat' dir='ltr'><strong>nostra</strong></span> <span class='ocrx_word' id='word_1_684' title='bbox 2522 3504 2576 3548; x_wconf 88' lang='lat' dir='ltr'><strong>et</strong></span> <span class='ocrx_word' id='word_1_685' title='bbox 2604 3494 2890 3548; x_wconf 85' lang='lat' dir='ltr'><strong>calamitas</strong></span> <span class='ocrx_word' id='word_1_686' title='bbox 2919 3503 3009 3547; x_wconf 90' lang='lat' dir='ltr'><strong>tuo</strong></span> <span class='ocrx_word' id='word_1_687' title='bbox 3040 3495 3425 3548; x_wconf 82' lang='lat' dir='ltr'><strong>substentetnr</strong></span> <span class='ocrx_word' id='word_1_688' title='bbox 3453 3503 3508 3549; x_wconf 87' lang='lat' dir='ltr'><strong>et</strong></span> <span class='ocrx_word' id='word_1_689' title='bbox 3552 3504 3805 3566; x_wconf 85' lang='lat' dir='ltr'><strong>protega-</strong></span> 
     </span>
    </p>
   </div>
   <div class='ocr_carea' id='block_1_90' title="bbox 2203 3585 3803 3657">
    <p class='ocr_par' dir='ltr' id='par_1_90' title="bbox 2203 3585 3803 3657">
     <span class='ocr_line' id='line_1_91' title="bbox 2203 3585 3803 3657; baseline 0 -16"><span class='ocrx_word' id='word_1_690' title='bbox 2203 3595 2289 3642; x_wconf 91' lang='lat' dir='ltr'><strong>tur</strong></span> <span class='ocrx_word' id='word_1_691' title='bbox 2317 3587 2543 3640; x_wconf 87' lang='lat' dir='ltr'><strong>auxilio.</strong></span> <span class='ocrx_word' id='word_1_692' title='bbox 2579 3587 2643 3640; x_wconf 83' lang='lat' dir='ltr'><strong>Et</strong></span> <span class='ocrx_word' id='word_1_693' title='bbox 2670 3586 2772 3641; x_wconf 91' lang='lat' dir='ltr'><strong>hoc</strong></span> <span class='ocrx_word' id='word_1_694' title='bbox 2800 3585 3259 3642; x_wconf 85' lang='lat' dir='ltr'><strong>considerandum</strong></span> <span class='ocrx_word' id='word_1_695' title='bbox 3283 3587 3427 3655; x_wconf 85' lang='lat' dir='ltr'><strong>quod</strong></span> <span class='ocrx_word' id='word_1_696' title='bbox 3470 3587 3671 3657; x_wconf 86' lang='lat' dir='ltr'><strong>singuli</strong></span> <span class='ocrx_word' id='word_1_697' title='bbox 3699 3589 3803 3643; x_wconf 89' lang='lat' dir='ltr'><strong>sibi</strong></span> 
     </span>
    </p>
   </div>
   <div class='ocr_carea' id='block_1_91' title="bbox 2201 3679 3808 3753">
    <p class='ocr_par' dir='ltr' id='par_1_91' title="bbox 2201 3679 3808 3753">
     <span class='ocr_line' id='line_1_92' title="bbox 2201 3679 3808 3753; baseline 0.002 -18"><span class='ocrx_word' id='word_1_698' title='bbox 2201 3679 2404 3749; x_wconf 88' lang='lat' dir='ltr'><strong>eligant</strong></span> <span class='ocrx_word' id='word_1_699' title='bbox 2434 3679 2706 3749; x_wconf 88' lang='lat' dir='ltr'><strong>principes</strong></span> <span class='ocrx_word' id='word_1_700' title='bbox 2729 3680 2996 3750; x_wconf 88' lang='lat' dir='ltr'><strong>singulos,</strong></span> <span class='ocrx_word' id='word_1_701' title='bbox 3031 3689 3088 3734; x_wconf 89' lang='lat' dir='ltr'><strong>et</strong></span> <span class='ocrx_word' id='word_1_702' title='bbox 3115 3681 3167 3735; x_wconf 92' lang='lat' dir='ltr'><strong>in</strong></span> <span class='ocrx_word' id='word_1_703' title='bbox 3202 3681 3506 3753; x_wconf 88' lang='lat' dir='ltr'><strong>principuut</strong></span> <span class='ocrx_word' id='word_1_704' title='bbox 3531 3683 3808 3738; x_wconf 89' lang='lat' dir='ltr'><strong>electione</strong></span> 
     </span>
    </p>
   </div>
   <div class='ocr_carea' id='block_1_92' title="bbox 2202 3771 3804 3844">
    <p class='ocr_par' dir='ltr' id='par_1_92' title="bbox 2202 3771 3804 3844">
     <span class='ocr_line' id='line_1_93' title="bbox 2202 3771 3804 3844; baseline 0 -18"><span class='ocrx_word' id='word_1_705' title='bbox 2202 3771 2397 3826; x_wconf 89' lang='lat' dir='ltr'><strong>seditio</strong></span> <span class='ocrx_word' id='word_1_706' title='bbox 2424 3772 2513 3838; x_wconf 91' lang='lat' dir='ltr'><strong>sit,</strong></span> <span class='ocrx_word' id='word_1_707' title='bbox 2547 3771 2671 3826; x_wconf 87' lang='lat' dir='ltr'><strong>dutn</strong></span> <span class='ocrx_word' id='word_1_708' title='bbox 2697 3773 2788 3826; x_wconf 90' lang='lat' dir='ltr'><strong>alii</strong></span> <span class='ocrx_word' id='word_1_709' title='bbox 2821 3772 2956 3826; x_wconf 90' lang='lat' dir='ltr'><strong>alios</strong></span> <span class='ocrx_word' id='word_1_710' title='bbox 2987 3772 3301 3842; x_wconf 88' lang='lat' dir='ltr'><strong>principatu</strong></span> <span class='ocrx_word' id='word_1_711' title='bbox 3343 3773 3538 3844; x_wconf 88' lang='lat' dir='ltr'><strong>dignos</strong></span> <span class='ocrx_word' id='word_1_712' title='bbox 3591 3783 3804 3844; x_wconf 91' lang='lat' dir='ltr'><strong>putant.</strong></span> 
     </span>
    </p>
   </div>
   <div class='ocr_carea' id='block_1_93' title="bbox 2202 3863 3810 3937">
    <p class='ocr_par' dir='ltr' id='par_1_93' title="bbox 2202 3863 3810 3937">
     <span class='ocr_line' id='line_1_94' title="bbox 2202 3863 3810 3937; baseline 0.002 -18"><span class='ocrx_word' id='word_1_713' title='bbox 2202 3863 2311 3919; x_wconf 85' lang='lat' dir='ltr'><strong>Nec</strong></span> <span class='ocrx_word' id='word_1_714' title='bbox 2339 3864 2524 3919; x_wconf 92' lang='lat' dir='ltr'><strong>dicunt</strong></span> <span class='ocrx_word' id='word_1_715' title='bbox 2553 3865 2620 3919; x_wconf 90' lang='lat' dir='ltr'><strong>ad</strong></span> <span class='ocrx_word' id='word_1_716' title='bbox 2644 3881 2761 3932; x_wconf 87' lang='lat' dir='ltr'><strong>eos,</strong></span> <span class='ocrx_word' id='word_1_717' title='bbox 2795 3866 3182 3937; x_wconf 79' lang='lat' dir='ltr'><strong>possessiones</strong></span> <span class='ocrx_word' id='word_1_718' title='bbox 3214 3875 3340 3932; x_wconf 67' lang='lat' dir='ltr'><strong>tuae,</strong></span> <span class='ocrx_word' id='word_1_719' title='bbox 3375 3875 3431 3921; x_wconf 89' lang='lat' dir='ltr'><strong>et</strong></span> <span class='ocrx_word' id='word_1_720' title='bbox 3477 3866 3700 3936; x_wconf 75' lang='lat' dir='ltr'><strong>divitiae,</strong></span> <span class='ocrx_word' id='word_1_721' title='bbox 3754 3878 3810 3924; x_wconf 91' lang='lat' dir='ltr'><strong>et</strong></span> 
     </span>
    </p>
   </div>
   <div class='ocr_carea' id='block_1_94' title="bbox 2204 3957 3805 4026">
    <p class='ocr_par' dir='ltr' id='par_1_94' title="bbox 2204 3957 3805 4026">
     <span class='ocr_line' id='line_1_95' title="bbox 2204 3957 3805 4026; baseline 0.001 -14"><span class='ocrx_word' id='word_1_722' title='bbox 2204 3958 2408 4012; x_wconf 81' lang='lat' dir='ltr'><strong>reditus</strong></span> <span class='ocrx_word' id='word_1_723' title='bbox 2436 3968 2748 4012; x_wconf 88' lang='lat' dir='ltr'><strong>sustentare</strong></span> <span class='ocrx_word' id='word_1_724' title='bbox 2780 3972 2879 4012; x_wconf 88' lang='lat' dir='ltr'><strong>nos</strong></span> <span class='ocrx_word' id='word_1_725' title='bbox 2905 3967 3180 4026; x_wconf 90' lang='lat' dir='ltr'><strong>poterunt,</strong></span> <span class='ocrx_word' id='word_1_726' title='bbox 3214 3957 3311 4012; x_wconf 84' lang='lat' dir='ltr'><strong>sed</strong></span> <span class='ocrx_word' id='word_1_727' title='bbox 3358 3958 3647 4013; x_wconf 89' lang='lat' dir='ltr'><strong>inlirmitas</strong></span> <span class='ocrx_word' id='word_1_728' title='bbox 3675 3959 3805 4025; x_wconf 87' lang='lat' dir='ltr'><strong>ista,</strong></span> 
     </span>
    </p>
   </div>
   <div class='ocr_carea' id='block_1_95' title="bbox 2203 4051 3808 4122">
    <p class='ocr_par' dir='ltr' id='par_1_95' title="bbox 2203 4051 3808 4122">
     <span class='ocr_line' id='line_1_96' title="bbox 2203 4051 3808 4122; baseline 0.001 -16"><span class='ocrx_word' id='word_1_729' title='bbox 2203 4054 2323 4106; x_wconf 91' lang='lat' dir='ltr'><strong>sive</strong></span> <span class='ocrx_word' id='word_1_730' title='bbox 2345 4051 2500 4106; x_wconf 87' lang='lat' dir='ltr'><strong>cibus</strong></span> <span class='ocrx_word' id='word_1_731' title='bbox 2525 4067 2700 4118; x_wconf 90' lang='lat' dir='ltr'><strong>tneus,</strong></span> <span class='ocrx_word' id='word_1_732' title='bbox 2733 4067 2798 4105; x_wconf 83' lang='lat' dir='ltr'><strong>ex</strong></span> <span class='ocrx_word' id='word_1_733' title='bbox 2831 4060 2925 4106; x_wconf 92' lang='lat' dir='ltr'><strong>tuo</strong></span> <span class='ocrx_word' id='word_1_734' title='bbox 2947 4051 3229 4106; x_wconf 88' lang='lat' dir='ltr'><strong>sanabitur</strong></span> <span class='ocrx_word' id='word_1_735' title='bbox 3256 4061 3312 4105; x_wconf 89' lang='lat' dir='ltr'><strong>et</strong></span> <span class='ocrx_word' id='word_1_736' title='bbox 3352 4051 3613 4122; x_wconf 86' lang='lat' dir='ltr'><strong>pendebit</strong></span> <span class='ocrx_word' id='word_1_737' title='bbox 3655 4052 3808 4108; x_wconf 82' lang='lat' dir='ltr'><strong>arbi-</strong></span> 
     </span>
    </p>
   </div>
   <div class='ocr_carea' id='block_1_96' title="bbox 2204 4146 2328 4201">
    <p class='ocr_par' dir='ltr' id='par_1_96' title="bbox 2204 4146 2328 4201">
     <span class='ocr_line' id='line_1_97' title="bbox 2204 4146 2328 4201; baseline -0.016 0"><span class='ocrx_word' id='word_1_738' title='bbox 2204 4146 2328 4201; x_wconf 89' lang='lat' dir='ltr'><strong>trio.</strong></span> 
     </span>
    </p>
   </div>
   <div class='ocr_carea' id='block_1_97' title="bbox 2276 4236 3810 4310">
    <p class='ocr_par' dir='ltr' id='par_1_97' title="bbox 2276 4236 3810 4310">
     <span class='ocr_line' id='line_1_98' title="bbox 2276 4236 3810 4310; baseline 0 -18"><span class='ocrx_word' id='word_1_739' title='bbox 2276 4236 2458 4310; x_wconf 86' lang='lat' dir='ltr'><strong>(Vers.</strong></span> <span class='ocrx_word' id='word_1_740' title='bbox 2487 4236 2567 4309; x_wconf 82' lang='lat'><strong>7.)</strong></span> <span class='ocrx_word' id='word_1_741' title='bbox 2619 4237 2685 4292; x_wconf 83' lang='lat' dir='ltr'><strong>Et</strong></span> <span class='ocrx_word' id='word_1_742' title='bbox 2733 4237 3056 4309; x_wconf 81' lang='lat' dir='ltr'><strong>respondebit</strong></span> <span class='ocrx_word' id='word_1_743' title='bbox 3086 4239 3139 4292; x_wconf 85' lang='lat' dir='ltr'><strong>in</strong></span> <span class='ocrx_word' id='word_1_744' title='bbox 3169 4238 3252 4292; x_wconf 86' lang='lat' dir='ltr'><strong>die</strong></span> <span class='ocrx_word' id='word_1_745' title='bbox 3297 4238 3430 4303; x_wconf 87' lang='lat' dir='ltr'><strong>illa,</strong></span> <span class='ocrx_word' id='word_1_746' title='bbox 3465 4237 3670 4303; x_wconf 85' lang='lat' dir='ltr'><strong>dicens,</strong></span> <span class='ocrx_word' id='word_1_747' title='bbox 3705 4255 3810 4293; x_wconf 88' lang='lat' dir='ltr'><strong>non</strong></span> 
     </span>
    </p>
   </div>
   <div class='ocr_carea' id='block_1_98' title="bbox 2203 4331 3810 4403">
    <p class='ocr_par' dir='ltr' id='par_1_98' title="bbox 2203 4331 3810 4403">
     <span class='ocr_line' id='line_1_99' title="bbox 2203 4331 3810 4403; baseline 0.002 -18"><span class='ocrx_word' id='word_1_748' title='bbox 2203 4347 2317 4385; x_wconf 80' lang='lat' dir='ltr'><strong>sunt</strong></span> <span class='ocrx_word' id='word_1_749' title='bbox 2347 4331 2591 4398; x_wconf 85' lang='lat' dir='ltr'><strong>medicus,</strong></span> <span class='ocrx_word' id='word_1_750' title='bbox 2619 4342 2667 4386; x_wconf 91' lang='lat' dir='ltr'><strong>et</strong></span> <span class='ocrx_word' id='word_1_751' title='bbox 2690 4332 2743 4385; x_wconf 88' lang='lat' dir='ltr'><strong>in</strong></span> <span class='ocrx_word' id='word_1_752' title='bbox 2764 4334 2916 4385; x_wconf 91' lang='lat' dir='ltr'><strong>domo</strong></span> <span class='ocrx_word' id='word_1_753' title='bbox 2935 4347 3047 4384; x_wconf 84' lang='lat' dir='ltr'><strong>mea</strong></span> <span class='ocrx_word' id='word_1_754' title='bbox 3074 4349 3177 4385; x_wconf 87' lang='lat' dir='ltr'><strong>non</strong></span> <span class='ocrx_word' id='word_1_755' title='bbox 3203 4341 3274 4386; x_wconf 86' lang='lat' dir='ltr'><strong>est</strong></span> <span class='ocrx_word' id='word_1_756' title='bbox 3304 4332 3476 4402; x_wconf 84' lang='lat' dir='ltr'><strong>panis,</strong></span> <span class='ocrx_word' id='word_1_757' title='bbox 3502 4349 3665 4403; x_wconf 73' lang='lat' dir='ltr'><strong>neque</strong></span> <span class='ocrx_word' id='word_1_758' title='bbox 3691 4348 3810 4388; x_wconf 83' lang='lat' dir='ltr'><strong>ves-</strong></span> 
     </span>
    </p>
   </div>
   <div class='ocr_carea' id='block_1_99' title="bbox 2204 4422 3810 4496">
    <p class='ocr_par' dir='ltr' id='par_1_99' title="bbox 2204 4422 3810 4496">
     <span class='ocr_line' id='line_1_100' title="bbox 2204 4422 3810 4496; baseline 0.002 -20"><span class='ocrx_word' id='word_1_759' title='bbox 2204 4423 2520 4490; x_wconf 87' lang='lat' dir='ltr'><strong>timentum;</strong></span> <span class='ocrx_word' id='word_1_760' title='bbox 2562 4422 2720 4478; x_wconf 85' lang='lat' dir='ltr'><strong>nolite</strong></span> <span class='ocrx_word' id='word_1_761' title='bbox 2774 4424 3084 4478; x_wconf 86' lang='lat' dir='ltr'><strong>constituere</strong></span> <span class='ocrx_word' id='word_1_762' title='bbox 3137 4440 3215 4478; x_wconf 87' lang='lat' dir='ltr'><strong>me</strong></span> <span class='ocrx_word' id='word_1_763' title='bbox 3269 4425 3554 4494; x_wconf 85' lang='lat' dir='ltr'><strong>principem</strong></span> <span class='ocrx_word' id='word_1_764' title='bbox 3605 4426 3810 4496; x_wconf 86' lang='lat' dir='ltr'><strong>populi.</strong></span> 
     </span>
    </p>
   </div>
   <div class='ocr_carea' id='block_1_100' title="bbox 2205 4515 3811 4591">
    <p class='ocr_par' dir='ltr' id='par_1_100' title="bbox 2205 4515 3811 4591">
     <span class='ocr_line' id='line_1_101' title="bbox 2205 4515 3811 4591; baseline 0 -19"><span class='ocrx_word' id='word_1_765' title='bbox 2205 4517 2312 4572; x_wconf 88' lang='lat' dir='ltr'><strong>Pro</strong></span> <span class='ocrx_word' id='word_1_766' title='bbox 2334 4519 2552 4584; x_wconf 88' lang='lat' dir='ltr'><strong>medico,</strong></span> <span class='ocrx_word' id='word_1_767' title='bbox 2582 4516 2942 4588; x_wconf 86' lang='lat' dir='ltr'><strong>Symmachus</strong></span> <span class='ocrx_word' id='word_1_768' title='bbox 2971 4528 3023 4572; x_wconf 89' lang='lat' dir='ltr'><strong>et</strong></span> <span class='ocrx_word' id='word_1_769' title='bbox 3045 4515 3187 4571; x_wconf 77' lang='lat' dir='ltr'><strong>LXX</strong></span> <span class='ocrx_word' id='word_1_770' title='bbox 3221 4518 3628 4584; x_wconf 89' lang='lat' dir='ltr'><strong>transtulerunt,</strong></span> <span class='ocrx_word' id='word_1_771' title='bbox 3662 4519 3811 4591; x_wconf 84' lang='lat' dir='ltr'><strong>prin-</strong></span> 
     </span>
    </p>
   </div>
   <div class='ocr_carea' id='block_1_101' title="bbox 2208 4607 3807 4681">
    <p class='ocr_par' dir='ltr' id='par_1_101' title="bbox 2208 4607 3807 4681">
     <span class='ocr_line' id='line_1_102' title="bbox 2208 4607 3807 4681; baseline 0.001 -18"><span class='ocrx_word' id='word_1_772' title='bbox 2208 4611 2369 4681; x_wconf 84' lang='lat' dir='ltr'><strong>cipem</strong></span> <span class='ocrx_word' id='word_1_773' title='bbox 2395 4623 2414 4662; x_wconf 87' lang='lat'><strong><em>:</em></strong></span> <span class='ocrx_word' id='word_1_774' title='bbox 2443 4607 2772 4674; x_wconf 85' lang='lat' dir='ltr'><strong>Theodotio,</strong></span> <span class='ocrx_word' id='word_1_775' title='bbox 2807 4620 2826 4647; x_wconf 75' lang='grc' dir='ltr'><em>ε</em></span> <span class='ocrx_word' id='word_1_776' title='bbox 2852 4607 3259 4681; x_wconf 81' lang='grc' dir='ltr'><strong>ἐπιδεσμεύοντα</strong></span> <span class='ocrx_word' id='word_1_777' title='bbox 3285 4609 3379 4678; x_wconf 90' lang='lat' dir='ltr'><strong>qui</strong></span> <span class='ocrx_word' id='word_1_778' title='bbox 3402 4608 3533 4678; x_wconf 86' lang='lat' dir='ltr'><strong>liget</strong></span> <span class='ocrx_word' id='word_1_779' title='bbox 3557 4609 3807 4676; x_wconf 85' lang='lat' dir='ltr'><strong>vulnera,</strong></span> 
     </span>
    </p>
   </div>
   <div class='ocr_carea' id='block_1_102' title="bbox 2211 4699 3812 4771">
    <p class='ocr_par' dir='ltr' id='par_1_102' title="bbox 2211 4699 3812 4771">
     <span class='ocr_line' id='line_1_103' title="bbox 2211 4699 3812 4771; baseline 0.001 -15"><span class='ocrx_word' id='word_1_780' title='bbox 2211 4710 2265 4756; x_wconf 89' lang='lat' dir='ltr'><strong>et</strong></span> <span class='ocrx_word' id='word_1_781' title='bbox 2295 4699 2577 4769; x_wconf 87' lang='lat' dir='ltr'><strong>provideat</strong></span> <span class='ocrx_word' id='word_1_782' title='bbox 2597 4700 2817 4755; x_wconf 89' lang='lat' dir='ltr'><strong>sanitati</strong></span> <span class='ocrx_word' id='word_1_783' title='bbox 2845 4718 2857 4754; x_wconf 90' lang='lat'>:</span> <span class='ocrx_word' id='word_1_784' title='bbox 2889 4701 3261 4771; x_wconf 82' lang='lat' dir='ltr'><strong>Respondebit,</strong></span> <span class='ocrx_word' id='word_1_785' title='bbox 3285 4701 3310 4738; x_wconf 75' lang='grc' dir='ltr'><strong>ά</strong></span> <span class='ocrx_word' id='word_1_786' title='bbox 3344 4701 3397 4756; x_wconf 95' lang='lat' dir='ltr'><strong>in</strong></span> <span class='ocrx_word' id='word_1_787' title='bbox 3427 4703 3660 4758; x_wconf 73' lang='lat' dir='ltr'><strong>Hebraeo</strong></span> <span class='ocrx_word' id='word_1_788' title='bbox 3701 4720 3812 4759; x_wconf 92' lang='lat' dir='ltr'><strong>non</strong></span> 
     </span>
    </p>
   </div>
   <div class='ocr_carea' id='block_1_103' title="bbox 2205 4869 3809 4944">
    <p class='ocr_par' dir='ltr' id='par_1_103' title="bbox 2205 4869 3809 4944">
     <span class='ocr_line' id='line_1_104' title="bbox 2205 4869 3809 4944; baseline -0.001 -16"><span class='ocrx_word' id='word_1_789' title='bbox 2205 4872 2493 4944; x_wconf 81' lang='lat' dir='ltr'><strong>manifesto</strong></span> <span class='ocrx_word' id='word_1_790' title='bbox 2519 4872 2588 4926; x_wconf 87' lang='lat' dir='ltr'><strong>sit</strong></span> <span class='ocrx_word' id='word_1_791' title='bbox 2614 4876 2726 4930; x_wconf 65' lang='grc' dir='ltr'><strong>κων</strong></span> <span class='ocrx_word' id='word_1_792' title='bbox 2752 4873 2896 4943; x_wconf 88' lang='lat' dir='ltr'><strong>quod</strong></span> <span class='ocrx_word' id='word_1_793' title='bbox 2923 4883 3008 4928; x_wconf 89' lang='lat' dir='ltr'><strong>est</strong></span> <span class='ocrx_word' id='word_1_794' title='bbox 3032 4881 3281 4932; x_wconf 84' lang='lat' dir='ltr'><strong>assuntet.</strong></span> <span class='ocrx_word' id='word_1_795' title='bbox 3307 4874 3423 4928; x_wconf 87' lang='lat' dir='ltr'><strong>sive</strong></span> <span class='ocrx_word' id='word_1_796' title='bbox 3448 4880 3680 4944; x_wconf 74' lang='lat' dir='ltr'><strong>reponet.</strong></span> <span class='ocrx_word' id='word_1_797' title='bbox 3701 4869 3809 4927; x_wconf 81' lang='lat' dir='ltr'><strong>Sed</strong></span> 
     </span>
    </p>
   </div>
   <div class='ocr_carea' id='block_1_104' title="bbox 2203 4941 3812 5000">
    <p class='ocr_par' dir='ltr' id='par_1_104' title="bbox 2203 4941 3812 5000">
     <span class='ocr_line' id='line_1_105' title="bbox 2203 4941 3812 5000; baseline -0.002 -2"><span class='ocrx_word' id='word_1_798' title='bbox 2203 4945 2341 4999; x_wconf 90' lang='lat' dir='ltr'><strong>illud</strong></span> <span class='ocrx_word' id='word_1_799' title='bbox 2375 4943 2600 4997; x_wconf 87' lang='lat' dir='ltr'><strong>verbum</strong></span> <span class='ocrx_word' id='word_1_800' title='bbox 2644 4945 2694 4997; x_wconf 92' lang='lat' dir='ltr'><strong>in</strong></span> <span class='ocrx_word' id='word_1_801' title='bbox 2737 4941 3201 5000; x_wconf 84' lang='lat' dir='ltr'><strong>eiuendatioribus</strong></span> <span class='ocrx_word' id='word_1_802' title='bbox 3231 4943 3386 5000; x_wconf 89' lang='lat' dir='ltr'><strong>libris</strong></span> <span class='ocrx_word' id='word_1_803' title='bbox 3431 4941 3554 4997; x_wconf 84' lang='lat' dir='ltr'><strong>cunt</strong></span> <span class='ocrx_word' id='word_1_804' title='bbox 3591 4941 3812 4997; x_wconf 84' lang='lat' dir='ltr'><strong>circello</strong></span> 
     </span>
    </p>
   </div>
   <div class='ocr_carea' id='block_1_105' title="bbox 2207 5015 3807 5083">
    <p class='ocr_par' dir='ltr' id='par_1_105' title="bbox 2207 5015 3807 5083">
     <span class='ocr_line' id='line_1_106' title="bbox 2207 5015 3807 5083; baseline -0.001 -14"><span class='ocrx_word' id='word_1_805' title='bbox 2207 5016 2484 5078; x_wconf 85' lang='lat' dir='ltr'><strong>scribitur,</strong></span> <span class='ocrx_word' id='word_1_806' title='bbox 2517 5031 2639 5083; x_wconf 70' lang='lat' dir='ltr'><strong>qua:</strong></span> <span class='ocrx_word' id='word_1_807' title='bbox 2669 5015 3055 5070; x_wconf 87' lang='lat' dir='ltr'><strong>Massorethica</strong></span> <span class='ocrx_word' id='word_1_808' title='bbox 3090 5026 3214 5070; x_wconf 87' lang='lat' dir='ltr'><strong>nota</strong></span> <span class='ocrx_word' id='word_1_809' title='bbox 3247 5017 3407 5070; x_wconf 80' lang='lat' dir='ltr'><strong>docet</strong></span> <span class='ocrx_word' id='word_1_810' title='bbox 3447 5015 3498 5068; x_wconf 90' lang='lat' dir='ltr'><strong>in</strong></span> <span class='ocrx_word' id='word_1_811' title='bbox 3540 5015 3807 5081; x_wconf 83' lang='lat' dir='ltr'><strong>antiquis-</strong></span> 
     </span>
    </p>
   </div>
   <div class='ocr_carea' id='block_1_106' title="bbox 2208 5086 3813 5156">
    <p class='ocr_par' dir='ltr' id='par_1_106' title="bbox 2208 5086 3813 5156">
     <span class='ocr_line' id='line_1_107' title="bbox 2208 5086 3813 5156; baseline -0.001 -16"><span class='ocrx_word' id='word_1_812' title='bbox 2208 5087 2361 5140; x_wconf 88' lang='lat' dir='ltr'><strong>simis</strong></span> <span class='ocrx_word' id='word_1_813' title='bbox 2401 5086 2791 5156; x_wconf 85' lang='lat' dir='ltr'><strong>voluminibus,</strong></span> <span class='ocrx_word' id='word_1_814' title='bbox 2828 5103 2948 5155; x_wconf 76' lang='lat' dir='ltr'><strong>quze</strong></span> <span class='ocrx_word' id='word_1_815' title='bbox 2987 5087 3068 5140; x_wconf 86' lang='lat' dir='ltr'><strong>vel</strong></span> <span class='ocrx_word' id='word_1_816' title='bbox 3116 5087 3218 5156; x_wconf 82' lang='lat' dir='ltr'><strong>ipsi</strong></span> <span class='ocrx_word' id='word_1_817' title='bbox 3252 5086 3540 5156; x_wconf 68' lang='lat' dir='ltr'><strong>Propheta!</strong></span> <span class='ocrx_word' id='word_1_818' title='bbox 3575 5087 3813 5150; x_wconf 85' lang='lat' dir='ltr'><strong>scripse-</strong></span> 
     </span>
    </p>
   </div>
   <div class='ocr_carea' id='block_1_107' title="bbox 2210 5155 3814 5221">
    <p class='ocr_par' dir='ltr' id='par_1_107' title="bbox 2210 5155 3814 5221">
     <span class='ocr_line' id='line_1_108' title="bbox 2210 5155 3814 5221; baseline -0.002 -9"><span class='ocrx_word' id='word_1_819' title='bbox 2210 5167 2372 5218; x_wconf 86' lang='lat' dir='ltr'><strong>runt,</strong></span> <span class='ocrx_word' id='word_1_820' title='bbox 2431 5157 2516 5212; x_wconf 91' lang='lat' dir='ltr'><strong>vel</strong></span> <span class='ocrx_word' id='word_1_821' title='bbox 2576 5155 2776 5210; x_wconf 82' lang='lat' dir='ltr'><strong>Esdras</strong></span> <span class='ocrx_word' id='word_1_822' title='bbox 2828 5155 3149 5221; x_wconf 82' lang='lat' dir='ltr'><strong>recensuit,</strong></span> <span class='ocrx_word' id='word_1_823' title='bbox 3186 5171 3250 5209; x_wconf 90' lang='lat' dir='ltr'><strong>ea</strong></span> <span class='ocrx_word' id='word_1_824' title='bbox 3303 5155 3463 5210; x_wconf 87' lang='lat' dir='ltr'><strong>verba</strong></span> <span class='ocrx_word' id='word_1_825' title='bbox 3509 5167 3601 5209; x_wconf 88' lang='lat' dir='ltr'><strong>aut</strong></span> <span class='ocrx_word' id='word_1_826' title='bbox 3653 5156 3814 5208; x_wconf 85' lang='lat' dir='ltr'><strong>aliter</strong></span> 
     </span>
    </p>
   </div>
   <div class='ocr_carea' id='block_1_108' title="bbox 2209 5226 3814 5294">
    <p class='ocr_par' dir='ltr' id='par_1_108' title="bbox 2209 5226 3814 5294">
     <span class='ocr_line' id='line_1_109' title="bbox 2209 5226 3814 5294; baseline -0.002 -13"><span class='ocrx_word' id='word_1_827' title='bbox 2209 5227 2376 5282; x_wconf 80' lang='lat' dir='ltr'><strong>fuisse</strong></span> <span class='ocrx_word' id='word_1_828' title='bbox 2415 5238 2658 5291; x_wconf 78' lang='lat' dir='ltr'><strong>exarata,</strong></span> <span class='ocrx_word' id='word_1_829' title='bbox 2692 5233 2786 5279; x_wconf 86' lang='lat' dir='ltr'><strong>aut</strong></span> <span class='ocrx_word' id='word_1_830' title='bbox 2829 5241 3052 5294; x_wconf 88' lang='lat' dir='ltr'><strong>prorsus</strong></span> <span class='ocrx_word' id='word_1_831' title='bbox 3100 5244 3206 5280; x_wconf 86' lang='lat' dir='ltr'><strong>non</strong></span> <span class='ocrx_word' id='word_1_832' title='bbox 3262 5227 3541 5282; x_wconf 75' lang='lat' dir='ltr'><strong>exstitisse</strong></span> <span class='ocrx_word' id='word_1_833' title='bbox 3587 5227 3640 5280; x_wconf 90' lang='lat' dir='ltr'><strong>in</strong></span> <span class='ocrx_word' id='word_1_834' title='bbox 3691 5226 3814 5280; x_wconf 83' lang='lat' dir='ltr'><strong>aliis</strong></span> 
     </span>
    </p>
   </div>
   <div class='ocr_carea' id='block_1_109' title="bbox 2207 5297 3815 5369">
    <p class='ocr_par' dir='ltr' id='par_1_109' title="bbox 2207 5297 3815 5369">
     <span class='ocr_line' id='line_1_110' title="bbox 2207 5297 3815 5369; baseline -0.001 -15"><span class='ocrx_word' id='word_1_835' title='bbox 2207 5298 2635 5366; x_wconf 78' lang='lat' dir='ltr'><strong>exemplaribus.</strong></span> <span class='ocrx_word' id='word_1_836' title='bbox 2686 5297 2819 5352; x_wconf 87' lang='lat' dir='ltr'><strong>Tale</strong></span> <span class='ocrx_word' id='word_1_837' title='bbox 2883 5297 3013 5352; x_wconf 90' lang='lat' dir='ltr'><strong>illud</strong></span> <span class='ocrx_word' id='word_1_838' title='bbox 3065 5299 3266 5365; x_wconf 77' lang='lat' dir='ltr'><strong>fuerit,</strong></span> <span class='ocrx_word' id='word_1_839' title='bbox 3327 5313 3435 5369; x_wconf 83' lang='lat' dir='ltr'><strong>quo</strong></span> <span class='ocrx_word' id='word_1_840' title='bbox 3487 5297 3636 5352; x_wconf 85' lang='lat' dir='ltr'><strong>Hier.</strong></span> <span class='ocrx_word' id='word_1_841' title='bbox 3695 5310 3815 5352; x_wconf 88' lang='lat' dir='ltr'><strong>ute—</strong></span> 
     </span>
    </p>
   </div>
   <div class='ocr_carea' id='block_1_110' title="bbox 574 5360 2395 5437">
    <p class='ocr_par' dir='ltr' id='par_1_110' title="bbox 574 5360 2395 5437">
     <span class='ocr_line' id='line_1_111' title="bbox 574 5360 2395 5437; baseline 0.003 -20"><span class='ocrx_word' id='word_1_842' title='bbox 574 5360 602 5400; x_wconf 68' lang='grc' dir='ltr'>δ</span> <span class='ocrx_word' id='word_1_843' title='bbox 628 5362 806 5418; x_wconf 84' lang='lat' dir='ltr'><strong>Obvio</strong></span> <span class='ocrx_word' id='word_1_844' title='bbox 825 5362 1036 5419; x_wconf 87' lang='lat' dir='ltr'><strong>scilicet</strong></span> <span class='ocrx_word' id='word_1_845' title='bbox 1064 5378 1252 5418; x_wconf 87' lang='lat' dir='ltr'><strong>errore</strong></span> <span class='ocrx_word' id='word_1_846' title='bbox 1274 5371 1307 5417; x_wconf 67' lang='grc' dir='ltr'><strong><em>Ω</em></strong></span> <span class='ocrx_word' id='word_1_847' title='bbox 1331 5363 1732 5437; x_wconf 81' lang='lat' dir='ltr'><strong>substituerunt</strong></span> <span class='ocrx_word' id='word_1_848' title='bbox 1755 5382 1852 5436; x_wconf 91' lang='lat' dir='ltr'><strong>pro</strong></span> <span class='ocrx_word' id='word_1_849' title='bbox 1877 5372 1938 5436; x_wconf 69' lang='grc' dir='ltr'><strong>Ξ,</strong></span> <span class='ocrx_word' id='word_1_850' title='bbox 1961 5365 2107 5437; x_wconf 88' lang='lat' dir='ltr'><strong>quod</strong></span> <span class='ocrx_word' id='word_1_851' title='bbox 2213 5360 2395 5424; x_wconf 77' lang='lat' dir='ltr'><strong>batur.</strong></span> 
     </span>
    </p>
   </div>
   <div class='ocr_carea' id='block_1_111' title="bbox 510 5435 2114 5541">
    <p class='ocr_par' dir='ltr' id='par_1_111' title="bbox 510 5435 2114 5541">
     <span class='ocr_line' id='line_1_112' title="bbox 510 5435 2114 5541; baseline 0.002 -29"><span class='ocrx_word' id='word_1_852' title='bbox 510 5465 566 5513; x_wconf 87' lang='lat' dir='ltr'><strong>et</strong></span> <span class='ocrx_word' id='word_1_853' title='bbox 593 5457 861 5541; x_wconf 63' lang='lat' dir='ltr'><strong>blonl‘auc.</strong></span> <span class='ocrx_word' id='word_1_854' title='bbox 911 5468 1066 5516; x_wconf 89' lang='lat' dir='ltr'><strong>notat</strong></span> <span class='ocrx_word' id='word_1_855' title='bbox 1099 5476 1111 5513; x_wconf 91' lang='lat'><strong>:</strong></span> <span class='ocrx_word' id='word_1_856' title='bbox 1149 5459 1507 5530; x_wconf 82' lang='lat' dir='ltr'><strong>legeruntque</strong></span> <span class='ocrx_word' id='word_1_857' title='bbox 1545 5435 1998 5528; x_wconf 15' lang='grc' dir='ltr'><strong>Πίῗπ-’ἓῠίεοοιιιιηξ</strong></span> <span class='ocrx_word' id='word_1_858' title='bbox 2031 5463 2114 5516; x_wconf 89' lang='lat' dir='ltr'><strong>vel</strong></span> 
     </span>
    </p>
   </div>
   <div class='ocr_carea' id='block_1_112' title="bbox 507 5538 2121 5671">
    <p class='ocr_par' dir='ltr' id='par_1_112' title="bbox 541 5538 2121 5671">
     <span class='ocr_line' id='line_1_113' title="bbox 541 5538 2121 5671; baseline 0.03 -37"><span class='ocrx_word' id='word_1_859' title='bbox 541 5538 930 5656; x_wconf 53' lang='grc' dir='ltr'><strong>κί’ῗιωῦὶιιει.</strong></span> <span class='ocrx_word' id='word_1_860' title='bbox 962 5601 1169 5656; x_wconf 67' lang='lat' dir='ltr'><strong>Latinis</strong></span> <span class='ocrx_word' id='word_1_861' title='bbox 1194 5600 1394 5655; x_wconf 89' lang='lat' dir='ltr'><strong>litteris</strong></span> <span class='ocrx_word' id='word_1_862' title='bbox 1420 5602 1826 5671; x_wconf 76' lang='lat' dir='ltr'><strong>epidesmeunta.</strong></span> <span class='ocrx_word' id='word_1_863' title='bbox 1856 5602 2121 5670; x_wconf 72' lang='lat' dir='ltr'><strong>Q&#39;lOd‘m&#39;</strong></span> 
     </span>
    </p>
   </div>
   <div class='ocr_carea' id='block_1_113' title="bbox 518 5671 2118 5742">
    <p class='ocr_par' dir='ltr' id='par_1_113' title="bbox 518 5671 2118 5742">
     <span class='ocr_line' id='line_1_114' title="bbox 518 5671 2118 5742; baseline 0.001 -18"><span class='ocrx_word' id='word_1_864' title='bbox 518 5685 636 5742; x_wconf 70' lang='lat' dir='ltr'><strong>tem</strong></span> <span class='ocrx_word' id='word_1_865' title='bbox 667 5673 746 5727; x_wconf 89' lang='lat' dir='ltr'><strong>ait</strong></span> <span class='ocrx_word' id='word_1_866' title='bbox 765 5674 823 5726; x_wconf 88' lang='lat' dir='ltr'><strong>S.</strong></span> <span class='ocrx_word' id='word_1_867' title='bbox 859 5672 1062 5742; x_wconf 82' lang='lat' dir='ltr'><strong>Doctor</strong></span> <span class='ocrx_word' id='word_1_868' title='bbox 1086 5674 1137 5726; x_wconf 92' lang='lat' dir='ltr'><strong>in</strong></span> <span class='ocrx_word' id='word_1_869' title='bbox 1167 5671 1397 5742; x_wconf 73' lang='lat' dir='ltr'><strong>Hebrtco</strong></span> <span class='ocrx_word' id='word_1_870' title='bbox 1424 5688 1528 5728; x_wconf 90' lang='lat' dir='ltr'><strong>non</strong></span> <span class='ocrx_word' id='word_1_871' title='bbox 1557 5673 1743 5728; x_wconf 88' lang='lat' dir='ltr'><strong>haberi</strong></span> <span class='ocrx_word' id='word_1_872' title='bbox 1771 5673 2118 5742; x_wconf 81' lang='lat' dir='ltr'><strong>respondebit,</strong></span> 
     </span>
    </p>
   </div>
   <div class='ocr_carea' id='block_1_114' title="bbox 522 5739 2119 5813">
    <p class='ocr_par' dir='ltr' id='par_1_114' title="bbox 522 5739 2119 5813">
     <span class='ocr_line' id='line_1_115' title="bbox 522 5739 2119 5813; baseline 0 -16"><span class='ocrx_word' id='word_1_873' title='bbox 522 5739 719 5797; x_wconf 77' lang='lat' dir='ltr'><strong>falsum</strong></span> <span class='ocrx_word' id='word_1_874' title='bbox 751 5743 966 5802; x_wconf 78' lang='lat' dir='ltr'><strong>videtur</strong></span> <span class='ocrx_word' id='word_1_875' title='bbox 985 5740 1324 5811; x_wconf 74' lang='lat' dir='ltr'><strong>Martianazo,</strong></span> <span class='ocrx_word' id='word_1_876' title='bbox 1355 5741 1637 5813; x_wconf 86' lang='lat' dir='ltr'><strong>doctisque</strong></span> <span class='ocrx_word' id='word_1_877' title='bbox 1667 5745 1787 5801; x_wconf 88' lang='lat' dir='ltr'><strong>aliis</strong></span> <span class='ocrx_word' id='word_1_878' title='bbox 1818 5739 1968 5808; x_wconf 82' lang='lat' dir='ltr'><strong>viris,</strong></span> <span class='ocrx_word' id='word_1_879' title='bbox 1999 5759 2119 5799; x_wconf 84' lang='lat' dir='ltr'><strong>cum</strong></span> 
     </span>
    </p>
   </div>
   <div class='ocr_carea' id='block_1_115' title="bbox 2285 5459 3811 5528">
    <p class='ocr_par' dir='ltr' id='par_1_115' title="bbox 2285 5459 3811 5528">
     <span class='ocr_line' id='line_1_116' title="bbox 2285 5459 3811 5528; baseline 0 -14"><span class='ocrx_word' id='word_1_880' title='bbox 2285 5460 2313 5498; x_wconf 73' lang='grc' dir='ltr'>ά</span> <span class='ocrx_word' id='word_1_881' title='bbox 2350 5461 2411 5514; x_wconf 90' lang='lat' dir='ltr'><strong>ln</strong></span> <span class='ocrx_word' id='word_1_882' title='bbox 2443 5459 2664 5514; x_wconf 77' lang='lat' dir='ltr'><strong>Hebraeo</strong></span> <span class='ocrx_word' id='word_1_883' title='bbox 2695 5477 2798 5514; x_wconf 88' lang='lat' dir='ltr'><strong>non</strong></span> <span class='ocrx_word' id='word_1_884' title='bbox 2828 5459 3139 5524; x_wconf 84' lang='lat' dir='ltr'><strong>habetur,ln</strong></span> <span class='ocrx_word' id='word_1_885' title='bbox 3171 5461 3402 5516; x_wconf 64' lang='lat' dir='ltr'><strong>Hebraeo</strong></span> <span class='ocrx_word' id='word_1_886' title='bbox 3421 5469 3498 5514; x_wconf 89' lang='lat' dir='ltr'><strong>est</strong></span> <span class='ocrx_word' id='word_1_887' title='bbox 3521 5463 3633 5512; x_wconf 63' lang='lat' dir='ltr'><strong>Rw?</strong></span> <span class='ocrx_word' id='word_1_888' title='bbox 3650 5459 3811 5528; x_wconf 82' lang='lat' dir='ltr'><strong>jissa,</strong></span> 
     </span>
    </p>
   </div>
   <div class='ocr_carea' id='block_1_116' title="bbox 2218 5531 3815 5608">
    <p class='ocr_par' dir='ltr' id='par_1_116' title="bbox 2218 5531 3815 5608">
     <span class='ocr_line' id='line_1_117' title="bbox 2218 5531 3815 5608; baseline -0.001 -20"><span class='ocrx_word' id='word_1_889' title='bbox 2218 5532 2412 5608; x_wconf 81' lang='lat' dir='ltr'><strong>idest,</strong></span> <span class='ocrx_word' id='word_1_890' title='bbox 2443 5540 2704 5608; x_wconf 79' lang='lat' dir='ltr'><strong>assumet;</strong></span> <span class='ocrx_word' id='word_1_891' title='bbox 2745 5533 2886 5608; x_wconf 78' lang='lat' dir='ltr'><strong>quod</strong></span> <span class='ocrx_word' id='word_1_892' title='bbox 2921 5531 3064 5608; x_wconf 81' lang='lat' dir='ltr'><strong>LXX</strong></span> <span class='ocrx_word' id='word_1_893' title='bbox 3091 5534 3294 5608; x_wconf 72' lang='lat' dir='ltr'><strong>optime</strong></span> <span class='ocrx_word' id='word_1_894' title='bbox 3344 5533 3815 5608; x_wconf 54' lang='lat' dir='ltr'><strong>vertuntjmoxpt-</strong></span> 
     </span>
    </p>
   </div>
   <div class='ocr_carea' id='block_1_117' title="bbox 2225 5601 3817 5674">
    <p class='ocr_par' dir='ltr' id='par_1_117' title="bbox 2225 5601 3817 5674">
     <span class='ocr_line' id='line_1_118' title="bbox 2225 5601 3817 5674; baseline 0 -17"><span class='ocrx_word' id='word_1_895' title='bbox 2225 5605 2358 5667; x_wconf 81' lang='grc' dir='ltr'><strong>θεὶς,</strong></span> <span class='ocrx_word' id='word_1_896' title='bbox 2403 5601 2769 5674; x_wconf 81' lang='lat' dir='ltr'><strong>respondens,</strong></span> <span class='ocrx_word' id='word_1_897' title='bbox 2796 5602 2947 5670; x_wconf 87' lang='lat' dir='ltr'><strong>juxta</strong></span> <span class='ocrx_word' id='word_1_898' title='bbox 2996 5604 3234 5671; x_wconf 84' lang='lat' dir='ltr'><strong>phrasint</strong></span> <span class='ocrx_word' id='word_1_899' title='bbox 3281 5603 3333 5656; x_wconf 91' lang='lat' dir='ltr'><strong>in</strong></span> <span class='ocrx_word' id='word_1_900' title='bbox 3362 5601 3666 5674; x_wconf 68' lang='lat' dir='ltr'><strong>Evangelia</strong></span> <span class='ocrx_word' id='word_1_901' title='bbox 3713 5601 3817 5657; x_wconf 70' lang='lat' dir='ltr'><strong>saa-</strong></span> 
     </span>
    </p>
   </div>
   <div class='ocr_carea' id='block_1_118' title="bbox 2220 5671 3816 5746">
    <p class='ocr_par' dir='ltr' id='par_1_118' title="bbox 2220 5671 3816 5746">
     <span class='ocr_line' id='line_1_119' title="bbox 2220 5671 3816 5746; baseline 0.002 -20"><span class='ocrx_word' id='word_1_902' title='bbox 2220 5679 2342 5744; x_wconf 88' lang='lat' dir='ltr'><strong>pius</strong></span> <span class='ocrx_word' id='word_1_903' title='bbox 2378 5671 2729 5746; x_wconf 78' lang='lat' dir='ltr'><strong>usurpatam,</strong></span> <span class='ocrx_word' id='word_1_904' title='bbox 2768 5674 3110 5746; x_wconf 80' lang='lat' dir='ltr'><strong>Respondens</strong></span> <span class='ocrx_word' id='word_1_905' title='bbox 3137 5683 3310 5746; x_wconf 82' lang='lat' dir='ltr'><strong>autem</strong></span> <span class='ocrx_word' id='word_1_906' title='bbox 3337 5671 3490 5746; x_wconf 72' lang='lat' dir='ltr'><strong>dixit.</strong></span> <span class='ocrx_word' id='word_1_907' title='bbox 3516 5671 3662 5727; x_wconf 88' lang='lat' dir='ltr'><strong>Idem</strong></span> <span class='ocrx_word' id='word_1_908' title='bbox 3695 5687 3816 5728; x_wconf 90' lang='lat' dir='ltr'><strong>ver-</strong></span> 
     </span>
    </p>
   </div>
   <div class='ocr_carea' id='block_1_119' title="bbox 2219 5743 3810 5816">
    <p class='ocr_par' dir='ltr' id='par_1_119' title="bbox 2219 5743 3810 5816">
     <span class='ocr_line' id='line_1_120' title="bbox 2219 5743 3810 5816; baseline -0.001 -15"><span class='ocrx_word' id='word_1_909' title='bbox 2219 5743 2344 5802; x_wconf 89' lang='lat' dir='ltr'><strong>bum</strong></span> <span class='ocrx_word' id='word_1_910' title='bbox 2396 5743 2720 5816; x_wconf 67' lang='lat' dir='ltr'><strong>respondebit</strong></span> <span class='ocrx_word' id='word_1_911' title='bbox 2765 5743 2962 5816; x_wconf 85' lang='lat' dir='ltr'><strong>legitur</strong></span> <span class='ocrx_word' id='word_1_912' title='bbox 3007 5745 3150 5815; x_wconf 89' lang='lat' dir='ltr'><strong>apud</strong></span> <span class='ocrx_word' id='word_1_913' title='bbox 3204 5758 3397 5802; x_wconf 88' lang='lat' dir='ltr'><strong>omnes</strong></span> <span class='ocrx_word' id='word_1_914' title='bbox 3458 5745 3810 5813; x_wconf 83' lang='lat' dir='ltr'><strong>interpretes,</strong></span> 
     </span>
    </p>
   </div>
  </div>
