  <div class='ocr_page' id='page_1' title='image "/cluster/home/n/w/nwhite01/storage/ocr_20150623/24/uva.x000826571/040.png"; bbox 0 0 4008 6368; ppageno 0'>
   <div class='ocr_carea' id='block_1_1' title="bbox 137 387 196 444">
    <p class='ocr_par' dir='ltr' id='par_1_1' title="bbox 137 387 196 444">
     <span class='ocr_line' id='line_1_1' title="bbox 137 387 196 444; baseline 0.034 -2"><span class='ocrx_word' id='word_1_1' title='bbox 137 387 196 444; x_wconf 79' lang='lat'><strong>65</strong></span> 
     </span>
    </p>
   </div>
   <div class='ocr_carea' id='block_1_2' title="bbox 717 376 2833 442">
    <p class='ocr_par' dir='ltr' id='par_1_2' title="bbox 717 376 2833 442">
     <span class='ocr_line' id='line_1_2' title="bbox 717 376 2833 442; baseline -0.002 0"><span class='ocrx_word' id='word_1_2' title='bbox 717 381 1365 442; x_wconf 74' lang='lat' dir='ltr'><strong>COMMENTARIORUM</strong></span> <span class='ocrx_word' id='word_1_3' title='bbox 1406 379 1473 438; x_wconf 81' lang='lat' dir='ltr'><strong>IN</strong></span> <span class='ocrx_word' id='word_1_4' title='bbox 1516 378 1756 438; x_wconf 75' lang='lat' dir='ltr'><strong>ISAIAM</strong></span> <span class='ocrx_word' id='word_1_5' title='bbox 1793 376 2222 438; x_wconf 74' lang='lat' dir='ltr'><strong>PROPHETAM</strong></span> <span class='ocrx_word' id='word_1_6' title='bbox 2265 380 2395 436; x_wconf 88' lang='lat' dir='ltr'><strong>LlB.</strong></span> <span class='ocrx_word' id='word_1_7' title='bbox 2440 381 2502 437; x_wconf 87' lang='lat' dir='ltr'><strong>ll.</strong></span> <span class='ocrx_word' id='word_1_8' title='bbox 2545 380 2704 437; x_wconf 87' lang='lat' dir='ltr'><strong>CAP.</strong></span> <span class='ocrx_word' id='word_1_9' title='bbox 2748 380 2833 438; x_wconf 86' lang='grc'><strong>111.</strong></span> 
     </span>
    </p>
   </div>
   <div class='ocr_carea' id='block_1_3' title="bbox 3368 380 3438 437">
    <p class='ocr_par' dir='ltr' id='par_1_3' title="bbox 3368 380 3438 437">
     <span class='ocr_line' id='line_1_3' title="bbox 3368 380 3438 437; baseline 0.029 -2"><span class='ocrx_word' id='word_1_10' title='bbox 3368 380 3438 437; x_wconf 86' lang='grc'>66</span> 
     </span>
    </p>
   </div>
   <div class='ocr_carea' id='block_1_4' title="bbox 135 494 3443 567">
    <p class='ocr_par' dir='ltr' id='par_1_4' title="bbox 135 494 3443 567">
     <span class='ocr_line' id='line_1_4' title="bbox 135 494 3443 567; baseline -0 -13"><span class='ocrx_word' id='word_1_11' title='bbox 135 499 379 566; x_wconf 84' lang='lat' dir='ltr'><strong>habetur,</strong></span> <span class='ocrx_word' id='word_1_12' title='bbox 415 499 510 554; x_wconf 86' lang='lat' dir='ltr'><strong>sed</strong></span> <span class='ocrx_word' id='word_1_13' title='bbox 536 498 603 554; x_wconf 89' lang='lat' dir='ltr'><strong>de</strong></span> <span class='ocrx_word' id='word_1_14' title='bbox 633 496 770 553; x_wconf 80' lang='lat' dir='ltr'><strong>LXX</strong></span> <span class='ocrx_word' id='word_1_15' title='bbox 796 497 1038 552; x_wconf 91' lang='lat' dir='ltr'><strong>additum</strong></span> <span class='ocrx_word' id='word_1_16' title='bbox 1061 507 1165 554; x_wconf 90' lang='lat' dir='ltr'><strong>est.</strong></span> <span class='ocrx_word' id='word_1_17' title='bbox 1195 495 1252 550; x_wconf 92' lang='lat' dir='ltr'><strong>ln</strong></span> <span class='ocrx_word' id='word_1_18' title='bbox 1309 495 1543 551; x_wconf 82' lang='lat' dir='ltr'><strong>Hebraeo</strong></span> <span class='ocrx_word' id='word_1_19' title='bbox 1572 495 1718 552; x_wconf 90' lang='lat' dir='ltr'><strong>enim</strong></span> <span class='ocrx_word' id='word_1_20' title='bbox 1747 494 1797 559; x_wconf 82' lang='lat' dir='ltr'><strong>A</strong></span> <span class='ocrx_word' id='word_1_21' title='bbox 1825 497 2086 553; x_wconf 85' lang='lat' dir='ltr'><strong>condere.</strong></span> <span class='ocrx_word' id='word_1_22' title='bbox 2140 495 2298 552; x_wconf 87' lang='lat' dir='ltr'><strong>Unde</strong></span> <span class='ocrx_word' id='word_1_23' title='bbox 2346 505 2400 552; x_wconf 89' lang='lat' dir='ltr'><strong>et</strong></span> <span class='ocrx_word' id='word_1_24' title='bbox 2448 497 2726 567; x_wconf 83' lang='lat' dir='ltr'><strong>prim-ipes</strong></span> <span class='ocrx_word' id='word_1_25' title='bbox 2776 496 3123 566; x_wconf 76' lang='lat' dir='ltr'><strong>appellantur</strong></span> <span class='ocrx_word' id='word_1_26' title='bbox 3170 497 3443 554; x_wconf 89' lang='lat' dir='ltr'><strong>Sodomo-</strong></span> 
     </span>
    </p>
   </div>
   <div class='ocr_carea' id='block_1_5' title="bbox 133 586 1723 661">
    <p class='ocr_par' dir='ltr' id='par_1_5' title="bbox 133 586 1723 661">
     <span class='ocr_line' id='line_1_5' title="bbox 133 586 1723 661; baseline -0.003 -17"><span class='ocrx_word' id='word_1_27' title='bbox 133 590 212 645; x_wconf 90' lang='lat' dir='ltr'><strong>his</strong></span> <span class='ocrx_word' id='word_1_28' title='bbox 239 607 358 661; x_wconf 77' lang='lat' dir='ltr'><strong>qua:</strong></span> <span class='ocrx_word' id='word_1_29' title='bbox 387 604 548 660; x_wconf 84' lang='lat' dir='ltr'><strong>supra</strong></span> <span class='ocrx_word' id='word_1_30' title='bbox 577 590 778 658; x_wconf 73' lang='lat' dir='ltr'><strong>scripta</strong></span> <span class='ocrx_word' id='word_1_31' title='bbox 809 598 938 645; x_wconf 90' lang='lat' dir='ltr'><strong>sunt</strong></span> <span class='ocrx_word' id='word_1_32' title='bbox 958 589 1205 660; x_wconf 73' lang='lat' dir='ltr'><strong>jungitur</strong></span> <span class='ocrx_word' id='word_1_33' title='bbox 1238 607 1251 642; x_wconf 86' lang='lat'><strong>:</strong></span> <span class='ocrx_word' id='word_1_34' title='bbox 1278 586 1344 642; x_wconf 87' lang='lat' dir='ltr'><strong>In</strong></span> <span class='ocrx_word' id='word_1_35' title='bbox 1380 587 1476 641; x_wconf 89' lang='lat' dir='ltr'><strong>illa</strong></span> <span class='ocrx_word' id='word_1_36' title='bbox 1507 587 1590 640; x_wconf 86' lang='lat' dir='ltr'><strong>die</strong></span> <span class='ocrx_word' id='word_1_37' title='bbox 1639 587 1723 640; x_wconf 84' lang='lat' dir='ltr'><strong>di-</strong></span> 
     </span>
    </p>
   </div>
   <div class='ocr_carea' id='block_1_6' title="bbox 134 678 1723 752">
    <p class='ocr_par' dir='ltr' id='par_1_6' title="bbox 134 678 1723 752">
     <span class='ocr_line' id='line_1_6' title="bbox 134 678 1723 752; baseline -0.001 -17"><span class='ocrx_word' id='word_1_38' title='bbox 134 693 224 750; x_wconf 82' lang='lat' dir='ltr'><strong>cet,</strong></span> <span class='ocrx_word' id='word_1_39' title='bbox 258 699 356 736; x_wconf 90' lang='lat' dir='ltr'><strong>non</strong></span> <span class='ocrx_word' id='word_1_40' title='bbox 393 697 506 735; x_wconf 85' lang='lat' dir='ltr'><strong>sunt</strong></span> <span class='ocrx_word' id='word_1_41' title='bbox 547 682 798 749; x_wconf 86' lang='lat' dir='ltr'><strong>medicus,</strong></span> <span class='ocrx_word' id='word_1_42' title='bbox 835 691 891 737; x_wconf 90' lang='lat' dir='ltr'><strong>et</strong></span> <span class='ocrx_word' id='word_1_43' title='bbox 939 682 1173 752; x_wconf 90' lang='lat' dir='ltr'><strong>reliqua.</strong></span> <span class='ocrx_word' id='word_1_44' title='bbox 1234 680 1286 735; x_wconf 85' lang='lat' dir='ltr'><strong>is</strong></span> <span class='ocrx_word' id='word_1_45' title='bbox 1333 691 1514 736; x_wconf 87' lang='lat' dir='ltr'><strong>autem</strong></span> <span class='ocrx_word' id='word_1_46' title='bbox 1557 678 1723 744; x_wconf 88' lang='lat' dir='ltr'><strong>dicet,</strong></span> 
     </span>
    </p>
   </div>
   <div class='ocr_carea' id='block_1_7' title="bbox 131 774 1724 847">
    <p class='ocr_par' dir='ltr' id='par_1_7' title="bbox 131 774 1724 847">
     <span class='ocr_line' id='line_1_7' title="bbox 131 774 1724 847; baseline -0.002 -17"><span class='ocrx_word' id='word_1_47' title='bbox 131 776 214 847; x_wconf 87' lang='lat' dir='ltr'><strong>qui</strong></span> <span class='ocrx_word' id='word_1_48' title='bbox 245 776 493 846; x_wconf 88' lang='lat' dir='ltr'><strong>princeps</strong></span> <span class='ocrx_word' id='word_1_49' title='bbox 513 776 676 831; x_wconf 88' lang='lat' dir='ltr'><strong>fuerit</strong></span> <span class='ocrx_word' id='word_1_50' title='bbox 705 775 936 831; x_wconf 85' lang='lat' dir='ltr'><strong>electus.</strong></span> <span class='ocrx_word' id='word_1_51' title='bbox 967 775 1035 830; x_wconf 88' lang='lat' dir='ltr'><strong>Et</strong></span> <span class='ocrx_word' id='word_1_52' title='bbox 1055 774 1448 845; x_wconf 90' lang='lat' dir='ltr'><strong>sicutpopnlus</strong></span> <span class='ocrx_word' id='word_1_53' title='bbox 1479 774 1568 844; x_wconf 91' lang='lat' dir='ltr'><strong>qui</strong></span> <span class='ocrx_word' id='word_1_54' title='bbox 1601 788 1724 828; x_wconf 91' lang='lat' dir='ltr'><strong>eum</strong></span> 
     </span>
    </p>
   </div>
   <div class='ocr_carea' id='block_1_8' title="bbox 127 867 1725 940">
    <p class='ocr_par' dir='ltr' id='par_1_8' title="bbox 127 867 1725 940">
     <span class='ocr_line' id='line_1_8' title="bbox 127 867 1725 940; baseline -0.001 -19"><span class='ocrx_word' id='word_1_55' title='bbox 127 884 300 940; x_wconf 85' lang='lat' dir='ltr'><strong>quem,</strong></span> <span class='ocrx_word' id='word_1_56' title='bbox 344 869 761 939; x_wconf 76' lang='lat' dir='ltr'><strong>comparatione</strong></span> <span class='ocrx_word' id='word_1_57' title='bbox 815 870 905 924; x_wconf 92' lang='lat' dir='ltr'><strong>sui</strong></span> <span class='ocrx_word' id='word_1_58' title='bbox 975 868 1399 938; x_wconf 90' lang='lat' dir='ltr'><strong>locupletiorem</strong></span> <span class='ocrx_word' id='word_1_59' title='bbox 1443 867 1725 937; x_wconf 77' lang='lat' dir='ltr'><strong>intelligit,</strong></span> 
     </span>
    </p>
   </div>
   <div class='ocr_carea' id='block_1_9' title="bbox 127 957 1730 1032">
    <p class='ocr_par' dir='ltr' id='par_1_9' title="bbox 127 957 1730 1032">
     <span class='ocr_line' id='line_1_9' title="bbox 127 957 1730 1032; baseline -0.002 -16"><span class='ocrx_word' id='word_1_60' title='bbox 127 962 423 1032; x_wconf 88' lang='lat' dir='ltr'><strong>principem</strong></span> <span class='ocrx_word' id='word_1_61' title='bbox 471 961 676 1018; x_wconf 89' lang='lat' dir='ltr'><strong>habere</strong></span> <span class='ocrx_word' id='word_1_62' title='bbox 706 961 1010 1026; x_wconf 83' lang='lat' dir='ltr'><strong>desiderat,</strong></span> <span class='ocrx_word' id='word_1_63' title='bbox 1036 961 1118 1015; x_wconf 90' lang='lat' dir='ltr'><strong>sic</strong></span> <span class='ocrx_word' id='word_1_64' title='bbox 1158 960 1256 1030; x_wconf 86' lang='lat' dir='ltr'><strong>qui</strong></span> <span class='ocrx_word' id='word_1_65' title='bbox 1307 960 1523 1029; x_wconf 88' lang='lat' dir='ltr'><strong>eligitur</strong></span> <span class='ocrx_word' id='word_1_66' title='bbox 1547 957 1730 1015; x_wconf 86' lang='lat' dir='ltr'><strong>consi-</strong></span> 
     </span>
    </p>
   </div>
   <div class='ocr_carea' id='block_1_10' title="bbox 126 1051 1728 1124">
    <p class='ocr_par' dir='ltr' id='par_1_10' title="bbox 126 1051 1728 1124">
     <span class='ocr_line' id='line_1_10' title="bbox 126 1051 1728 1124; baseline -0.001 -16"><span class='ocrx_word' id='word_1_67' title='bbox 126 1053 316 1109; x_wconf 85' lang='lat' dir='ltr'><strong>derans</strong></span> <span class='ocrx_word' id='word_1_68' title='bbox 340 1064 737 1124; x_wconf 82' lang='lat' dir='ltr'><strong>paupertatem,</strong></span> <span class='ocrx_word' id='word_1_69' title='bbox 771 1062 825 1108; x_wconf 89' lang='lat' dir='ltr'><strong>et</strong></span> <span class='ocrx_word' id='word_1_70' title='bbox 879 1053 1318 1108; x_wconf 78' lang='lat' dir='ltr'><strong>imbecillitatem</strong></span> <span class='ocrx_word' id='word_1_71' title='bbox 1367 1068 1543 1121; x_wconf 89' lang='lat' dir='ltr'><strong>suam,</strong></span> <span class='ocrx_word' id='word_1_72' title='bbox 1585 1051 1728 1108; x_wconf 91' lang='lat' dir='ltr'><strong>indi-</strong></span> 
     </span>
    </p>
   </div>
   <div class='ocr_carea' id='block_1_11' title="bbox 125 1145 1725 1218">
    <p class='ocr_par' dir='ltr' id='par_1_11' title="bbox 125 1145 1725 1218">
     <span class='ocr_line' id='line_1_11' title="bbox 125 1145 1725 1218; baseline -0.001 -16"><span class='ocrx_word' id='word_1_73' title='bbox 125 1163 282 1218; x_wconf 85' lang='lat' dir='ltr'><strong>gnum</strong></span> <span class='ocrx_word' id='word_1_74' title='bbox 311 1161 372 1202; x_wconf 91' lang='lat' dir='ltr'><strong>se</strong></span> <span class='ocrx_word' id='word_1_75' title='bbox 399 1162 523 1203; x_wconf 91' lang='lat' dir='ltr'><strong>esse</strong></span> <span class='ocrx_word' id='word_1_76' title='bbox 549 1147 735 1202; x_wconf 87' lang='lat' dir='ltr'><strong>delato</strong></span> <span class='ocrx_word' id='word_1_77' title='bbox 758 1145 972 1202; x_wconf 84' lang='lat' dir='ltr'><strong>honore</strong></span> <span class='ocrx_word' id='word_1_78' title='bbox 1001 1155 1257 1213; x_wconf 85' lang='lat' dir='ltr'><strong>testatur,</strong></span> <span class='ocrx_word' id='word_1_79' title='bbox 1295 1161 1398 1201; x_wconf 91' lang='lat' dir='ltr'><strong>nec</strong></span> <span class='ocrx_word' id='word_1_80' title='bbox 1425 1160 1587 1216; x_wconf 88' lang='lat' dir='ltr'><strong>posse</strong></span> <span class='ocrx_word' id='word_1_81' title='bbox 1608 1160 1725 1200; x_wconf 88' lang='lat' dir='ltr'><strong>me-</strong></span> 
     </span>
    </p>
   </div>
   <div class='ocr_carea' id='block_1_12' title="bbox 125 1237 1730 1309">
    <p class='ocr_par' dir='ltr' id='par_1_12' title="bbox 125 1237 1730 1309">
     <span class='ocr_line' id='line_1_12' title="bbox 125 1237 1730 1309; baseline -0.003 -14"><span class='ocrx_word' id='word_1_82' title='bbox 125 1239 238 1295; x_wconf 89' lang='lat' dir='ltr'><strong>deri</strong></span> <span class='ocrx_word' id='word_1_83' title='bbox 268 1239 448 1304; x_wconf 88' lang='lat' dir='ltr'><strong>vitiis,</strong></span> <span class='ocrx_word' id='word_1_84' title='bbox 479 1238 532 1293; x_wconf 88' lang='lat' dir='ltr'><strong>id</strong></span> <span class='ocrx_word' id='word_1_85' title='bbox 582 1247 696 1304; x_wconf 91' lang='lat' dir='ltr'><strong>est,</strong></span> <span class='ocrx_word' id='word_1_86' title='bbox 729 1253 923 1294; x_wconf 91' lang='lat' dir='ltr'><strong>curare</strong></span> <span class='ocrx_word' id='word_1_87' title='bbox 978 1238 1331 1309; x_wconf 81' lang='lat' dir='ltr'><strong>languentes,</strong></span> <span class='ocrx_word' id='word_1_88' title='bbox 1363 1237 1730 1292; x_wconf 83' lang='lat' dir='ltr'><strong>esurientibus</strong></span> 
     </span>
    </p>
   </div>
   <div class='ocr_carea' id='block_1_13' title="bbox 123 1330 1730 1399">
    <p class='ocr_par' dir='ltr' id='par_1_13' title="bbox 123 1330 1730 1399">
     <span class='ocr_line' id='line_1_13' title="bbox 123 1330 1730 1399; baseline -0.004 -11"><span class='ocrx_word' id='word_1_89' title='bbox 123 1333 300 1389; x_wconf 87' lang='lat' dir='ltr'><strong>cibum</strong></span> <span class='ocrx_word' id='word_1_90' title='bbox 341 1333 607 1394; x_wconf 88' lang='lat' dir='ltr'><strong>tribuere,</strong></span> <span class='ocrx_word' id='word_1_91' title='bbox 639 1331 850 1386; x_wconf 84' lang='lat' dir='ltr'><strong>vestire</strong></span> <span class='ocrx_word' id='word_1_92' title='bbox 879 1330 1075 1394; x_wconf 91' lang='lat' dir='ltr'><strong>nudos,</strong></span> <span class='ocrx_word' id='word_1_93' title='bbox 1121 1330 1210 1399; x_wconf 89' lang='lat' dir='ltr'><strong>qtti</strong></span> <span class='ocrx_word' id='word_1_94' title='bbox 1253 1330 1375 1395; x_wconf 90' lang='lat' dir='ltr'><strong>ipse</strong></span> <span class='ocrx_word' id='word_1_95' title='bbox 1419 1343 1479 1383; x_wconf 91' lang='lat' dir='ltr'><strong>se</strong></span> <span class='ocrx_word' id='word_1_96' title='bbox 1510 1336 1730 1382; x_wconf 89' lang='lat' dir='ltr'><strong>susten-</strong></span> 
     </span>
    </p>
   </div>
   <div class='ocr_carea' id='block_1_14' title="bbox 125 1421 1733 1493">
    <p class='ocr_par' dir='ltr' id='par_1_14' title="bbox 125 1421 1733 1493">
     <span class='ocr_line' id='line_1_14' title="bbox 125 1421 1733 1493; baseline -0.004 -13"><span class='ocrx_word' id='word_1_97' title='bbox 125 1434 238 1480; x_wconf 87' lang='lat' dir='ltr'><strong>tare</strong></span> <span class='ocrx_word' id='word_1_98' title='bbox 279 1424 367 1479; x_wconf 92' lang='lat' dir='ltr'><strong>vix</strong></span> <span class='ocrx_word' id='word_1_99' title='bbox 406 1424 610 1480; x_wconf 85' lang='lat' dir='ltr'><strong>valeat.</strong></span> <span class='ocrx_word' id='word_1_100' title='bbox 643 1423 789 1493; x_wconf 85' lang='lat' dir='ltr'><strong>Ergo</strong></span> <span class='ocrx_word' id='word_1_101' title='bbox 842 1437 950 1477; x_wconf 92' lang='lat' dir='ltr'><strong>non</strong></span> <span class='ocrx_word' id='word_1_102' title='bbox 999 1422 1184 1476; x_wconf 86' lang='lat' dir='ltr'><strong>statim</strong></span> <span class='ocrx_word' id='word_1_103' title='bbox 1228 1421 1597 1476; x_wconf 87' lang='lat' dir='ltr'><strong>multitudinis</strong></span> <span class='ocrx_word' id='word_1_104' title='bbox 1640 1435 1733 1474; x_wconf 90' lang='lat' dir='ltr'><strong>ac-</strong></span> 
     </span>
    </p>
   </div>
   <div class='ocr_carea' id='block_1_15' title="bbox 121 1512 1730 1587">
    <p class='ocr_par' dir='ltr' id='par_1_15' title="bbox 121 1512 1730 1587">
     <span class='ocr_line' id='line_1_15' title="bbox 121 1512 1730 1587; baseline -0.002 -18"><span class='ocrx_word' id='word_1_105' title='bbox 121 1516 470 1587; x_wconf 82' lang='lat' dir='ltr'><strong>quiescamus</strong></span> <span class='ocrx_word' id='word_1_106' title='bbox 513 1513 743 1584; x_wconf 81' lang='lat' dir='ltr'><strong>judicio,</strong></span> <span class='ocrx_word' id='word_1_107' title='bbox 776 1515 872 1568; x_wconf 89' lang='lat' dir='ltr'><strong>sed</strong></span> <span class='ocrx_word' id='word_1_108' title='bbox 900 1513 1062 1568; x_wconf 90' lang='lat' dir='ltr'><strong>electi</strong></span> <span class='ocrx_word' id='word_1_109' title='bbox 1110 1514 1161 1566; x_wconf 95' lang='lat' dir='ltr'><strong>in</strong></span> <span class='ocrx_word' id='word_1_110' title='bbox 1217 1512 1602 1583; x_wconf 86' lang='lat' dir='ltr'><strong>principatum,</strong></span> <span class='ocrx_word' id='word_1_111' title='bbox 1635 1525 1730 1565; x_wconf 89' lang='lat' dir='ltr'><strong>no-</strong></span> 
     </span>
    </p>
   </div>
   <div class='ocr_carea' id='block_1_16' title="bbox 119 1603 1734 1674">
    <p class='ocr_par' dir='ltr' id='par_1_16' title="bbox 119 1603 1734 1674">
     <span class='ocr_line' id='line_1_16' title="bbox 119 1603 1734 1674; baseline -0.003 -11"><span class='ocrx_word' id='word_1_112' title='bbox 119 1610 366 1664; x_wconf 76' lang='lat' dir='ltr'><strong>verimus</strong></span> <span class='ocrx_word' id='word_1_113' title='bbox 391 1622 704 1662; x_wconf 78' lang='lat' dir='ltr'><strong>mensuram</strong></span> <span class='ocrx_word' id='word_1_114' title='bbox 739 1615 1008 1671; x_wconf 84' lang='lat' dir='ltr'><strong>nostram,</strong></span> <span class='ocrx_word' id='word_1_115' title='bbox 1045 1614 1099 1659; x_wconf 86' lang='lat' dir='ltr'><strong>et</strong></span> <span class='ocrx_word' id='word_1_116' title='bbox 1124 1604 1479 1659; x_wconf 86' lang='lat' dir='ltr'><strong>ltuntilicmur</strong></span> <span class='ocrx_word' id='word_1_117' title='bbox 1506 1603 1607 1659; x_wconf 90' lang='lat' dir='ltr'><strong>sub</strong></span> <span class='ocrx_word' id='word_1_118' title='bbox 1638 1617 1734 1674; x_wconf 86' lang='lat' dir='ltr'><strong>p0-</strong></span> 
     </span>
    </p>
   </div>
   <div class='ocr_carea' id='block_1_17' title="bbox 122 1696 1734 1770">
    <p class='ocr_par' dir='ltr' id='par_1_17' title="bbox 122 1696 1734 1770">
     <span class='ocr_line' id='line_1_17' title="bbox 122 1696 1734 1770; baseline -0.004 -13"><span class='ocrx_word' id='word_1_119' title='bbox 122 1703 260 1758; x_wconf 90' lang='lat' dir='ltr'><strong>tenti</strong></span> <span class='ocrx_word' id='word_1_120' title='bbox 286 1716 450 1755; x_wconf 90' lang='lat' dir='ltr'><strong>manu</strong></span> <span class='ocrx_word' id='word_1_121' title='bbox 491 1700 583 1756; x_wconf 86' lang='lat' dir='ltr'><strong>Dei</strong></span> <span class='ocrx_word' id='word_1_122' title='bbox 614 1717 628 1752; x_wconf 88' lang='lat'><strong>:</strong></span> <span class='ocrx_word' id='word_1_123' title='bbox 658 1700 781 1770; x_wconf 87' lang='lat' dir='ltr'><strong>quia</strong></span> <span class='ocrx_word' id='word_1_124' title='bbox 828 1700 970 1754; x_wconf 84' lang='lat' dir='ltr'><strong>Deus</strong></span> <span class='ocrx_word' id='word_1_125' title='bbox 1013 1697 1268 1767; x_wconf 86' lang='lat' dir='ltr'><strong>superbis</strong></span> <span class='ocrx_word' id='word_1_126' title='bbox 1305 1697 1590 1763; x_wconf 87' lang='lat' dir='ltr'><strong>resistens,</strong></span> <span class='ocrx_word' id='word_1_127' title='bbox 1633 1696 1734 1751; x_wconf 87' lang='lat' dir='ltr'><strong>hu-</strong></span> 
     </span>
    </p>
   </div>
   <div class='ocr_carea' id='block_1_18' title="bbox 121 1789 1726 1862">
    <p class='ocr_par' dir='ltr' id='par_1_18' title="bbox 121 1789 1726 1862">
     <span class='ocr_line' id='line_1_18' title="bbox 121 1789 1726 1862; baseline -0.004 -11"><span class='ocrx_word' id='word_1_128' title='bbox 121 1794 346 1851; x_wconf 88' lang='lat' dir='ltr'><strong>milibus</strong></span> <span class='ocrx_word' id='word_1_129' title='bbox 375 1793 468 1846; x_wconf 91' lang='lat' dir='ltr'><strong>dat</strong></span> <span class='ocrx_word' id='word_1_130' title='bbox 513 1793 741 1862; x_wconf 80' lang='lat' dir='ltr'><strong>gratiam</strong></span> <span class='ocrx_word' id='word_1_131' title='bbox 776 1791 817 1862; x_wconf 93' lang='grc'>(1</span> <span class='ocrx_word' id='word_1_132' title='bbox 851 1789 998 1844; x_wconf 87' lang='lat' dir='ltr'><strong>Petr.</strong></span> <span class='ocrx_word' id='word_1_133' title='bbox 1027 1792 1106 1856; x_wconf 88' lang='lat' dir='ltr'><strong>v).</strong></span> <span class='ocrx_word' id='word_1_134' title='bbox 1149 1789 1347 1858; x_wconf 86' lang='lat' dir='ltr'><strong>Quanti</strong></span> <span class='ocrx_word' id='word_1_135' title='bbox 1391 1805 1583 1860; x_wconf 87' lang='lat' dir='ltr'><strong>panem</strong></span> <span class='ocrx_word' id='word_1_136' title='bbox 1620 1805 1726 1845; x_wconf 93' lang='lat' dir='ltr'><strong>non</strong></span> 
     </span>
    </p>
   </div>
   <div class='ocr_carea' id='block_1_19' title="bbox 1827 590 3076 660">
    <p class='ocr_par' dir='ltr' id='par_1_19' title="bbox 1827 590 3076 660">
     <span class='ocr_line' id='line_1_19' title="bbox 1827 590 3076 660; baseline -0.002 -15"><span class='ocrx_word' id='word_1_137' title='bbox 1827 605 1971 653; x_wconf 90' lang='lat' dir='ltr'><strong>rum,</strong></span> <span class='ocrx_word' id='word_1_138' title='bbox 1998 601 2020 628; x_wconf 80' lang='grc' dir='ltr'><strong>ο</strong></span> <span class='ocrx_word' id='word_1_139' title='bbox 2049 591 2170 658; x_wconf 85' lang='lat' dir='ltr'><strong>quia</strong></span> <span class='ocrx_word' id='word_1_140' title='bbox 2196 590 2534 646; x_wconf 90' lang='lat' dir='ltr'><strong>Sodomitica</strong></span> <span class='ocrx_word' id='word_1_141' title='bbox 2565 591 2808 645; x_wconf 85' lang='lat' dir='ltr'><strong>habuere</strong></span> <span class='ocrx_word' id='word_1_142' title='bbox 2833 601 3076 660; x_wconf 90' lang='lat' dir='ltr'><strong>peccata.</strong></span> 
     </span>
    </p>
   </div>
   <div class='ocr_carea' id='block_1_20' title="bbox 1903 686 3442 759">
    <p class='ocr_par' dir='ltr' id='par_1_20' title="bbox 1903 686 3442 759">
     <span class='ocr_line' id='line_1_20' title="bbox 1903 686 3442 759; baseline 0.004 -21"><span class='ocrx_word' id='word_1_143' title='bbox 1903 687 2084 758; x_wconf 82' lang='lat' dir='ltr'><strong>(Vers.</strong></span> <span class='ocrx_word' id='word_1_144' title='bbox 2121 686 2210 754; x_wconf 81' lang='lat' dir='ltr'><strong>lO,</strong></span> <span class='ocrx_word' id='word_1_145' title='bbox 2245 687 2356 754; x_wconf 84' lang='grc' dir='ltr'><strong>Η.)</strong></span> <span class='ocrx_word' id='word_1_146' title='bbox 2387 686 2480 741; x_wconf 79' lang='lat' dir='ltr'><strong>Vw</strong></span> <span class='ocrx_word' id='word_1_147' title='bbox 2504 687 2696 741; x_wconf 76' lang='lat' dir='ltr'><strong>animte</strong></span> <span class='ocrx_word' id='word_1_148' title='bbox 2716 703 2893 741; x_wconf 86' lang='lat' dir='ltr'><strong>eorum</strong></span> <span class='ocrx_word' id='word_1_149' title='bbox 2915 703 2934 741; x_wconf 91' lang='lat'><strong><em>:</em></strong></span> <span class='ocrx_word' id='word_1_150' title='bbox 2958 688 3206 759; x_wconf 88' lang='lat' dir='ltr'><strong>quoniam</strong></span> <span class='ocrx_word' id='word_1_151' title='bbox 3238 689 3442 744; x_wconf 84' lang='lat' dir='ltr'><strong>reddita</strong></span> 
     </span>
    </p>
   </div>
   <div class='ocr_carea' id='block_1_21' title="bbox 1827 776 3442 850">
    <p class='ocr_par' dir='ltr' id='par_1_21' title="bbox 1827 776 3442 850">
     <span class='ocr_line' id='line_1_21' title="bbox 1827 776 3442 850; baseline 0.001 -18"><span class='ocrx_word' id='word_1_152' title='bbox 1827 789 1946 832; x_wconf 87' lang='lat' dir='ltr'><strong>sunt</strong></span> <span class='ocrx_word' id='word_1_153' title='bbox 2001 779 2076 832; x_wconf 88' lang='lat' dir='ltr'><strong>eis</strong></span> <span class='ocrx_word' id='word_1_154' title='bbox 2119 776 2279 831; x_wconf 87' lang='lat' dir='ltr'><strong>mala.</strong></span> <span class='ocrx_word' id='word_1_155' title='bbox 2312 776 2482 831; x_wconf 79' lang='lat' dir='ltr'><strong>Dicite</strong></span> <span class='ocrx_word' id='word_1_156' title='bbox 2517 779 2687 847; x_wconf 86' lang='lat' dir='ltr'><strong>justo,</strong></span> <span class='ocrx_word' id='word_1_157' title='bbox 2723 778 2973 848; x_wconf 84' lang='lat' dir='ltr'><strong>quoniam</strong></span> <span class='ocrx_word' id='word_1_158' title='bbox 3005 779 3152 844; x_wconf 91' lang='lat' dir='ltr'><strong>bene,</strong></span> <span class='ocrx_word' id='word_1_159' title='bbox 3197 781 3442 850; x_wconf 74' lang='lat' dir='ltr'><strong>quoniam</strong></span> 
     </span>
    </p>
   </div>
   <div class='ocr_carea' id='block_1_22' title="bbox 1827 873 3442 944">
    <p class='ocr_par' dir='ltr' id='par_1_22' title="bbox 1827 873 3442 944">
     <span class='ocr_line' id='line_1_22' title="bbox 1827 873 3442 944; baseline 0.002 -18"><span class='ocrx_word' id='word_1_160' title='bbox 1827 877 2053 944; x_wconf 79' lang='lat' dir='ltr'><strong>fructum</strong></span> <span class='ocrx_word' id='word_1_161' title='bbox 2082 873 2506 928; x_wconf 86' lang='lat' dir='ltr'><strong>adinventionum</strong></span> <span class='ocrx_word' id='word_1_162' title='bbox 2541 890 2753 927; x_wconf 82' lang='lat' dir='ltr'><strong>suarum</strong></span> <span class='ocrx_word' id='word_1_163' title='bbox 2797 874 3151 929; x_wconf 70' lang='lat' dir='ltr'><strong>comederunt.</strong></span> <span class='ocrx_word' id='word_1_164' title='bbox 3202 874 3295 930; x_wconf 72' lang='lat' dir='ltr'><strong>Va:</strong></span> <span class='ocrx_word' id='word_1_165' title='bbox 3343 878 3442 930; x_wconf 88' lang='lat' dir='ltr'><strong>im-</strong></span> 
     </span>
    </p>
   </div>
   <div class='ocr_carea' id='block_1_23' title="bbox 1828 964 3443 1039">
    <p class='ocr_par' dir='ltr' id='par_1_23' title="bbox 1828 964 3443 1039">
     <span class='ocr_line' id='line_1_23' title="bbox 1828 964 3443 1039; baseline 0.004 -23"><span class='ocrx_word' id='word_1_166' title='bbox 1828 965 1916 1034; x_wconf 92' lang='lat' dir='ltr'><strong>pio</strong></span> <span class='ocrx_word' id='word_1_167' title='bbox 1941 964 1996 1018; x_wconf 87' lang='lat' dir='ltr'><strong>in</strong></span> <span class='ocrx_word' id='word_1_168' title='bbox 2043 965 2237 1018; x_wconf 85' lang='lat' dir='ltr'><strong>malum</strong></span> <span class='ocrx_word' id='word_1_169' title='bbox 2269 980 2288 1018; x_wconf 88' lang='lat'><strong><em>:</em></strong></span> <span class='ocrx_word' id='word_1_170' title='bbox 2321 965 2592 1019; x_wconf 78' lang='lat' dir='ltr'><strong>retributio</strong></span> <span class='ocrx_word' id='word_1_171' title='bbox 2625 965 2761 1019; x_wconf 90' lang='lat' dir='ltr'><strong>enim</strong></span> <span class='ocrx_word' id='word_1_172' title='bbox 2793 981 3042 1019; x_wconf 88' lang='lat' dir='ltr'><strong>manuum</strong></span> <span class='ocrx_word' id='word_1_173' title='bbox 3069 969 3186 1039; x_wconf 82' lang='lat' dir='ltr'><strong>ejus</strong></span> <span class='ocrx_word' id='word_1_174' title='bbox 3239 967 3328 1035; x_wconf 84' lang='lat' dir='ltr'><strong>[iet</strong></span> <span class='ocrx_word' id='word_1_175' title='bbox 3374 968 3443 1024; x_wconf 84' lang='lat' dir='ltr'><strong>ei.</strong></span> 
     </span>
    </p>
   </div>
   <div class='ocr_carea' id='block_1_24' title="bbox 1826 1056 3444 1128">
    <p class='ocr_par' dir='ltr' id='par_1_24' title="bbox 1826 1056 3444 1128">
     <span class='ocr_line' id='line_1_24' title="bbox 1826 1056 3444 1128; baseline 0.001 -15"><span class='ocrx_word' id='word_1_176' title='bbox 1826 1056 1993 1113; x_wconf 81' lang='lat' dir='ltr'><strong>Juxta</strong></span> <span class='ocrx_word' id='word_1_177' title='bbox 2020 1058 2350 1114; x_wconf 82' lang='lat' dir='ltr'><strong>Hebraicum</strong></span> <span class='ocrx_word' id='word_1_178' title='bbox 2379 1068 2434 1114; x_wconf 90' lang='lat' dir='ltr'><strong>et</strong></span> <span class='ocrx_word' id='word_1_179' title='bbox 2483 1070 2716 1115; x_wconf 65' lang='lat' dir='ltr'><strong>caeteros</strong></span> <span class='ocrx_word' id='word_1_180' title='bbox 2773 1059 3114 1128; x_wconf 85' lang='lat' dir='ltr'><strong>interpretes</strong></span> <span class='ocrx_word' id='word_1_181' title='bbox 3135 1058 3281 1114; x_wconf 86' lang='lat' dir='ltr'><strong>hunc</strong></span> <span class='ocrx_word' id='word_1_182' title='bbox 3312 1074 3444 1114; x_wconf 80' lang='lat' dir='ltr'><strong>sen-</strong></span> 
     </span>
    </p>
   </div>
   <div class='ocr_carea' id='block_1_25' title="bbox 1829 1151 3444 1223">
    <p class='ocr_par' dir='ltr' id='par_1_25' title="bbox 1829 1151 3444 1223">
     <span class='ocr_line' id='line_1_25' title="bbox 1829 1151 3444 1223; baseline -0.001 -16"><span class='ocrx_word' id='word_1_183' title='bbox 1829 1166 1946 1207; x_wconf 88' lang='lat' dir='ltr'><strong>sum</strong></span> <span class='ocrx_word' id='word_1_184' title='bbox 2000 1151 2206 1207; x_wconf 88' lang='lat' dir='ltr'><strong>habet:</strong></span> <span class='ocrx_word' id='word_1_185' title='bbox 2252 1151 2345 1206; x_wconf 84' lang='lat' dir='ltr'><strong>Vae</strong></span> <span class='ocrx_word' id='word_1_186' title='bbox 2390 1151 2497 1206; x_wconf 89' lang='lat' dir='ltr'><strong>illis</strong></span> <span class='ocrx_word' id='word_1_187' title='bbox 2530 1151 2657 1223; x_wconf 89' lang='lat' dir='ltr'><strong>quia</strong></span> <span class='ocrx_word' id='word_1_188' title='bbox 2692 1167 2788 1206; x_wconf 89' lang='lat' dir='ltr'><strong>sua</strong></span> <span class='ocrx_word' id='word_1_189' title='bbox 2838 1153 3047 1208; x_wconf 89' lang='lat' dir='ltr'><strong>scelera</strong></span> <span class='ocrx_word' id='word_1_190' title='bbox 3093 1159 3444 1221; x_wconf 89' lang='lat' dir='ltr'><strong>receperunt.</strong></span> 
     </span>
    </p>
   </div>
   <div class='ocr_carea' id='block_1_26' title="bbox 1830 1242 3444 1315">
    <p class='ocr_par' dir='ltr' id='par_1_26' title="bbox 1830 1242 3444 1315">
     <span class='ocr_line' id='line_1_26' title="bbox 1830 1242 3444 1315; baseline 0 -17"><span class='ocrx_word' id='word_1_191' title='bbox 1830 1242 1986 1299; x_wconf 88' lang='lat' dir='ltr'><strong>Unde</strong></span> <span class='ocrx_word' id='word_1_192' title='bbox 2015 1257 2113 1299; x_wconf 83' lang='lat' dir='ltr'><strong>vos</strong></span> <span class='ocrx_word' id='word_1_193' title='bbox 2142 1244 2231 1312; x_wconf 93' lang='lat' dir='ltr'><strong>qui</strong></span> <span class='ocrx_word' id='word_1_194' title='bbox 2282 1243 2502 1311; x_wconf 88' lang='lat' dir='ltr'><strong>auditis,</strong></span> <span class='ocrx_word' id='word_1_195' title='bbox 2533 1244 2620 1300; x_wconf 86' lang='lat' dir='ltr'><strong>vel</strong></span> <span class='ocrx_word' id='word_1_196' title='bbox 2652 1245 2742 1315; x_wconf 92' lang='lat' dir='ltr'><strong>qui</strong></span> <span class='ocrx_word' id='word_1_197' title='bbox 2790 1245 2988 1300; x_wconf 88' lang='lat' dir='ltr'><strong>librum</strong></span> <span class='ocrx_word' id='word_1_198' title='bbox 3027 1245 3316 1315; x_wconf 76' lang='lat' dir='ltr'><strong>PrOpheun</strong></span> <span class='ocrx_word' id='word_1_199' title='bbox 3365 1243 3444 1299; x_wconf 87' lang='lat' dir='ltr'><strong>le-</strong></span> 
     </span>
    </p>
   </div>
   <div class='ocr_carea' id='block_1_27' title="bbox 1831 1334 3441 1408">
    <p class='ocr_par' dir='ltr' id='par_1_27' title="bbox 1831 1334 3441 1408">
     <span class='ocr_line' id='line_1_27' title="bbox 1831 1334 3441 1408; baseline 0.002 -20"><span class='ocrx_word' id='word_1_200' title='bbox 1831 1334 1982 1406; x_wconf 83' lang='lat' dir='ltr'><strong>gitis,</strong></span> <span class='ocrx_word' id='word_1_201' title='bbox 2025 1334 2530 1403; x_wconf 78' lang='lat' dir='ltr'><strong>laudatejusntiam</strong></span> <span class='ocrx_word' id='word_1_202' title='bbox 2572 1335 2692 1403; x_wconf 91' lang='lat' dir='ltr'><strong>Dei,</strong></span> <span class='ocrx_word' id='word_1_203' title='bbox 2723 1337 2851 1404; x_wconf 88' lang='lat' dir='ltr'><strong>quia</strong></span> <span class='ocrx_word' id='word_1_204' title='bbox 2898 1337 3236 1392; x_wconf 85' lang='lat' dir='ltr'><strong>heuefecerit</strong></span> <span class='ocrx_word' id='word_1_205' title='bbox 3269 1355 3282 1391; x_wconf 90' lang='lat'><strong>:</strong></span> <span class='ocrx_word' id='word_1_206' title='bbox 3313 1336 3441 1408; x_wconf 86' lang='lat' dir='ltr'><strong>quia</strong></span> 
     </span>
    </p>
   </div>
   <div class='ocr_carea' id='block_1_28' title="bbox 1834 1425 3441 1494">
    <p class='ocr_par' dir='ltr' id='par_1_28' title="bbox 1834 1425 3441 1494">
     <span class='ocr_line' id='line_1_28' title="bbox 1834 1425 3441 1494; baseline 0.003 -15"><span class='ocrx_word' id='word_1_207' title='bbox 1834 1425 1986 1494; x_wconf 88' lang='lat' dir='ltr'><strong>impii</strong></span> <span class='ocrx_word' id='word_1_208' title='bbox 2015 1425 2233 1479; x_wconf 86' lang='lat' dir='ltr'><strong>labores</strong></span> <span class='ocrx_word' id='word_1_209' title='bbox 2259 1441 2515 1480; x_wconf 91' lang='lat' dir='ltr'><strong>manuum</strong></span> <span class='ocrx_word' id='word_1_210' title='bbox 2542 1441 2758 1481; x_wconf 89' lang='lat' dir='ltr'><strong>suarum</strong></span> <span class='ocrx_word' id='word_1_211' title='bbox 2811 1428 3192 1484; x_wconf 86' lang='lat' dir='ltr'><strong>comederunt.</strong></span> <span class='ocrx_word' id='word_1_212' title='bbox 3237 1429 3304 1484; x_wconf 85' lang='lat' dir='ltr'><strong>Et</strong></span> <span class='ocrx_word' id='word_1_213' title='bbox 3355 1444 3441 1484; x_wconf 62' lang='lat' dir='ltr'><strong>vat</strong></span> 
     </span>
    </p>
   </div>
   <div class='ocr_carea' id='block_1_29' title="bbox 1835 1516 3442 1590">
    <p class='ocr_par' dir='ltr' id='par_1_29' title="bbox 1835 1516 3442 1590">
     <span class='ocr_line' id='line_1_29' title="bbox 1835 1516 3442 1590; baseline 0.006 -21"><span class='ocrx_word' id='word_1_214' title='bbox 1835 1516 2006 1584; x_wconf 88' lang='lat' dir='ltr'><strong>impio</strong></span> <span class='ocrx_word' id='word_1_215' title='bbox 2036 1518 2309 1587; x_wconf 92' lang='lat' dir='ltr'><strong>populoin</strong></span> <span class='ocrx_word' id='word_1_216' title='bbox 2361 1519 2601 1573; x_wconf 89' lang='lat' dir='ltr'><strong>malum:</strong></span> <span class='ocrx_word' id='word_1_217' title='bbox 2642 1521 2848 1590; x_wconf 83' lang='lat' dir='ltr'><strong>recepit</strong></span> <span class='ocrx_word' id='word_1_218' title='bbox 2887 1523 3032 1576; x_wconf 89' lang='lat' dir='ltr'><strong>enim</strong></span> <span class='ocrx_word' id='word_1_219' title='bbox 3059 1522 3204 1590; x_wconf 93' lang='lat' dir='ltr'><strong>quod</strong></span> <span class='ocrx_word' id='word_1_220' title='bbox 3264 1537 3442 1578; x_wconf 86' lang='lat' dir='ltr'><strong>mere-</strong></span> 
     </span>
    </p>
   </div>
   <div class='ocr_carea' id='block_1_30' title="bbox 1835 1605 3444 1684">
    <p class='ocr_par' dir='ltr' id='par_1_30' title="bbox 1835 1605 3444 1684">
     <span class='ocr_line' id='line_1_30' title="bbox 1835 1605 3444 1684; baseline 0.006 -24"><span class='ocrx_word' id='word_1_221' title='bbox 1835 1605 2013 1661; x_wconf 88' lang='lat' dir='ltr'><strong>batur.</strong></span> <span class='ocrx_word' id='word_1_222' title='bbox 2035 1608 2103 1661; x_wconf 86' lang='lat' dir='ltr'><strong>Et</strong></span> <span class='ocrx_word' id='word_1_223' title='bbox 2126 1608 2217 1677; x_wconf 92' lang='lat' dir='ltr'><strong>qui</strong></span> <span class='ocrx_word' id='word_1_224' title='bbox 2251 1608 2554 1678; x_wconf 90' lang='lat' dir='ltr'><strong>principem</strong></span> <span class='ocrx_word' id='word_1_225' title='bbox 2597 1626 2753 1666; x_wconf 91' lang='lat' dir='ltr'><strong>suum</strong></span> <span class='ocrx_word' id='word_1_226' title='bbox 2783 1612 3043 1668; x_wconf 76' lang='lat' dir='ltr'><strong>Romanae</strong></span> <span class='ocrx_word' id='word_1_227' title='bbox 3082 1613 3310 1669; x_wconf 84' lang='lat' dir='ltr'><strong>tradidit</strong></span> <span class='ocrx_word' id='word_1_228' title='bbox 3337 1629 3444 1684; x_wconf 84' lang='lat' dir='ltr'><strong>po-</strong></span> 
     </span>
    </p>
   </div>
   <div class='ocr_carea' id='block_1_31' title="bbox 1836 1698 3446 1772">
    <p class='ocr_par' dir='ltr' id='par_1_31' title="bbox 1836 1698 3446 1772">
     <span class='ocr_line' id='line_1_31' title="bbox 1836 1698 3446 1772; baseline 0.005 -20"><span class='ocrx_word' id='word_1_229' title='bbox 1836 1699 2044 1766; x_wconf 90' lang='lat' dir='ltr'><strong>testati,</strong></span> <span class='ocrx_word' id='word_1_230' title='bbox 2080 1698 2200 1769; x_wconf 91' lang='lat' dir='ltr'><strong>ipse</strong></span> <span class='ocrx_word' id='word_1_231' title='bbox 2229 1699 2487 1756; x_wconf 77' lang='lat' dir='ltr'><strong>Romanae</strong></span> <span class='ocrx_word' id='word_1_232' title='bbox 2507 1702 2754 1772; x_wconf 90' lang='lat' dir='ltr'><strong>subjacet</strong></span> <span class='ocrx_word' id='word_1_233' title='bbox 2803 1703 3075 1759; x_wconf 84' lang='lat' dir='ltr'><strong>servituti.</strong></span> <span class='ocrx_word' id='word_1_234' title='bbox 3103 1705 3262 1760; x_wconf 83' lang='lat' dir='ltr'><strong>Juxta</strong></span> <span class='ocrx_word' id='word_1_235' title='bbox 3303 1704 3446 1760; x_wconf 79' lang='lat' dir='ltr'><strong>LXX</strong></span> 
     </span>
    </p>
   </div>
   <div class='ocr_carea' id='block_1_32' title="bbox 1834 1794 3439 1866">
    <p class='ocr_par' dir='ltr' id='par_1_32' title="bbox 1834 1794 3439 1866">
     <span class='ocr_line' id='line_1_32' title="bbox 1834 1794 3439 1866; baseline 0.005 -20"><span class='ocrx_word' id='word_1_236' title='bbox 1834 1800 2016 1848; x_wconf 89' lang='lat' dir='ltr'><strong>autem</strong></span> <span class='ocrx_word' id='word_1_237' title='bbox 2042 1794 2378 1863; x_wconf 82' lang='lat' dir='ltr'><strong>interpretes</strong></span> <span class='ocrx_word' id='word_1_238' title='bbox 2408 1796 2498 1866; x_wconf 90' lang='lat' dir='ltr'><strong>qui</strong></span> <span class='ocrx_word' id='word_1_239' title='bbox 2530 1797 2791 1852; x_wconf 83' lang='lat' dir='ltr'><strong>dixerunt</strong></span> <span class='ocrx_word' id='word_1_240' title='bbox 2824 1815 2837 1851; x_wconf 92' lang='lat'><strong>:</strong></span> <span class='ocrx_word' id='word_1_241' title='bbox 2893 1797 2982 1852; x_wconf 70' lang='lat' dir='ltr'><strong>Va:</strong></span> <span class='ocrx_word' id='word_1_242' title='bbox 3000 1799 3189 1854; x_wconf 71' lang='lat' dir='ltr'><strong>animae</strong></span> <span class='ocrx_word' id='word_1_243' title='bbox 3217 1814 3395 1852; x_wconf 85' lang='lat' dir='ltr'><strong>eorum</strong></span> <span class='ocrx_word' id='word_1_244' title='bbox 3419 1813 3439 1854; x_wconf 89' lang='lat'><strong><em>:</em></strong></span> 
     </span>
    </p>
   </div>
   <div class='ocr_carea' id='block_1_33' title="bbox 121 1886 3446 1962">
    <p class='ocr_par' dir='ltr' id='par_1_33' title="bbox 121 1886 3446 1962">
     <span class='ocr_line' id='line_1_33' title="bbox 121 1886 3446 1962; baseline 0.001 -20"><span class='ocrx_word' id='word_1_245' title='bbox 121 1886 417 1952; x_wconf 88' lang='lat' dir='ltr'><strong>habentes,</strong></span> <span class='ocrx_word' id='word_1_246' title='bbox 447 1896 502 1942; x_wconf 91' lang='lat' dir='ltr'><strong>et</strong></span> <span class='ocrx_word' id='word_1_247' title='bbox 523 1889 927 1953; x_wconf 88' lang='lat' dir='ltr'><strong>vestimentum,</strong></span> <span class='ocrx_word' id='word_1_248' title='bbox 957 1903 1080 1943; x_wconf 89' lang='lat' dir='ltr'><strong>cum</strong></span> <span class='ocrx_word' id='word_1_249' title='bbox 1111 1889 1214 1958; x_wconf 86' lang='lat' dir='ltr'><strong>ipsi</strong></span> <span class='ocrx_word' id='word_1_250' title='bbox 1245 1888 1494 1942; x_wconf 87' lang='lat' dir='ltr'><strong>esuriant</strong></span> <span class='ocrx_word' id='word_1_251' title='bbox 1523 1900 1575 1942; x_wconf 92' lang='lat' dir='ltr'><strong>et</strong></span> <span class='ocrx_word' id='word_1_252' title='bbox 1603 1887 1731 1942; x_wconf 92' lang='lat' dir='ltr'><strong>nudi</strong></span> <span class='ocrx_word' id='word_1_253' title='bbox 1763 1889 1810 1949; x_wconf 90' lang='lat' dir='ltr'><strong>B</strong></span> <span class='ocrx_word' id='word_1_254' title='bbox 1836 1888 2080 1958; x_wconf 89' lang='lat' dir='ltr'><strong>quoniam</strong></span> <span class='ocrx_word' id='word_1_255' title='bbox 2115 1889 2468 1957; x_wconf 84' lang='lat' dir='ltr'><strong>cogitaverunt</strong></span> <span class='ocrx_word' id='word_1_256' title='bbox 2513 1888 2790 1944; x_wconf 78' lang='lat' dir='ltr'><strong>consilium</strong></span> <span class='ocrx_word' id='word_1_257' title='bbox 2838 1893 3118 1962; x_wconf 84' lang='lat' dir='ltr'><strong>pessimum</strong></span> <span class='ocrx_word' id='word_1_258' title='bbox 3162 1903 3341 1946; x_wconf 86' lang='lat' dir='ltr'><strong>contra</strong></span> <span class='ocrx_word' id='word_1_259' title='bbox 3365 1907 3446 1946; x_wconf 79' lang='lat' dir='ltr'><strong>se-</strong></span> 
     </span>
    </p>
   </div>
   <div class='ocr_carea' id='block_1_34' title="bbox 123 1979 1734 2052">
    <p class='ocr_par' dir='ltr' id='par_1_34' title="bbox 123 1979 1734 2052">
     <span class='ocr_line' id='line_1_34' title="bbox 123 1979 1734 2052; baseline 0.001 -20"><span class='ocrx_word' id='word_1_260' title='bbox 123 1980 257 2039; x_wconf 83' lang='lat' dir='ltr'><strong>sint,</strong></span> <span class='ocrx_word' id='word_1_261' title='bbox 296 1994 399 2034; x_wconf 91' lang='lat' dir='ltr'><strong>nec</strong></span> <span class='ocrx_word' id='word_1_262' title='bbox 439 1979 677 2035; x_wconf 62' lang='lat' dir='ltr'><strong>hibeant</strong></span> <span class='ocrx_word' id='word_1_263' title='bbox 725 1981 1041 2052; x_wconf 85' lang='lat' dir='ltr'><strong>spirituales</strong></span> <span class='ocrx_word' id='word_1_264' title='bbox 1091 1981 1268 2047; x_wconf 88' lang='lat' dir='ltr'><strong>cibos,</strong></span> <span class='ocrx_word' id='word_1_265' title='bbox 1302 1996 1478 2052; x_wconf 88' lang='lat' dir='ltr'><strong>neque</strong></span> <span class='ocrx_word' id='word_1_266' title='bbox 1529 1979 1734 2036; x_wconf 89' lang='lat' dir='ltr'><strong>Christi</strong></span> 
     </span>
    </p>
   </div>
   <div class='ocr_carea' id='block_1_35' title="bbox 124 2073 1734 2146">
    <p class='ocr_par' dir='ltr' id='par_1_35' title="bbox 124 2073 1734 2146">
     <span class='ocr_line' id='line_1_35' title="bbox 124 2073 1734 2146; baseline 0.001 -19"><span class='ocrx_word' id='word_1_267' title='bbox 124 2073 366 2128; x_wconf 77' lang='lat' dir='ltr'><strong>tunicam</strong></span> <span class='ocrx_word' id='word_1_268' title='bbox 411 2074 679 2146; x_wconf 88' lang='lat' dir='ltr'><strong>integram</strong></span> <span class='ocrx_word' id='word_1_269' title='bbox 725 2077 1096 2143; x_wconf 89' lang='lat' dir='ltr'><strong>reservarint,</strong></span> <span class='ocrx_word' id='word_1_270' title='bbox 1147 2075 1268 2131; x_wconf 87' lang='lat' dir='ltr'><strong>aliis</strong></span> <span class='ocrx_word' id='word_1_271' title='bbox 1311 2083 1367 2130; x_wconf 89' lang='lat' dir='ltr'><strong>et</strong></span> <span class='ocrx_word' id='word_1_272' title='bbox 1412 2074 1734 2129; x_wconf 91' lang='lat' dir='ltr'><strong>alimoniam</strong></span> 
     </span>
    </p>
   </div>
   <div class='ocr_carea' id='block_1_36' title="bbox 126 2169 1738 2240">
    <p class='ocr_par' dir='ltr' id='par_1_36' title="bbox 126 2169 1738 2240">
     <span class='ocr_line' id='line_1_36' title="bbox 126 2169 1738 2240; baseline 0.001 -17"><span class='ocrx_word' id='word_1_273' title='bbox 126 2177 184 2223; x_wconf 89' lang='lat' dir='ltr'><strong>et</strong></span> <span class='ocrx_word' id='word_1_274' title='bbox 213 2169 538 2223; x_wconf 83' lang='lat' dir='ltr'><strong>vestimenta</strong></span> <span class='ocrx_word' id='word_1_275' title='bbox 572 2170 918 2239; x_wconf 88' lang='lat' dir='ltr'><strong>promittunt,</strong></span> <span class='ocrx_word' id='word_1_276' title='bbox 949 2182 1002 2225; x_wconf 91' lang='lat' dir='ltr'><strong>et</strong></span> <span class='ocrx_word' id='word_1_277' title='bbox 1050 2170 1195 2240; x_wconf 84' lang='lat' dir='ltr'><strong>pleni</strong></span> <span class='ocrx_word' id='word_1_278' title='bbox 1248 2169 1587 2236; x_wconf 89' lang='lat' dir='ltr'><strong>vulneribus,</strong></span> <span class='ocrx_word' id='word_1_279' title='bbox 1624 2184 1738 2224; x_wconf 89' lang='lat' dir='ltr'><strong>mc-</strong></span> 
     </span>
    </p>
   </div>
   <div class='ocr_carea' id='block_1_37' title="bbox 127 2260 1736 2332">
    <p class='ocr_par' dir='ltr' id='par_1_37' title="bbox 127 2260 1736 2332">
     <span class='ocr_line' id='line_1_37' title="bbox 127 2260 1736 2332; baseline -0.002 -14"><span class='ocrx_word' id='word_1_280' title='bbox 127 2260 285 2318; x_wconf 91' lang='lat' dir='ltr'><strong>dicos</strong></span> <span class='ocrx_word' id='word_1_281' title='bbox 318 2276 441 2318; x_wconf 90' lang='lat' dir='ltr'><strong>esse</strong></span> <span class='ocrx_word' id='word_1_282' title='bbox 471 2276 532 2318; x_wconf 90' lang='lat' dir='ltr'><strong>se</strong></span> <span class='ocrx_word' id='word_1_283' title='bbox 555 2264 800 2332; x_wconf 76' lang='lat' dir='ltr'><strong>iactant:</strong></span> <span class='ocrx_word' id='word_1_284' title='bbox 836 2279 940 2319; x_wconf 90' lang='lat' dir='ltr'><strong>nec</strong></span> <span class='ocrx_word' id='word_1_285' title='bbox 969 2272 1191 2318; x_wconf 88' lang='lat' dir='ltr'><strong>servant</strong></span> <span class='ocrx_word' id='word_1_286' title='bbox 1216 2263 1345 2318; x_wconf 93' lang='lat' dir='ltr'><strong>illud</strong></span> <span class='ocrx_word' id='word_1_287' title='bbox 1395 2261 1691 2317; x_wconf 84' lang='lat' dir='ltr'><strong>Mosaicum</strong></span> <span class='ocrx_word' id='word_1_288' title='bbox 1722 2279 1736 2314; x_wconf 88' lang='lat'>:</span> 
     </span>
    </p>
   </div>
   <div class='ocr_carea' id='block_1_38' title="bbox 131 2352 1736 2425">
    <p class='ocr_par' dir='ltr' id='par_1_38' title="bbox 131 2352 1736 2425">
     <span class='ocr_line' id='line_1_38' title="bbox 131 2352 1736 2425; baseline -0.001 -17"><span class='ocrx_word' id='word_1_289' title='bbox 131 2352 366 2409; x_wconf 78' lang='lat' dir='ltr'><strong>Provide</strong></span> <span class='ocrx_word' id='word_1_290' title='bbox 411 2355 572 2409; x_wconf 84' lang='lat' dir='ltr'><strong>alium</strong></span> <span class='ocrx_word' id='word_1_291' title='bbox 614 2372 763 2425; x_wconf 81' lang='lat' dir='ltr'><strong>queat</strong></span> <span class='ocrx_word' id='word_1_292' title='bbox 808 2356 981 2410; x_wconf 87' lang='lat' dir='ltr'><strong>mittas</strong></span> <span class='ocrx_word' id='word_1_293' title='bbox 1011 2370 1030 2409; x_wconf 89' lang='lat'><strong><em>:</em></strong></span> <span class='ocrx_word' id='word_1_294' title='bbox 1076 2354 1332 2423; x_wconf 83' lang='lat' dir='ltr'><strong>aliudque</strong></span> <span class='ocrx_word' id='word_1_295' title='bbox 1378 2354 1736 2408; x_wconf 87' lang='lat' dir='ltr'><strong>mandatum:</strong></span> 
     </span>
    </p>
   </div>
   <div class='ocr_carea' id='block_1_39' title="bbox 133 2443 1741 2518">
    <p class='ocr_par' dir='ltr' id='par_1_39' title="bbox 133 2443 1741 2518">
     <span class='ocr_line' id='line_1_39' title="bbox 133 2443 1741 2518; baseline 0 -18"><span class='ocrx_word' id='word_1_296' title='bbox 133 2443 226 2500; x_wconf 83' lang='lat' dir='ltr'><strong>Ne</strong></span> <span class='ocrx_word' id='word_1_297' title='bbox 243 2461 447 2515; x_wconf 66' lang='lat' dir='ltr'><strong>quiet-as</strong></span> <span class='ocrx_word' id='word_1_298' title='bbox 497 2447 657 2510; x_wconf 75' lang='lat' dir='ltr'><strong>iudex</strong></span> <span class='ocrx_word' id='word_1_299' title='bbox 686 2447 802 2516; x_wconf 77' lang='lat' dir='ltr'><strong>ﬁeri</strong></span> <span class='ocrx_word' id='word_1_300' title='bbox 843 2462 952 2501; x_wconf 90' lang='lat' dir='ltr'><strong>:ne</strong></span> <span class='ocrx_word' id='word_1_301' title='bbox 992 2452 1128 2518; x_wconf 79' lang='lat' dir='ltr'><strong>forte</strong></span> <span class='ocrx_word' id='word_1_302' title='bbox 1170 2463 1272 2500; x_wconf 89' lang='lat' dir='ltr'><strong>non</strong></span> <span class='ocrx_word' id='word_1_303' title='bbox 1324 2448 1488 2516; x_wconf 87' lang='lat' dir='ltr'><strong>possis</strong></span> <span class='ocrx_word' id='word_1_304' title='bbox 1534 2447 1741 2514; x_wconf 75' lang='lat' dir='ltr'><strong>auferre</strong></span> 
     </span>
    </p>
   </div>
   <div class='ocr_carea' id='block_1_40' title="bbox 131 2535 1744 2608">
    <p class='ocr_par' dir='ltr' id='par_1_40' title="bbox 131 2535 1744 2608">
     <span class='ocr_line' id='line_1_40' title="bbox 131 2535 1744 2608; baseline 0.001 -17"><span class='ocrx_word' id='word_1_305' title='bbox 131 2537 439 2607; x_wconf 78' lang='lat' dir='ltr'><strong>iniquitates</strong></span> <span class='ocrx_word' id='word_1_306' title='bbox 466 2535 636 2608; x_wconf 86' lang='lat' dir='ltr'><strong>(Eccl.</strong></span> <span class='ocrx_word' id='word_1_307' title='bbox 670 2553 766 2602; x_wconf 85' lang='lat' dir='ltr'><strong>vn,</strong></span> <span class='ocrx_word' id='word_1_308' title='bbox 801 2542 880 2608; x_wconf 80' lang='lat'><strong>6).</strong></span> <span class='ocrx_word' id='word_1_309' title='bbox 917 2537 1080 2594; x_wconf 90' lang='lat' dir='ltr'><strong>Solus</strong></span> <span class='ocrx_word' id='word_1_310' title='bbox 1107 2538 1271 2594; x_wconf 83' lang='lat' dir='ltr'><strong>Jesus</strong></span> <span class='ocrx_word' id='word_1_311' title='bbox 1298 2553 1488 2592; x_wconf 90' lang='lat' dir='ltr'><strong>omnes</strong></span> <span class='ocrx_word' id='word_1_312' title='bbox 1514 2538 1744 2608; x_wconf 87' lang='lat' dir='ltr'><strong>languo-</strong></span> 
     </span>
    </p>
   </div>
   <div class='ocr_carea' id='block_1_41' title="bbox 133 2631 1744 2702">
    <p class='ocr_par' dir='ltr' id='par_1_41' title="bbox 133 2631 1744 2702">
     <span class='ocr_line' id='line_1_41' title="bbox 133 2631 1744 2702; baseline 0 -17"><span class='ocrx_word' id='word_1_313' title='bbox 133 2644 232 2685; x_wconf 88' lang='lat' dir='ltr'><strong>res</strong></span> <span class='ocrx_word' id='word_1_314' title='bbox 260 2639 440 2696; x_wconf 86' lang='lat' dir='ltr'><strong>sanat,</strong></span> <span class='ocrx_word' id='word_1_315' title='bbox 464 2640 520 2686; x_wconf 89' lang='lat' dir='ltr'><strong>et</strong></span> <span class='ocrx_word' id='word_1_316' title='bbox 552 2632 918 2701; x_wconf 80' lang='lat' dir='ltr'><strong>infirmitates,</strong></span> <span class='ocrx_word' id='word_1_317' title='bbox 949 2631 1019 2686; x_wconf 91' lang='lat' dir='ltr'><strong>de</strong></span> <span class='ocrx_word' id='word_1_318' title='bbox 1045 2647 1154 2702; x_wconf 92' lang='lat' dir='ltr'><strong>quo</strong></span> <span class='ocrx_word' id='word_1_319' title='bbox 1185 2631 1446 2701; x_wconf 91' lang='lat' dir='ltr'><strong>scriptum</strong></span> <span class='ocrx_word' id='word_1_320' title='bbox 1478 2639 1564 2687; x_wconf 84' lang='lat' dir='ltr'><strong>est</strong></span> <span class='ocrx_word' id='word_1_321' title='bbox 1591 2649 1604 2686; x_wconf 93' lang='lat'><strong>:</strong></span> <span class='ocrx_word' id='word_1_322' title='bbox 1641 2631 1744 2699; x_wconf 85' lang='lat' dir='ltr'><strong>Qui</strong></span> 
     </span>
    </p>
   </div>
   <div class='ocr_carea' id='block_1_42' title="bbox 134 2724 1744 2797">
    <p class='ocr_par' dir='ltr' id='par_1_42' title="bbox 134 2724 1744 2797">
     <span class='ocr_line' id='line_1_42' title="bbox 134 2724 1744 2797; baseline 0.001 -20"><span class='ocrx_word' id='word_1_323' title='bbox 134 2732 291 2777; x_wconf 85' lang='lat' dir='ltr'><strong>sanat</strong></span> <span class='ocrx_word' id='word_1_324' title='bbox 335 2724 580 2778; x_wconf 84' lang='lat' dir='ltr'><strong>contritas</strong></span> <span class='ocrx_word' id='word_1_325' title='bbox 625 2724 805 2790; x_wconf 87' lang='lat' dir='ltr'><strong>corde,</strong></span> <span class='ocrx_word' id='word_1_326' title='bbox 850 2735 898 2778; x_wconf 90' lang='lat' dir='ltr'><strong>et</strong></span> <span class='ocrx_word' id='word_1_327' title='bbox 951 2725 1137 2797; x_wconf 83' lang='lat' dir='ltr'><strong>alligat</strong></span> <span class='ocrx_word' id='word_1_328' title='bbox 1192 2725 1525 2780; x_wconf 83' lang='lat' dir='ltr'><strong>contritiones</strong></span> <span class='ocrx_word' id='word_1_329' title='bbox 1568 2741 1744 2780; x_wconf 85' lang='lat' dir='ltr'><strong>eorum</strong></span> 
     </span>
    </p>
   </div>
   <div class='ocr_carea' id='block_1_43' title="bbox 141 2813 596 2888">
    <p class='ocr_par' dir='ltr' id='par_1_43' title="bbox 141 2813 596 2888">
     <span class='ocr_line' id='line_1_43' title="bbox 141 2813 596 2888; baseline 0.004 -20"><span class='ocrx_word' id='word_1_330' title='bbox 141 2813 268 2884; x_wconf 88' lang='lat' dir='ltr'><strong>(Ps.</strong></span> <span class='ocrx_word' id='word_1_331' title='bbox 297 2830 484 2871; x_wconf 73' lang='lat' dir='ltr'><strong>exui.</strong></span> <span class='ocrx_word' id='word_1_332' title='bbox 515 2816 596 2888; x_wconf 76' lang='lat'><strong>5).</strong></span> 
     </span>
    </p>
   </div>
   <div class='ocr_carea' id='block_1_44' title="bbox 218 2906 1750 2979">
    <p class='ocr_par' dir='ltr' id='par_1_44' title="bbox 218 2906 1750 2979">
     <span class='ocr_line' id='line_1_44' title="bbox 218 2906 1750 2979; baseline 0.001 -16"><span class='ocrx_word' id='word_1_333' title='bbox 218 2906 332 2978; x_wconf 78' lang='lat'><strong>56</strong></span> <span class='ocrx_word' id='word_1_334' title='bbox 371 2906 548 2979; x_wconf 84' lang='lat' dir='ltr'><strong>(Vers.</strong></span> <span class='ocrx_word' id='word_1_335' title='bbox 589 2908 644 2972; x_wconf 89' lang='lat'><strong>8,</strong></span> <span class='ocrx_word' id='word_1_336' title='bbox 678 2909 759 2979; x_wconf 88' lang='lat'><strong>9.)</strong></span> <span class='ocrx_word' id='word_1_337' title='bbox 807 2909 934 2963; x_wconf 88' lang='lat' dir='ltr'><strong>Ruit</strong></span> <span class='ocrx_word' id='word_1_338' title='bbox 983 2911 1121 2964; x_wconf 89' lang='lat' dir='ltr'><strong>enim</strong></span> <span class='ocrx_word' id='word_1_339' title='bbox 1162 2910 1476 2977; x_wconf 76' lang='lat' dir='ltr'><strong>Jerusalem,</strong></span> <span class='ocrx_word' id='word_1_340' title='bbox 1511 2921 1559 2964; x_wconf 88' lang='lat' dir='ltr'><strong>et</strong></span> <span class='ocrx_word' id='word_1_341' title='bbox 1606 2911 1750 2964; x_wconf 80' lang='lat' dir='ltr'><strong>Juda</strong></span> 
     </span>
    </p>
   </div>
   <div class='ocr_carea' id='block_1_45' title="bbox 137 2999 1750 3072">
    <p class='ocr_par' dir='ltr' id='par_1_45' title="bbox 137 2999 1750 3072">
     <span class='ocr_line' id='line_1_45' title="bbox 137 2999 1750 3072; baseline 0.002 -21"><span class='ocrx_word' id='word_1_342' title='bbox 137 3000 378 3053; x_wconf 85' lang='lat' dir='ltr'><strong>concidit</strong></span> <span class='ocrx_word' id='word_1_343' title='bbox 409 3015 430 3054; x_wconf 89' lang='lat'><strong><em>:</em></strong></span> <span class='ocrx_word' id='word_1_344' title='bbox 456 3000 579 3071; x_wconf 88' lang='lat' dir='ltr'><strong>quia</strong></span> <span class='ocrx_word' id='word_1_345' title='bbox 624 2999 804 3072; x_wconf 87' lang='lat' dir='ltr'><strong>lingua</strong></span> <span class='ocrx_word' id='word_1_346' title='bbox 842 3017 1042 3065; x_wconf 90' lang='lat' dir='ltr'><strong>eorum,</strong></span> <span class='ocrx_word' id='word_1_347' title='bbox 1072 3012 1122 3056; x_wconf 87' lang='lat' dir='ltr'><strong>et</strong></span> <span class='ocrx_word' id='word_1_348' title='bbox 1159 3003 1549 3057; x_wconf 80' lang='lat' dir='ltr'><strong>adinventioncs</strong></span> <span class='ocrx_word' id='word_1_349' title='bbox 1574 3019 1750 3056; x_wconf 88' lang='lat' dir='ltr'><strong>eorum</strong></span> 
     </span>
    </p>
   </div>
   <div class='ocr_carea' id='block_1_46' title="bbox 135 3089 1752 3164">
    <p class='ocr_par' dir='ltr' id='par_1_46' title="bbox 135 3089 1752 3164">
     <span class='ocr_line' id='line_1_46' title="bbox 135 3089 1752 3164; baseline 0.003 -22"><span class='ocrx_word' id='word_1_350' title='bbox 135 3101 330 3145; x_wconf 84' lang='lat' dir='ltr'><strong>contra</strong></span> <span class='ocrx_word' id='word_1_351' title='bbox 375 3089 698 3157; x_wconf 87' lang='lat' dir='ltr'><strong>Dominum,</strong></span> <span class='ocrx_word' id='word_1_352' title='bbox 745 3102 804 3146; x_wconf 88' lang='lat' dir='ltr'><strong>ut</strong></span> <span class='ocrx_word' id='word_1_353' title='bbox 857 3103 1198 3162; x_wconf 82' lang='lat' dir='ltr'><strong>provocarent</strong></span> <span class='ocrx_word' id='word_1_354' title='bbox 1249 3096 1426 3148; x_wconf 86' lang='lat' dir='ltr'><strong>oculos</strong></span> <span class='ocrx_word' id='word_1_355' title='bbox 1465 3096 1752 3164; x_wconf 82' lang='lat' dir='ltr'><strong>majestatis</strong></span> 
     </span>
    </p>
   </div>
   <div class='ocr_carea' id='block_1_47' title="bbox 136 3182 1754 3256">
    <p class='ocr_par' dir='ltr' id='par_1_47' title="bbox 136 3182 1754 3256">
     <span class='ocr_line' id='line_1_47' title="bbox 136 3182 1754 3256; baseline 0 -19"><span class='ocrx_word' id='word_1_356' title='bbox 136 3183 282 3254; x_wconf 84' lang='lat' dir='ltr'><strong>ejus.</strong></span> <span class='ocrx_word' id='word_1_357' title='bbox 332 3182 544 3255; x_wconf 79' lang='lat' dir='ltr'><strong>Agnitio</strong></span> <span class='ocrx_word' id='word_1_358' title='bbox 569 3183 739 3239; x_wconf 72' lang='lat' dir='ltr'><strong>vultus</strong></span> <span class='ocrx_word' id='word_1_359' title='bbox 770 3201 946 3239; x_wconf 81' lang='lat' dir='ltr'><strong>earum</strong></span> <span class='ocrx_word' id='word_1_360' title='bbox 972 3186 1238 3248; x_wconf 70' lang='lat' dir='ltr'><strong>respondit</strong></span> <span class='ocrx_word' id='word_1_361' title='bbox 1269 3187 1340 3240; x_wconf 86' lang='lat' dir='ltr'><strong>eis</strong></span> <span class='ocrx_word' id='word_1_362' title='bbox 1371 3202 1389 3239; x_wconf 88' lang='lat'><strong><em>:</em></strong></span> <span class='ocrx_word' id='word_1_363' title='bbox 1419 3196 1466 3240; x_wconf 91' lang='lat' dir='ltr'><strong>et</strong></span> <span class='ocrx_word' id='word_1_364' title='bbox 1490 3194 1754 3256; x_wconf 85' lang='lat' dir='ltr'><strong>peccatum</strong></span> 
     </span>
    </p>
   </div>
   <div class='ocr_carea' id='block_1_48' title="bbox 1838 1978 3445 2054">
    <p class='ocr_par' dir='ltr' id='par_1_48' title="bbox 1838 1978 3445 2054">
     <span class='ocr_line' id='line_1_48' title="bbox 1838 1978 3445 2054; baseline 0.004 -24"><span class='ocrx_word' id='word_1_365' title='bbox 1838 1980 2103 2047; x_wconf 78' lang='lat' dir='ltr'><strong>ntetipsos,</strong></span> <span class='ocrx_word' id='word_1_366' title='bbox 2152 1978 2256 2050; x_wconf 82' lang='grc'><strong>57</strong></span> <span class='ocrx_word' id='word_1_367' title='bbox 2295 1980 2516 2034; x_wconf 87' lang='lat' dir='ltr'><strong>dicentes</strong></span> <span class='ocrx_word' id='word_1_368' title='bbox 2549 1996 2568 2034; x_wconf 90' lang='lat'><strong><em>:</em></strong></span> <span class='ocrx_word' id='word_1_369' title='bbox 2600 1980 2890 2052; x_wconf 83' lang='lat' dir='ltr'><strong>Alligemus</strong></span> <span class='ocrx_word' id='word_1_370' title='bbox 2929 1985 3129 2050; x_wconf 73' lang='lat' dir='ltr'><strong>justum</strong></span> <span class='ocrx_word' id='word_1_371' title='bbox 3151 2023 3165 2047; x_wconf 92' lang='lat'><strong>,</strong></span> <span class='ocrx_word' id='word_1_372' title='bbox 3197 1983 3445 2054; x_wconf 83' lang='lat' dir='ltr'><strong>quoniam</strong></span> 
     </span>
    </p>
   </div>
   <div class='ocr_carea' id='block_1_49' title="bbox 1837 2070 3446 2146">
    <p class='ocr_par' dir='ltr' id='par_1_49' title="bbox 1837 2070 3446 2146">
     <span class='ocr_line' id='line_1_49' title="bbox 1837 2070 3446 2146; baseline 0.005 -22"><span class='ocrx_word' id='word_1_373' title='bbox 1837 2070 2034 2124; x_wconf 83' lang='lat' dir='ltr'><strong>inutilis</strong></span> <span class='ocrx_word' id='word_1_374' title='bbox 2070 2083 2143 2126; x_wconf 88' lang='lat' dir='ltr'><strong>est</strong></span> <span class='ocrx_word' id='word_1_375' title='bbox 2170 2071 2318 2126; x_wconf 84' lang='lat' dir='ltr'><strong>nobis</strong></span> <span class='ocrx_word' id='word_1_376' title='bbox 2360 2089 2379 2127; x_wconf 90' lang='lat'><strong><em>:</em></strong></span> <span class='ocrx_word' id='word_1_377' title='bbox 2425 2074 2596 2144; x_wconf 86' lang='lat' dir='ltr'><strong>itaque</strong></span> <span class='ocrx_word' id='word_1_378' title='bbox 2620 2079 2818 2146; x_wconf 78' lang='lat' dir='ltr'><strong>fructus</strong></span> <span class='ocrx_word' id='word_1_379' title='bbox 2841 2092 3056 2146; x_wconf 88' lang='lat' dir='ltr'><strong>operum</strong></span> <span class='ocrx_word' id='word_1_380' title='bbox 3102 2094 3314 2132; x_wconf 87' lang='lat' dir='ltr'><strong>suorum</strong></span> <span class='ocrx_word' id='word_1_381' title='bbox 3357 2093 3446 2132; x_wconf 87' lang='lat' dir='ltr'><strong>co-</strong></span> 
     </span>
    </p>
   </div>
   <div class='ocr_carea' id='block_1_50' title="bbox 1839 2163 3442 2241">
    <p class='ocr_par' dir='ltr' id='par_1_50' title="bbox 1839 2163 3442 2241">
     <span class='ocr_line' id='line_1_50' title="bbox 1839 2163 3442 2241; baseline 0.006 -25"><span class='ocrx_word' id='word_1_382' title='bbox 1839 2163 2060 2230; x_wconf 85' lang='lat' dir='ltr'><strong>medent,</strong></span> <span class='ocrx_word' id='word_1_383' title='bbox 2099 2164 2390 2234; x_wconf 85' lang='lat' dir='ltr'><strong>perspicue</strong></span> <span class='ocrx_word' id='word_1_384' title='bbox 2411 2165 2479 2221; x_wconf 92' lang='lat' dir='ltr'><strong>dc</strong></span> <span class='ocrx_word' id='word_1_385' title='bbox 2521 2165 2725 2222; x_wconf 85' lang='lat' dir='ltr'><strong>Christi</strong></span> <span class='ocrx_word' id='word_1_386' title='bbox 2761 2167 2964 2223; x_wconf 89' lang='lat' dir='ltr'><strong>dicitur</strong></span> <span class='ocrx_word' id='word_1_387' title='bbox 2991 2171 3263 2240; x_wconf 85' lang='lat' dir='ltr'><strong>passione,</strong></span> <span class='ocrx_word' id='word_1_388' title='bbox 3297 2169 3442 2241; x_wconf 91' lang='lat' dir='ltr'><strong>quod</strong></span> 
     </span>
    </p>
   </div>
   <div class='ocr_carea' id='block_1_51' title="bbox 1839 2255 3442 2330">
    <p class='ocr_par' dir='ltr' id='par_1_51' title="bbox 1839 2255 3442 2330">
     <span class='ocr_line' id='line_1_51' title="bbox 1839 2255 3442 2330; baseline 0.005 -22"><span class='ocrx_word' id='word_1_389' title='bbox 1839 2255 2060 2310; x_wconf 88' lang='lat' dir='ltr'><strong>inierint</strong></span> <span class='ocrx_word' id='word_1_390' title='bbox 2079 2257 2364 2311; x_wconf 77' lang='lat' dir='ltr'><strong>Consilium</strong></span> <span class='ocrx_word' id='word_1_391' title='bbox 2390 2258 2712 2327; x_wconf 90' lang='lat' dir='ltr'><strong>pessimum,</strong></span> <span class='ocrx_word' id='word_1_392' title='bbox 2734 2275 2840 2314; x_wconf 91' lang='lat' dir='ltr'><strong>non</strong></span> <span class='ocrx_word' id='word_1_393' title='bbox 2869 2270 2976 2314; x_wconf 88' lang='lat' dir='ltr'><strong>tam</strong></span> <span class='ocrx_word' id='word_1_394' title='bbox 3000 2271 3190 2317; x_wconf 88' lang='lat' dir='ltr'><strong>contra</strong></span> <span class='ocrx_word' id='word_1_395' title='bbox 3211 2263 3442 2330; x_wconf 85' lang='lat' dir='ltr'><strong>justum,</strong></span> 
     </span>
    </p>
   </div>
   <div class='ocr_carea' id='block_1_52' title="bbox 1841 2350 3450 2419">
    <p class='ocr_par' dir='ltr' id='par_1_52' title="bbox 1841 2350 3450 2419">
     <span class='ocr_line' id='line_1_52' title="bbox 1841 2350 3450 2419; baseline 0.005 -18"><span class='ocrx_word' id='word_1_396' title='bbox 1841 2363 2003 2417; x_wconf 90' lang='lat' dir='ltr'><strong>quam</strong></span> <span class='ocrx_word' id='word_1_397' title='bbox 2034 2358 2224 2403; x_wconf 89' lang='lat' dir='ltr'><strong>contra</strong></span> <span class='ocrx_word' id='word_1_398' title='bbox 2255 2350 2603 2419; x_wconf 89' lang='lat' dir='ltr'><strong>semctipsos,</strong></span> <span class='ocrx_word' id='word_1_399' title='bbox 2633 2361 2690 2405; x_wconf 89' lang='lat' dir='ltr'><strong>et</strong></span> <span class='ocrx_word' id='word_1_400' title='bbox 2714 2353 2954 2405; x_wconf 88' lang='lat' dir='ltr'><strong>animam</strong></span> <span class='ocrx_word' id='word_1_401' title='bbox 2987 2368 3139 2406; x_wconf 89' lang='lat' dir='ltr'><strong>suam</strong></span> <span class='ocrx_word' id='word_1_402' title='bbox 3176 2370 3189 2405; x_wconf 93' lang='lat'>:</span> <span class='ocrx_word' id='word_1_403' title='bbox 3220 2362 3276 2407; x_wconf 90' lang='lat' dir='ltr'><strong>et</strong></span> <span class='ocrx_word' id='word_1_404' title='bbox 3303 2367 3450 2409; x_wconf 86' lang='lat' dir='ltr'><strong>nunc</strong></span> 
     </span>
    </p>
   </div>
   <div class='ocr_carea' id='block_1_53' title="bbox 1842 2439 3451 2510">
    <p class='ocr_par' dir='ltr' id='par_1_53' title="bbox 1842 2439 3451 2510">
     <span class='ocr_line' id='line_1_53' title="bbox 1842 2439 3451 2510; baseline 0.002 -16"><span class='ocrx_word' id='word_1_405' title='bbox 1842 2439 2050 2496; x_wconf 86' lang='lat' dir='ltr'><strong>fructus</strong></span> <span class='ocrx_word' id='word_1_406' title='bbox 2073 2457 2301 2510; x_wconf 88' lang='lat' dir='ltr'><strong>operum</strong></span> <span class='ocrx_word' id='word_1_407' title='bbox 2345 2455 2569 2496; x_wconf 89' lang='lat' dir='ltr'><strong>suorum</strong></span> <span class='ocrx_word' id='word_1_408' title='bbox 2593 2442 2903 2497; x_wconf 88' lang='lat' dir='ltr'><strong>comedant.</strong></span> <span class='ocrx_word' id='word_1_409' title='bbox 2928 2441 3063 2510; x_wconf 66' lang='lat' dir='ltr'><strong>Quae</strong></span> <span class='ocrx_word' id='word_1_410' title='bbox 3093 2443 3236 2498; x_wconf 91' lang='lat' dir='ltr'><strong>enim</strong></span> <span class='ocrx_word' id='word_1_411' title='bbox 3279 2443 3451 2498; x_wconf 85' lang='lat' dir='ltr'><strong>semi-</strong></span> 
     </span>
    </p>
   </div>
   <div class='ocr_carea' id='block_1_54' title="bbox 1845 2533 3451 2609">
    <p class='ocr_par' dir='ltr' id='par_1_54' title="bbox 1845 2533 3451 2609">
     <span class='ocr_line' id='line_1_54' title="bbox 1845 2533 3451 2609; baseline 0.003 -21"><span class='ocrx_word' id='word_1_412' title='bbox 1845 2535 2060 2589; x_wconf 90' lang='lat' dir='ltr'><strong>naverit</strong></span> <span class='ocrx_word' id='word_1_413' title='bbox 2090 2533 2272 2600; x_wconf 92' lang='lat' dir='ltr'><strong>homo,</strong></span> <span class='ocrx_word' id='word_1_414' title='bbox 2305 2534 2420 2590; x_wconf 68' lang='lat' dir='ltr'><strong>haec</strong></span> <span class='ocrx_word' id='word_1_415' title='bbox 2437 2543 2494 2590; x_wconf 88' lang='lat' dir='ltr'><strong>et</strong></span> <span class='ocrx_word' id='word_1_416' title='bbox 2525 2547 2698 2591; x_wconf 90' lang='lat' dir='ltr'><strong>metet</strong></span> <span class='ocrx_word' id='word_1_417' title='bbox 2728 2535 2874 2605; x_wconf 79' lang='lat' dir='ltr'><strong>(Gal.</strong></span> <span class='ocrx_word' id='word_1_418' title='bbox 2900 2552 2972 2605; x_wconf 74' lang='lat' dir='ltr'><strong>rt,</strong></span> <span class='ocrx_word' id='word_1_419' title='bbox 3007 2535 3160 2609; x_wconf 85' lang='lat'><strong>5-8),</strong></span> <span class='ocrx_word' id='word_1_420' title='bbox 3194 2547 3251 2592; x_wconf 90' lang='lat' dir='ltr'><strong>et</strong></span> <span class='ocrx_word' id='word_1_421' title='bbox 3277 2551 3451 2593; x_wconf 85' lang='lat' dir='ltr'><strong>unus-</strong></span> 
     </span>
    </p>
   </div>
   <div class='ocr_carea' id='block_1_55' title="bbox 1845 2627 2722 2698">
    <p class='ocr_par' dir='ltr' id='par_1_55' title="bbox 1845 2627 2722 2698">
     <span class='ocr_line' id='line_1_55' title="bbox 1845 2627 2722 2698; baseline 0.001 -17"><span class='ocrx_word' id='word_1_422' title='bbox 1845 2627 2075 2697; x_wconf 73' lang='lat' dir='ltr'><strong>quisque</strong></span> <span class='ocrx_word' id='word_1_423' title='bbox 2105 2642 2245 2681; x_wconf 90' lang='lat' dir='ltr'><strong>onus</strong></span> <span class='ocrx_word' id='word_1_424' title='bbox 2272 2642 2427 2683; x_wconf 91' lang='lat' dir='ltr'><strong>suum</strong></span> <span class='ocrx_word' id='word_1_425' title='bbox 2461 2628 2722 2698; x_wconf 88' lang='lat' dir='ltr'><strong>portabit.</strong></span> 
     </span>
    </p>
   </div>
   <div class='ocr_carea' id='block_1_56' title="bbox 1920 2717 3450 2791">
    <p class='ocr_par' dir='ltr' id='par_1_56' title="bbox 1920 2717 3450 2791">
     <span class='ocr_line' id='line_1_56' title="bbox 1920 2717 3450 2791; baseline 0.001 -17"><span class='ocrx_word' id='word_1_426' title='bbox 1920 2718 2111 2790; x_wconf 84' lang='lat' dir='ltr'><strong>(Vers.</strong></span> <span class='ocrx_word' id='word_1_427' title='bbox 2145 2717 2271 2789; x_wconf 71' lang='grc'><strong>12.)</strong></span> <span class='ocrx_word' id='word_1_428' title='bbox 2303 2717 2566 2790; x_wconf 84' lang='lat' dir='ltr'><strong>Populum</strong></span> <span class='ocrx_word' id='word_1_429' title='bbox 2598 2735 2766 2774; x_wconf 87' lang='lat' dir='ltr'><strong>meum</strong></span> <span class='ocrx_word' id='word_1_430' title='bbox 2797 2728 3064 2775; x_wconf 72' lang='lat' dir='ltr'><strong>exactores</strong></span> <span class='ocrx_word' id='word_1_431' title='bbox 3091 2719 3171 2774; x_wconf 87' lang='lat' dir='ltr'><strong>sui</strong></span> <span class='ocrx_word' id='word_1_432' title='bbox 3191 2719 3450 2791; x_wconf 80' lang='lat' dir='ltr'><strong>spoliave-</strong></span> 
     </span>
    </p>
   </div>
   <div class='ocr_carea' id='block_1_57' title="bbox 1847 2811 3453 2882">
    <p class='ocr_par' dir='ltr' id='par_1_57' title="bbox 1847 2811 3453 2882">
     <span class='ocr_line' id='line_1_57' title="bbox 1847 2811 3453 2882; baseline 0.002 -18"><span class='ocrx_word' id='word_1_433' title='bbox 1847 2822 1968 2864; x_wconf 85' lang='lat' dir='ltr'><strong>runt</strong></span> <span class='ocrx_word' id='word_1_434' title='bbox 1993 2827 2011 2864; x_wconf 89' lang='lat'><em>:</em></span> <span class='ocrx_word' id='word_1_435' title='bbox 2042 2821 2091 2865; x_wconf 90' lang='lat' dir='ltr'><strong>et</strong></span> <span class='ocrx_word' id='word_1_436' title='bbox 2121 2811 2364 2866; x_wconf 86' lang='lat' dir='ltr'><strong>mulieres</strong></span> <span class='ocrx_word' id='word_1_437' title='bbox 2395 2812 2678 2867; x_wconf 76' lang='lat' dir='ltr'><strong>dominata:</strong></span> <span class='ocrx_word' id='word_1_438' title='bbox 2715 2823 2833 2867; x_wconf 88' lang='lat' dir='ltr'><strong>sunt</strong></span> <span class='ocrx_word' id='word_1_439' title='bbox 2863 2813 2959 2867; x_wconf 89' lang='lat' dir='ltr'><strong>eis.</strong></span> <span class='ocrx_word' id='word_1_440' title='bbox 2992 2812 3098 2868; x_wconf 86' lang='lat' dir='ltr'><strong>Pro</strong></span> <span class='ocrx_word' id='word_1_441' title='bbox 3125 2812 3453 2882; x_wconf 84' lang='lat' dir='ltr'><strong>mulieribus,</strong></span> 
     </span>
    </p>
   </div>
   <div class='ocr_carea' id='block_1_58' title="bbox 1849 2905 3457 2978">
    <p class='ocr_par' dir='ltr' id='par_1_58' title="bbox 1849 2905 3457 2978">
     <span class='ocr_line' id='line_1_58' title="bbox 1849 2905 3457 2978; baseline 0.002 -18"><span class='ocrx_word' id='word_1_442' title='bbox 1849 2921 1988 2976; x_wconf 91' lang='lat' dir='ltr'><strong>quas</strong></span> <span class='ocrx_word' id='word_1_443' title='bbox 2008 2907 2158 2961; x_wconf 91' lang='lat' dir='ltr'><strong>solus</strong></span> <span class='ocrx_word' id='word_1_444' title='bbox 2188 2907 2576 2976; x_wconf 89' lang='lat' dir='ltr'><strong>interpretatus</strong></span> <span class='ocrx_word' id='word_1_445' title='bbox 2598 2918 2681 2962; x_wconf 90' lang='lat' dir='ltr'><strong>est</strong></span> <span class='ocrx_word' id='word_1_446' title='bbox 2703 2905 3084 2978; x_wconf 88' lang='lat' dir='ltr'><strong>Symmachus,</strong></span> <span class='ocrx_word' id='word_1_447' title='bbox 3113 2919 3167 2962; x_wconf 92' lang='lat' dir='ltr'><strong>et</strong></span> <span class='ocrx_word' id='word_1_448' title='bbox 3190 2906 3457 2964; x_wconf 79' lang='lat' dir='ltr'><strong>Hebraice</strong></span> 
     </span>
    </p>
   </div>
   <div class='ocr_carea' id='block_1_59' title="bbox 1853 2999 3458 3072">
    <p class='ocr_par' dir='ltr' id='par_1_59' title="bbox 1853 2999 3458 3072">
     <span class='ocr_line' id='line_1_59' title="bbox 1853 2999 3458 3072; baseline 0.002 -18"><span class='ocrx_word' id='word_1_449' title='bbox 1853 2999 2110 3054; x_wconf 89' lang='lat' dir='ltr'><strong>dicuntur</strong></span> <span class='ocrx_word' id='word_1_450' title='bbox 2161 3015 2320 3054; x_wconf 75' lang='lat' dir='ltr'><strong>NASIII</strong></span> <span class='ocrx_word' id='word_1_451' title='bbox 2355 3001 2542 3072; x_wconf 69' lang='lat' dir='ltr'><strong>(nam)</strong></span> <span class='ocrx_word' id='word_1_452' title='bbox 2577 3018 2590 3053; x_wconf 89' lang='lat'><strong>:</strong></span> <span class='ocrx_word' id='word_1_453' title='bbox 2624 3001 2814 3067; x_wconf 83' lang='lat' dir='ltr'><strong>Aquila</strong></span> <span class='ocrx_word' id='word_1_454' title='bbox 2876 3011 2931 3055; x_wconf 90' lang='lat' dir='ltr'><strong>et</strong></span> <span class='ocrx_word' id='word_1_455' title='bbox 2969 3000 3115 3056; x_wconf 75' lang='lat' dir='ltr'><strong>LXX</strong></span> <span class='ocrx_word' id='word_1_456' title='bbox 3162 3001 3458 3057; x_wconf 87' lang='lat' dir='ltr'><strong>transtule-</strong></span> 
     </span>
    </p>
   </div>
   <div class='ocr_carea' id='block_1_60' title="bbox 1854 3089 3460 3159">
    <p class='ocr_par' dir='ltr' id='par_1_60' title="bbox 1854 3089 3460 3159">
     <span class='ocr_line' id='line_1_60' title="bbox 1854 3089 3460 3159; baseline 0.002 -16"><span class='ocrx_word' id='word_1_457' title='bbox 1854 3099 1983 3144; x_wconf 90' lang='lat' dir='ltr'><strong>runt</strong></span> <span class='ocrx_word' id='word_1_458' title='bbox 2011 3091 2381 3155; x_wconf 79' lang='grc' dir='ltr'><strong>ἀπαιτοῦντας,</strong></span> <span class='ocrx_word' id='word_1_459' title='bbox 2413 3089 2506 3159; x_wconf 89' lang='lat' dir='ltr'><strong>qui</strong></span> <span class='ocrx_word' id='word_1_460' title='bbox 2536 3089 2844 3158; x_wconf 76' lang='lat' dir='ltr'><strong>signiﬁcant</strong></span> <span class='ocrx_word' id='word_1_461' title='bbox 2868 3103 3133 3146; x_wconf 78' lang='lat' dir='ltr'><strong>exactores</strong></span> <span class='ocrx_word' id='word_1_462' title='bbox 3161 3105 3181 3146; x_wconf 89' lang='lat'><strong><em>:</em></strong></span> <span class='ocrx_word' id='word_1_463' title='bbox 3205 3091 3460 3146; x_wconf 82' lang='lat' dir='ltr'><strong>Theodo-</strong></span> 
     </span>
    </p>
   </div>
   <div class='ocr_carea' id='block_1_61' title="bbox 1857 3181 3458 3252">
    <p class='ocr_par' dir='ltr' id='par_1_61' title="bbox 1857 3181 3458 3252">
     <span class='ocr_line' id='line_1_61' title="bbox 1857 3181 3458 3252; baseline 0.001 -14"><span class='ocrx_word' id='word_1_464' title='bbox 1857 3187 1936 3238; x_wconf 90' lang='lat' dir='ltr'><strong>tio</strong></span> <span class='ocrx_word' id='word_1_465' title='bbox 1973 3181 2262 3244; x_wconf 83' lang='grc' dir='ltr'><strong>δανειστάς,</strong></span> <span class='ocrx_word' id='word_1_466' title='bbox 2315 3183 2366 3235; x_wconf 91' lang='lat' dir='ltr'><strong>id</strong></span> <span class='ocrx_word' id='word_1_467' title='bbox 2413 3191 2520 3250; x_wconf 86' lang='lat' dir='ltr'><strong>est,</strong></span> <span class='ocrx_word' id='word_1_468' title='bbox 2569 3185 2921 3252; x_wconf 75' lang='lat' dir='ltr'><strong>fwneratores.</strong></span> <span class='ocrx_word' id='word_1_469' title='bbox 2977 3181 3240 3251; x_wconf 84' lang='lat' dir='ltr'><strong>Loquitur</strong></span> <span class='ocrx_word' id='word_1_470' title='bbox 3279 3194 3458 3240; x_wconf 90' lang='lat' dir='ltr'><strong>autem</strong></span> 
     </span>
    </p>
   </div>
   <div class='ocr_carea' id='block_1_62' title="bbox 128 3272 3462 3346">
    <p class='ocr_par' dir='ltr' id='par_1_62' title="bbox 128 3272 3462 3346">
     <span class='ocr_line' id='line_1_62' title="bbox 128 3272 3462 3346; baseline 0.002 -21"><span class='ocrx_word' id='word_1_471' title='bbox 128 3286 303 3326; x_wconf 66' lang='lat' dir='ltr'><strong>suum</strong></span> <span class='ocrx_word' id='word_1_472' title='bbox 328 3273 477 3341; x_wconf 87' lang='lat' dir='ltr'><strong>quasi</strong></span> <span class='ocrx_word' id='word_1_473' title='bbox 509 3272 736 3326; x_wconf 88' lang='lat' dir='ltr'><strong>Sodoma</strong></span> <span class='ocrx_word' id='word_1_474' title='bbox 762 3275 1192 3345; x_wconf 70' lang='lat' dir='ltr'><strong>praedicaverunt,</strong></span> <span class='ocrx_word' id='word_1_475' title='bbox 1222 3291 1312 3328; x_wconf 89' lang='lat' dir='ltr'><strong>nec</strong></span> <span class='ocrx_word' id='word_1_476' title='bbox 1350 3275 1752 3328; x_wconf 81' lang='lat' dir='ltr'><strong>absconderant.</strong></span> <span class='ocrx_word' id='word_1_477' title='bbox 1782 3273 1827 3334; x_wconf 91' lang='lat' dir='ltr'>C</span> <span class='ocrx_word' id='word_1_478' title='bbox 1861 3291 2041 3330; x_wconf 89' lang='lat' dir='ltr'><strong>sermo</strong></span> <span class='ocrx_word' id='word_1_479' title='bbox 2073 3275 2426 3344; x_wconf 77' lang='lat' dir='ltr'><strong>propheticus</strong></span> <span class='ocrx_word' id='word_1_480' title='bbox 2452 3282 2644 3329; x_wconf 89' lang='lat' dir='ltr'><strong>contra</strong></span> <span class='ocrx_word' id='word_1_481' title='bbox 2678 3273 2898 3330; x_wconf 83' lang='lat' dir='ltr'><strong>Scribas</strong></span> <span class='ocrx_word' id='word_1_482' title='bbox 2926 3286 2978 3328; x_wconf 87' lang='lat' dir='ltr'><strong>et</strong></span> <span class='ocrx_word' id='word_1_483' title='bbox 3002 3274 3334 3342; x_wconf 64' lang='lat' dir='ltr'><strong>Phariszeos,</strong></span> <span class='ocrx_word' id='word_1_484' title='bbox 3366 3276 3462 3346; x_wconf 88' lang='lat' dir='ltr'><strong>qui</strong></span> 
     </span>
    </p>
   </div>
   <div class='ocr_carea' id='block_1_63' title="bbox 131 3361 1753 3433">
    <p class='ocr_par' dir='ltr' id='par_1_63' title="bbox 131 3361 1753 3433">
     <span class='ocr_line' id='line_1_63' title="bbox 131 3361 1753 3433; baseline -0.001 -14"><span class='ocrx_word' id='word_1_485' title='bbox 131 3363 268 3420; x_wconf 76' lang='lat' dir='ltr'><strong>Hoc</strong></span> <span class='ocrx_word' id='word_1_486' title='bbox 296 3361 570 3430; x_wconf 87' lang='lat' dir='ltr'><strong>Propheta</strong></span> <span class='ocrx_word' id='word_1_487' title='bbox 596 3363 861 3432; x_wconf 86' lang='lat' dir='ltr'><strong>loquitur,</strong></span> <span class='ocrx_word' id='word_1_488' title='bbox 888 3380 995 3419; x_wconf 89' lang='lat' dir='ltr'><strong>non</strong></span> <span class='ocrx_word' id='word_1_489' title='bbox 1025 3374 1080 3418; x_wconf 88' lang='lat' dir='ltr'><strong>ttt</strong></span> <span class='ocrx_word' id='word_1_490' title='bbox 1125 3365 1367 3433; x_wconf 90' lang='lat' dir='ltr'><strong>plerique</strong></span> <span class='ocrx_word' id='word_1_491' title='bbox 1395 3366 1753 3433; x_wconf 88' lang='lat' dir='ltr'><strong>arbitrantur,</strong></span> 
     </span>
    </p>
   </div>
   <div class='ocr_carea' id='block_1_64' title="bbox 133 3455 1760 3528">
    <p class='ocr_par' dir='ltr' id='par_1_64' title="bbox 133 3455 1760 3528">
     <span class='ocr_line' id='line_1_64' title="bbox 133 3455 1760 3528; baseline 0.002 -17"><span class='ocrx_word' id='word_1_492' title='bbox 133 3456 246 3512; x_wconf 89' lang='lat' dir='ltr'><strong>ille</strong></span> <span class='ocrx_word' id='word_1_493' title='bbox 273 3455 373 3528; x_wconf 88' lang='lat' dir='ltr'><strong>qui</strong></span> <span class='ocrx_word' id='word_1_494' title='bbox 401 3457 661 3527; x_wconf 89' lang='lat' dir='ltr'><strong>princeps</strong></span> <span class='ocrx_word' id='word_1_495' title='bbox 689 3457 867 3512; x_wconf 84' lang='lat' dir='ltr'><strong>fuerat</strong></span> <span class='ocrx_word' id='word_1_496' title='bbox 895 3458 1123 3512; x_wconf 89' lang='lat' dir='ltr'><strong>electus.</strong></span> <span class='ocrx_word' id='word_1_497' title='bbox 1154 3457 1218 3511; x_wconf 88' lang='lat' dir='ltr'><strong>Et</strong></span> <span class='ocrx_word' id='word_1_498' title='bbox 1239 3457 1372 3511; x_wconf 93' lang='lat' dir='ltr'><strong>dicit</strong></span> <span class='ocrx_word' id='word_1_499' title='bbox 1405 3459 1528 3513; x_wconf 93' lang='lat' dir='ltr'><strong>ideo</strong></span> <span class='ocrx_word' id='word_1_500' title='bbox 1555 3459 1760 3514; x_wconf 87' lang='lat' dir='ltr'><strong>nullum</strong></span> 
     </span>
    </p>
   </div>
   <div class='ocr_carea' id='block_1_65' title="bbox 134 3549 1762 3621">
    <p class='ocr_par' dir='ltr' id='par_1_65' title="bbox 134 3549 1762 3621">
     <span class='ocr_line' id='line_1_65' title="bbox 134 3549 1762 3621; baseline 0.001 -17"><span class='ocrx_word' id='word_1_501' title='bbox 134 3552 300 3605; x_wconf 81' lang='lat' dir='ltr'><strong>velle</strong></span> <span class='ocrx_word' id='word_1_502' title='bbox 326 3564 565 3620; x_wconf 77' lang='lat' dir='ltr'><strong>przeesse</strong></span> <span class='ocrx_word' id='word_1_503' title='bbox 597 3551 802 3620; x_wconf 89' lang='lat' dir='ltr'><strong>popqu</strong></span> <span class='ocrx_word' id='word_1_504' title='bbox 823 3551 1121 3621; x_wconf 86' lang='lat' dir='ltr'><strong>peccatori,</strong></span> <span class='ocrx_word' id='word_1_505' title='bbox 1145 3550 1269 3619; x_wconf 89' lang='lat' dir='ltr'><strong>quia</strong></span> <span class='ocrx_word' id='word_1_506' title='bbox 1297 3558 1354 3604; x_wconf 91' lang='lat' dir='ltr'><strong>et</strong></span> <span class='ocrx_word' id='word_1_507' title='bbox 1376 3549 1548 3605; x_wconf 89' lang='lat' dir='ltr'><strong>Judas</strong></span> <span class='ocrx_word' id='word_1_508' title='bbox 1589 3559 1646 3606; x_wconf 91' lang='lat' dir='ltr'><strong>et</strong></span> <span class='ocrx_word' id='word_1_509' title='bbox 1672 3549 1762 3606; x_wconf 86' lang='lat' dir='ltr'><strong>Je-</strong></span> 
     </span>
    </p>
   </div>
   <div class='ocr_carea' id='block_1_66' title="bbox 135 3643 1760 3714">
    <p class='ocr_par' dir='ltr' id='par_1_66' title="bbox 135 3643 1760 3714">
     <span class='ocr_line' id='line_1_66' title="bbox 135 3643 1760 3714; baseline -0.001 -13"><span class='ocrx_word' id='word_1_510' title='bbox 135 3643 418 3710; x_wconf 82' lang='lat' dir='ltr'><strong>rusalem,</strong></span> <span class='ocrx_word' id='word_1_511' title='bbox 459 3655 518 3699; x_wconf 87' lang='lat' dir='ltr'><strong>et</strong></span> <span class='ocrx_word' id='word_1_512' title='bbox 566 3645 718 3709; x_wconf 88' lang='lat' dir='ltr'><strong>urbs,</strong></span> <span class='ocrx_word' id='word_1_513' title='bbox 744 3654 800 3699; x_wconf 86' lang='lat' dir='ltr'><strong>et</strong></span> <span class='ocrx_word' id='word_1_514' title='bbox 836 3643 1023 3700; x_wconf 65' lang='lat' dir='ltr'><strong>Judrea</strong></span> <span class='ocrx_word' id='word_1_515' title='bbox 1053 3644 1361 3714; x_wconf 86' lang='lat' dir='ltr'><strong>provincia,</strong></span> <span class='ocrx_word' id='word_1_516' title='bbox 1396 3645 1513 3699; x_wconf 87' lang='lat' dir='ltr'><strong>sive</strong></span> <span class='ocrx_word' id='word_1_517' title='bbox 1587 3645 1760 3700; x_wconf 86' lang='lat' dir='ltr'><strong>tribus</strong></span> 
     </span>
    </p>
   </div>
   <div class='ocr_carea' id='block_1_67' title="bbox 138 3736 1760 3809">
    <p class='ocr_par' dir='ltr' id='par_1_67' title="bbox 138 3736 1760 3809">
     <span class='ocr_line' id='line_1_67' title="bbox 138 3736 1760 3809; baseline 0 -18"><span class='ocrx_word' id='word_1_518' title='bbox 138 3736 293 3791; x_wconf 81' lang='lat' dir='ltr'><strong>Juda</strong></span> <span class='ocrx_word' id='word_1_519' title='bbox 321 3737 527 3806; x_wconf 90' lang='lat' dir='ltr'><strong>pariter</strong></span> <span class='ocrx_word' id='word_1_520' title='bbox 553 3737 913 3792; x_wconf 89' lang='lat' dir='ltr'><strong>conciderint.</strong></span> <span class='ocrx_word' id='word_1_521' title='bbox 945 3736 1258 3809; x_wconf 85' lang='lat' dir='ltr'><strong>Causasque</strong></span> <span class='ocrx_word' id='word_1_522' title='bbox 1300 3738 1478 3794; x_wconf 91' lang='lat' dir='ltr'><strong>reddit</strong></span> <span class='ocrx_word' id='word_1_523' title='bbox 1506 3739 1760 3808; x_wconf 86' lang='lat' dir='ltr'><strong>impieta—</strong></span> 
     </span>
    </p>
   </div>
   <div class='ocr_carea' id='block_1_68' title="bbox 145 3829 1757 3900">
    <p class='ocr_par' dir='ltr' id='par_1_68' title="bbox 145 3829 1757 3900">
     <span class='ocr_line' id='line_1_68' title="bbox 145 3829 1757 3900; baseline 0.001 -17"><span class='ocrx_word' id='word_1_524' title='bbox 145 3829 229 3883; x_wconf 86' lang='lat' dir='ltr'><strong>tis</strong></span> <span class='ocrx_word' id='word_1_525' title='bbox 251 3843 464 3892; x_wconf 91' lang='lat' dir='ltr'><strong>eorum,</strong></span> <span class='ocrx_word' id='word_1_526' title='bbox 501 3829 626 3899; x_wconf 89' lang='lat' dir='ltr'><strong>quia</strong></span> <span class='ocrx_word' id='word_1_527' title='bbox 674 3843 862 3884; x_wconf 91' lang='lat' dir='ltr'><strong>contra</strong></span> <span class='ocrx_word' id='word_1_528' title='bbox 887 3830 1172 3885; x_wconf 91' lang='lat' dir='ltr'><strong>Dominum</strong></span> <span class='ocrx_word' id='word_1_529' title='bbox 1221 3830 1757 3900; x_wconf 87' lang='lat' dir='ltr'><strong>hlasphemavcrunt,</strong></span> 
     </span>
    </p>
   </div>
   <div class='ocr_carea' id='block_1_69' title="bbox 141 3920 1764 3994">
    <p class='ocr_par' dir='ltr' id='par_1_69' title="bbox 141 3920 1764 3994">
     <span class='ocr_line' id='line_1_69' title="bbox 141 3920 1764 3994; baseline 0 -17"><span class='ocrx_word' id='word_1_530' title='bbox 141 3929 326 3991; x_wconf 86' lang='lat' dir='ltr'><strong>atque</strong></span> <span class='ocrx_word' id='word_1_531' title='bbox 344 3922 598 3976; x_wconf 82' lang='lat' dir='ltr'><strong>dixerunt</strong></span> <span class='ocrx_word' id='word_1_532' title='bbox 632 3921 712 3977; x_wconf 85' lang='lat' dir='ltr'><strong>:T</strong></span> <span class='ocrx_word' id='word_1_533' title='bbox 717 3920 836 3988; x_wconf 87' lang='lat' dir='ltr'><strong>olle,</strong></span> <span class='ocrx_word' id='word_1_534' title='bbox 864 3921 1006 3989; x_wconf 86' lang='lat' dir='ltr'><strong>tolle,</strong></span> <span class='ocrx_word' id='word_1_535' title='bbox 1037 3923 1280 3994; x_wconf 87' lang='lat' dir='ltr'><strong>cruciﬁge</strong></span> <span class='ocrx_word' id='word_1_536' title='bbox 1325 3925 1497 3990; x_wconf 89' lang='lat' dir='ltr'><strong>talem,</strong></span> <span class='ocrx_word' id='word_1_537' title='bbox 1541 3941 1643 3977; x_wconf 87' lang='lat' dir='ltr'><strong>non</strong></span> <span class='ocrx_word' id='word_1_538' title='bbox 1670 3924 1764 3977; x_wconf 83' lang='lat' dir='ltr'><strong>Ita—</strong></span> 
     </span>
    </p>
   </div>
   <div class='ocr_carea' id='block_1_70' title="bbox 144 4014 1766 4088">
    <p class='ocr_par' dir='ltr' id='par_1_70' title="bbox 144 4014 1766 4088">
     <span class='ocr_line' id='line_1_70' title="bbox 144 4014 1766 4088; baseline -0.001 -16"><span class='ocrx_word' id='word_1_539' title='bbox 144 4016 339 4072; x_wconf 83' lang='lat' dir='ltr'><strong>bemus</strong></span> <span class='ocrx_word' id='word_1_540' title='bbox 381 4031 552 4085; x_wconf 85' lang='lat' dir='ltr'><strong>regem</strong></span> <span class='ocrx_word' id='word_1_541' title='bbox 598 4017 701 4071; x_wconf 84' lang='lat' dir='ltr'><strong>nisi</strong></span> <span class='ocrx_word' id='word_1_542' title='bbox 743 4016 999 4072; x_wconf 72' lang='lat' dir='ltr'><strong>Cazsarem</strong></span> <span class='ocrx_word' id='word_1_543' title='bbox 1027 4014 1209 4088; x_wconf 84' lang='lat' dir='ltr'><strong>(Joan.</strong></span> <span class='ocrx_word' id='word_1_544' title='bbox 1242 4032 1352 4081; x_wconf 74' lang='lat' dir='ltr'><strong>XIX,</strong></span> <span class='ocrx_word' id='word_1_545' title='bbox 1406 4017 1494 4084; x_wconf 76' lang='grc'><strong>15,</strong></span> <span class='ocrx_word' id='word_1_546' title='bbox 1532 4016 1625 4086; x_wconf 77' lang='grc'><strong>16)</strong></span> <span class='ocrx_word' id='word_1_547' title='bbox 1665 4024 1766 4071; x_wconf 82' lang='lat' dir='ltr'><strong>:et</strong></span> 
     </span>
    </p>
   </div>
   <div class='ocr_carea' id='block_1_71' title="bbox 144 4108 1764 4180">
    <p class='ocr_par' dir='ltr' id='par_1_71' title="bbox 144 4108 1764 4180">
     <span class='ocr_line' id='line_1_71' title="bbox 144 4108 1764 4180; baseline 0 -16"><span class='ocrx_word' id='word_1_548' title='bbox 144 4108 653 4164; x_wconf 84' lang='lat' dir='ltr'><strong>clementissimum</strong></span> <span class='ocrx_word' id='word_1_549' title='bbox 701 4110 988 4164; x_wconf 86' lang='lat' dir='ltr'><strong>Dominum</strong></span> <span class='ocrx_word' id='word_1_550' title='bbox 1040 4109 1224 4165; x_wconf 91' lang='lat' dir='ltr'><strong>furore</strong></span> <span class='ocrx_word' id='word_1_551' title='bbox 1266 4111 1464 4180; x_wconf 71' lang='lat' dir='ltr'><strong>lingua:</strong></span> <span class='ocrx_word' id='word_1_552' title='bbox 1527 4125 1640 4165; x_wconf 73' lang='lat' dir='ltr'><strong>sua:</strong></span> <span class='ocrx_word' id='word_1_553' title='bbox 1696 4109 1764 4164; x_wconf 89' lang='lat' dir='ltr'><strong>ad</strong></span> 
     </span>
    </p>
   </div>
   <div class='ocr_carea' id='block_1_72' title="bbox 141 4198 1768 4273">
    <p class='ocr_par' dir='ltr' id='par_1_72' title="bbox 141 4198 1768 4273">
     <span class='ocr_line' id='line_1_72' title="bbox 141 4198 1768 4273; baseline 0.002 -21"><span class='ocrx_word' id='word_1_554' title='bbox 141 4198 584 4255; x_wconf 80' lang='lat' dir='ltr'><strong>amaritudinem</strong></span> <span class='ocrx_word' id='word_1_555' title='bbox 631 4211 1093 4270; x_wconf 86' lang='lat' dir='ltr'><strong>provocaverunt.</strong></span> <span class='ocrx_word' id='word_1_556' title='bbox 1128 4209 1156 4238; x_wconf 72' lang='grc'>⁸</span> <span class='ocrx_word' id='word_1_557' title='bbox 1202 4201 1413 4273; x_wconf 86' lang='lat' dir='ltr'><strong>Agnitio</strong></span> <span class='ocrx_word' id='word_1_558' title='bbox 1465 4200 1638 4254; x_wconf 79' lang='lat' dir='ltr'><strong>vultus</strong></span> <span class='ocrx_word' id='word_1_559' title='bbox 1684 4216 1768 4255; x_wconf 82' lang='lat' dir='ltr'><strong>eo-</strong></span> 
     </span>
    </p>
   </div>
   <div class='ocr_carea' id='block_1_73' title="bbox 141 4293 1766 4364">
    <p class='ocr_par' dir='ltr' id='par_1_73' title="bbox 141 4293 1766 4364">
     <span class='ocr_line' id='line_1_73' title="bbox 141 4293 1766 4364; baseline -0.002 -15"><span class='ocrx_word' id='word_1_560' title='bbox 141 4309 283 4349; x_wconf 81' lang='lat' dir='ltr'><strong>rum</strong></span> <span class='ocrx_word' id='word_1_561' title='bbox 309 4293 638 4363; x_wconf 76' lang='lat' dir='ltr'><strong>respondebit</strong></span> <span class='ocrx_word' id='word_1_562' title='bbox 666 4295 738 4348; x_wconf 87' lang='lat' dir='ltr'><strong>eis</strong></span> <span class='ocrx_word' id='word_1_563' title='bbox 771 4310 790 4349; x_wconf 91' lang='lat'><strong><em>:</em></strong></span> <span class='ocrx_word' id='word_1_564' title='bbox 824 4294 876 4348; x_wconf 91' lang='lat' dir='ltr'><strong>id</strong></span> <span class='ocrx_word' id='word_1_565' title='bbox 931 4302 1036 4362; x_wconf 88' lang='lat' dir='ltr'><strong>est,</strong></span> <span class='ocrx_word' id='word_1_566' title='bbox 1081 4308 1180 4348; x_wconf 90' lang='lat' dir='ltr'><strong>sua</strong></span> <span class='ocrx_word' id='word_1_567' title='bbox 1217 4308 1477 4363; x_wconf 81' lang='lat' dir='ltr'><strong>recepere</strong></span> <span class='ocrx_word' id='word_1_568' title='bbox 1523 4303 1766 4364; x_wconf 88' lang='lat' dir='ltr'><strong>peccata,</strong></span> 
     </span>
    </p>
   </div>
   <div class='ocr_carea' id='block_1_74' title="bbox 142 4385 1772 4458">
    <p class='ocr_par' dir='ltr' id='par_1_74' title="bbox 142 4385 1772 4458">
     <span class='ocr_line' id='line_1_74' title="bbox 142 4385 1772 4458; baseline -0.001 -16"><span class='ocrx_word' id='word_1_569' title='bbox 142 4386 285 4442; x_wconf 70' lang='lat' dir='ltr'><strong>sive</strong></span> <span class='ocrx_word' id='word_1_570' title='bbox 315 4396 374 4440; x_wconf 94' lang='lat' dir='ltr'><strong>ut</strong></span> <span class='ocrx_word' id='word_1_571' title='bbox 413 4386 762 4458; x_wconf 77' lang='lat' dir='ltr'><strong>Septuaginta</strong></span> <span class='ocrx_word' id='word_1_572' title='bbox 796 4387 1197 4443; x_wconf 89' lang='lat' dir='ltr'><strong>transtulerunt</strong></span> <span class='ocrx_word' id='word_1_573' title='bbox 1226 4403 1241 4440; x_wconf 91' lang='lat'>:</span> <span class='ocrx_word' id='word_1_574' title='bbox 1271 4385 1300 4425; x_wconf 76' lang='grc' dir='ltr'><strong>ι)</strong></span> <span class='ocrx_word' id='word_1_575' title='bbox 1322 4386 1560 4456; x_wconf 78' lang='lat' dir='ltr'><strong>confusio</strong></span> <span class='ocrx_word' id='word_1_576' title='bbox 1600 4387 1772 4441; x_wconf 80' lang='lat' dir='ltr'><strong>vultus</strong></span> 
     </span>
    </p>
   </div>
   <div class='ocr_carea' id='block_1_75' title="bbox 141 4479 1771 4548">
    <p class='ocr_par' dir='ltr' id='par_1_75' title="bbox 141 4479 1771 4548">
     <span class='ocr_line' id='line_1_75' title="bbox 141 4479 1771 4548; baseline 0 -15"><span class='ocrx_word' id='word_1_577' title='bbox 141 4493 350 4533; x_wconf 80' lang='lat' dir='ltr'><strong>eorum</strong></span> <span class='ocrx_word' id='word_1_578' title='bbox 403 4479 588 4532; x_wconf 86' lang='lat' dir='ltr'><strong>restitit</strong></span> <span class='ocrx_word' id='word_1_579' title='bbox 633 4479 705 4533; x_wconf 84' lang='lat' dir='ltr'><strong>eis</strong></span> <span class='ocrx_word' id='word_1_580' title='bbox 754 4495 772 4534; x_wconf 90' lang='lat'><strong><em>:</em></strong></span> <span class='ocrx_word' id='word_1_581' title='bbox 813 4479 864 4535; x_wconf 92' lang='lat' dir='ltr'><strong>id</strong></span> <span class='ocrx_word' id='word_1_582' title='bbox 897 4489 1002 4545; x_wconf 90' lang='lat' dir='ltr'><strong>est,</strong></span> <span class='ocrx_word' id='word_1_583' title='bbox 1029 4489 1158 4536; x_wconf 90' lang='lat' dir='ltr'><strong>ante</strong></span> <span class='ocrx_word' id='word_1_584' title='bbox 1190 4479 1376 4535; x_wconf 91' lang='lat' dir='ltr'><strong>oculos</strong></span> <span class='ocrx_word' id='word_1_585' title='bbox 1399 4493 1526 4535; x_wconf 89' lang='lat' dir='ltr'><strong>suos</strong></span> <span class='ocrx_word' id='word_1_586' title='bbox 1555 4479 1771 4548; x_wconf 88' lang='lat' dir='ltr'><strong>propria</strong></span> 
     </span>
    </p>
   </div>
   <div class='ocr_carea' id='block_1_76' title="bbox 140 4571 1772 4643">
    <p class='ocr_par' dir='ltr' id='par_1_76' title="bbox 140 4571 1772 4643">
     <span class='ocr_line' id='line_1_76' title="bbox 140 4571 1772 4643; baseline -0.003 -13"><span class='ocrx_word' id='word_1_587' title='bbox 140 4587 397 4643; x_wconf 82' lang='lat' dir='ltr'><strong>semper</strong></span> <span class='ocrx_word' id='word_1_588' title='bbox 421 4571 664 4628; x_wconf 89' lang='lat' dir='ltr'><strong>habuere</strong></span> <span class='ocrx_word' id='word_1_589' title='bbox 693 4573 912 4628; x_wconf 90' lang='lat' dir='ltr'><strong>delicta.</strong></span> <span class='ocrx_word' id='word_1_590' title='bbox 946 4573 1011 4627; x_wconf 87' lang='lat' dir='ltr'><strong>Et</strong></span> <span class='ocrx_word' id='word_1_591' title='bbox 1037 4571 1314 4643; x_wconf 91' lang='lat' dir='ltr'><strong>quomodo</strong></span> <span class='ocrx_word' id='word_1_592' title='bbox 1335 4571 1630 4627; x_wconf 66' lang='lat' dir='ltr'><strong>Sodomita:</strong></span> <span class='ocrx_word' id='word_1_593' title='bbox 1651 4587 1772 4626; x_wconf 91' lang='lat' dir='ltr'><strong>cum</strong></span> 
     </span>
    </p>
   </div>
   <div class='ocr_carea' id='block_1_77' title="bbox 148 4661 1853 4735">
    <p class='ocr_par' dir='ltr' id='par_1_77' title="bbox 148 4661 1853 4735">
     <span class='ocr_line' id='line_1_77' title="bbox 148 4661 1853 4735; baseline -0.001 -13"><span class='ocrx_word' id='word_1_594' title='bbox 148 4665 326 4722; x_wconf 89' lang='lat' dir='ltr'><strong>omni</strong></span> <span class='ocrx_word' id='word_1_595' title='bbox 371 4662 617 4720; x_wconf 88' lang='lat' dir='ltr'><strong>libertate</strong></span> <span class='ocrx_word' id='word_1_596' title='bbox 670 4673 993 4735; x_wconf 90' lang='lat' dir='ltr'><strong>peccantes,</strong></span> <span class='ocrx_word' id='word_1_597' title='bbox 1036 4674 1093 4721; x_wconf 90' lang='lat' dir='ltr'><strong>et</strong></span> <span class='ocrx_word' id='word_1_598' title='bbox 1140 4665 1514 4735; x_wconf 89' lang='lat' dir='ltr'><strong>nepudorem</strong></span> <span class='ocrx_word' id='word_1_599' title='bbox 1552 4664 1771 4734; x_wconf 88' lang='lat' dir='ltr'><strong>quidem</strong></span> <span class='ocrx_word' id='word_1_600' title='bbox 1801 4661 1853 4721; x_wconf 91' lang='lat' dir='ltr'><strong>D</strong></span> 
     </span>
    </p>
   </div>
   <div class='ocr_carea' id='block_1_78' title="bbox 148 4757 1778 4824">
    <p class='ocr_par' dir='ltr' id='par_1_78' title="bbox 148 4757 1778 4824">
     <span class='ocr_line' id='line_1_78' title="bbox 148 4757 1778 4824; baseline -0.002 -9"><span class='ocrx_word' id='word_1_601' title='bbox 148 4759 352 4815; x_wconf 85' lang='lat' dir='ltr'><strong>ullum</strong></span> <span class='ocrx_word' id='word_1_602' title='bbox 384 4757 649 4814; x_wconf 85' lang='lat' dir='ltr'><strong>habentes</strong></span> <span class='ocrx_word' id='word_1_603' title='bbox 681 4759 734 4814; x_wconf 93' lang='lat' dir='ltr'><strong>in</strong></span> <span class='ocrx_word' id='word_1_604' title='bbox 762 4759 992 4824; x_wconf 87' lang='lat' dir='ltr'><strong>scelere,</strong></span> <span class='ocrx_word' id='word_1_605' title='bbox 1041 4759 1300 4815; x_wconf 85' lang='lat' dir='ltr'><strong>dixerunt</strong></span> <span class='ocrx_word' id='word_1_606' title='bbox 1328 4760 1393 4814; x_wconf 90' lang='lat' dir='ltr'><strong>ad</strong></span> <span class='ocrx_word' id='word_1_607' title='bbox 1444 4758 1548 4814; x_wconf 91' lang='lat' dir='ltr'><strong>Lot</strong></span> <span class='ocrx_word' id='word_1_608' title='bbox 1580 4776 1592 4812; x_wconf 94' lang='lat'>:</span> <span class='ocrx_word' id='word_1_609' title='bbox 1627 4757 1778 4812; x_wconf 87' lang='lat' dir='ltr'><strong>Educ</strong></span> 
     </span>
    </p>
   </div>
   <div class='ocr_carea' id='block_1_79' title="bbox 146 4848 1776 4923">
    <p class='ocr_par' dir='ltr' id='par_1_79' title="bbox 146 4848 1776 4923">
     <span class='ocr_line' id='line_1_79' title="bbox 146 4848 1776 4923; baseline -0.001 -19"><span class='ocrx_word' id='word_1_610' title='bbox 146 4855 321 4923; x_wconf 79' lang='lat' dir='ltr'><strong>foras</strong></span> <span class='ocrx_word' id='word_1_611' title='bbox 351 4850 511 4917; x_wconf 77' lang='lat' dir='ltr'><strong>uiros,</strong></span> <span class='ocrx_word' id='word_1_612' title='bbox 535 4859 592 4905; x_wconf 86' lang='lat' dir='ltr'><strong>ut</strong></span> <span class='ocrx_word' id='word_1_613' title='bbox 614 4851 1021 4906; x_wconf 88' lang='lat' dir='ltr'><strong>concumbamus</strong></span> <span class='ocrx_word' id='word_1_614' title='bbox 1067 4867 1187 4905; x_wconf 90' lang='lat' dir='ltr'><strong>cum</strong></span> <span class='ocrx_word' id='word_1_615' title='bbox 1235 4851 1309 4904; x_wconf 85' lang='lat' dir='ltr'><strong>eis</strong></span> <span class='ocrx_word' id='word_1_616' title='bbox 1341 4849 1495 4918; x_wconf 87' lang='lat' dir='ltr'><strong>(Gen.</strong></span> <span class='ocrx_word' id='word_1_617' title='bbox 1531 4866 1651 4916; x_wconf 73' lang='lat' dir='ltr'><strong>xu,</strong></span> <span class='ocrx_word' id='word_1_618' title='bbox 1671 4848 1729 4919; x_wconf 82' lang='lat'><strong>5)</strong></span> <span class='ocrx_word' id='word_1_619' title='bbox 1763 4867 1776 4903; x_wconf 89' lang='lat'><strong>:</strong></span> 
     </span>
    </p>
   </div>
   <div class='ocr_carea' id='block_1_80' title="bbox 140 4943 1781 5014">
    <p class='ocr_par' dir='ltr' id='par_1_80' title="bbox 140 4943 1781 5014">
     <span class='ocr_line' id='line_1_80' title="bbox 140 4943 1781 5014; baseline -0.004 -10"><span class='ocrx_word' id='word_1_620' title='bbox 140 4945 260 5004; x_wconf 86' lang='lat' dir='ltr'><strong>sic</strong></span> <span class='ocrx_word' id='word_1_621' title='bbox 281 4953 339 4999; x_wconf 89' lang='lat' dir='ltr'><strong>et</strong></span> <span class='ocrx_word' id='word_1_622' title='bbox 364 4943 452 4999; x_wconf 91' lang='lat' dir='ltr'><strong>isti</strong></span> <span class='ocrx_word' id='word_1_623' title='bbox 480 4943 694 5014; x_wconf 90' lang='lat' dir='ltr'><strong>publice</strong></span> <span class='ocrx_word' id='word_1_624' title='bbox 733 4945 1161 5014; x_wconf 81' lang='lat' dir='ltr'><strong>proclamantes,</strong></span> <span class='ocrx_word' id='word_1_625' title='bbox 1210 4958 1367 4998; x_wconf 91' lang='lat' dir='ltr'><strong>suum</strong></span> <span class='ocrx_word' id='word_1_626' title='bbox 1411 4943 1781 5011; x_wconf 82' lang='lat' dir='ltr'><strong>praedicavere</strong></span> 
     </span>
    </p>
   </div>
   <div class='ocr_carea' id='block_1_81' title="bbox 141 5033 1780 5109">
    <p class='ocr_par' dir='ltr' id='par_1_81' title="bbox 141 5033 1780 5109">
     <span class='ocr_line' id='line_1_81' title="bbox 141 5033 1780 5109; baseline -0.001 -19"><span class='ocrx_word' id='word_1_627' title='bbox 141 5044 486 5109; x_wconf 88' lang='lat' dir='ltr'><strong>peccatum,</strong></span> <span class='ocrx_word' id='word_1_628' title='bbox 522 5050 622 5090; x_wconf 90' lang='lat' dir='ltr'><strong>nec</strong></span> <span class='ocrx_word' id='word_1_629' title='bbox 655 5036 816 5090; x_wconf 91' lang='lat' dir='ltr'><strong>ullam</strong></span> <span class='ocrx_word' id='word_1_630' title='bbox 846 5035 899 5090; x_wconf 94' lang='lat' dir='ltr'><strong>in</strong></span> <span class='ocrx_word' id='word_1_631' title='bbox 928 5033 1364 5105; x_wconf 88' lang='lat' dir='ltr'><strong>blasphemando</strong></span> <span class='ocrx_word' id='word_1_632' title='bbox 1409 5033 1649 5090; x_wconf 89' lang='lat' dir='ltr'><strong>habuere</strong></span> <span class='ocrx_word' id='word_1_633' title='bbox 1682 5049 1780 5089; x_wconf 88' lang='lat' dir='ltr'><strong>ve-</strong></span> 
     </span>
    </p>
   </div>
   <div class='ocr_carea' id='block_1_82' title="bbox 141 5125 1782 5198">
    <p class='ocr_par' dir='ltr' id='par_1_82' title="bbox 141 5125 1782 5198">
     <span class='ocr_line' id='line_1_82' title="bbox 141 5125 1782 5198; baseline -0.003 -13"><span class='ocrx_word' id='word_1_634' title='bbox 141 5125 521 5185; x_wconf 84' lang='lat' dir='ltr'><strong>recundiam.</strong></span> <span class='ocrx_word' id='word_1_635' title='bbox 550 5126 797 5184; x_wconf 86' lang='lat' dir='ltr'><strong>Secunda</strong></span> <span class='ocrx_word' id='word_1_636' title='bbox 848 5128 992 5182; x_wconf 91' lang='lat' dir='ltr'><strong>enim</strong></span> <span class='ocrx_word' id='word_1_637' title='bbox 1038 5137 1164 5198; x_wconf 90' lang='lat' dir='ltr'><strong>post</strong></span> <span class='ocrx_word' id='word_1_638' title='bbox 1205 5125 1545 5195; x_wconf 89' lang='lat' dir='ltr'><strong>naufragium</strong></span> <span class='ocrx_word' id='word_1_639' title='bbox 1599 5126 1782 5181; x_wconf 90' lang='lat' dir='ltr'><strong>tabula</strong></span> 
     </span>
    </p>
   </div>
   <div class='ocr_carea' id='block_1_83' title="bbox 139 5218 1783 5290">
    <p class='ocr_par' dir='ltr' id='par_1_83' title="bbox 139 5218 1783 5290">
     <span class='ocr_line' id='line_1_83' title="bbox 139 5218 1783 5290; baseline -0.003 -11"><span class='ocrx_word' id='word_1_640' title='bbox 139 5229 284 5284; x_wconf 83' lang='lat' dir='ltr'><strong>est,</strong></span> <span class='ocrx_word' id='word_1_641' title='bbox 315 5229 373 5274; x_wconf 88' lang='lat' dir='ltr'><strong>et</strong></span> <span class='ocrx_word' id='word_1_642' title='bbox 401 5219 707 5277; x_wconf 88' lang='lat' dir='ltr'><strong>consolatio</strong></span> <span class='ocrx_word' id='word_1_643' title='bbox 729 5219 1091 5285; x_wconf 87' lang='lat' dir='ltr'><strong>miseriarum,</strong></span> <span class='ocrx_word' id='word_1_644' title='bbox 1126 5218 1462 5290; x_wconf 87' lang='lat' dir='ltr'><strong>impietatem</strong></span> <span class='ocrx_word' id='word_1_645' title='bbox 1488 5233 1641 5274; x_wconf 90' lang='lat' dir='ltr'><strong>suam</strong></span> <span class='ocrx_word' id='word_1_646' title='bbox 1661 5219 1783 5274; x_wconf 87' lang='lat' dir='ltr'><strong>abs-</strong></span> 
     </span>
    </p>
   </div>
   <div class='ocr_carea' id='block_1_84' title="bbox 141 5399 1781 5471">
    <p class='ocr_par' dir='ltr' id='par_1_84' title="bbox 141 5399 1781 5471">
     <span class='ocr_line' id='line_1_84' title="bbox 141 5399 1781 5471; baseline -0.004 -10"><span class='ocrx_word' id='word_1_647' title='bbox 141 5399 406 5466; x_wconf 88' lang='lat' dir='ltr'><strong>Chald.,</strong></span> <span class='ocrx_word' id='word_1_648' title='bbox 440 5399 564 5470; x_wconf 84' lang='lat' dir='ltr'><strong>Syr.</strong></span> <span class='ocrx_word' id='word_1_649' title='bbox 589 5409 646 5455; x_wconf 89' lang='lat' dir='ltr'><strong>et</strong></span> <span class='ocrx_word' id='word_1_650' title='bbox 664 5400 832 5455; x_wconf 84' lang='lat' dir='ltr'><strong>Arab.</strong></span> <span class='ocrx_word' id='word_1_651' title='bbox 877 5400 1101 5456; x_wconf 82' lang='lat' dir='ltr'><strong>Videtur</strong></span> <span class='ocrx_word' id='word_1_652' title='bbox 1128 5414 1261 5471; x_wconf 85' lang='lat' dir='ltr'><strong>ergo</strong></span> <span class='ocrx_word' id='word_1_653' title='bbox 1294 5399 1781 5471; x_wconf 75' lang='lat' dir='ltr'><strong>hicballucinatus</strong></span> 
     </span>
    </p>
   </div>
   <div class='ocr_carea' id='block_1_85' title="bbox 139 5469 1784 5541">
    <p class='ocr_par' dir='ltr' id='par_1_85' title="bbox 139 5469 1784 5541">
     <span class='ocr_line' id='line_1_85' title="bbox 139 5469 1784 5541; baseline -0.004 -11"><span class='ocrx_word' id='word_1_654' title='bbox 139 5469 583 5541; x_wconf 80' lang='lat' dir='ltr'><strong>Hieronymus,</strong></span> <span class='ocrx_word' id='word_1_655' title='bbox 634 5471 739 5525; x_wconf 89' lang='lat' dir='ltr'><strong>nisi</strong></span> <span class='ocrx_word' id='word_1_656' title='bbox 780 5473 974 5526; x_wconf 90' lang='lat' dir='ltr'><strong>mutilo</strong></span> <span class='ocrx_word' id='word_1_657' title='bbox 1013 5469 1317 5541; x_wconf 74' lang='lat' dir='ltr'><strong>exemplari</strong></span> <span class='ocrx_word' id='word_1_658' title='bbox 1365 5469 1598 5524; x_wconf 70' lang='lat' dir='ltr'><strong>Hebraeo</strong></span> <span class='ocrx_word' id='word_1_659' title='bbox 1654 5483 1784 5524; x_wconf 88' lang='lat' dir='ltr'><strong>usus</strong></span> 
     </span>
    </p>
   </div>
   <div class='ocr_carea' id='block_1_86' title="bbox 139 5541 687 5606">
    <p class='ocr_par' dir='ltr' id='par_1_86' title="bbox 139 5541 687 5606">
     <span class='ocr_line' id='line_1_86' title="bbox 139 5541 687 5606; baseline -0.011 -4"><span class='ocrx_word' id='word_1_660' title='bbox 139 5543 370 5606; x_wconf 72' lang='lat' dir='ltr'><strong>fuerit.</strong></span> <span class='ocrx_word' id='word_1_661' title='bbox 415 5541 687 5597; x_wconf 72' lang='lat' dir='ltr'><strong>Murrum.</strong></span> 
     </span>
    </p>
   </div>
   <div class='ocr_carea' id='block_1_87' title="bbox 250 5609 1714 5684">
    <p class='ocr_par' dir='ltr' id='par_1_87' title="bbox 250 5609 1714 5684">
     <span class='ocr_line' id='line_1_87' title="bbox 250 5609 1714 5684; baseline -0.004 -16"><span class='ocrx_word' id='word_1_662' title='bbox 250 5624 284 5652; x_wconf 70' lang='grc' dir='ltr'><strong><em>ο</em></strong></span> <span class='ocrx_word' id='word_1_663' title='bbox 325 5613 502 5668; x_wconf 87' lang='lat' dir='ltr'><strong>Palat.</strong></span> <span class='ocrx_word' id='word_1_664' title='bbox 537 5614 834 5684; x_wconf 83' lang='lat' dir='ltr'><strong>agnitioque</strong></span> <span class='ocrx_word' id='word_1_665' title='bbox 862 5611 1033 5667; x_wconf 86' lang='lat' dir='ltr'><strong>vultus</strong></span> <span class='ocrx_word' id='word_1_666' title='bbox 1055 5629 1239 5667; x_wconf 84' lang='lat' dir='ltr'><strong>eorum</strong></span> <span class='ocrx_word' id='word_1_667' title='bbox 1260 5609 1588 5684; x_wconf 79' lang='lat' dir='ltr'><strong>respondebit</strong></span> <span class='ocrx_word' id='word_1_668' title='bbox 1619 5610 1714 5684; x_wconf 77' lang='lat' dir='ltr'><strong>eis.</strong></span> 
     </span>
    </p>
   </div>
   <div class='ocr_carea' id='block_1_88' title="bbox 243 5678 1790 5755">
    <p class='ocr_par' dir='ltr' id='par_1_88' title="bbox 243 5678 1790 5755">
     <span class='ocr_line' id='line_1_88' title="bbox 243 5678 1790 5755; baseline -0.004 -15"><span class='ocrx_word' id='word_1_669' title='bbox 243 5686 283 5725; x_wconf 66' lang='grc' dir='ltr'><strong>ι’</strong></span> <span class='ocrx_word' id='word_1_670' title='bbox 327 5678 592 5755; x_wconf 49' lang='lat' dir='ltr'><strong>Confusis;</strong></span> <span class='ocrx_word' id='word_1_671' title='bbox 633 5678 804 5738; x_wconf 76' lang='lat' dir='ltr'><strong>vultus</strong></span> <span class='ocrx_word' id='word_1_672' title='bbox 838 5700 1053 5755; x_wconf 40' lang='lat' dir='ltr'><strong>eorum)</strong></span> <span class='ocrx_word' id='word_1_673' title='bbox 1085 5695 1209 5755; x_wconf 87' lang='lat' dir='ltr'><strong>etc.</strong></span> <span class='ocrx_word' id='word_1_674' title='bbox 1245 5678 1464 5737; x_wconf 79' lang='lat' dir='ltr'><strong>Addunt</strong></span> <span class='ocrx_word' id='word_1_675' title='bbox 1503 5679 1635 5737; x_wconf 85' lang='lat' dir='ltr'><strong>editi</strong></span> <span class='ocrx_word' id='word_1_676' title='bbox 1666 5678 1790 5734; x_wconf 85' lang='lat' dir='ltr'><strong>libri</strong></span> 
     </span>
    </p>
   </div>
   <div class='ocr_carea' id='block_1_89' title="bbox 149 5753 1787 5820">
    <p class='ocr_par' dir='ltr' id='par_1_89' title="bbox 149 5753 1787 5820">
     <span class='ocr_line' id='line_1_89' title="bbox 149 5753 1787 5820; baseline -0.007 -6"><span class='ocrx_word' id='word_1_677' title='bbox 149 5763 291 5818; x_wconf 82' lang='lat' dir='ltr'><strong>hoc</strong></span> <span class='ocrx_word' id='word_1_678' title='bbox 322 5753 455 5813; x_wconf 81' lang='lat' dir='ltr'><strong>loco</strong></span> <span class='ocrx_word' id='word_1_679' title='bbox 483 5756 655 5810; x_wconf 77' lang='lat' dir='ltr'><strong>verba</strong></span> <span class='ocrx_word' id='word_1_680' title='bbox 683 5756 867 5808; x_wconf 59' lang='grc' dir='ltr'><strong>(ἐπι-οη</strong></span> <span class='ocrx_word' id='word_1_681' title='bbox 905 5753 1047 5809; x_wconf 66' lang='lat' dir='ltr'><strong>LXX</strong></span> <span class='ocrx_word' id='word_1_682' title='bbox 1071 5754 1437 5819; x_wconf 87' lang='lat' dir='ltr'><strong>Interprctum</strong></span> <span class='ocrx_word' id='word_1_683' title='bbox 1468 5793 1482 5814; x_wconf 95' lang='lat'><strong>,</strong></span> <span class='ocrx_word' id='word_1_684' title='bbox 1523 5767 1642 5820; x_wconf 78' lang='lat' dir='ltr'><strong>qua:</strong></span> <span class='ocrx_word' id='word_1_685' title='bbox 1683 5764 1787 5803; x_wconf 89' lang='lat' dir='ltr'><strong>non</strong></span> 
     </span>
    </p>
   </div>
   <div class='ocr_carea' id='block_1_90' title="bbox 147 5819 1799 5901">
    <p class='ocr_par' dir='ltr' id='par_1_90' title="bbox 147 5819 1799 5901">
     <span class='ocr_line' id='line_1_90' title="bbox 147 5819 1799 5901; baseline -0.007 -15"><span class='ocrx_word' id='word_1_686' title='bbox 147 5833 447 5901; x_wconf 75' lang='lat' dir='ltr'><strong>leguntur</strong></span> <span class='ocrx_word' id='word_1_687' title='bbox 493 5827 547 5880; x_wconf 89' lang='lat' dir='ltr'><strong>in</strong></span> <span class='ocrx_word' id='word_1_688' title='bbox 583 5839 717 5880; x_wconf 82' lang='lat' dir='ltr'><strong>mss.</strong></span> <span class='ocrx_word' id='word_1_689' title='bbox 768 5825 1045 5880; x_wconf 87' lang='lat' dir='ltr'><strong>codicibus</strong></span> <span class='ocrx_word' id='word_1_690' title='bbox 1092 5821 1432 5891; x_wconf 84' lang='lat' dir='ltr'><strong>Hieronymi.</strong></span> <span class='ocrx_word' id='word_1_691' title='bbox 1479 5819 1799 5890; x_wconf 71' lang='lat' dir='ltr'><strong>Huiusmodi</strong></span> 
     </span>
    </p>
   </div>
   <div class='ocr_carea' id='block_1_91' title="bbox 1863 3368 3464 3440">
    <p class='ocr_par' dir='ltr' id='par_1_91' title="bbox 1863 3368 3464 3440">
     <span class='ocr_line' id='line_1_91' title="bbox 1863 3368 3464 3440; baseline 0.001 -18"><span class='ocrx_word' id='word_1_692' title='bbox 1863 3369 2036 3438; x_wconf 91' lang='lat' dir='ltr'><strong>turpis</strong></span> <span class='ocrx_word' id='word_1_693' title='bbox 2065 3368 2198 3422; x_wconf 91' lang='lat' dir='ltr'><strong>lucri</strong></span> <span class='ocrx_word' id='word_1_694' title='bbox 2239 3370 2433 3437; x_wconf 86' lang='lat' dir='ltr'><strong>gratia,</strong></span> <span class='ocrx_word' id='word_1_695' title='bbox 2467 3378 2525 3422; x_wconf 92' lang='lat' dir='ltr'><strong>ut</strong></span> <span class='ocrx_word' id='word_1_696' title='bbox 2551 3368 2862 3437; x_wconf 85' lang='lat' dir='ltr'><strong>acciperent</strong></span> <span class='ocrx_word' id='word_1_697' title='bbox 2902 3369 3140 3423; x_wconf 88' lang='lat' dir='ltr'><strong>decimas</strong></span> <span class='ocrx_word' id='word_1_698' title='bbox 3169 3378 3228 3424; x_wconf 89' lang='lat' dir='ltr'><strong>et</strong></span> <span class='ocrx_word' id='word_1_699' title='bbox 3272 3371 3464 3440; x_wconf 86' lang='lat' dir='ltr'><strong>primi-</strong></span> 
     </span>
    </p>
   </div>
   <div class='ocr_carea' id='block_1_92' title="bbox 1863 3459 3466 3531">
    <p class='ocr_par' dir='ltr' id='par_1_92' title="bbox 1863 3459 3466 3531">
     <span class='ocr_line' id='line_1_92' title="bbox 1863 3459 3466 3531; baseline -0.001 -14"><span class='ocrx_word' id='word_1_700' title='bbox 1863 3464 1988 3526; x_wconf 90' lang='lat' dir='ltr'><strong>tias,</strong></span> <span class='ocrx_word' id='word_1_701' title='bbox 2039 3459 2135 3515; x_wconf 90' lang='lat' dir='ltr'><strong>Dei</strong></span> <span class='ocrx_word' id='word_1_702' title='bbox 2166 3460 2361 3516; x_wconf 86' lang='lat' dir='ltr'><strong>Filinm</strong></span> <span class='ocrx_word' id='word_1_703' title='bbox 2390 3470 2744 3531; x_wconf 89' lang='lat' dir='ltr'><strong>negaverunt.</strong></span> <span class='ocrx_word' id='word_1_704' title='bbox 2779 3461 2844 3514; x_wconf 85' lang='lat' dir='ltr'><strong>Et</strong></span> <span class='ocrx_word' id='word_1_705' title='bbox 2875 3477 2981 3516; x_wconf 90' lang='lat' dir='ltr'><strong>non</strong></span> <span class='ocrx_word' id='word_1_706' title='bbox 3019 3476 3114 3516; x_wconf 91' lang='lat' dir='ltr'><strong>eos</strong></span> <span class='ocrx_word' id='word_1_707' title='bbox 3147 3472 3306 3517; x_wconf 80' lang='lat' dir='ltr'><strong>vocat</strong></span> <span class='ocrx_word' id='word_1_708' title='bbox 3343 3475 3466 3516; x_wconf 89' lang='lat' dir='ltr'><strong>ma-</strong></span> 
     </span>
    </p>
   </div>
   <div class='ocr_carea' id='block_1_93' title="bbox 1861 3551 3457 3625">
    <p class='ocr_par' dir='ltr' id='par_1_93' title="bbox 1861 3551 3457 3625">
     <span class='ocr_line' id='line_1_93' title="bbox 1861 3551 3457 3625; baseline 0.001 -18"><span class='ocrx_word' id='word_1_709' title='bbox 1861 3555 2084 3624; x_wconf 87' lang='lat' dir='ltr'><strong>gistros,</strong></span> <span class='ocrx_word' id='word_1_710' title='bbox 2119 3554 2326 3608; x_wconf 91' lang='lat' dir='ltr'><strong>scribas</strong></span> <span class='ocrx_word' id='word_1_711' title='bbox 2353 3562 2515 3623; x_wconf 90' lang='lat' dir='ltr'><strong>atque</strong></span> <span class='ocrx_word' id='word_1_712' title='bbox 2559 3553 2830 3618; x_wconf 88' lang='lat' dir='ltr'><strong>doctores,</strong></span> <span class='ocrx_word' id='word_1_713' title='bbox 2867 3551 2960 3608; x_wconf 89' lang='lat' dir='ltr'><strong>sed</strong></span> <span class='ocrx_word' id='word_1_714' title='bbox 2993 3565 3277 3609; x_wconf 83' lang='lat' dir='ltr'><strong>exactores</strong></span> <span class='ocrx_word' id='word_1_715' title='bbox 3301 3551 3457 3625; x_wconf 91' lang='lat' dir='ltr'><strong>(Luc.</strong></span> 
     </span>
    </p>
   </div>
   <div class='ocr_carea' id='block_1_94' title="bbox 1862 3643 3469 3716">
    <p class='ocr_par' dir='ltr' id='par_1_94' title="bbox 1862 3643 3469 3716">
     <span class='ocr_line' id='line_1_94' title="bbox 1862 3643 3469 3716; baseline 0 -15"><span class='ocrx_word' id='word_1_716' title='bbox 1862 3648 2001 3712; x_wconf 85' lang='lat' dir='ltr'><strong>xx),</strong></span> <span class='ocrx_word' id='word_1_717' title='bbox 2046 3645 2135 3716; x_wconf 92' lang='lat' dir='ltr'><strong>qui</strong></span> <span class='ocrx_word' id='word_1_718' title='bbox 2169 3655 2434 3716; x_wconf 73' lang='lat' dir='ltr'><strong>qumstum</strong></span> <span class='ocrx_word' id='word_1_719' title='bbox 2467 3654 2660 3715; x_wconf 92' lang='lat' dir='ltr'><strong>putant</strong></span> <span class='ocrx_word' id='word_1_720' title='bbox 2689 3660 2812 3700; x_wconf 89' lang='lat' dir='ltr'><strong>esse</strong></span> <span class='ocrx_word' id='word_1_721' title='bbox 2855 3643 3112 3715; x_wconf 88' lang='lat' dir='ltr'><strong>pietatem</strong></span> <span class='ocrx_word' id='word_1_722' title='bbox 3157 3663 3170 3698; x_wconf 86' lang='lat'><strong>:</strong></span> <span class='ocrx_word' id='word_1_723' title='bbox 3203 3655 3258 3701; x_wconf 91' lang='lat' dir='ltr'><strong>et</strong></span> <span class='ocrx_word' id='word_1_724' title='bbox 3299 3645 3469 3701; x_wconf 79' lang='lat' dir='ltr'><strong>devo-</strong></span> 
     </span>
    </p>
   </div>
   <div class='ocr_carea' id='block_1_95' title="bbox 1863 3737 3465 3808">
    <p class='ocr_par' dir='ltr' id='par_1_95' title="bbox 1863 3737 3465 3808">
     <span class='ocr_line' id='line_1_95' title="bbox 1863 3737 3465 3808; baseline 0.001 -15"><span class='ocrx_word' id='word_1_725' title='bbox 1863 3748 2002 3806; x_wconf 89' lang='lat' dir='ltr'><strong>rant,</strong></span> <span class='ocrx_word' id='word_1_726' title='bbox 2027 3754 2132 3792; x_wconf 91' lang='lat' dir='ltr'><strong>uou</strong></span> <span class='ocrx_word' id='word_1_727' title='bbox 2160 3739 2311 3807; x_wconf 77' lang='lat' dir='ltr'><strong>quIa</strong></span> <span class='ocrx_word' id='word_1_728' title='bbox 2343 3737 2684 3808; x_wconf 86' lang='lat' dir='ltr'><strong>Apostolum,</strong></span> <span class='ocrx_word' id='word_1_729' title='bbox 2709 3737 2902 3792; x_wconf 90' lang='lat' dir='ltr'><strong>domos</strong></span> <span class='ocrx_word' id='word_1_730' title='bbox 2925 3746 3129 3792; x_wconf 91' lang='lat' dir='ltr'><strong>tantum</strong></span> <span class='ocrx_word' id='word_1_731' title='bbox 3155 3738 3465 3807; x_wconf 83' lang='lat' dir='ltr'><strong>viduarum,</strong></span> 
     </span>
    </p>
   </div>
   <div class='ocr_carea' id='block_1_96' title="bbox 1864 3829 3471 3901">
    <p class='ocr_par' dir='ltr' id='par_1_96' title="bbox 1864 3829 3471 3901">
     <span class='ocr_line' id='line_1_96' title="bbox 1864 3829 3471 3901; baseline 0.001 -16"><span class='ocrx_word' id='word_1_732' title='bbox 1864 3830 1960 3885; x_wconf 91' lang='lat' dir='ltr'><strong>sed</strong></span> <span class='ocrx_word' id='word_1_733' title='bbox 1991 3831 2306 3884; x_wconf 82' lang='lat' dir='ltr'><strong>universum</strong></span> <span class='ocrx_word' id='word_1_734' title='bbox 2342 3829 2637 3900; x_wconf 89' lang='lat' dir='ltr'><strong>populum;</strong></span> <span class='ocrx_word' id='word_1_735' title='bbox 2670 3843 3042 3901; x_wconf 89' lang='lat' dir='ltr'><strong>accusausque</strong></span> <span class='ocrx_word' id='word_1_736' title='bbox 3081 3830 3348 3885; x_wconf 88' lang='lat' dir='ltr'><strong>luxuriam</strong></span> <span class='ocrx_word' id='word_1_737' title='bbox 3374 3845 3471 3886; x_wconf 90' lang='lat' dir='ltr'><strong>co-</strong></span> 
     </span>
    </p>
   </div>
   <div class='ocr_carea' id='block_1_97' title="bbox 1864 3922 3472 3993">
    <p class='ocr_par' dir='ltr' id='par_1_97' title="bbox 1864 3922 3472 3993">
     <span class='ocr_line' id='line_1_97' title="bbox 1864 3922 3472 3993; baseline 0 -16"><span class='ocrx_word' id='word_1_738' title='bbox 1864 3939 2007 3987; x_wconf 88' lang='lat' dir='ltr'><strong>rum,</strong></span> <span class='ocrx_word' id='word_1_739' title='bbox 2038 3933 2096 3979; x_wconf 91' lang='lat' dir='ltr'><strong>et</strong></span> <span class='ocrx_word' id='word_1_740' title='bbox 2128 3933 2339 3993; x_wconf 90' lang='lat' dir='ltr'><strong>turpem</strong></span> <span class='ocrx_word' id='word_1_741' title='bbox 2371 3922 2870 3990; x_wconf 84' lang='lat' dir='ltr'><strong>conversationem,</strong></span> <span class='ocrx_word' id='word_1_742' title='bbox 2905 3937 3012 3978; x_wconf 91' lang='lat' dir='ltr'><strong>non</strong></span> <span class='ocrx_word' id='word_1_743' title='bbox 3047 3923 3226 3978; x_wconf 91' lang='lat' dir='ltr'><strong>solum</strong></span> <span class='ocrx_word' id='word_1_744' title='bbox 3249 3931 3472 3979; x_wconf 88' lang='lat' dir='ltr'><strong>exacto-</strong></span> 
     </span>
    </p>
   </div>
   <div class='ocr_carea' id='block_1_98' title="bbox 1865 4014 3474 4086">
    <p class='ocr_par' dir='ltr' id='par_1_98' title="bbox 1865 4014 3474 4086">
     <span class='ocr_line' id='line_1_98' title="bbox 1865 4014 3474 4086; baseline -0.001 -16"><span class='ocrx_word' id='word_1_745' title='bbox 1865 4030 1956 4070; x_wconf 84' lang='lat' dir='ltr'><strong>res</strong></span> <span class='ocrx_word' id='word_1_746' title='bbox 1983 4016 2240 4086; x_wconf 87' lang='lat' dir='ltr'><strong>appellat,</strong></span> <span class='ocrx_word' id='word_1_747' title='bbox 2281 4026 2336 4070; x_wconf 93' lang='lat' dir='ltr'><strong>ut</strong></span> <span class='ocrx_word' id='word_1_748' title='bbox 2368 4017 2433 4071; x_wconf 91' lang='lat' dir='ltr'><strong>ab</strong></span> <span class='ocrx_word' id='word_1_749' title='bbox 2469 4015 2654 4070; x_wconf 89' lang='lat' dir='ltr'><strong>invitis</strong></span> <span class='ocrx_word' id='word_1_750' title='bbox 2702 4016 2988 4083; x_wconf 85' lang='lat' dir='ltr'><strong>pecuniam</strong></span> <span class='ocrx_word' id='word_1_751' title='bbox 3023 4015 3311 4070; x_wconf 87' lang='lat' dir='ltr'><strong>videantur</strong></span> <span class='ocrx_word' id='word_1_752' title='bbox 3358 4014 3474 4069; x_wconf 83' lang='lat' dir='ltr'><strong>cxi-</strong></span> 
     </span>
    </p>
   </div>
   <div class='ocr_carea' id='block_1_99' title="bbox 1867 4106 3475 4180">
    <p class='ocr_par' dir='ltr' id='par_1_99' title="bbox 1867 4106 3475 4180">
     <span class='ocr_line' id='line_1_99' title="bbox 1867 4106 3475 4180; baseline 0 -17"><span class='ocrx_word' id='word_1_753' title='bbox 1867 4123 2024 4179; x_wconf 87' lang='lat' dir='ltr'><strong>gcre;</strong></span> <span class='ocrx_word' id='word_1_754' title='bbox 2055 4109 2147 4165; x_wconf 88' lang='lat' dir='ltr'><strong>sed</strong></span> <span class='ocrx_word' id='word_1_755' title='bbox 2191 4109 2451 4164; x_wconf 89' lang='lat' dir='ltr'><strong>mulieres</strong></span> <span class='ocrx_word' id='word_1_756' title='bbox 2486 4127 2498 4162; x_wconf 89' lang='lat'><strong>:</strong></span> <span class='ocrx_word' id='word_1_757' title='bbox 2532 4108 2654 4180; x_wconf 87' lang='lat' dir='ltr'><strong>quia</strong></span> <span class='ocrx_word' id='word_1_758' title='bbox 2704 4114 2930 4177; x_wconf 88' lang='lat' dir='ltr'><strong>propter</strong></span> <span class='ocrx_word' id='word_1_759' title='bbox 2967 4106 3251 4162; x_wconf 90' lang='lat' dir='ltr'><strong>libidinem</strong></span> <span class='ocrx_word' id='word_1_760' title='bbox 3291 4107 3475 4163; x_wconf 83' lang='lat' dir='ltr'><strong>omnia</strong></span> 
     </span>
    </p>
   </div>
   <div class='ocr_carea' id='block_1_100' title="bbox 1869 4199 3475 4272">
    <p class='ocr_par' dir='ltr' id='par_1_100' title="bbox 1869 4199 3475 4272">
     <span class='ocr_line' id='line_1_100' title="bbox 1869 4199 3475 4272; baseline 0 -18"><span class='ocrx_word' id='word_1_761' title='bbox 1869 4199 2086 4264; x_wconf 83' lang='lat' dir='ltr'><strong>faciant,</strong></span> <span class='ocrx_word' id='word_1_762' title='bbox 2123 4209 2176 4255; x_wconf 91' lang='lat' dir='ltr'><strong>ct</strong></span> <span class='ocrx_word' id='word_1_763' title='bbox 2207 4201 2314 4256; x_wconf 88' lang='lat' dir='ltr'><strong>sint</strong></span> <span class='ocrx_word' id='word_1_764' title='bbox 2361 4201 2528 4255; x_wconf 92' lang='lat' dir='ltr'><strong>dediti</strong></span> <span class='ocrx_word' id='word_1_765' title='bbox 2577 4200 2969 4270; x_wconf 84' lang='lat' dir='ltr'><strong>voluptatibus.</strong></span> <span class='ocrx_word' id='word_1_766' title='bbox 3011 4199 3311 4257; x_wconf 88' lang='lat' dir='ltr'><strong>Caveamus</strong></span> <span class='ocrx_word' id='word_1_767' title='bbox 3341 4215 3475 4272; x_wconf 84' lang='lat' dir='ltr'><strong>ergo</strong></span> 
     </span>
    </p>
   </div>
   <div class='ocr_carea' id='block_1_101' title="bbox 1871 4293 3471 4365">
    <p class='ocr_par' dir='ltr' id='par_1_101' title="bbox 1871 4293 3471 4365">
     <span class='ocr_line' id='line_1_101' title="bbox 1871 4293 3471 4365; baseline 0.002 -17"><span class='ocrx_word' id='word_1_768' title='bbox 1871 4303 1926 4348; x_wconf 89' lang='lat' dir='ltr'><strong>et</strong></span> <span class='ocrx_word' id='word_1_769' title='bbox 1949 4309 2068 4359; x_wconf 92' lang='lat' dir='ltr'><strong>nos,</strong></span> <span class='ocrx_word' id='word_1_770' title='bbox 2098 4309 2167 4349; x_wconf 92' lang='lat' dir='ltr'><strong>ne</strong></span> <span class='ocrx_word' id='word_1_771' title='bbox 2204 4305 2493 4350; x_wconf 83' lang='lat' dir='ltr'><strong>exactores</strong></span> <span class='ocrx_word' id='word_1_772' title='bbox 2532 4293 2702 4349; x_wconf 84' lang='lat' dir='ltr'><strong>simus</strong></span> <span class='ocrx_word' id='word_1_773' title='bbox 2733 4293 2787 4348; x_wconf 91' lang='lat' dir='ltr'><strong>iu</strong></span> <span class='ocrx_word' id='word_1_774' title='bbox 2822 4294 3055 4364; x_wconf 87' lang='lat' dir='ltr'><strong>p0pulo;</strong></span> <span class='ocrx_word' id='word_1_775' title='bbox 3087 4309 3155 4350; x_wconf 90' lang='lat' dir='ltr'><strong>ne</strong></span> <span class='ocrx_word' id='word_1_776' title='bbox 3176 4294 3329 4365; x_wconf 81' lang='lat' dir='ltr'><strong>juxta</strong></span> <span class='ocrx_word' id='word_1_777' title='bbox 3369 4295 3471 4350; x_wconf 85' lang='lat' dir='ltr'><strong>im-</strong></span> 
     </span>
    </p>
   </div>
   <div class='ocr_carea' id='block_1_102' title="bbox 1872 4385 3478 4456">
    <p class='ocr_par' dir='ltr' id='par_1_102' title="bbox 1872 4385 3478 4456">
     <span class='ocr_line' id='line_1_102' title="bbox 1872 4385 3478 4456; baseline 0.002 -18"><span class='ocrx_word' id='word_1_778' title='bbox 1872 4387 2017 4456; x_wconf 87' lang='lat' dir='ltr'><strong>pium</strong></span> <span class='ocrx_word' id='word_1_779' title='bbox 2064 4385 2422 4456; x_wconf 81' lang='lat' dir='ltr'><strong>Porphyrium</strong></span> <span class='ocrx_word' id='word_1_780' title='bbox 2462 4399 2728 4441; x_wconf 72' lang='lat' dir='ltr'><strong>matrona:</strong></span> <span class='ocrx_word' id='word_1_781' title='bbox 2776 4396 2830 4440; x_wconf 92' lang='lat' dir='ltr'><strong>et</strong></span> <span class='ocrx_word' id='word_1_782' title='bbox 2860 4386 3120 4443; x_wconf 89' lang='lat' dir='ltr'><strong>mulieres</strong></span> <span class='ocrx_word' id='word_1_783' title='bbox 3149 4388 3262 4442; x_wconf 92' lang='lat' dir='ltr'><strong>sint</strong></span> <span class='ocrx_word' id='word_1_784' title='bbox 3290 4397 3478 4442; x_wconf 86' lang='lat' dir='ltr'><strong>noster</strong></span> 
     </span>
    </p>
   </div>
   <div class='ocr_carea' id='block_1_103' title="bbox 1873 4477 3480 4546">
    <p class='ocr_par' dir='ltr' id='par_1_103' title="bbox 1873 4477 3480 4546">
     <span class='ocr_line' id='line_1_103' title="bbox 1873 4477 3480 4546; baseline -0.001 -13"><span class='ocrx_word' id='word_1_785' title='bbox 1873 4486 2122 4541; x_wconf 88' lang='lat' dir='ltr'><strong>senatus,</strong></span> <span class='ocrx_word' id='word_1_786' title='bbox 2153 4492 2274 4545; x_wconf 72' lang='lat' dir='ltr'><strong>quae</strong></span> <span class='ocrx_word' id='word_1_787' title='bbox 2303 4477 2651 4531; x_wconf 89' lang='lat' dir='ltr'><strong>dominantur</strong></span> <span class='ocrx_word' id='word_1_788' title='bbox 2683 4477 2736 4530; x_wconf 91' lang='lat' dir='ltr'><strong>in</strong></span> <span class='ocrx_word' id='word_1_789' title='bbox 2780 4477 3064 4546; x_wconf 83' lang='lat' dir='ltr'><strong>Ecclesiis,</strong></span> <span class='ocrx_word' id='word_1_790' title='bbox 3107 4487 3162 4533; x_wconf 89' lang='lat' dir='ltr'><strong>et</strong></span> <span class='ocrx_word' id='word_1_791' title='bbox 3196 4479 3264 4534; x_wconf 89' lang='lat' dir='ltr'><strong>de</strong></span> <span class='ocrx_word' id='word_1_792' title='bbox 3293 4493 3480 4535; x_wconf 86' lang='lat' dir='ltr'><strong>sacer-</strong></span> 
     </span>
    </p>
   </div>
   <div class='ocr_carea' id='block_1_104' title="bbox 1877 4565 3031 4637">
    <p class='ocr_par' dir='ltr' id='par_1_104' title="bbox 1877 4565 3031 4637">
     <span class='ocr_line' id='line_1_104' title="bbox 1877 4565 3031 4637; baseline -0.001 -14"><span class='ocrx_word' id='word_1_793' title='bbox 1877 4567 2044 4623; x_wconf 88' lang='lat' dir='ltr'><strong>dotali</strong></span> <span class='ocrx_word' id='word_1_794' title='bbox 2069 4565 2241 4637; x_wconf 87' lang='lat' dir='ltr'><strong>gradu</strong></span> <span class='ocrx_word' id='word_1_795' title='bbox 2275 4567 2424 4620; x_wconf 87' lang='lat' dir='ltr'><strong>favor</strong></span> <span class='ocrx_word' id='word_1_796' title='bbox 2448 4565 2656 4634; x_wconf 88' lang='lat' dir='ltr'><strong>judicat</strong></span> <span class='ocrx_word' id='word_1_797' title='bbox 2683 4565 3031 4622; x_wconf 89' lang='lat' dir='ltr'><strong>feminarum.</strong></span> 
     </span>
    </p>
   </div>
   <div class='ocr_carea' id='block_1_105' title="bbox 1953 4657 3484 4732">
    <p class='ocr_par' dir='ltr' id='par_1_105' title="bbox 1953 4657 3484 4732">
     <span class='ocr_line' id='line_1_105' title="bbox 1953 4657 3484 4732; baseline 0 -17"><span class='ocrx_word' id='word_1_798' title='bbox 1953 4660 2135 4732; x_wconf 82' lang='lat' dir='ltr'><strong>(Vers.</strong></span> <span class='ocrx_word' id='word_1_799' title='bbox 2181 4657 2295 4730; x_wconf 76' lang='grc'><strong>15.)</strong></span> <span class='ocrx_word' id='word_1_800' title='bbox 2330 4657 2538 4728; x_wconf 87' lang='lat' dir='ltr'><strong>Popule</strong></span> <span class='ocrx_word' id='word_1_801' title='bbox 2571 4674 2738 4725; x_wconf 86' lang='lat' dir='ltr'><strong>meus,</strong></span> <span class='ocrx_word' id='word_1_802' title='bbox 2795 4659 2882 4728; x_wconf 87' lang='lat' dir='ltr'><strong>qui</strong></span> <span class='ocrx_word' id='word_1_803' title='bbox 2937 4661 3142 4714; x_wconf 86' lang='lat' dir='ltr'><strong>beatum</strong></span> <span class='ocrx_word' id='word_1_804' title='bbox 3180 4669 3229 4714; x_wconf 88' lang='lat' dir='ltr'><strong>te</strong></span> <span class='ocrx_word' id='word_1_805' title='bbox 3282 4662 3484 4728; x_wconf 88' lang='lat' dir='ltr'><strong>dicunt,</strong></span> 
     </span>
    </p>
   </div>
   <div class='ocr_carea' id='block_1_106' title="bbox 1879 4753 3484 4829">
    <p class='ocr_par' dir='ltr' id='par_1_106' title="bbox 1879 4753 3484 4829">
     <span class='ocr_line' id='line_1_106' title="bbox 1879 4753 3484 4829; baseline 0.001 -19"><span class='ocrx_word' id='word_1_806' title='bbox 1879 4757 1978 4829; x_wconf 86' lang='lat' dir='ltr'><strong>ipsi</strong></span> <span class='ocrx_word' id='word_1_807' title='bbox 2010 4765 2056 4810; x_wconf 90' lang='lat' dir='ltr'><strong>te</strong></span> <span class='ocrx_word' id='word_1_808' title='bbox 2086 4754 2376 4825; x_wconf 89' lang='lat' dir='ltr'><strong>decipiunt,</strong></span> <span class='ocrx_word' id='word_1_809' title='bbox 2409 4763 2456 4808; x_wconf 90' lang='lat' dir='ltr'><strong>et</strong></span> <span class='ocrx_word' id='word_1_810' title='bbox 2486 4753 2621 4808; x_wconf 84' lang='lat' dir='ltr'><strong>viam</strong></span> <span class='ocrx_word' id='word_1_811' title='bbox 2647 4768 2919 4826; x_wconf 87' lang='lat' dir='ltr'><strong>gressuum</strong></span> <span class='ocrx_word' id='word_1_812' title='bbox 2959 4763 3162 4807; x_wconf 84' lang='lat' dir='ltr'><strong>tuorum</strong></span> <span class='ocrx_word' id='word_1_813' title='bbox 3201 4754 3484 4825; x_wconf 84' lang='lat' dir='ltr'><strong>dissipant,</strong></span> 
     </span>
    </p>
   </div>
   <div class='ocr_carea' id='block_1_107' title="bbox 1881 4845 3485 4907">
    <p class='ocr_par' dir='ltr' id='par_1_107' title="bbox 1881 4845 3485 4907">
     <span class='ocr_line' id='line_1_107' title="bbox 1881 4845 3485 4907; baseline 0 0"><span class='ocrx_word' id='word_1_814' title='bbox 1881 4851 1998 4907; x_wconf 87' lang='lat' dir='ltr'><strong>sive</strong></span> <span class='ocrx_word' id='word_1_815' title='bbox 2046 4849 2377 4905; x_wconf 85' lang='lat' dir='ltr'><strong>conturbant.</strong></span> <span class='ocrx_word' id='word_1_816' title='bbox 2432 4847 2656 4906; x_wconf 88' lang='lat' dir='ltr'><strong>Scribas</strong></span> <span class='ocrx_word' id='word_1_817' title='bbox 2712 4855 2769 4903; x_wconf 89' lang='lat' dir='ltr'><strong>et</strong></span> <span class='ocrx_word' id='word_1_818' title='bbox 2840 4845 3146 4902; x_wconf 69' lang='lat' dir='ltr'><strong>Pharisaros</strong></span> <span class='ocrx_word' id='word_1_819' title='bbox 3202 4857 3485 4907; x_wconf 84' lang='lat' dir='ltr'><strong>exactores</strong></span> 
     </span>
    </p>
   </div>
   <div class='ocr_carea' id='block_1_108' title="bbox 1882 4937 3483 5012">
    <p class='ocr_par' dir='ltr' id='par_1_108' title="bbox 1882 4937 3483 5012">
     <span class='ocr_line' id='line_1_108' title="bbox 1882 4937 3483 5012; baseline 0.001 -17"><span class='ocrx_word' id='word_1_820' title='bbox 1882 4941 2283 5012; x_wconf 88' lang='lat' dir='ltr'><strong>appellaverat,</strong></span> <span class='ocrx_word' id='word_1_821' title='bbox 2335 4955 2446 4996; x_wconf 89' lang='lat' dir='ltr'><strong>non</strong></span> <span class='ocrx_word' id='word_1_822' title='bbox 2501 4938 2822 5009; x_wconf 85' lang='lat' dir='ltr'><strong>magistros;</strong></span> <span class='ocrx_word' id='word_1_823' title='bbox 2863 4947 2918 4994; x_wconf 86' lang='lat' dir='ltr'><strong>et</strong></span> <span class='ocrx_word' id='word_1_824' title='bbox 2958 4951 3118 5008; x_wconf 91' lang='lat' dir='ltr'><strong>supra</strong></span> <span class='ocrx_word' id='word_1_825' title='bbox 3194 4937 3483 5010; x_wconf 88' lang='lat' dir='ltr'><strong>illusores,</strong></span> 
     </span>
    </p>
   </div>
   <div class='ocr_carea' id='block_1_109' title="bbox 1881 5033 3486 5106">
    <p class='ocr_par' dir='ltr' id='par_1_109' title="bbox 1881 5033 3486 5106">
     <span class='ocr_line' id='line_1_109' title="bbox 1881 5033 3486 5106; baseline 0.001 -16"><span class='ocrx_word' id='word_1_826' title='bbox 1881 5035 1976 5106; x_wconf 89' lang='lat' dir='ltr'><strong>qui</strong></span> <span class='ocrx_word' id='word_1_827' title='bbox 2021 5045 2246 5106; x_wconf 89' lang='lat' dir='ltr'><strong>pr0pter</strong></span> <span class='ocrx_word' id='word_1_828' title='bbox 2295 5049 2544 5098; x_wconf 88' lang='lat' dir='ltr'><strong>munera,</strong></span> <span class='ocrx_word' id='word_1_829' title='bbox 2595 5047 2716 5102; x_wconf 60' lang='lat' dir='ltr'><strong>quae</strong></span> <span class='ocrx_word' id='word_1_830' title='bbox 2765 5041 3046 5088; x_wconf 69' lang='lat' dir='ltr'><strong>excmcant</strong></span> <span class='ocrx_word' id='word_1_831' title='bbox 3089 5033 3283 5090; x_wconf 90' lang='lat' dir='ltr'><strong>oculos</strong></span> <span class='ocrx_word' id='word_1_832' title='bbox 3317 5035 3486 5091; x_wconf 88' lang='lat' dir='ltr'><strong>etiam</strong></span> 
     </span>
    </p>
   </div>
   <div class='ocr_carea' id='block_1_110' title="bbox 1889 5125 3488 5198">
    <p class='ocr_par' dir='ltr' id='par_1_110' title="bbox 1889 5125 3488 5198">
     <span class='ocr_line' id='line_1_110' title="bbox 1889 5125 3488 5198; baseline 0.002 -17"><span class='ocrx_word' id='word_1_833' title='bbox 1889 5128 2240 5196; x_wconf 85' lang='lat' dir='ltr'><strong>sapientium,</strong></span> <span class='ocrx_word' id='word_1_834' title='bbox 2288 5141 2395 5181; x_wconf 91' lang='lat' dir='ltr'><strong>non</strong></span> <span class='ocrx_word' id='word_1_835' title='bbox 2427 5125 2605 5180; x_wconf 89' lang='lat' dir='ltr'><strong>solum</strong></span> <span class='ocrx_word' id='word_1_836' title='bbox 2664 5137 2980 5194; x_wconf 76' lang='lat' dir='ltr'><strong>peccatores</strong></span> <span class='ocrx_word' id='word_1_837' title='bbox 3030 5126 3084 5181; x_wconf 92' lang='lat' dir='ltr'><strong>in</strong></span> <span class='ocrx_word' id='word_1_838' title='bbox 3117 5125 3318 5198; x_wconf 87' lang='lat' dir='ltr'><strong>populo</strong></span> <span class='ocrx_word' id='word_1_839' title='bbox 3379 5141 3488 5184; x_wconf 89' lang='lat' dir='ltr'><strong>non</strong></span> 
     </span>
    </p>
   </div>
   <div class='ocr_carea' id='block_1_111' title="bbox 1889 5215 3492 5290">
    <p class='ocr_par' dir='ltr' id='par_1_111' title="bbox 1889 5215 3492 5290">
     <span class='ocr_line' id='line_1_111' title="bbox 1889 5215 3492 5290; baseline -0.002 -15"><span class='ocrx_word' id='word_1_840' title='bbox 1889 5217 2303 5290; x_wconf 85' lang='lat' dir='ltr'><strong>corripiebant,</strong></span> <span class='ocrx_word' id='word_1_841' title='bbox 2375 5216 2470 5272; x_wconf 91' lang='lat' dir='ltr'><strong>sed</strong></span> <span class='ocrx_word' id='word_1_842' title='bbox 2527 5229 2625 5286; x_wconf 92' lang='lat' dir='ltr'><strong>pro</strong></span> <span class='ocrx_word' id='word_1_843' title='bbox 2681 5215 2886 5272; x_wconf 87' lang='lat' dir='ltr'><strong>divitiis</strong></span> <span class='ocrx_word' id='word_1_844' title='bbox 2917 5225 3092 5286; x_wconf 79' lang='lat' dir='ltr'><strong>atque</strong></span> <span class='ocrx_word' id='word_1_845' title='bbox 3154 5216 3492 5284; x_wconf 86' lang='lat' dir='ltr'><strong>compendiis</strong></span> 
     </span>
    </p>
   </div>
   <div class='ocr_carea' id='block_1_112' title="bbox 1889 5397 3492 5468">
    <p class='ocr_par' dir='ltr' id='par_1_112' title="bbox 1889 5397 3492 5468">
     <span class='ocr_line' id='line_1_112' title="bbox 1889 5397 3492 5468; baseline 0.006 -13"><span class='ocrx_word' id='word_1_846' title='bbox 1889 5397 2221 5468; x_wconf 87' lang='lat' dir='ltr'><strong>interpolata</strong></span> <span class='ocrx_word' id='word_1_847' title='bbox 2258 5399 2381 5454; x_wconf 91' lang='lat' dir='ltr'><strong>loca</strong></span> <span class='ocrx_word' id='word_1_848' title='bbox 2412 5401 2528 5457; x_wconf 80' lang='lat' dir='ltr'><strong>fere</strong></span> <span class='ocrx_word' id='word_1_849' title='bbox 2554 5403 2842 5458; x_wconf 87' lang='lat' dir='ltr'><strong>innumera</strong></span> <span class='ocrx_word' id='word_1_850' title='bbox 2877 5415 3131 5461; x_wconf 89' lang='lat' dir='ltr'><strong>resecare</strong></span> <span class='ocrx_word' id='word_1_851' title='bbox 3163 5404 3492 5464; x_wconf 87' lang='lat' dir='ltr'><strong>studuimus.</strong></span> 
     </span>
    </p>
   </div>
   <div class='ocr_carea' id='block_1_113' title="bbox 3116 5476 3382 5530">
    <p class='ocr_par' dir='ltr' id='par_1_113' title="bbox 3116 5476 3382 5530">
     <span class='ocr_line' id='line_1_113' title="bbox 3116 5476 3382 5530; baseline -0.004 -1"><span class='ocrx_word' id='word_1_852' title='bbox 3116 5476 3382 5530; x_wconf 71' lang='lat' dir='ltr'><strong>Mttn&#39;rttttt.</strong></span> 
     </span>
    </p>
   </div>
   <div class='ocr_carea' id='block_1_114' title="bbox 1970 5538 3498 5612">
    <p class='ocr_par' dir='ltr' id='par_1_114' title="bbox 1970 5538 3498 5612">
     <span class='ocr_line' id='line_1_114' title="bbox 1970 5538 3498 5612; baseline 0.009 -21"><span class='ocrx_word' id='word_1_853' title='bbox 1970 5551 1992 5579; x_wconf 74' lang='grc' dir='ltr'><strong>ο</strong></span> <span class='ocrx_word' id='word_1_854' title='bbox 2025 5539 2162 5607; x_wconf 83' lang='lat' dir='ltr'><strong>Quia</strong></span> <span class='ocrx_word' id='word_1_855' title='bbox 2185 5538 2524 5612; x_wconf 72' lang='lat' dir='ltr'><strong>Sodomitica</strong></span> <span class='ocrx_word' id='word_1_856' title='bbox 2548 5583 2562 5605; x_wconf 94' lang='lat'><strong>,</strong></span> <span class='ocrx_word' id='word_1_857' title='bbox 2595 5550 2704 5595; x_wconf 90' lang='lat' dir='ltr'><strong>etc.</strong></span> <span class='ocrx_word' id='word_1_858' title='bbox 2735 5540 2834 5596; x_wconf 78' lang='lat' dir='ltr'><strong>ilic</strong></span> <span class='ocrx_word' id='word_1_859' title='bbox 2864 5556 3082 5612; x_wconf 90' lang='lat' dir='ltr'><strong>quoque</strong></span> <span class='ocrx_word' id='word_1_860' title='bbox 3114 5546 3321 5600; x_wconf 87' lang='lat' dir='ltr'><strong>addunt</strong></span> <span class='ocrx_word' id='word_1_861' title='bbox 3362 5546 3498 5605; x_wconf 88' lang='lat' dir='ltr'><strong>editi</strong></span> 
     </span>
    </p>
   </div>
   <div class='ocr_carea' id='block_1_115' title="bbox 1896 5611 3495 5684">
    <p class='ocr_par' dir='ltr' id='par_1_115' title="bbox 1896 5611 3495 5684">
     <span class='ocr_line' id='line_1_115' title="bbox 1896 5611 3495 5684; baseline -0.001 -19"><span class='ocrx_word' id='word_1_862' title='bbox 1896 5621 2023 5667; x_wconf 88' lang='lat' dir='ltr'><strong>ante</strong></span> <span class='ocrx_word' id='word_1_863' title='bbox 2050 5626 2159 5684; x_wconf 67' lang='lat' dir='ltr'><strong>nos</strong></span> <span class='ocrx_word' id='word_1_864' title='bbox 2183 5611 2304 5684; x_wconf 79' lang='lat' dir='ltr'><strong>libri</strong></span> <span class='ocrx_word' id='word_1_865' title='bbox 2348 5613 2581 5684; x_wconf 5' lang='lat' dir='ltr'><strong>verbum,</strong></span> <span class='ocrx_word' id='word_1_866' title='bbox 2610 5612 2943 5683; x_wconf 54' lang='lat' dir='ltr'><strong>paenitentia;</strong></span> <span class='ocrx_word' id='word_1_867' title='bbox 2979 5611 3122 5681; x_wconf 85' lang='lat' dir='ltr'><strong>quod</strong></span> <span class='ocrx_word' id='word_1_868' title='bbox 3155 5615 3495 5684; x_wconf 78' lang='lat' dir='ltr'><strong>superﬂuum</strong></span> 
     </span>
    </p>
   </div>
   <div class='ocr_carea' id='block_1_116' title="bbox 1898 5680 3503 5762">
    <p class='ocr_par' dir='ltr' id='par_1_116' title="bbox 1898 5680 3503 5762">
     <span class='ocr_line' id='line_1_116' title="bbox 1898 5680 3503 5762; baseline 0.004 -25"><span class='ocrx_word' id='word_1_869' title='bbox 1898 5691 1985 5762; x_wconf 77' lang='lat' dir='ltr'><strong>est</strong></span> <span class='ocrx_word' id='word_1_870' title='bbox 2029 5698 2092 5737; x_wconf 80' lang='lat' dir='ltr'><strong>ex</strong></span> <span class='ocrx_word' id='word_1_871' title='bbox 2131 5680 2237 5737; x_wconf 77' lang='lat' dir='ltr'><strong>fide</strong></span> <span class='ocrx_word' id='word_1_872' title='bbox 2283 5680 2681 5762; x_wconf 72' lang='lat' dir='ltr'><strong>exemplarium</strong></span> <span class='ocrx_word' id='word_1_873' title='bbox 2729 5698 2866 5762; x_wconf 80' lang='lat' dir='ltr'><strong>ms_s_.</strong></span> <span class='ocrx_word' id='word_1_874' title='bbox 2901 5680 3074 5762; x_wconf 71' lang='lat' dir='ltr'><strong>atque</strong></span> <span class='ocrx_word' id='word_1_875' title='bbox 3113 5703 3200 5762; x_wconf 80' lang='lat' dir='ltr'><strong>ex_</strong></span> <span class='ocrx_word' id='word_1_876' title='bbox 3229 5680 3503 5762; x_wconf 47' lang='lat' dir='ltr'><strong>&#39;Ilierony-</strong></span> 
     </span>
    </p>
   </div>
   <div class='ocr_carea' id='block_1_117' title="bbox 1903 5751 3503 5827">
    <p class='ocr_par' dir='ltr' id='par_1_117' title="bbox 1903 5751 3503 5827">
     <span class='ocr_line' id='line_1_117' title="bbox 1903 5751 3503 5827; baseline 0.006 -20"><span class='ocrx_word' id='word_1_877' title='bbox 1903 5753 2085 5808; x_wconf 88' lang='lat' dir='ltr'><strong>miana</strong></span> <span class='ocrx_word' id='word_1_878' title='bbox 2109 5754 2410 5807; x_wconf 85' lang='lat' dir='ltr'><strong>sententia.</strong></span> <span class='ocrx_word' id='word_1_879' title='bbox 2443 5753 2789 5809; x_wconf 61' lang='lat' dir='ltr'><strong>Maurum—</strong></span> <span class='ocrx_word' id='word_1_880' title='bbox 2814 5751 3013 5825; x_wconf 58' lang='lat' dir='ltr'><strong>Vatici,</strong></span> <span class='ocrx_word' id='word_1_881' title='bbox 3043 5759 3132 5827; x_wconf 85' lang='lat' dir='ltr'><strong>qui</strong></span> <span class='ocrx_word' id='word_1_882' title='bbox 3158 5751 3503 5816; x_wconf 60' lang='lat' dir='ltr'><strong>Sodomitica.</strong></span> 
     </span>
    </p>
   </div>
  </div>
