4008 6306
583 363 652 418 67

575 480 871 536 efferebant
927 474 1178 531 laudibus
1224 490 1236 527 :

573 587 671 626 nas
711 571 902 624 domus
943 567 1072 633 Dei,
1132 576 1188 621 et
1229 574 1430 620 caetera
1483 579 1605 634 qua:
1647 563 1827 617 solent
1874 562 2186 618 adulatores

571 666 770 720 dicere.
846 663 943 718 ille
988 669 1074 716 est
1131 674 1264 730 ergo
1314 658 1508 712 doctor
1583 656 2033 721 Ecclesiasticus,
2094 658 2184 725 qui

570 757 859 826 lacrymas,
885 768 996 809 non
1015 755 1208 815 risum,
1238 761 1438 816 movet,
1467 749 1559 819 qui
1589 747 1817 817 corripit
1845 756 2179 817 peccatores,

569 851 660 921 qui
686 849 897 905 nullum
944 847 1184 912 beatum,
1235 846 1446 899 nullum
1477 844 1612 898 dicit
1642 859 1765 898 esse
1791 843 2006 898 l'eiicem
2037 860 2050 896 :
2087 857 2186 898 nec

568 941 837 1012 praevenit
861 939 1187 996 sententiam
1214 938 1415 1008 jndicis
1469 937 1584 1000 sui,
1647 937 1863 990 dicente
1905 935 2185 1005 Scriptura

575 1042 761 1089 sancta
796 1029 982 1103 (Eccl.
1012 1029 1262 1099 “,50):
1311 1029 1396 1083 Ne
1439 1028 1644 1083 beatum
1685 1028 1832 1082 dicas
1879 1042 2187 1094 quamquam

572 1121 831 1177 hominem
869 1130 988 1175 ante
1016 1130 1251 1174 mortem.
1301 1119 1408 1176 Sed
1447 1129 1503 1174 et
1540 1120 1596 1173 in
1637 1118 1747 1173 alio
1791 1119 1913 1173 loco
1955 1117 2186 1187 legimus

571 1213 758 1284 (Prov.
798 1228 980 1278 χχιιι,
1043 1211 1165 1281 14);
1224 1213 1336 1284 58
1390 1211 1491 1278 Qui
1540 1210 1790 1266 benedicit
1826 1211 1993 1263 amico
2036 1226 2185 1266 utens

570 1305 758 1376 grandi
785 1321 925 1369 voce,
947 1321 978 1358 a
1001 1301 1341 1358 maledicente
1359 1300 1492 1355 nihil
1519 1301 1720 1368 diﬂ'ert.
1757 1301 1909 1357 Unde
1930 1316 2186 1370 spernen-

576 1407 658 1452 tes
689 1397 967 1451 hominum
1015 1395 1238 1465 judicia,
1275 1409 1375 1450 nec
1415 1394 1665 1449 laudibus
1711 1410 1904 1450 eorum
1951 1393 2179 1448 extolla-

575 1507 726 1556 mur,
770 1506 869 1545 nec
898 1489 1382 1544 obtrectationibus
1409 1489 1798 1544 contristcmur
1827 1505 1841 1543 :
1873 1486 1967 1541 sed
1997 1487 2182 1558 ingre-

572 1583 787 1638 diamur
828 1592 1032 1639 rectam
1082 1583 1246 1648 viam,
1305 1593 1362 1638 et
1403 1583 1560 1636 tritas
1586 1597 1616 1636 a
1648 1582 1850 1636 sanctis
1901 1582 2184 1651 prOphetis

571 1678 795 1732 semitas
825 1696 838 1732 :
877 1678 1274 1747 audiemusque
1312 1677 1606 1734 Jeremiam
1640 1676 1960 1746 pr0phctam
1992 1675 2181 1730 dicen.

570 1778 676 1823 tem
707 1788 718 1822 :
763 1770 913 1823 State
950 1771 1003 1823 in
1033 1769 1150 1833 uiis,
1196 1777 1242 1821 et
1287 1770 1449 1822 videte
1473 1784 1492 1821 :
1528 1778 1575 1822 et
1615 1768 1933 1838 interrogate
1971 1767 2181 1822 semitas

1833 355 1894 410 S.
1935 347 2211 411 EUSEBll
2251 351 2632 412 ﬂlERONYMi

1292 473 1486 529 beatos
1557 478 1830 536 vocantes,
1879 479 1933 526 et
1975 471 2188 525 colum.
2219 476 2271 536 Α
2301 469 2861 527 υωηίηιιεευοηιὶιιιιε
2880 471 2949 524 ad
2955 471 3418 543 judiciumveuiet.
3447 472 3619 544 igitur
3635 486 3762 546 post
3786 494 3915 550 pro-

3845 351 3915 422 es

2297 564 2512 634 phetam
2543 565 2663 634 ipse
2685 562 2976 630 Dominus,
3009 563 3103 633 qui
3135 563 3204 618 ad
3229 563 3497 634 judicium
3523 576 3755 623 venerat
3785 584 3908 627 cum

2293 658 2517 712 senibus
2561 655 2745 728 populi
2788 656 2872 712 sui
2912 667 2965 712 et
2998 655 3339 727 principibus
3367 658 3517 728 ejus,
3563 660 3810 732 loquitur
3839 665 3906 720 ad

2292 763 2408 815 eos,
2439 759 2494 804 et
2513 750 2742 820 corripit
2765 749 3174 819 delinquentes:
3202 750 3377 818 Quare
3397 751 3673 823 depascitis
3701 755 3904 812 vineam

2293 842 2502 898 meum?
2539 841 2607 898 de
2654 857 2763 913 qua
2811 842 3076 912 scriptum
3108 853 3193 898 est
3231 861 3246 897 :
3287 842 3507 898 Vineam
3548 845 3616 900 de
3662 845 3905 920 Egi/pta

2292 935 2603 989 transtulisti
2648 932 2770 1004 (Ps.
2803 949 2999 1001 ιηιι,
3051 933 3128 1005 9).
3173 933 3243 989 Et
3273 934 3326 989 in
3379 936 3485 992 hoc
3531 938 3724 994 eodem
3778 956 3903 1010 pro-

2291 1025 2455 1096 pheta
2480 1044 2494 1081 :
2537 1025 2703 1080 Vinea
2722 1025 2935 1080 Domini
2963 1025 3202 1093 sabaoth,
3227 1027 3410 1082 domus
3437 1038 3512 1082 est
3539 1026 3709 1084 Israel
3739 1029 3896 1103 (Isai.

2291 1132 2347 1183 ν,
2382 1119 2461 1189 7).
2496 1117 2646 1174 Halm
2675 1117 2894 1173 vineam
2921 1126 2978 1173 et
3013 1118 3071 1173 in
3117 1118 3419 1190 Evangelio
3466 1120 3670 1176 locavit
3710 1123 3898 1179 Domi-

2290 1223 2394 1264 nus
2442 1210 2696 1280 agricolis
2739 1211 3026 1279 pessimis,
3071 1212 3164 1282 qui
3193 1212 3423 1267 missum
3453 1212 3524 1267 ad
3552 1229 3614 1270 se
3643 1216 3898 1285 patrisfa-

2288 1304 2468 1360 milias
2497 1304 2666 1358 lilium
2697 1304 3096 1361 interfecerunt
3129 1304 3357 1378 (Matth.
3392 1307 3622 1378 xavm).
3657 1309 3890 1380 Rapina,

2287 1398 2383 1462 ait,
2421 1398 2672 1468 pauperis
2700 1397 2757 1452 in
2789 1397 3045 1454 domibus
3075 1401 3297 1456 vestris.
3323 1399 3626 1471 l’auperem
3654 1405 3739 1459 vel
3763 1405 3895 1460 sim-

2290 1490 2500 1559 pliciter
2543 1491 2763 1560 accipe,
2808 1492 2899 1561 qui
2932 1491 3138 1562 indiget
3174 1492 3524 1565 eleentosyna
3559 1513 3573 1550 :
3626 1495 3713 1550 vel
3741 1506 3894 1555 certe

2287 1597 2583 1652 pauperem
2615 1581 2841 1652 spiritu,
2877 1583 2945 1638 de
2975 1597 3084 1653 quo
3113 1584 3377 1656 scriptum
3408 1595 3494 1642 est
3524 1602 3538 1640 ι
3570 1585 3766 1642 Beatus
3805 1589 3890 1659 qui

2286 1673 2528 1745 intelligit
2571 1692 2726 1746 super
2754 1692 2968 1748 egenum
3008 1686 3054 1731 et
3098 1693 3379 1749 pauperem
3406 1679 3532 1751 (l‘s.
3564 1697 3630 1736 xv.
3654 1721 3668 1747 ,
3704 1682 3794 1754 i).
3825 1683 3889 1738 Et

2287 1763 2488 1820 Paulus
2513 1768 2842 1836 Apostolus:
2876 1767 3130 1836 Tantum,
3156 1771 3352 1840 inquit,
3387 1780 3442 1826 ut
3473 1790 3768 1844 pauperum
3787 1792 3888 1828 me-

567 1860 781 1914 Domini
808 1861 1177 1928 sempiternus,
1217 1875 1334 1928 quae
1375 1860 1440 1912 sit
1475 1860 1558 1912 uia
1589 1859 1760 1912 bona:
1781 1867 1824 1912 et
1850 1857 2111 1912 ambulate
2128 1863 2182 1913 in
2212 1869 2258 1928 Β
2284 1873 2453 1912 mores
2473 1875 2696 1913 essemus
2715 1857 2870 1930 (Gal.
2897 1876 2957 1925 ιι,
2984 1861 3100 1932 10).
3129 1861 3396 1933 Quodque
3413 1863 3689 1934 sequitur:
3716 1866 3888 1930 Quare

567 1968 630 2007 ea
661 1949 798 2022 (Jer.
849 1967 931 2016 vr,
976 1949 1088 2021 16).
1127 1949 1282 2016 Quod
1323 1950 1370 2004 si
1411 1949 1629 2020 quando
1672 1950 2071 2016 erraverimus,
2127 1959 2184 2004 et
2283 1953 2500 2006 atteritis
2531 1953 2782 2023 populum
2817 1970 3008 2022 meum,
3056 1964 3104 2009 et
3133 1957 3292 2026 facies
3322 1973 3610 2028 pauperum
3639 1961 3886 2014 continet.

565 2047 720 2116 quasi
756 2046 1004 2100 homines
1046 2059 1305 2116 perverso
1351 2046 1546 2100 itinere
1594 2045 2020 2114 perrexerimus,
2074 2045 2180 2100 Do-

565 2141 697 2194 mini
737 2155 834 2209 por
879 2139 1126 2194 Ezechiel
1173 2147 1556 2209 exspectemus
1597 2137 1860 2207 promissa
1893 2137 2173 2194 dicentis:

563 2231 714 2286 Dabo
748 2234 820 2287 eis
862 2234 999 2287 uiam
1027 2231 1267 2297 alteram,
1311 2241 1358 2285 et
1388 2247 1477 2285 cor
1505 2231 1653 2285 aliud
1684 2229 1916 2302 (Eseclt.
1949 2230 2174 2300 xxxvv).

560 2323 854 2380 Exactores
918 2339 1102 2379 autem
1163 2334 1550 2394 pervenerunt
1590 2333 1751 2393 atque
1813 2323 2174 2377 turbaverunt

558 2417 701 2471 viam
733 2418 946 2472 Domini
973 2437 986 2471 :
1022 2425 1081 2474 ut
1110 2417 1374 2472 habentes
1403 2417 1616 2471 clavem
1643 2415 1911 2480 scientizr,
1943 2428 2044 2469 nec
2066 2412 2171 2484 ipsi

559 2510 847 2577 intrarent,
883 2528 982 2565 nec
1006 2511 1264 2580 populum
1297 2510 1505 2564 intrare
1534 2505 2000 2578 paterentur;sed
2025 2505 2171 2561 iace-

555 2615 678 2659 rent
693 2620 787 2659 eos
808 2604 1036 2671 perdere
1061 2604 1202 2656 viam
1224 2603 1490 2670 veritatis,
1510 2618 1631 2673 quae
1652 2601 1892 2669 loquitur
1912 2601 1967 2655 in
1988 2600 2170 2656 Evan-

553 2697 698 2767 gelio
729 2713 743 2749 :
779 2695 891 2766 Ego
913 2713 1026 2749 sum
1053 2696 1160 2759 uia,
1186 2704 1230 2748 et
1263 2697 1390 2760 vita,
1420 2704 1467 2748 et
1498 2695 1685 2748 ueritas
1710 2691 1891 2764 (loaa.
1931 2709 2048 2760 xw,
2081 2693 2162 2764 6).

630 2790 811 2861 (Vers.
849 2790 935 2855 15,
970 2788 1086 2860 li.)
1121 2791 1236 2844 Stat
1273 2794 1341 2842 ad
1370 2788 1726 2858 judieandum
1776 2786 2027 2841 Dominus
2058 2803 2077 2840 :
2117 2795 2166 2840 et

554 2894 657 2938 stat
681 2884 751 2938 ad
783 2883 1097 2946 iudicandos
1132 2883 1372 2954 populos.
1410 2880 1661 2936 Dominus
1689 2880 1758 2934 ad
1780 2880 2041 2950 judicium
2079 2895 2163 2933 ue-

554 2978 658 3030 niet
687 2992 804 3029 cum
829 2975 1038 3028 senibus
1068 2975 1248 3046 pepuli
1277 2975 1388 3038 sui,
1422 2983 1466 3026 et
1506 2988 1621 3026 cum
1664 2972 1984 3042 principibus
2022 2973 2156 3043 ejus.

556 3067 827 3139 P0pulus,
877 3068 968 3138 qui
999 3077 1221 3138 prepter
1269 3065 1676 3135 simplicitatem
1723 3063 2160 3134 imperitismque

553 3159 812 3230 deceptus
841 3170 955 3226 est,
998 3160 1177 3214 adhuc
1207 3158 1697 3228 vocatorpopulus
1728 3158 1826 3213 Dei
1852 3177 1862 3211 :
1896 3167 1951 3213 et
1997 3173 2157 3227 prep—

2283 2043 2407 2109 litis,
2442 2043 2561 2098 sive
2591 2045 2931 2114 confunditis,
2967 2046 3259 2102 manifeste
3287 2047 3352 2102 ad
3381 2049 3656 2118 principes
3685 2049 3884 2105 dicitur

2278 2136 2612 2194 Judtcorum.
2647 2139 2758 2195 Sed
2801 2150 2854 2195 et
2894 2138 2962 2198 ad
2995 2148 3212 2196 nostros
3245 2139 3516 2212 principes
3559 2140 3757 2197 referri
3793 2159 3884 2213 po-

2280 2236 2403 2296 test,
2436 2230 2482 2284 si
2511 2239 2748 2286 atterant
2775 2230 3076 2301 subjectum
3114 2232 3218 2286 sibi
3258 2232 3495 2302 plebem,
3528 2242 3581 2288 et
3610 2248 3881 2305 pauperes

2276 2319 2658 2392 delinquentes
2689 2323 2906 2393 publice
2936 2333 3173 2394 arguant
3204 2336 3367 2394 atque
3405 2325 3770 2395 confundant,
3801 2329 3879 2383 di-

2275 2412 2478 2468 vitibus
2509 2423 2690 2472 autetn
2739 2414 2926 2485 pejora
2975 2416 3326 2486 peccantibus
3359 2433 3426 2473 ne
3474 2434 3562 2472 mu
3599 2430 3620 2458 ο
3652 2421 3877 2490 quidem

2272 2502 2456 2560 facere
2485 2505 2739 2560 audeant.
2777 2507 2842 2560 Et
2871 2510 3062 2577 rapina
3095 2524 3392 2578 pauperum
3426 2511 3480 2564 in
3506 2511 3764 2568 domibus
3787 2529 3879 2569 ee-

2272 2609 2390 2649 rum
2415 2607 2521 2663 est,
2552 2599 2768 2667 quando
2791 2599 3004 2670 replent
3037 2599 3324 2658 thesauros
3347 2616 3500 2671 suos,
3531 2611 3588 2659 et
3613 2604 3876 2662 Ecclesia

2273 2690 2468 2758 opibus
2497 2689 2792 2746 abutuntur
2815 2693 2868 2747 in
2887 2693 3136 2760 delicias,
3161 2694 3512 2767 publicasque
3539 2698 3728 2768 stipes,
3753 2714 3874 2771 qua

2269 2779 2336 2834 ad
2389 2783 2842 2838 sustentationem
2891 2799 3186 2854 pauperum
3233 2785 3375 2842 datu:
3424 2798 3588 2854 sunt,
3630 2790 3720 2845 vel
3767 2791 3870 2847 sibi

2269 2883 2584 2941 reservant,
2619 2875 2704 2930 vel
2751 2877 3075 2947 propinquis
3123 2877 3492 2946 distribuunt,
3537 2894 3593 2938 et
3633 2883 3868 2942 alienam

2265 2969 2532 3037 inopiam,
2561 2983 2693 3025 suas
2719 2985 3052 3041 suorumque
3084 2971 3292 3029 iaciunt
3319 2989 3445 3029 esse
3474 2975 3715 3030 divitias.

2334 3058 2510 3129 (Vers.
2549 3061 2668 3130 15.)
2698 3059 2766 3114 Et
2792 3061 2926 3116 dixit
2957 3060 3212 3118 Dominus
3235 3082 3254 3120 :
3283 3080 3380 3134 pro
3407 3083 3466 3120 eo
3490 3066 3628 3136 quod
3658 3069 3868 3124 eleuata:

2260 3159 2379 3205 sunt
2401 3151 2528 3219 filiai
2559 3150 2710 3216 Sion,
2740 3163 2786 3206 et
2811 3155 3202 3210 ambulaverunt
3232 3165 3432 3212 extento
3460 3160 3617 3226 colle,
3648 3171 3700 3216 et
3729 3165 3867 3218 nuti-

552 3263 700 3312 terea
727 3257 1031 3326 jndicatur,
1073 3265 1129 3308 ut
1168 3254 1427 3309 salvetur.
1474 3252 1582 3307 Nec
1625 3251 1779 3306 sedet
1813 3252 2074 3306 Dominus
2098 3253 2152 3307 in
2180 3261 2224 3323 C
2261 3245 2353 3299 bus
2380 3246 2651 3300 oculorum
2681 3247 2843 3314 ibant,
2877 3257 2924 3302 et
2960 3249 3294 3319 plaudebant,
3346 3262 3392 3305 et
3423 3254 3785 3323 ambulabant,
3817 3267 3866 3314 et

543 3351 731 3407 habitu
752 3350 1066 3420 judicantis,
1095 3357 1151 3402 ut
1184 3351 1236 3401 in
1279 3348 1502 3402 Daniele
1529 3345 1794 3416 legimus:
1829 3344 2033 3400 Tltroni
2058 3363 2152 3417 po-

541 3445 628 3497 siti
650 3453 790 3507 sunt,
837 3454 882 3496 et
931 3442 1050 3496 libri
1089 3441 1256 3507 aperti
1280 3450 1396 3493 sunt
1426 3437 1591 3505 (Dan.
1628 3453 1724 3501 vn,
1763 3437 1820 3506 9)
1852 3455 1864 3492 :
1904 3437 1997 3490 sed
2045 3445 2153 3492 stat

544 3536 612 3590 ad
640 3534 1218 3604 jndicandummtstat
1247 3539 1305 3584 ιιι
1321 3530 1528 3598 judicet
1550 3528 1802 3598 populus,
1835 3528 2030 3583 volens
2051 3543 2148 3583 eos

542 3639 710 3691 stare,
745 3639 976 3695 quorum
1009 3623 1094 3675 via
1129 3620 1304 3674 iuerat
1331 3619 1613 3688 dissipata.
1643 3619 1843 3673 Contra
1875 3618 2146 3686 principes

543 3726 570 3756 α
601 3726 784 3771 autem
807 3723 861 3770 ct
887 3713 1234 3786 presbyteros
1270 3711 1452 3781 populi
1484 3709 1566 3764 sui
1588 3711 1736 3764 venit
1765 3709 1830 3762 ad
1854 3708 2142 3779 judicium,

542 3826 650 3866 non
692 3819 751 3864 nt
778 3808 1018 3879 judicet,
1067 3806 1162 3862 sed
1214 3814 1274 3860 ut
1319 3807 1518 3874 pariter
1560 3803 1836 3874 judicelur
1871 3819 1884 3856 :
1918 3802 2051 3858 dans
2093 3801 2143 3858 ei

537 3905 716 3960 locum
751 3900 1111 3965 delensionis,
1147 3899 1190 3953 si
1219 3898 1492 3967 potuerint
1517 3895 1719 3950 habere
1745 3894 1889 3965 quod
1913 3909 2141 3964 respon-

538 3999 731 4064 deant,
774 3996 925 4066 jnxta
969 3992 1098 4048 illud
1147 3989 1290 4062 quod
1341 3990 1392 4044 in
1441 3986 1890 4059 quinquagesimo
1930 3986 2142 4056 psalmo

534 4093 734 4147 dicitur
769 4108 781 4143 :
832 4086 904 4144 Ut
931 4085 1236 4158 justiﬁeeris
1281 4085 1330 4136 in
1376 4082 1694 4136 sermonibus
1723 4082 1856 4143 tuis,
1890 4088 1933 4133 et
1969 4080 2140 4133 vineas

535 4201 653 4238 cum
685 4184 843 4252 fueris
864 4180 1130 4252 judicatus
1177 4176 1356 4247 (Vera.
1416 4174 1494 4245 b‘).
1549 4174 1603 4228 In
1650 4171 1873 4227 Michtea
1924 4187 2141 4243 quoque

536 4275 802 4346 prOpheta
835 4272 942 4327 tale
971 4271 1100 4340 quid
1146 4269 1374 4338 legimus
1418 4267 1570 4338 (Cap.
1606 4266 1710 4334 ιι),
1761 4264 1900 4334 quod
1949 4266 2002 4320 in
2037 4279 2137 4321 suo

529 4365 651 4422 loco
710 4361 1051 4432 interpretati
1099 4373 1306 4415 sumus.
1360 4358 1500 4428 Ergo
1529 4368 1719 4412 contra
1749 4355 2052 4412 Pbarismos
2083 4364 2138 4414 et

533 4459 890 4535 Δωτιρωτάς,
935 4468 1176 4526 praesens
1237 4453 1390 4507 locus
1459 4451 1742 4520 accipitur.
1786 4451 1931 4505 inter
1973 4465 2136 4506 senes

531 4565 712 4609 autem
743 4561 797 4604 et
836 4549 1109 4620 principes
1139 4545 1242 4602 hoc
1271 4544 1436 4600 fuisse
1469 4559 1598 4599 reor
1622 4544 1678 4598 in
1697 4542 1866 4598 veteri
1897 4542 2130 4612 populo,

2257 3341 2474 3412 pedibus
2517 3344 2628 3396 suis
2671 3346 2955 3414 composito
3001 3347 3170 3416 gradu
3211 3348 3530 3404 incedebant.
3584 3351 3765 3421 Supra
3811 3364 3860 3411 et

2258 3431 2520 3502 populum
2549 3442 2601 3488 et
2636 3433 2914 3505 principes
2953 3445 3061 3491 tam
3092 3439 3356 3508 propheta
3397 3457 3556 3511 quam
3594 3442 3859 3502 Dominus

2253 3526 2624 3593 corripuerat;
2662 3541 2806 3581 nunc
2827 3527 2895 3584 ad
2927 3529 3191 3586 mulieres
3218 3531 3290 3588 de
3309 3533 3504 3602 quibus
3530 3536 3686 3605 prius
3707 3538 3856 3595 dixe-

2254 3624 2366 3669 rat:
2393 3614 2460 3668 Et
2484 3616 2726 3672 mulieres
2745 3619 3022 3676 dominata
3035 3633 3156 3677 sunt
3174 3626 3269 3691 eis,
3299 3625 3652 3696 propheticus
3673 3643 3860 3688 sermo

2254 3709 2612 3776 convertitur,
2644 3726 2713 3766 ne
2743 3727 2802 3768 se
2829 3714 3039 3770 alienas
3067 3716 3405 3772 arbitrentur
3435 3736 3463 3773 a
3497 3721 3752 3790 crimine,
3788 3727 3860 3782 ob

2253 3815 2482 3871 quarum
2513 3801 2737 3859 delicias
2765 3814 2928 3876 atque
2975 3809 3244 3865 luxuriam
3275 3811 3489 3882 depasti
3530 3825 3657 3871 sunt
3687 3830 3854 3874 erat

2250 3903 2398 3951 tores
2427 3897 2640 3953 vineam
2687 3899 2904 3956 Domini
2944 3918 2958 3957 :
2993 3911 3048 3959 et
3078 3905 3266 3975 rapina
3300 3910 3550 3980 pauperis
3593 3911 3646 3966 in
3678 3911 3855 3970 demi-

2247 3986 2349 4042 bus
2379 4003 2571 4044 eorum
2603 4000 2717 4057 est,
2751 4001 2806 4048 ct
2835 3993 3164 4051 attriverant
3200 3999 3457 4069 populum
3489 4002 3606 4073 ejus
3632 4045 3646 4071 ,
3680 4015 3737 4061 et
3780 4007 3853 4062 l'a-

2244 4081 2357 4135 cies
2404 4097 2704 4150 pauperum
2750 4085 3138 4144 confuderunt.
3190 4090 3335 4158 Quas
3385 4094 3607 4165 quidam
3662 4107 3851 4168 putant

2245 4188 2374 4228 vere
2414 4175 2648 4230 feminas
2694 4175 3048 4246 Judaeorum,
3101 4181 3196 4237 alii
3224 4183 3337 4256 eo
3365 4189 3744 4258 metaphorice
3785 4193 3851 4250 de

2243 4268 2471 4324 urbibus
2501 4269 2706 4327 Ιιιάωω
2733 4272 2838 4328 dici
2869 4273 3223 4344 arbitrantur,
3255 4294 3376 4349 qua:
3406 4282 3760 4350 appellantur
3791 4289 3850 4343 ll-

2241 4359 2327 4414 liae
2355 4362 2485 4417 Sion
2511 4381 2523 4415 :
2555 4364 2801 4420 minores
2825 4365 3081 4424 videlicet
3101 4369 3375 4435 civitates,
3407 4375 3511 4430 vici
3537 4386 3593 4431 et
3621 4381 3842 4450 oppida.

2240 4451 2395 4508 Unde
2425 4461 2482 4509 et
2511 4454 2564 4508 in
2597 4455 2741 4510 libro
2767 4455 2898 4512 Jesu
2927 4474 3025 4528 per
3063 4461 3306 4532 singulas
3349 4465 3526 4522 tribus
3565 4481 3847 4538 ponuntur

2239 4549 2461 4602 nomina
2506 4547 2786 4604 civitatum
2826 4550 2962 4620 (los.
2996 4553 3112 4628 xv),
3143 4567 3198 4611 et
3229 4566 3414 4626 postea
3454 4559 3845 4622 describuntur

529 4644 672 4716 quod
707 4657 850 4698 nunc
878 4650 963 4696 est
1011 4641 1156 4696 inter
1201 4637 1548 4708 presbyteros
1577 4643 1633 4694 et
1662 4637 1973 4704 episcopos.
2157 4655 2212 4717 Β
2237 4639 2383 4695 villa:
2423 4651 2587 4711 atque
2616 4644 2859 4712 castella,
2909 4655 2966 4702 et
3013 4647 3140 4704 ﬁlia
3187 4663 3587 4722 nuneupantur.
3616 4655 3726 4714 Alii
3755 4675 3816 4716 se

616 4735 714 4791 Vos
748 4735 884 4791 enim
926 4732 1128 4802 depasti
1187 4731 1306 4783 estis
1355 4729 1556 4781 unicam
1603 4724 1630 4763 δ
1676 4740 1893 4780 eseam:
1941 4726 2130 4794 rapina
2233 4732 2470 4787 cundum
2504 4736 2898 4805 tropologiam,
2931 4739 3192 4796 mulieres
3219 4742 3428 4801 animas
3471 4746 3834 4818 arbitrantur,

528 4833 769 4903 pauperis
817 4830 870 4881 in
918 4827 1074 4880 domo
1125 4833 1312 4878 uestra.
1375 4822 1546 4884 Quare
1604 4819 1822 4873 atteritis
1879 4818 2129 4887 populant
2231 4838 2352 4893 qna:
2382 4823 2431 4878 si
2461 4834 2689 4880 extento
2719 4827 2864 4883 collo
2893 4831 3328 4902 ambulaverint,
3372 4845 3428 4891 et
3455 4852 3518 4894 se
3555 4849 3838 4901 erexertnt

529 4938 715 4984 meum,
750 4928 796 4974 et
819 4920 974 4989 facies
1003 4930 1288 4986 pauperum
1319 4911 1668 4977 commoliitis,
1697 4909 1814 4966 sive
1842 4912 2124 4978 conteritis,
2228 4913 2283 4968 in
2311 4915 2645 4984 superbiam,
2679 4928 2735 4974 et
2765 4933 2874 4975 non
2905 4921 3122 4978 virilem
3153 4925 3432 4995 duritiam,
3468 4930 3562 4984 sed
3594 4931 3837 4992 dissolu-

524 5022 582 5070 ct
631 5021 690 5066 ut
733 5011 874 5066 LXX
926 5007 1270 5077 interpretati
1330 5015 1490 5071 sunt,
1549 5003 1882 5073 confunditis.
1929 5003 2126 5060 Servat
2229 5007 2432 5063 tionem
2483 5019 2705 5065 sectatus
2757 5010 2964 5070 iuerint
3011 5013 3356 5084 feminarum,
3403 5022 3834 5092 corripiantura

523 5101 974 5162 consuetudinem
1009 5097 1418 5169 prophetalem,
1453 5105 1510 5151 ut
1541 5104 1709 5152 mutet
1740 5105 1964 5166 repente
1997 5113 2121 5166 per-
2225 5113 2485 5157 sermone
2530 5103 2873 5172 prophetico,
2915 5115 2970 5162 et
3001 5109 3181 5163 omnia
3219 5109 3454 5180 perdant
3499 5127 3832 5177 ornamenta

522 5210 689 5254 sonas
723 5212 736 5250 :
779 5207 940 5262 supra
972 5195 1116 5246 enim
1151 5191 1268 5259 ipse
1310 5189 1572 5244 Dominus
1602 5189 1814 5244 dixerat
1848 5205 1862 5242 :
1914 5189 2122 5262 Pepule
2222 5195 2507 5262 virtutum,
2530 5211 2653 5263 qum
2671 5197 2775 5252 sub
2800 5197 3000 5253 lanulis
3033 5203 3424 5274 torquibusque
3450 5214 3507 5262 et
3531 5213 3832 5270 "munibus

520 5309 685 5356 meus,
720 5290 808 5358 qui
830 5289 938 5360 59
963 5286 1165 5340 beatum
1192 5293 1239 5336 te
1273 5283 1471 5348 dicunt,
1501 5284 1603 5351 ipsi
1647 5292 1694 5335 te
1721 5284 1983 5355 decipiunt
2014 5303 2032 5340 :
2063 5295 2118 5342 et
2222 5296 2383 5356 atque
2408 5287 2658 5350 armillis,
2701 5289 2879 5343 mitris
2908 5299 2963 5345 et
3003 5292 3463 5354 discriminalibus
3495 5305 3831 5377 exterisque

517 5395 703 5457 postea
761 5381 1032 5452 Propheta
1089 5377 1401 5446 subiecerat
1441 5391 1455 5428 :
1499 5373 1615 5430 Stat
1663 5375 1730 5428 ad
1772 5376 2118 5447 judicaudunt
2222 5379 2556 5450 bujusmodi,
2587 5380 2990 5438 describuntur.
3039 5383 3389 5444 Abutendum
3414 5399 3498 5446 est
3530 5392 3636 5450 hoc
3674 5373 3831 5458 testi-

2211 5567 2432 5637 ιιιιιιιιιιι3
2463 5567 2569 5637 etc.
2597 5559 2705 5614 Nos
2733 5558 3176 5637 interiectionem
3203 5566 3721 5637 ntusubstituimus,
3756 5582 3824 5637 de

2211 5645 2314 5720 qga
2341 5622 2829 5720 videYarronem,
2852 5622 2943 5720 lib.
2993 5650 3068 5690 vr.
3117 5635 3262 5718 Alibi
3293 5622 3822 5720 sfuectSESﬁnT.

2213 5700 2282 5794 εἳ
2308 5721 2322 5756 :
2349 5700 2543 5794 Decem
2556 5706 2675 5794 jam
2702 5703 3063 5794 epistelasm”
3095 5707 3234 5775 misi,
3262 5723 3380 5768 cum
3403 5720 3462 5767 tu
3488 5728 3552 5768 ne
3584 5700 3825 5794 M31};

2212 5771 2328 5827 dem
2346 5773 2524 5850 facere
2550 5771 2804 5850 dignaris.
2841 5773 3082 5832 Lucilius
3111 5792 3124 5831 :

2339 5849 2442 5900 Nec
2470 5849 2668 5902 laudare
2691 5852 2959 5917 hominem,
2987 5867 3154 5918 neque
3179 5868 3262 5909 mu
3284 5856 3450 5912 facere
3475 5871 3710 5923 unquam.

591 5575 614 5603 α
642 5566 817 5622 Vatic.
851 5579 966 5616 cum
995 5559 1316 5633 principibus
1357 5568 1529 5612 autent
1570 5565 1618 5612 et
1663 5558 2008 5630 presbyteris,
2059 5565 2109 5610 et

522 5644 946 5762 ιηῖχῇυέἕιῗζιξε.
999 5717 1122 5758 cum
1175 5701 1391 5772 vulgato
1421 5699 1720 5770 interprete
1757 5714 1862 5754 non
1905 5697 2112 5755 addunt

522 5789 915 5904 Wcmiiactenus
939 5841 1069 5900 editi
1099 5857 1162 5899 ne
1183 5853 1368 5896 nutum
1397 5841 1622 5914 quidem,
1656 5841 1710 5898 in
1737 5840 1857 5899 aliis
1880 5856 2010 5899 mss.
2049 5856 2110 5898 ne
