4008 6306
570 313 641 372 'll

577 430 732 486 Filia:
765 437 893 496 ergo
924 421 1056 479 Sion
1096 424 1322 490 propter
1371 413 1685 488 superbiam
1737 427 1888 468 suam
1934 412 2186 483 perdide-
2211 413 2266 474 Α

579 533 703 579 runt
755 534 910 583 acus,
967 515 1165 585 quibus
1231 511 1472 566 omnium
1542 518 1938 579 praeceptorum
1995 509 2182 579 regula

578 610 964 682 stringebatur.
995 603 1368 661 Perdiderunt
1411 599 1656 670 specula,
1707 614 1826 670 quae
1869 598 2186 653 obtulerunt

579 707 631 762 iu
661 702 846 760 Exodo
879 709 1166 755 manentes
1199 697 1256 751 in
1301 693 1512 748 foribus
1545 691 1881 747 tabernaculi
1925 692 2186 746 mulieres

577 797 644 852 ad
694 795 923 850 luterem
968 787 1184 844 Domini
1238 783 1614 840 fabricandum
1651 781 1859 854 (Exod.
1899 774 2133 844 χχχι-ιιι)
2171 791 2184 826 :

575 888 646 944 de
671 885 870 958 quibus
896 893 951 938 et
976 879 1261 952 apustolus
1291 877 1495 931 Paulus
1535 874 1861 946 loquebatur
1889 891 1904 927 :
1938 870 2187 924 Videmus

578 990 753 1036 autem
775 993 908 1032 nunc
931 992 1020 1048 per
1044 971 1311 1045 speculum
1337 974 1393 1024 in
1418 971 1693 1041 (enigmata
1715 968 1758 1038 (l
1784 967 1903 1022 Cor.
1931 981 2047 1029 xm,
2072 963 2183 1034 Η).

582 1072 898 1130 Amiserunt
927 1069 1187 1124 sindones
1213 1074 1270 1122 et
1301 1064 1486 1131 vittas,
1519 1061 1713 1132 quibus
1745 1059 2064 1130 aperiebant
2092 1057 2190 1110 hu-

585 1177 798 1229 meros,
853 1169 908 1217 et
938 1161 1199 1216 ﬂuentem
1249 1157 1356 1212 huc
1397 1165 1560 1225 atque
1601 1153 1732 1208 illuc
1771 1153 2009 1206 animum
2053 1162 2187 1204 con-

582 1254 926 1326 stringebant
957 1269 970 1305 :
1003 1261 1059 1307 et
1085 1249 1363 1315 theristra,
1411 1261 1520 1317 quo
1552 1245 1826 1299 tutissimo
1871 1243 1923 1296 in
1969 1240 2191 1295 aestibus

586 1354 908 1420 tegebantur
932 1344 1271 1401 umbraculo.
1306 1342 1435 1397 Haec
1475 1340 1712 1396 dicimus
1741 1354 1808 1392 ne
1829 1337 1938 1409 63
1967 1338 2190 1390 omnino

587 1440 948 1510 trepologiam
989 1436 1153 1507 hujus
1192 1435 1298 1489 loci
1348 1433 1532 1504 lugere
1577 1431 1883 1485 videamur.
1917 1429 2189 1483 (Sa-terum

584 1535 790 1590 laboris
818 1543 903 1588 est
931 1529 1153 1586 maximi
1195 1530 1248 1583 in
1295 1527 1524 1598 singulis
1570 1525 1872 1589 immorari,
1922 1533 1980 1578 et
2026 1523 2189 1577 latam

588 1627 1023 1698 explanationem
1053 1635 1324 1693 quaerere.

661 1719 841 1791 (Vers.
872 1717 996 1790 24.)
1026 1718 1093 1772 Et
1124 1718 1219 1771 erit
1265 1732 1360 1788 pro
1400 1716 1546 1769 suavi
1589 1715 1774 1780 odore,
1807 1713 1955 1784 [tutor
1980 1729 1998 1765 :
2026 1721 2071 1765 et
2100 1725 2192 1780 pro

581 1831 734 1881 zona,
769 1810 1058 1884 funiculus.
1095 1811 1311 1867 Fatere
1339 1818 1563 1880 peccata
1598 1809 1874 1878 paenitens
1901 1804 2178 1874 loquitur:
2214 1803 2260 1861 Β

585 1909 907 1965 Putruerttnt
937 1917 984 1961 et
1013 1916 1268 1978 corrupta:
1297 1915 1419 1958 sunt
1449 1903 1712 1956 cicatrices
1741 1916 1865 1954 mea:
1896 1917 1929 1953 a
1957 1899 2091 1970 {acie
2116 1898 2197 1951 in-

586 1999 841 2068 sipientia:
868 2014 996 2052 mete
1026 1995 1145 2069 (Ps.
1182 2010 1392 2056 xxxvii,
1439 1993 1517 2064 6).
1551 1993 1693 2047 Zona
1719 1993 1927 2062 accingi
1957 1991 2192 2052 lumbos,

588 2094 885 2165 Apostolus
928 2091 1205 2161 praecepit,
1260 2089 1450 2144 dicens
1485 2104 1497 2140 :
1547 2087 1692 2143 State
1736 2085 1950 2139 accincti
1995 2082 2196 2136 lumbos

585 2199 778 2246 vestros
806 2189 860 2243 in
889 2187 1104 2242 veritate
1149 2182 1374 2257 (Ep/tes.
1409 2197 1498 2246 vt,
1543 2178 1655 2245 14).
1686 2179 1754 2234 Et
1794 2178 1861 2232 de
1906 2187 2196 2248 peccatore

585 2285 817 2356 legimus
858 2300 871 2336 :
925 2276 1164 2334 Funibus
1211 2289 1540 2349 peccatorum
1592 2290 1804 2330 suorum
1846 2273 2197 2342 unusquisque

585 2377 955 2448 constringitur
1005 2372 1190 2446 (Prov.
1244 2387 1301 2438 v,
1354 2369 1476 2440 22).
1523 2367 1695 2438 Igitur
1727 2382 1825 2438 pro
1858 2369 2002 2421 bono
2029 2365 2197 2420 odore

587 2472 848 2524 virtutum
869 2507 884 2532 ,
919 2466 1044 2520 illita
1075 2464 1208 2519 Sion
1241 2462 1526 2516 habebunt
1557 2459 1898 2529 putredinem
1934 2464 2198 2527 peccato-

590 2574 747 2615 rum:
782 2567 838 2613 et
885 2570 983 2626 pro
1034 2553 1253 2624 cingulo
1301 2551 1584 2616 veritatis,
1632 2546 1901 2604 mendacii
1946 2545 2198 2600 funiculis

588 2653 941 2724 ligabuntur,
991 2662 1130 2718 quos
1180 2644 1494 2700 habuerunt
1541 2657 1703 2711 super
1744 2640 1918 2710 capita
1950 2641 2040 2710 qui
2073 2654 2196 2693 cum

591 2743 786 2812 pannis
801 2746 857 2794 et
873 2736 1129 2792 sordibus
1156 2735 1325 2790 vitam
1343 2743 1408 2787 aa
1445 2749 1571 2805 rege
1601 2731 1780 2803 Syriae
1814 2731 2195 2802 precabantur.

666 2827 733 2882 Et
762 2843 855 2900 pro
887 2827 1054 2898 fascia
1084 2825 1332 2896 pectorali
1360 2823 1608 2878 cilicium.
1655 2822 1759 2876 Pro
1810 2821 1973 2875 fascia
2019 2831 2195 2889 pecto-

591 2921 717 2986 rali,
749 2937 912 2992 quam
965 2920 1362 2988 interpretatus
1392 2927 1479 2972 est
1509 2915 1874 2986 Symmachus
1897 2954 1912 2980 ,
1943 2912 2088 2968 LXX
2119 2925 2201 2967 tu-

591 3015 762 3068 nicam
786 3013 1210 3088 μεσοπορφύραν,
1237 3009 1289 3064 id
1312 3017 1417 3072 est,
1447 3011 1701 3062 clavatam
1720 3006 1748 3046 δ
1766 3024 1996 3079 purpura
2029 3017 2200 3061 trans—

591 3107 873 3163 tulerunt:
905 3107 1052 3175 quod
1084 3103 1277 3174 Aquila
1309 3099 1579 3174 cingulum
1610 3099 1943 3156 exultationis
1973 3114 2199 3169 expres-

1796 294 1813 362 ζ
1843 293 1903 351 S.
1947 289 2222 350 EUSEBII
2261 285 2646 348 HIERONYMI

3830 270 3902 326 72

2363 409 2544 482 (Vers.
2577 403 2698 476 25.)
2731 399 3082 457 Pulcherrimi
3111 411 3309 468 quoque
3335 393 3435 448 viri
3477 390 3552 446 tui
3592 389 3780 464 gladio
3811 405 3898 441 ca.

2288 503 2408 556 dent
2436 517 2454 555 :
2478 510 2526 553 et
2557 499 2717 568 fortes
2743 496 2819 549 tui
2848 496 2900 548 in
2926 492 3128 566 prtelio.
3158 490 3262 544 Pro
3291 484 3684 557 pulcherrimis
3720 483 3890 544 viris,

2289 596 2433 653 LXX
2463 593 2801 662 interpretati
2834 596 2980 656 sunt,
3030 598 3079 643 et
3122 585 3261 655 ﬁlius
3307 593 3423 662 tuus
3478 576 3892 651 pulcherrimus,

2286 705 2435 757 quem
2464 659 2662 757 diligis,
2692 683 2868 757 gladio
2913 681 3078 734 cadet.
3113 675 3266 745 Quod
3313 659 3460 728 side
3504 667 3707 723 anima:
3749 677 3894 720 statu

2290 779 2669 848 intelligimus,
2698 792 2818 846 qua:
2851 783 2971 844 post
2999 771 3230 826 virtutes
3269 765 3596 837 peccaverit.
3633 760 3895 832 pulcher-

2289 872 2487 927 rimum
2514 870 2678 924 lilitnn
2713 868 2850 937 ejus,
2885 866 3027 921 bona
3058 860 3169 934 64
3192 859 3524 928 accipiamus
3545 870 3738 925 opera,
3769 869 3894 924 qum

2291 961 2472 1018 hostili
2494 959 2678 1030 gladio
2696 957 3096 1013 conciderunt:
3130 965 3182 1005 ct
3215 950 3387 1004 fortes
3413 961 3632 1018 quoque
3663 945 3894 1013 periisse

2289 1057 2343 1111 in
2377 1055 2590 1124 prtelio,
2618 1054 2740 1123 quia
2766 1052 2977 1124 justitia
2995 1049 3129 1122 justi
3156 1063 3260 1100 non
3283 1043 3523 1099 liberabit
3547 1057 3665 1097 eum
3693 1041 3750 1093 in
3767 1056 3894 1108 qua-

2291 1166 2507 1222 cumque
2533 1149 2618 1202 die
2638 1146 2952 1200 aberraverit
2981 1140 3195 1214 (Ezech.
3228 1155 3416 1204 χχχιιι,
3447 1137 3564 1206 12).
3584 1135 3680 1191 Sin
3711 1144 3892 1188 autem
3977 1133 3979 1138 “

2291 1256 2589 1311 sequamur
2613 1239 2898 1294 historiam
2917 1279 2932 1305 ,
2965 1252 3030 1291 ex
3059 1235 3146 1288 his
3174 1230 3522 1288 sermonibus
3549 1228 3892 1289 docebimur,

2293 1350 2400 1389 non
2429 1333 2498 1388 de
2527 1331 2847 1387 mulieribus
2895 1327 3180 1398 propheta:
3207 1338 3328 1379 esse
3367 1335 3714 1382 sermonem,
3763 1334 3892 1388 qua-

2293 1443 2411 1482 rum
2445 1425 2546 1480 viri
2581 1425 2633 1478 in
2665 1424 2854 1494 prtelio
2882 1427 3242 1482 corruerunt;
3277 1415 3371 1470 sed
3414 1414 3482 1468 de
3532 1411 3767 1466 urbibus
3803 1409 3892 1465 Ju-

2293 1522 2446 1586 dteae,
2475 1533 2607 1588 quas
2633 1520 2770 1572 tilias
2798 1518 2927 1573 Sion
2959 1514 3278 1587 appellavit,
3304 1520 3360 1568 et
3402 1526 3632 1583 quarum
3665 1509 3892 1564 bellato-

2297 1628 2383 1669 res
2408 1611 2726 1667 ceciderunt
2750 1612 2801 1664 in
2821 1609 3141 1664 certamine.
3173 1605 3418 1676 Denique
3440 1605 3509 1659 de
3535 1602 3732 1659 eadem
3763 1600 3889 1657 Sion

2297 1720 2532 1776 sequens
2562 1703 2862 1759 versiculus
2889 1701 3148 1771 loquitur.
3473 1738 3476 1740 η

2360 1797 2540 1869 (Vers.
2567 1795 2686 1866 26.)
2718 1793 2786 1848 Et
2817 1795 3101 1848 manebunt
3123 1799 3276 1858 atque
3297 1788 3542 1860 lugebant
3568 1795 3738 1858 portae
3765 1790 3888 1858 ejus,

2297 1899 2346 1945 et
2386 1887 2413 1926 ἀ
2462 1891 2581 1958 ipsa
2609 1891 2729 1942 urbs
2761 1888 2997 1942 desolata
3024 1884 3220 1940 sedebit
3250 1885 3303 1937 in
3331 1893 3487 1938 terra.
3522 1881 3677 1950 Quod
3726 1894 3890 1950 usque

2299 1984 2461 2039 hodie
2489 1984 2668 2039 oculis
2696 1983 2992 2037 cernimus.
3051 1979 3252 2034 Facilis
3307 1975 3608 2033 secundum
3655 1974 3892 2043 tropolo-

2295 2079 2438 2148 giam
2467 2075 2851 2146 interpretatio
2892 2085 2996 2140 est,
3031 2072 3174 2143 quod
3217 2073 3545 2141 quicumque
3595 2069 3782 2122 locum
3813 2067 3892 2120 tle-

2297 2171 2440 2226 derit
2470 2169 2719 2234 diabolo,
2767 2177 2824 2221 et
2867 2181 2974 2221 non
3005 2165 3155 2220 omni
3195 2162 3437 2218 custodia
3471 2163 3783 2216 servaverit
3813 2174 3890 2213 cor

2297 2278 2476 2326 suum,
2512 2261 2732 2330 lugeant
2756 2267 2926 2328 porta:
2957 2256 3077 2326 ejus
3109 2273 3121 2308 :
3155 2265 3210 2310 et
3239 2254 3465 2308 absente
3487 2265 3718 2322 sponso,
3755 2266 3892 2305 sem-

2300 2373 2397 2430 per
2425 2358 2478 2410 in
2509 2355 2656 2409 luctu
2687 2353 2780 2417 sit,
2813 2367 2875 2407 ne
2901 2351 2969 2406 de
3001 2347 3240 2405 excelsis
3271 2361 3538 2403 corruens
3559 2387 3576 2413 ,
3628 2346 3684 2400 in
3743 2355 3893 2401 terra:

2299 2451 2525 2523 pulvere
2555 2448 2764 2504 sedeat.

2371 2543 2528 2616 (Cap.
2560 2542 2650 2596 ιν.
2675 2569 2748 2581 -—
2775 2539 2927 2594 Vers.
2959 2535 3036 2606 1.)
3063 2535 3132 2590 Et
3163 2533 3548 2606 apprehendent
3571 2540 3772 2600 septem
3796 2547 3896 2584 mu-

2300 2637 2449 2691 lieres
2467 2637 2633 2690 virum
2646 2650 2806 2688 unum
2827 2633 2882 2685 in
2907 2631 2992 2685 die
3019 2631 3133 2695 illa,
3150 2629 3372 2682 dicentes
3397 2643 3414 2680 :
3443 2625 3644 2680 Panem
3673 2635 3894 2680 nostrum

2300 2729 2644 2791 comedemus,
2679 2735 2726 2780 et
2755 2723 3069 2780 vestimentis
3098 2722 3285 2776 nostris
3317 2720 3640 2792 Operiemur,
3677 2729 3895 2772 tantum-

2300 2822 2453 2876 modo
2479 2826 2736 2876 invocetur
2767 2834 2948 2872 nomen
2979 2825 3125 2871 tuum
3153 2830 3309 2883 super
3354 2829 3445 2866 nos
3477 2827 3496 2866 :
3525 2811 3680 2881 aufer
3719 2825 3895 2884 Oppre-

2302 2915 2468 2969 brium
2513 2923 2772 2968 nostrum.
2805 2911 2944 2966 Cum
2997 2906 3350 2980 pulcherrimi
3402 2905 3552 2960 urbis
3596 2903 3894 2958 Jerusalem

2300 3010 2481 3082 gladio
2511 2992 2839 3072 ceciderint,
2872 3016 2926 3060 et
2975 3003 3143 3058 fortes
3179 3000 3438 3070 perierint
3469 2998 3524 3052 in
3576 2997 3800 3067 pra-lio;
3850 3005 3896 3049 ct

2303 3100 2649 3165 moeruerint,
2680 3099 3021 3165 luxeriutque
3053 3101 3224 3164 porta:
3272 3092 3424 3162 ejus;
3474 3101 3527 3146 et
3571 3090 3689 3157 ipsa
3740 3088 3899 3144 fuerit

591 3200 682 3254 sit.
745 3197 1052 3253 Theodotio
1102 3198 1278 3267 ipsum
1319 3195 1544 3249 verbum
1582 3194 1907 3249 Hebraicqu
1948 3208 2199 3248 PBTDIGIL
2227 3185 2271 3246 C
2305 3195 2546 3251 desolata
2576 3195 2646 3249 ob
2675 3194 2894 3248 nimiam
2927 3190 3205 3244 hominum
3239 3186 3551 3249 raritatem,
3596 3182 3896 3238 interfectis

594 3270 820 3365 (ὃτλνιπε)
871 3291 1085 3362 posuit,
1137 3289 1280 3361 quod
1330 3303 1502 3360 genus
1555 3289 1862 3344 ornamenti
1913 3286 2192 3344 muliebris

586 3395 689 3443 est.
725 3386 920 3441 Fascia
950 3393 1138 3456 pectus
1185 3385 1340 3454 tegit,
1390 3391 1447 3438 et
1476 3398 1597 3436 eum
1631 3382 1876 3452 possidet
1926 3381 2104 3436 locum
2139 3381 2190 3434 in

587 3484 826 3547 feminis,
859 3496 1021 3551 quem
1057 3477 1343 3532 Rationale
1373 3475 1430 3529 in
1461 3475 1834 3529 Pontilicibus.
1861 3475 1938 3528 De
1956 3474 2058 3527 hac
2087 3473 2193 3528 fas—

589 3576 672 3630 cia
707 3573 992 3643 pectorali,
1024 3583 1077 3625 et
1107 3569 1377 3625 Jcremias
1399 3566 1630 3638 mystico
1655 3580 1912 3621 sermone
1942 3566 2189 3622 dicebat:

594 3667 658 3721 Si
690 3664 920 3719 oblivisci
973 3671 1137 3732 potest
1185 3676 1378 3723 sponsa
1407 3668 1618 3712 ornatus
1647 3659 1765 3726 sui,
1799 3667 1888 3711 aut
1919 3657 2059 3728 virgo
2090 3658 2195 3727 [as-

595 3760 691 3814 cita
707 3754 982 3829 pectoralis
995 3770 1124 3821 suae,
1156 3764 1202 3808 et
1232 3769 1327 3825 ego
1357 3750 1629 3806 obliviscar
1656 3751 1753 3816 tui,
1786 3751 1910 3805 dicit
1941 3748 2196 3806 Dominus

599 3848 736 3921 (Jer.
793 3865 852 3910 ιι,
895 3847 1011 3918 52).
1073 3846 1270 3918 Virgo,
1315 3844 1530 3914 qualem
1581 3844 1841 3899 exhibere
1895 3857 1998 3897 nos
2049 3845 2198 3914 cupit

594 3942 890 4014 Apostolus
913 3937 1130 3996 Christo
1180 3937 1265 4010 (Il
1293 3935 1416 3994 Cor.
1466 3935 1568 4006 ιι),
1619 3934 1877 4006 quamdiu
1925 3951 2032 3990 non
2076 3951 2197 3990 Cur-

595 4039 865 4106 rumpitur
922 4033 976 4088 in
1041 4031 1314 4103 Egypto,
1388 4043 1489 4084 nec
1555 4029 1874 4098 franguntur
1939 4028 2194 4081 mamilla:

595 4129 744 4199 ejus,
776 4142 896 4197 qua:
927 4125 1190 4196 pectorali
1246 4121 1408 4178 fascia
1441 4120 1708 4191 colligata:
1741 4129 1905 4184 sunt,
1955 4118 2195 4190 jungitur

601 4235 808 4293 sponso
838 4237 852 4272 :
885 4229 1088 4274 etcum
1137 4217 1384 4287 quotidie
1432 4213 1688 4268 virtutum
1742 4212 1886 4268 ﬁlius
1927 4221 2191 4283 generet,

601 4327 940 4386 nequaquam
1000 4309 1152 4381 virgo
1192 4322 1314 4364 esse
1343 4306 1581 4362 desistit.
1628 4305 1780 4373 Quod
1820 4306 1864 4360 si
1904 4305 2194 4377 aliquando

598 4406 978 4466 divaricaverit
1010 4405 1175 4474 pedes
1205 4400 1353 4456 omni
1378 4402 1704 4466 transeunti,
1741 4408 1797 4454 et
1821 4407 2003 4454 secuta
2034 4398 2196 4455 fuerit

596 4507 868 4556 amatores
899 4511 1029 4552 suos
1064 4512 1078 4549 :
1115 4504 1171 4551 et
1195 4494 1347 4563 juxta
1380 4491 1521 4548 Osee
1551 4491 1865 4548 vaticinium
1889 4536 1904 4561 ,
1958 4493 2192 4564 sepserit

2295 3287 2667 3352 bellatoribus,
2698 3295 2905 3355 septem
2934 3283 3188 3338 mulieres
3211 3275 3808 3350 apprchendentunum
3829 3274 3896 3328 vi-

2297 3397 2441 3444 rum,
2469 3379 2749 3448 cupientes
2779 3376 2984 3430 habere
3015 3389 3202 3428 semen
3233 3373 3283 3425 in
3317 3370 3469 3434 Sion,
3489 3379 3542 3422 ct
3571 3367 3895 3421 domesticos

2299 3475 2351 3528 in
2383 3473 2685 3528 Jerusalem
2718 3487 2733 3525 :
2763 3470 2943 3523 cibum
2976 3475 3031 3522 et
3062 3465 3440 3520 vesnimentum
3480 3475 3540 3516 se
3583 3460 3792 3514 habere
3822 3459 3897 3513 di-

2298 3573 2484 3620 centes
2514 3581 2526 3615 :
2561 3571 2764 3616 tantum
2797 3575 2863 3615 ne
2890 3559 3093 3628 absque
3119 3557 3316 3611 marito
3343 3569 3464 3609 esse
3497 3551 3821 3615 videantur,
3851 3559 3898 3604 et

2299 3657 2579 3724 subiacere
2606 3655 2680 3709 illi
2711 3652 3019 3715 maledicto,
3057 3660 3080 3686 θ
3110 3649 3251 3719 quod
3281 3647 3540 3717 scriptum
3570 3653 3656 3699 est
3684 3662 3698 3696 :
3734 3641 3896 3696 Malc-

2299 3752 2437 3805 dicta
2466 3748 2678 3814 sterilis,
2707 3761 2753 3802 et
2774 3763 2891 3818 qua:
2918 3763 3019 3800 non
3057 3745 3180 3817 facit
3223 3759 3393 3797 semen
3421 3744 3470 3796 in
3497 3739 3667 3795 Israel
3716 3739 3894 3811 (Deut.

2298 3844 2414 3914 vn).
2452 3842 2740 3896 Zacharias
2767 3855 2982 3910 quoque
3011 3838 3137 3891 huic
3168 3837 3418 3906 congruit
3442 3835 3626 3890 st-nsui
3661 3851 3676 3886 :
3711 3832 3778 3886 In
3797 3836 3897 3888 die-

2303 3938 2393 3992 btts
2420 3935 2526 3991 illis
2557 3933 2944 4008 apprehendent
2971 3931 3143 3984 decem
3171 3929 3404 3982 homines
3435 3945 3497 3982 ea:
3524 3926 3762 3980 omnibus
3803 3925 3896 3980 liu-

2301 4032 2414 4102 guis
2437 4030 2668 4100 gentium
2691 4027 2949 4097 ﬁmbriam
2974 4025 3070 4076 viri
3095 4021 3127 4075 .1
3135 4022 3266 4075 "dmi
3295 4021 3520 4075 dicentes
3549 4035 3566 4073 :
3591 4018 3794 4073 Ibimus
3819 4037 3898 4074 eo-

2302 4126 2515 4187 biscum,
2547 4121 2838 4175 audivimus
2877 4119 3013 4173 enim
3049 4116 3293 4186 quoniam
3337 4113 3477 4168 Deus
3517 4114 3784 4168 vobiscum
3829 4123 3896 4167 est

2301 4217 2488 4289 (Zach.
2518 4231 2613 4271 vm
2639 4258 2654 4283 ,
2688 4215 2805 4284 25).
2845 4210 3196 4282 Septenarius
3241 4219 3293 4263 et
3335 4208 3589 4262 denarius
3637 4221 3898 4262 numerus

2301 4321 2524 4381 propter
2554 4307 2861 4371 sabbatum,
2889 4315 2944 4358 et
2970 4304 3160 4357 decem
3195 4311 3459 4371 prteCepta
3493 4299 3648 4369 legis,
3697 4299 3899 4354 Jlld‘JElS

2299 4401 2582 4456 familiaris
2608 4408 2692 4454 est
2724 4417 2738 4454 :
2765 4408 2820 4452 et
2842 4396 2965 4450 ideo
2994 4396 3096 4449 hoc
3121 4393 3432 4463 frequenter
3460 4393 3761 4446 abutuntur
3793 4409 3810 4448 :
3846 4393 3898 4446 li-

2299 4503 2386 4549 cet
2410 4496 2560 4564 juxta
2591 4491 2806 4545 Hebrtri
2853 4487 3121 4543 sermonis
3149 4486 3557 4555 ambiguitatem
3584 4524 3600 4551 ,
3651 4486 3741 4554 qui
3774 4500 3897 4540 ver-

595 4594 857 4650 Dominus
889 4591 1002 4645 vias
1031 4589 1170 4659 ejus,
1201 4597 1257 4643 et
1305 4586 1679 4642 intercluserit
1724 4587 1978 4654 semitas,
2010 4600 2193 4640 rever-
2217 4577 2272 4638 D
2299 4588 2422 4642 bum
2469 4600 2601 4640 sana
2645 4584 2841 4656 (miti),
2877 4596 3020 4636 nunc
3047 4589 3262 4651 teptem,
3312 4592 3453 4632 nunc
3493 4578 3702 4648 plures,
3754 4592 3897 4631 nunc

591 4697 736 4744 tetur
763 4685 830 4740 ad
868 4682 1046 4739 vit-um
1077 4689 1230 4738 suum
1262 4681 1521 4750 priorem,
1559 4688 1614 4732 et
1658 4678 1844 4733 audiet
1875 4695 1889 4730 :
1925 4689 1946 4716 ο
1966 4677 2111 4732 Exue
2140 4686 2187 4730 te

590 4778 903 4836 vestimentis
961 4775 1162 4842 luctus,
1220 4781 1268 4827 et
1325 4771 1538 4825 induere
1594 4770 1808 4824 vestibus
1855 4770 2034 4840 glorite
2090 4780 2189 4824 tua:

591 4871 720 4944 (Ose
744 4870 833 4940 tt).

663 5017 689 5045 η
715 5001 1187 5060 Vatic.eoutrario
1207 5015 1396 5063 sensu,
1415 4998 1574 5053 vitam
1597 4997 1704 5068 regi
1729 4995 1915 5071 Syriae.
1946 5025 2017 5036 —-
2043 4996 2169 5071 Regi

597 5077 766 5152 Syria:
810 5077 1169 5152 precabantur.
1225 5072 1444 5152 addunt
1488 5072 1590 5152 hoc
1646 5072 1767 5152 loco
1801 5069 2074 5150 .Erasmus
2113 5069 2174 5152 ,ἐι

593 5139 867 5206 Μ’Ϊιι-ιειιιίιε
900 5165 914 5200 :
944 5143 1010 5198 Et
1040 5161 1133 5214 pro
1164 5143 1424 5213 crispante
1469 5141 1612 5214 crine
1636 5139 1920 5214 calvitium,
1943 5149 2006 5214 et
2043 5141 2173 5214 sub-

588 5222 823 5292 jungunt
845 5223 983 5292 hanc
1007 5210 1401 5292 expositionem
1433 5227 1448 5263 :
1481 5210 1586 5264 Pro
1626 5211 2100 5292 continuisalongis
2131 5220 2178 5264 et

589 5283 982 5348 ascendentibus
1023 5283 1341 5340 Orationibus
1361 5324 1374 5348 ,
1408 5297 1520 5350 qute
1566 5298 1655 5352 per
1685 5284 1851 5336 crines
1877 5283 2179 5350 signi/icon-

589 5374 694 5430 tur,
721 5362 1011 5416 habuerunt
1058 5356 1342 5430 calvitium,
1363 5365 1607 5430 nitentem
1639 5353 1862 5430 undique
1889 5354 2179 5406 abstrusam

589 5446 638 5489 et
668 5423 737 5487 od
765 5433 1037 5487 tacendum
1061 5428 1121 5482 ab
1149 5425 1470 5481 orationibus
1502 5423 1785 5492 ﬁrmatam.
1810 5423 1980 5493 Hujus
2010 5439 2175 5494 porro

589 5505 948 5561 Glosscmatis
972 5505 1176 5554 nullum
1196 5508 1378 5553 exstat
1401 5499 1681 5565 vestigtum
1703 5496 1752 5548 in
1770 5494 2176 5564 exemplaribus

596 5591 728 5631 mss.
755 5589 855 5629 nec
879 5584 1012 5629 satis
1043 5571 1254 5624 redolet
1284 5570 1487 5638 stylutn
1520 5569 2029 5688 llierouynitianutn.

1852 5650 2029 5688 AB'I‘IM

1852 5650 2069 5688 ABTIAN.

659 5715 690 5754 ι)
732 5715 940 5769 Vitiose
961 5713 1225 5768 hactenus
1245 5709 1397 5772 editi,
1427 5709 1557 5775 quin
1581 5707 1742 5762 etiam
1771 5721 1903 5760 mss.
1928 5704 2179 5759 eleuatum

591 5801 877 5860 purpuram
904 5799 999 5855 pro
1022 5798 1278 5854 purpura,
1312 5779 1457 5851 quod
1478 5794 1544 5834 ex
1569 5777 1784 5848 ingenio
1816 5776 2178 5845 restituimus,

2285 4682 2642 4752 juramentum
2675 4678 3131 4744 interpretantur,
3164 4670 3336 4740 possit
3375 4669 3426 4724 in
3474 4669 3578 4724 hoc
3615 4670 3738 4725 loco
3787 4685 3895 4725 non

2275 4785 2486 4842 septem
2513 4770 2840 4839 significare,
2858 4768 2967 4840 65
2996 4766 3090 4822 sed
3116 4764 3311 4838 plures.
3343 4764 3456 4820 Hoc
3481 4766 3780 4820 secundum
3813 4765 3899 4820 lil-

2295 4872 2490 4919 teram.
2525 4861 2794 4917 thterutu
2826 4861 2882 4915 in
2911 4859 3150 4914 adventu
3181 4857 3390 4912 Domini
3419 4857 3739 4924 Salvatoris,
3771 4871 3899 4927 sep-

2281 5007 2516 5067 cogenle
2549 5005 2700 5052 recto
2722 5011 2916 5060 sensu;
2951 5009 3076 5067 nam
3119 4991 3336 5067 clavare
3368 5002 3891 5067 vestem_purpura,

2283 5063 2581 5125 et'vestem
2618 5070 2786 5122 clavis
2822 5064 3108 5136 purpureis
3145 5065 3526 5122 intertextam,
3569 5063 3761 5118 Graece
3804 5087 3898 5135 μεο

2285 5143 2644 5216 σοπορφύραν,
2675 5139 2927 5193 dicebant
2961 5149 3198 5199 veteres;
3244 5137 3462 5190 minime
3497 5149 3628 5188 vero
3677 5136 3898 5190 clamrc

2328 5229 2602 5265 lll'llllralll.

2328 5230 2388 5265 lll‘
2413 5229 2602 5262 Illl‘alll.

2287 5229 2328 5404 ξ)-
2361 5232 2546 5335 chuo
2603 5293 2734 5333 mss.
2799 5278 2970 5332 Vatic.
3031 5287 3086 5332 et
3143 5278 3317 5333 Palat.
3377 5293 3560 5331 exuere
3617 5278 3896 5333 aestimem

2315 5371 2378 5404 ts.
2411 5363 2517 5404 etc.
2643 5371 2646 5376 '

2315 5371 2378 5406 18.
2411 5363 2517 5404 εις.
2643 5371 2646 5376 ’

2355 5392 2382 5458 "1
2425 5421 2596 5478 Voces
2625 5431 2671 5476 et
2699 5423 2816 5492 ipsa
2835 5422 2954 5475 urbs
2979 5421 3029 5474 in
3059 5419 3220 5475 llebr.
3263 5430 3357 5474 aut
3383 5419 3608 5474 Hieron.
3638 5421 3895 5478 version.

2288 5509 2393 5548 non
2431 5505 2550 5547 sunt
2563 5535 2576 5548 .

2362 5574 2384 5602 θ
2425 5564 2593 5618 Palat.
2625 5580 2727 5635 quo
2755 5565 3003 5633 scriptum
3027 5573 3118 5618 est.
3154 5562 3557 5635 Dehocautem
3579 5561 3897 5635 Scriptura:

2290 5644 2436 5761 textu
2468 5636 2588 5692 vide
2609 5633 2731 5705 quae
2760 5636 2826 5690 ad
2855 5640 3016 5706 epist.
3047 5634 3338 5689 secundam
3361 5633 3686 5688 Paschalem
3721 5653 3900 5690 attnu-

2313 5724 2486 5764 amus.
