4008 6386
31 95 120 102 ___—

124 292 186 351 75

712 290 1373 354 COMMENTARIORUM
1412 294 1482 352 IN
1517 292 1754 353 ISAIAM
1792 293 2213 353 PROPHETAM
2252 294 2384 352 LIB.
2427 293 2492 352 ll.
2532 295 2689 353 CAP.
2730 297 2799 352 γ.

3335 300 3407 355 74

124 413 217 461 tem
246 406 542 474 mulieres,
575 406 630 463 id
659 416 764 476 est,
792 417 1000 479 septem
1021 408 1210 481 gratim
1239 406 1473 478 Spiritus
1504 408 1702 475 sancti,
1732 411 1787 471 Α
1806 408 1997 478 iudicii
2016 451 2030 475 ,
2077 411 2397 481 sanguinem
2439 420 2620 467 autem
2653 410 2959 468 Jerusalem
2985 455 3000 480 ,
3034 411 3228 482 spiritu
3258 427 3412 468 com-

123 499 185 555 de
210 501 401 571 quibus
431 499 484 556 in
516 501 969 571 consequentibus
991 501 1135 556 idem
1160 501 1430 571 Propheta
1460 501 1705 557 dicturus

124 601 203 649 est
229 610 242 646 :
272 591 427 648 Exiet
454 594 599 663 virga
622 593 686 647 de
710 594 888 648 radice
909 592 1077 662 Iesse,
1105 604 1153 649 et
1180 595 1278 665 ﬂos
1306 594 1371 649 de
1395 595 1570 649 radice
1592 598 1707 668 ejus

128 692 421 741 conscendet
444 703 465 741 :
491 695 540 741 et
562 688 846 759 requiescet
875 704 1032 757 super
1057 705 1176 742 eum
1215 689 1429 757 spiritus
1459 687 1704 757 Domini,

122 779 318 849 spiritus
342 779 609 847 sapientiai
631 789 679 834 et
708 780 1023 845 intellectus,
1050 781 1265 852 spiritus
1288 782 1495 837 consilii
1519 794 1567 836 et
1594 785 1704 855 for-

122 873 363 940 titudinis,
392 874 606 947 spiritus
632 874 865 931 scientiis
891 885 942 930 et
966 875 1175 947 pietatis
1202 892 1221 931 :
1250 883 1301 930 et
1336 875 1566 945 implebit
1591 892 1709 931 eum

118 964 318 1032 spiritus
339 966 539 1022 timoris
566 965 783 1023 Domini
808 966 944 1040 (Isa.
981 983 1060 1036 χι,
1089 968 1142 1037 1,
1167 966 1265 1039 2);
1298 968 1712 1038 apprehendent

121 1057 323 1127 Jesum,
350 1075 514 1131 quem
562 1060 741 1116 multo
788 1069 1037 1133 tempore
1084 1062 1553 1131 desideraverant,
1586 1063 1712 1134 quia

116 1152 317 1208 nullum
347 1152 515 1209 alium
549 1162 836 1224 potuerant
859 1155 1125 1221 invenire,
1159 1157 1212 1211 in
1242 1171 1352 1227 quo
1375 1168 1583 1212 aeterna
1602 1167 1713 1213 sta-

117 1244 258 1299 tione
284 1245 716 1316 requiescerent.
748 1244 907 1303 Unde
930 1255 986 1303 et
1011 1245 1255 1303 Joannes
1275 1247 1517 1317 Baptista
1546 1248 1717 1304 refert

122 1337 173 1392 in
200 1337 499 1407 Evangelio
526 1355 541 1392 :
578 1338 644 1394 Et
670 1339 760 1409 qui
786 1339 925 1394 misit
951 1356 1060 1406 me,
1100 1341 1214 1409 ipse
1242 1340 1369 1394 mihi
1402 1341 1535 1394 dixit
1565 1357 1584 1394 :
1609 1341 1716 1396 Su-

113 1447 202 1500 per
226 1446 380 1502 quem
424 1431 616 1486 videris
654 1431 913 1504 Spiritum
954 1439 1191 1485 sanctum
1240 1432 1628 1486 descendentem
1671 1440 1719 1487 et

112 1533 401 1579 manentem
434 1525 488 1578 in
515 1540 598 1591 eo,
627 1526 739 1595 ipse
767 1532 842 1578 est
867 1520 1050 1591 (Joan.
1085 1539 1138 1590 ι,
1188 1523 1302 1595 55).
1357 1523 1413 1579 In
1456 1523 1722 1580 Zacharia

112 1630 337 1686 quoque
358 1615 594 1685 legimus
614 1630 784 1686 super
813 1615 1048 1685 lapidem
1074 1631 1239 1670 unum
1267 1627 1477 1685 septem
1506 1619 1718 1685 oculos,

112 1717 174 1764 et
203 1710 257 1763 in
290 1724 403 1764 uno
424 1723 592 1764 aureo
620 1708 953 1765 candelabro
980 1717 1190 1778 septem
1222 1709 1497 1776 lucernas,
1546 1719 1603 1765 et
1629 1724 1717 1766 sec

1813 503 2104 559 bustionis.
2124 502 2280 571 Quod
2303 504 2447 558 enim
2474 503 2595 559 leve
2614 513 2719 570 est,
2738 504 2979 558 lavatur:
3006 504 3148 573 quod
3169 506 3411 573 gravius.

1810 597 2072 652 exuritur.
2109 596 2185 652 De
2213 613 2321 669 quo
2350 597 2544 668 judicii
2576 599 2771 669 spiritu
2793 643 2808 666 ,
2842 607 2895 655 et
2925 598 3121 669 spiritu
3162 599 3415 653 combus-

1812 687 1980 741 tionis
2002 687 2244 744 Joannes
2263 688 2507 758 Baptista
2528 689 2580 743 in
2602 689 2900 759 Evangelia
2922 690 3281 759 loquebatur:
3305 689 3416 769 Ego

1811 780 2016 853 baptizo
2042 797 2131 836 vos
2160 782 2214 836 in
2237 799 2401 855 aqua,
2429 784 2521 855 qui
2541 792 2712 837 autem
2736 795 2853 852 post
2885 801 2969 839 me
2995 787 3160 853 venit,
3196 786 3306 856 ipse
3333 800 3422 839 vos

1813 873 2092 946 baptizabit
2122 874 2177 928 in
2208 873 2415 944 Spiritu
2445 875 2670 943 Sancto,
2706 885 2754 930 et
2782 875 2892 950 igni
2922 874 3144 945 (Matth.
3176 892 3235 931 tu
3255 921 3271 946 ,
3305 875 3420 947 ll).

1811 965 1894 1022 Ex
1940 981 2049 1037 quo
2096 965 2399 1031 discimus,
2440 967 2588 1039 quod
2631 969 2797 1023 homo
2842 976 3051 1022 tantum
3094 982 3291 1039 aquam
3326 968 3425 1023 tri-

1812 1058 1942 1114 buat
1966 1077 1979 1112 :
2014 1059 2158 1116 Deus
2184 1071 2367 1117 autem
2391 1059 2656 1131 Spiritum
2694 1069 2945 1117 sanetum
2967 1103 2981 1126 ,
3009 1076 3119 1132 quo
3146 1071 3203 1116 et
3229 1061 3423 1117 sordes

1814 1152 2131 1222 abluuntur,
2167 1163 2224 1210 et
2254 1154 2545 1226 sanguinis
2576 1163 2799 1226 peccata
2833 1164 3157 1225 purgantur.

1894 1247 2088 1319 (Vers.
2117 1250 2216 1320 5.)
2251 1247 2320 1303 Et
2351 1249 2541 1306 creabit
2583 1248 2692 1321 (al.
2721 1248 2950 1321 creavit)
2989 1248 3243 1303 Dominus
3268 1265 3424 1321 super

1822 1356 2022 1394 omnem
2064 1340 2236 1409 locum
2266 1343 2455 1396 montis
2489 1341 2650 1409 Sion,
2690 1351 2737 1396 et
2772 1342 2859 1396 ubi
2883 1343 3151 1397 invocatus
3178 1350 3284 1409 est,
3317 1359 3417 1397 nu-

1824 1432 1935 1486 bem
1964 1450 2053 1498 per
2078 1434 2215 1487 diem
2236 1478 2250 1501 ,
2283 1443 2329 1488 et
2354 1434 2556 1503 fumum
2574 1444 2621 1489 et
2643 1433 2970 1505 splendorem
2992 1435 3126 1509 ignis
3149 1436 3427 1506 flamman-

1827 1529 1893 1581 tis
1919 1528 1974 1582 in
2001 1538 2168 1582 nocte.
2203 1527 2261 1584 In
2291 1526 2519 1584 Christo
2546 1531 2692 1586 enim
2727 1547 2865 1586 nova
2905 1543 3157 1587 creatura
3197 1543 3283 1589 est
3307 1577 3322 1600 ,
3358 1533 3428 1590 de

1824 1635 1927 1689 qua
1952 1620 2085 1676 alibi
2111 1620 2378 1690 legimus:
2404 1620 2592 1677 Vetera
2618 1626 2976 1680 transierunt:
3004 1641 3120 1680 ecce
3144 1630 3282 1697 facta
3302 1635 3426 1680 sunt

1826 1713 2001 1766 omnia
2030 1730 2163 1768 nova
2192 1713 2259 1786 (Il
2282 1712 2405 1770 Cor.
2433 1731 2486 1783 v,
2516 1717 2628 1787 I7).
2656 1718 2760 1772 Pro
2801 1733 2909 1787 quo
2950 1715 3098 1772 LXX
3125 1718 3426 1773 transtule-

111 1811 265 1873 ptem
297 1801 619 1869 sull'usoria,
676 1816 740 1858 ac
792 1801 927 1857 duas
966 1802 1140 1856 olivas
1183 1817 1252 1857 ex
1287 1810 1523 1873 utraque
1566 1811 1721 1874 parte
1749 1796 1799 1857 B
1825 1812 1991 1858 runt:
2026 1804 2093 1858 Et
2122 1806 2316 1871 veniet,
2349 1816 2399 1860 et
2432 1807 2529 1861 erit
2568 1809 2735 1862 omnis
2772 1809 2915 1862 locus
2957 1809 3146 1862 montis
3185 1808 3350 1876 Sion,
3384 1818 3435 1863 et

114 1896 411 1966 lampadis.
438 1897 592 1951 tirma
622 1895 807 1953 radice
835 1896 1088 1951 fundatas
1108 1895 1293 1971 (Zach.
1317 1898 1424 1968 ιιι).
1449 1896 1602 1964 Quod
1625 1913 1721 1953 au-

112 2001 227 2049 tem
259 1992 432 2065 gratia
471 1992 650 2047 sancti
686 1992 923 2062 Spiritus
951 2002 1148 2047 cuncta
1184 1991 1479 2061 possideat,
1508 1992 1726 2060 exposi-

113 2090 270 2146 tione
312 2104 423 2144 non
466 2088 691 2160 indiget.
729 2086 836 2144 Sed
882 2089 1006 2159 quia
1056 2087 1109 2141 in
1149 2085 1463 2142 hominibus
1506 2100 1725 2156 semper

117 2181 434 2252 patiebatur
482 2177 866 2250 Opprobrinm,
919 2178 1072 2233 nullo
1116 2177 1359 2244 vivente,
1409 2186 1467 2231 ut
1491 2175 1729 2247 Spiritus

113 2273 297 2330 sancti
338 2273 479 2328 dona
511 2274 811 2344 poscebant
838 2288 851 2325 :
881 2277 1172 2341 prapterea
1220 2268 1352 2325 Jesu
1390 2284 1588 2324 nomen
1623 2267 1727 2324 sibi

121 2367 357 2438 cupiunt
381 2365 646 2434 invocari,
672 2374 729 2419 ut
753 2362 901 2435 quod
930 2362 984 2418 iu
1011 2360 1158 2433 Lege
1184 2358 1563 2432 imperfectum
1585 2368 1726 2428 erat,

111 2462 174 2518 in
213 2460 515 2531 Evangelio
543 2459 911 2529 compleatur.

189 2553 378 2628 (Vers.
404 2552 463 2618 2,
488 2541 570 2623 5.)
600 2551 670 2606 In
697 2552 781 2605 die
804 2551 901 2605 illa
930 2549 1029 2604 erit
1056 2564 1262 2619 germen
1291 2547 1505 2602 Domini
1533 2548 1589 2601 in
1616 2564 1731 2603 ma-

110 2647 428 2723 gniﬁcentia
457 2655 506 2700 et
552 2645 609 2700 in
636 2645 806 2719 gloria
836 2660 854 2699 :
887 2651 934 2697 et
960 2642 1158 2712 [ructus
1186 2653 1339 2696 terrae
1362 2640 1599 2696 sublimis
1623 2681 1639 2707 ,
1682 2648 1730 2694 et

108 2740 382 2798 exultatio
405 2741 485 2794 liis
507 2741 595 2812 qui
625 2738 813 2794 saluati
845 2737 1034 2809 fuerint
1059 2736 1123 2790 de
1148 2733 1339 2790 Israel.
1370 2733 1438 2788 Et
1465 2735 1593 2799 erit,
1620 2750 1725 2788 om-

106 2838 205 2892 nis
230 2836 323 2908 qui
346 2835 555 2890 relictus
580 2835 736 2903 fuerit
767 2835 822 2887 in
849 2832 981 2890 Sion
1000 2874 1015 2898 ,
1057 2840 1108 2885 et
1146 2830 1388 2885 residuus
1427 2830 1480 2883 in
1513 2826 1732 2882 Jerusa-

104 2929 229 2984 lem
249 2970 265 2993 ,
299 2938 506 2981 sanctus
534 2925 817 2991 vocabitur,
844 2924 1013 2979 omnis
1040 2923 1131 2995 qui
1167 2923 1390 2997 scriptus
1424 2930 1500 2975 est
1535 2921 1590 2974 in
1629 2922 1734 2974 vita

100 3024 170 3079 in
193 3021 517 3078 Jerusalem.
546 3023 687 3077 Cum
718 3021 843 3075 lilia:
869 3020 1002 3077 Sion
1033 3032 1254 3092 propter
1281 3018 1593 3087 superbiam
1618 3031 1736 3070 om-

98 3131 252 3172 nem
285 3122 549 3171 oruatum
591 3113 933 3185 perdiderint
962 3131 976 3167 :
1018 3122 1074 3169 et
1114 3112 1439 3169 mosruerint
1468 3110 1738 3165 luxerint—

1826 1897 1999 1951 omnia
2037 1914 2155 1970 qua:
2192 1899 2247 1952 in
2272 1899 2493 1953 circuitu
2538 1904 2656 1970 eius
2694 1910 2841 1969 sunt,
2892 1911 3124 1974 proteget
3154 1902 3311 1955 nubes
3340 1918 3433 1974 per

1826 1989 1995 2057 diem,
2024 2000 2072 2044 et
2100 1989 2274 2045 lumen
2295 1991 2431 2067 ignis
2459 1994 2782 2063 ﬂammantis
2811 1994 2865 2047 in
2890 2004 3057 2050 nocte.
3086 1994 3220 2063 Quis
3248 2006 3436 2051 autem

1826 2080 2012 2137 veniet
2038 2081 2139 2137 nisi
2166 2081 2259 2137 ille
2280 2125 2295 2148 ,
2324 2084 2393 2140 de
2421 2101 2532 2155 quo
2564 2090 2828 2157 scriptum
2857 2099 2935 2143 est
2962 2106 2978 2143 :
3010 2087 3193 2142 Veniet
3220 2106 3284 2143 ea:
3305 2089 3438 2145 Sion

1829 2173 1919 2244 qui
1944 2172 2124 2228 liberet
2150 2173 2288 2246 (Isa.
2315 2193 2403 2232 ιιι
2422 2222 2436 2245 ,
2463 2177 2555 2245 20,
2576 2178 2736 2246 juxta
2761 2178 2951 2251 LXX).
2975 2181 3039 2235 Et
3064 2181 3134 2237 de
3160 2197 3270 2250 quo
3291 2182 3435 2238 alius

1832 2265 2101 2335 propheta
2135 2280 2576 2324 commemorat:
2606 2270 2789 2323 Adhuc
2821 2270 3093 2334 paululum
3135 2273 3392 2326 modicum
3415 2317 3428 2337 ,

1831 2360 1922 2429 qui
1946 2370 2191 2415 venturus
2221 2371 2295 2416 est
2324 2363 2523 2431 veniet,
2554 2373 2601 2417 et
2632 2380 2735 2417 non
2762 2365 2986 2419 tardabit
3020 2366 3216 2435 (Abac.
3247 2382 3314 2426 tt.
3341 2368 3435 2435 5).

1833 2453 1967 2509 Cum
1997 2454 2089 2509 ille
2115 2454 2359 2523 venerit,
2390 2455 2650 2511 reddetur
2680 2457 2880 2526 populo
2904 2456 3141 2512 felicitas
3170 2458 3398 2528 pristina
3422 2502 3436 2523 ,

1833 2560 1997 2615 quam
2027 2545 2321 2614 aliquando
2353 2546 2593 2603 habuere
2624 2548 2678 2602 in
2709 2563 2931 2613 eremo;
2965 2550 3311 2620 praecedente
3342 2552 3448 2606 Do-

1835 2639 1983 2694 mino
2007 2655 2103 2696 eos
2130 2656 2229 2710 per
2249 2640 2393 2696 diem
2424 2642 2476 2694 in
2505 2642 2763 2697 columna
2795 2643 2987 2710 nubis,
3019 2656 3074 2697 et
3103 2659 3203 2714 per
3230 2654 3445 2700 noctem

1836 2732 1890 2787 in
1917 2734 2174 2789 columna
2207 2735 2348 2805 ignis
2379 2732 2592 2806 (Exod.
2621 2734 2747 2807 snt)
2778 2753 2792 2790 :
2825 2747 2881 2790 ut
2915 2752 3017 2793 nec
3048 2737 3101 2791 in
3133 2739 3410 2807 prosperis
3431 2780 3446 2805 ,

1834 2842 1939 2883 nec
1983 2827 2035 2882 iu
2076 2827 2325 2881 adversis
2355 2825 2382 2864 ι)
2414 2827 2709 2899 aliquando
2749 2828 3059 2885 turbentur.
3100 2828 3254 2897 Quod
3294 2840 3351 2884 et
3393 2830 3450 2885 in

1836 2923 2049 2993 psalmo
2078 2922 2318 2978 dicitur:
2350 2921 2455 2977 Per
2481 2924 2616 2977 diem
2644 2924 2724 2978 sol
2746 2941 2850 2978 non
2875 2938 2984 2979 uret
3014 2935 3093 2992 te,
3130 2942 3293 2997 neque
3324 2924 3452 2982 luna

1837 3034 1930 3088 per
1955 3028 2154 3071 noctem
2182 3015 2303 3077 (Ps.
2328 3032 2437 3071 cxx
2464 3060 2478 3083 ,
2504 3016 2580 3086 6).
2614 3017 2821 3071 Fumus
2852 3030 3037 3073 autem
3079 3017 3132 3072 in
3178 3019 3279 3072 hoc
3322 3020 3447 3076 loco

1840 3122 1948 3160 non
1980 3120 2222 3160 errorem
2250 3116 2305 3159 et
2335 3107 2701 3175 ignorantiam
2726 3151 2739 3173 ,
2768 3109 2864 3163 sed
2892 3111 3122 3179 gloriam
3154 3113 3445 3181 signiﬁcat,

93 3227 232 3283 que
267 3220 438 3280 portae
467 3180 622 3279 ejus,
651 3219 706 3265 et
746 3209 865 3281 ipsa
910 3207 1151 3264 destilata
1183 3217 1211 3245 ι
1237 3204 1581 3273 conciderit,
1614 3219 1732 3260 om-
1763 3180 1811 3246 ο
1835 3200 1989 3271 juxta
2023 3199 2152 3254 illud
2182 3198 2328 3270 quod
2366 3201 2417 3252 in
2450 3199 2552 3254 hoc
2582 3200 2775 3254 eodem
2810 3201 3075 3269 propheta
3098 3246 3112 3269 ,
3148 3180 3451 3260 secundum

94 3322 341 3377 nesqne
367 3304 664 3357 bellatores
688 3302 809 3371 eius
833 3302 1097 3372 perierint
1122 3301 1176 3354 in
1204 3300 1413 3368 prndio,
1444 3300 1496 3350 in
1527 3307 1739 3352 tantum

92 3410 167 3458 ut
209 3399 411 3455 multa:
442 3396 703 3450 mulieres
731 3410 900 3448 unum
928 3394 1105 3447 virum
1137 3391 1344 3446 habere
1374 3392 1460 3443 vix
1494 3388 1739 3457 possint:

91 3507 264 3551 tunc
296 3490 513 3547 orietur
535 3503 763 3560 germen
794 3488 1035 3543 nominis
1060 3484 1341 3541 christiani
1365 3528 1379 3551 ,
1408 3492 1457 3539 et
1485 3493 1623 3538 terra
1644 3480 1739 3534 da-

91 3589 192 3643 bit
229 3587 465 3655 fructum
493 3597 647 3636 suum
666 3596 686 3636 :
716 3589 771 3637 et
799 3577 1072 3636 exultatio
1103 3577 1213 3631 erit
1243 3575 1328 3630 bis
1357 3575 1449 3644 qui
1479 3573 1548 3629 de
1576 3572 1743 3627 Israel

90 3677 339 3736 salvati
372 3675 601 3738 fuerint,
629 3674 699 3729 de
724 3673 923 3744 quibus
947 3680 1002 3726 et
1022 3686 1185 3740 Supra
1217 3669 1426 3723 dictum
1461 3680 1544 3724 εει
1571 3683 1583 3719 :
1622 3664 1744 3720 Nisi

92 3770 397 3828 Dominus
424 3764 642 3822 sabaotl‘t
668 3765 961 3837 reliquisset
988 3762 1135 3817 nobis
1161 3778 1333 3817 semen
1351 3805 1366 3829 ,
1394 3760 1543 3829 quasi
1570 3758 1746 3815 Sodo-

92 3881 219 3923 ma
253 3877 499 3929 essemus,
534 3869 582 3915 et
607 3859 804 3914 similes
832 3857 1102 3913 Gomorra:
1133 3857 1412 3927 fuissemus
1439 3853 1571 3929 (Isa.
1594 3870 1609 3908 I
1629 3852 1742 3924 ,9).

93 3959 201 4017 Et.
249 3963 381 4011 nota
420 3953 565 4024 quod
603 3968 712 4008 non
752 3950 934 4007 omnis
972 3949 1141 4006 Israel
1180 3949 1446 4015 salvetur,
1487 3947 1584 4003 sed
1620 3944 1748 4000 reli-

92 4052 287 4125 quiae
315 4049 497 4121 populi
526 4047 690 4115 Sion,
723 4054 779 4103 et
810 4044 1065 4101 residuus
1092 4046 1147 4099 in
1173 4043 1517 4100 Jerusalem:
1564 4040 1747 4096 omnis

90 4144 227 4218 qui
266 4140 505 4211 scriptus
530 4151 615 4196 est
645 4141 698 4193 in
728 4140 838 4194 vita
867 4137 921 4193 in
949 4137 1252 4193 Jerusalem
1279 4179 1294 4203 ,
1328 4134 1530 4206 quibus
1555 4141 1614 4188 et
1644 4134 1751 4188 Do-

86 4236 328 4296 minus
358 4232 682 4303 loquebatur
705 4248 719 4284 :
746 4229 983 4286 Gaudete
1003 4272 1017 4297 ,
1061 4229 1303 4301 quoniam
1341 4227 1553 4280 nomina
1580 4237 1751 4279 vestra

84 4328 340 4399 scripta
362 4337 482 4379 sunt
501 4323 558 4378 in
576 4323 718 4378 caelis
741 4322 893 4396 (Luc.
914 4338 946 4377 κ
961 4365 977 4391 ,
996 4320 1116 4392 20).
1139 4320 1251 4393 66
1271 4318 1548 4389 Signiﬁcat
1569 4325 1751 4373 autem

80 4418 452 4494 Apostolus
477 4427 532 4473 et
560 4431 658 4472 eos
685 4418 777 4487 qui
808 4431 904 4485 per
932 4416 1231 4484 Aposmlus
1256 4410 1636 4468 crediderunt.

198 4516 225 4586 (
261 4512 424 4569 Vers.
452 4508 556 4583 4.)
593 4509 727 4566 Cum
760 4508 981 4565 abluerit
1009 4506 1265 4562 Dominus
1304 4506 1483 4561 sordes
1520 4504 1753 4574 ﬁliarum

80 4613 280 4669 Sion
299 4649 315 4673 ,
347 4613 394 4659 et
419 4603 721 4677 sanguinem
743 4600 1039 4656 Jerusalem
1066 4600 1248 4654 laverit
1277 4598 1340 4653 de
1366 4597 1532 4652 medio
1556 4596 1672 4668 ejus
1697 4596 1753 4649 in

73 4700 338 4778 spiritu
353 4698 546 4772 judicii
576 4707 624 4751 et
646 4697 834 4769 spiritu
855 4694 1243 4751 combustionis.
1272 4691 1428 4748 Tunc
1455 4690 1753 4746 salvabun-

78 4813 213 4859 tur
252 4793 506 4865 reliquizr
535 4792 604 4848 de
637 4792 833 4860 Israel,
866 4790 1088 4863 quando
1118 4792 1172 4845 in
1204 4790 1531 4860 baptismate
1560 4786 1753 4843 Salva-

80 4894 286 4953 toris
337 4891 421 4945 eis
464 4887 671 4943 fuerint
721 4897 944 4956 peccata
990 4885 1252 4949 dimissa,
1302 4892 1360 4938 et
1407 4882 1501 4938 ille
1530 4882 1755 4952 sanguis

69 4988 376 5047 ablutus
398 5023 412 5047 ,
448 4996 608 5048 quem
640 4993 810 5050 super
839 4993 903 5033 se
930 4992 1122 5032 errans
1148 4975 1384 5046 p0pulus
1421 4974 1754 5042 imprecatus

66 5087 203 5142 εει
236 5098 257 5130 :
325 5072 559 5145 Sanguis
599 5074 713 5144 ejus
744 5087 898 5143 super
934 5086 1057 5137 nos,
1101 5078 1151 5123 et
1183 5083 1335 5139 super
1369 5066 1510 5135 ﬁlios
1550 5074 1752 5119 nostros

64 5182 91 5255 (
103 5166 374 5234 Manli.
396 5182 582 5234 xsvu,
603 5165 728 5237 25).
757 5164 913 5221 Unde
935 5180 1098 5233 supra
1128 5162 1362 5233 legimus
1385 5176 1400 5213 :
1424 5160 1556 5255 cum
1581 5167 1753 5211 exten-

1840 3292 2199 3364 quorumdam
2245 3293 2560 3360 Opinionem
2586 3336 2601 3360 ,
2653 3293 2843 3347 lecturi
2875 3296 2982 3367 67
3027 3312 3218 3351 sumus
3256 3298 3455 3369 (Infra

1843 3402 1890 3440 c.
1920 3386 1955 3441 6
1979 3388 1995 3454 )
2022 3404 2035 3440 :
2069 3383 2138 3438 Et
2169 3385 2353 3438 domus
2383 3386 2594 3452 impleta
2621 3397 2690 3440 est
2719 3386 2881 3454 fumo.
2919 3389 2983 3441 Et
3015 3389 3067 3442 in
3095 3389 3214 3444 Joel
3243 3393 3310 3445 de
3334 3406 3460 3461 gra-

1844 3479 1919 3531 tia
1946 3476 2189 3545 Spiritus
2221 3477 2428 3537 sancti.
2461 3494 2583 3548 quae
2614 3478 2905 3533 descendit
2944 3496 3114 3551 super
3137 3486 3453 3552 apostolos,

1845 3568 2081 3623 dicitur:
2127 3566 2412 3635 Effundam
2452 3570 2517 3623 de
2554 3569 2743 3642 spiritu
2788 3587 2936 3639 meo,
2981 3584 3031 3626 et
3074 3573 3457 3645 propltetabunt

1847 3659 2007 3733 (Joel.
2032 3660 2114 3728 II).
2150 3660 2245 3729 Et,
2276 3661 2423 3715 Dabo
2448 3662 2690 3738 prodigia
2717 3664 2771 3718 in
2800 3663 2924 3720 coelo
2950 3682 3157 3721 sursum
3182 3712 3196 3735 ,
3231 3678 3280 3722 et
3301 3669 3455 3744 signa

1845 3754 1899 3808 in
1928 3765 2063 3808 terra
2090 3753 2360 3827 deorsum,
2387 3757 2688 3830 sanguinem
2709 3766 2761 3812 et
2785 3758 2952 3832 ignem
2972 3770 3021 3814 et
3052 3777 3293 3830 vaporem
3322 3762 3455 3831 ['umi

1848 3844 2002 3919 (Act.
2028 3863 2101 3916 ιι,
2134 3848 2198 3902 17
2224 3848 2261 3919 ).
2296 3846 2352 3902 Id
2386 3848 2561 3917 ipsum
2604 3852 2918 3922 signiﬁcare
2960 3862 3094 3922 puto
3134 3869 3189 3908 et
3229 3855 3358 3909 illud
3400 3858 3456 3911 in

1849 3942 2123 3998 Psalmis:
2175 3942 2277 4008 Qui
2315 3944 2479 4017 tangit
2523 3957 2753 4014 montes,
2802 3955 2849 4001 et
2878 3957 2901 3986 σ
2932 3946 3265 4022 fumigabunt
3315 3948 3446 4018 (Ps.

1848 4049 1941 4090 cur
1960 4078 1974 4101 ,
2008 4034 2080 4089 ες
2095 4033 2136 4105 ).

1923 4128 2105 4202 (Vers.
2137 4127 2219 4202 6.)
2247 4128 2422 4201 Super
2459 4146 2662 4184 omnem
2702 4140 2875 4185 autem
2914 4131 3136 4205 gloriam
3178 4133 3449 4205 protectio.

1851 4220 1920 4276 Et
1947 4220 2329 4276 tabernaculum
2353 4223 2449 4278 erit
2478 4223 2533 4277 in
2560 4222 2920 4279 umbraculum
2946 4225 3051 4279 diei
3097 4228 3161 4281 ab
3204 4237 3332 4282 testu
3353 4271 3368 4295 ,
3401 4237 3453 4285 et

1854 4314 1909 4368 in
1945 4315 2303 4381 securitatem,
2340 4326 2388 4369 et
2414 4314 2467 4368 in
2497 4315 2881 4371 absconsionem
2910 4335 2942 4371 a
2973 4318 3175 4375 turbine
3203 4330 3250 4376 et
3274 4338 3306 4375 a
3334 4321 3455 4395 plu-

1855 4409 1957 4463 via.
1993 4409 2144 4463 Hunc
2188 4409 2367 4463 locum
2408 4409 2583 4465 Judaei
2626 4410 2692 4465 ad
2733 4411 3130 4468 Antichristum
3170 4414 3452 4484 referunt,

1856 4515 2017 4570 quem
2048 4515 2144 4570 per
2174 4500 2451 4554 turbinem
2479 4513 2533 4555 et
2564 4511 2947 4569 tempestatem
2977 4505 3282 4575 signiﬁcari
3310 4510 3456 4563 testi-

1776 4561 1831 4623 Ι)
1859 4601 2046 4659 luant,
2079 4590 2297 4661 quando
2334 4605 2433 4646 eos
2473 4591 2738 4646 Dominus
2776 4610 2804 4645 a
2847 4561 3231 4662 potentissimo
3261 4600 3459 4653 adver-

1854 4685 2005 4740 sario
2043 4680 2368 4737 defensurus
2403 4682 2496 4736 sit.
2538 4680 2652 4737 Nos
2698 4691 2878 4737 autem
2928 4683 3111 4737 omnia
3154 4683 3459 4742 referamus

1859 4777 1926 4832 ad
1959 4776 2190 4847 primum
2223 4775 2516 4831 adventrum
2548 4775 2758 4831 Christi
2779 4819 2793 4843 ,
2826 4778 2895 4832 de
2922 4790 3030 4846 quo
3058 4786 3113 4831 et
3147 4779 3197 4831 in
3229 4780 3456 4847 psalmis

1856 4870 2121 4942 legimus:
2147 4868 2386 4925 Protexit
2408 4886 2489 4924 me
2506 4870 2561 4924 in
2585 4868 2890 4924 abscondito
2913 4868 3233 4925 tabernaculi
3251 4872 3336 4927 sui
3358 4889 3379 4928 :
3401 4874 3457 4930 in

1858 4974 2005 5035 peLra
2025 4962 2269 5018 exultavit
2299 4979 2379 5018 me
2410 4961 2584 5036 (Psal.
2616 4978 2788 5031 xxvi,
2823 4961 2887 5027 9,
2918 4961 3025 5036 Ill)
3054 4983 3069 5022 :
3097 4980 3261 5035 super
3292 4983 3455 5037 quam

1856 5056 2080 5113 fundata
2122 5057 2365 5112 Ecclesia
2407 5056 2551 5110 nulla
2585 5064 2911 5125 tempestate
2939 5062 3270 5125 concutitur,
3310 5063 3461 5118 nullo

1862 5150 2077 5205 turbine
2104 5149 2392 5217 ventisque
2421 5148 2775 5203 subvertitur.
2807 5148 3031 5206 Plurimi
3062 5151 3377 5207 Judworum
3409 5163 3467 5210 et

1860 5243 1980 5301 haec
2023 5255 2079 5301 et
2122 5243 2414 5309 universa,
2465 5243 2665 5310 quibus
2715 5242 2817 5298 ista
2866 5247 3071 5301 sociata
3105 5253 3265 5308 sunt,
3295 5260 3463 5314 super

1862 5338 2158 5411 Babylonia
2207 5334 2522 5406 captivitate
2578 5345 2635 5391 et
2671 5336 2848 5390 reditu
2904 5338 2957 5390 in
3004 5333 3313 5392 Jerusalem
3359 5337 3463 5390 sub

1862 5431 2165 5490 Zorobabel
2194 5436 2253 5484 et
2279 5426 2420 5482 Ezra
2448 5439 2503 5483 et
2527 5428 2750 5484 Neemia
2779 5425 3118 5497 intelligunt.

1943 5526 2110 5599 (Cap.
2136 5522 2202 5579 Ἴ.
2228 5520 2482 5575 —Vers.
2516 5520 2606 5589 1.)
2655 5514 2888 5571 Cantaba
2937 5536 3078 5575 nunc
3123 5512 3315 5569 dilecto
3363 5533 3477 5572 meo

60 5263 339 5331 derilis
363 5278 578 5328 manus,
610 5277 714 5315 non
743 5259 1020 5315 exaudiam
1050 5274 1139 5315 vos
1158 5273 1177 5312 :
1209 5272 1392 5311 manus
1415 5254 1553 5307 enim
1577 5261 1759 5306 vestra:

58 5357 410 5436 sanguine
434 5353 604 5428 plena:
626 5365 745 5408 sunt
773 5352 1069 5425 (lsa.t,I5,
1093 5351 1202 5422 l6).
1240 5351 1305 5405 Et
1338 5357 1526 5419 postea
1559 5361 1659 5401 eos
1689 5342 1758 5398 ad

59 5457 287 5541 ρωιιὶ
299 5451 540 5507 tentiam
570 5462 878 5520 provocans
908 5444 1110 5502 infert:
1141 5443 1437 5510 Lavamini,
1467 5438 1651 5493 mundi
1680 5453 1761 5491 es-

61 5531 247 5619 ξοιε.
282 5545 372 5603 Et
389 5550 517 5599 nota
544 5542 689 5612 quod
711 5538 901 5595 sordes
926 5538 1162 5594 ﬁliarum
1185 5538 1323 5593 Sion
1350 5531 1548 5589 laverit
1566 5532 1759 5600 spiritu

1947 5673 1970 5701 ο
2002 5656 2436 5716 MavultVictor.
2465 5652 2520 5707 in
2553 5650 2780 5709 instanti
2816 5649 3122 5731 fumigant,
3143 5651 3298 5722 iuxta
3314 5647 3495 5719 Lxx,

163 5704 203 5734 ιι
250 5679 570 5743 Victorius
600 5678 710 5745 ait,
743 5674 967 5732 Constat
1000 5689 1066 5730 ex
1098 5680 1251 5729 textu
1278 5680 1334 5745 et
1365 5664 1764 5745 commentario

1874 5736 2220 5800 καπνίζονται.

60 5777 140 5835 in
166 5732 740 5835 Vﬁss'é'przecedentis
761 5747 1106 5835 capitisesse
1137 5732 1761 5835 legendum“

162 5804 632 5893 i-ﬁ'inrus‘recte
647 5833 814 5889 penes
828 5804 1054 5874 Martian
1065 5857 1103 5881 .,
1126 5804 1461 5887 aliquantum
1478 5804 1768 5864 turbentur.

597 5913 882 5975 Punon.
930 5908 1173 5973 XXIV.
2997 5893 3042 5962 3
