4008 6364
149 290 213 346 77
749 284 1400 346 COMMENTARIORUM
1441 283 1504 341 IN
1544 285 1777 344 lSAlAM
1817 276 2246 343 ΡιιοίδιιΕτΑΜ
2284 287 2416 345 LIB.
2459 289 2520 344 ll.
2564 289 2720 346 CAP.
2758 291 2826 346 Υ.
3368 299 3434 356 78

145 404 216 456 tio
243 403 421 473 spinas
454 419 472 456 :
523 401 714 474 quibus
759 401 932 456 Judaei
974 401 1264 457 Dominum
1304 408 1730 456 coronaverunt.
1763 407 1810 464 Α
1840 400 1966 471 quid
2022 399 2301 456 debuerim
2344 401 2527 457 facere
2576 404 2720 474 quod
2771 420 2877 460 non
2930 407 3169 465 fecerim.
3214 413 3282 468 Et
3313 415 3434 484 quia

146 493 242 549 Illo
283 495 429 549 enim
484 501 860 562 exspectante,
913 502 973 549 ut
1010 493 1302 548 vindemia
1355 503 1600 562 tempore
1639 493 1734 548 de-
1833 493 1988 565 juxta
2023 495 2403 567 Evangelieam
2437 498 2750 567 parabolam
2785 517 2893 557 non
2915 503 3076 559 vultis
3104 510 3432 579 respondere

146 583 350 641 ferrent
393 587 501 658 7o
530 601 662 640 uvas
714 585 782 641 ad
833 587 1128 642 toreularia
1151 632 1164 652 ,
1200 603 1300 658 pro
1339 586 1538 658 quibus
1586 597 1735 642 octa-
1837 590 1980 659 quod
2014 589 2291 654 SCiaCllOl‘.
2327 606 2426 663 ego
2458 592 2588 647 mihi
2618 596 2963 666 respondebo
2995 598 3110 670 ipse
3134 617 3231 666 pro
3260 605 3434 672 vobis,

146 693 243 734 vus
301 689 356 734 et
414 679 782 750 octogesimus
841 680 1035 735 tertius
1096 681 1338 749 psalmus
1406 681 1611 736 habent
1671 680 1734 733 ti-
1837 680 2230 753 ittdicansquid
2259 681 2505 739 facturus
2527 685 2951 753 siszuoniam
2981 691 3282 750 fceivinem
3304 711 3435 753 mea:

146 772 279 828 talos
306 815 319 839 ,
370 771 460 827 isti
488 787 549 828 se
594 773 750 828 curis
789 781 846 828 et
896 773 1041 827 vitiis
1081 774 1268 829 saeculi
1312 774 1730 845 demergentes,
1839 785 2031 828 cuncta
2065 791 2185 844 qua:
2230 775 2426 836 debui.
2480 785 2537 832 et
2579 791 2678 848 pro
2727 781 2845 834 uvis
2896 783 3079 838 attulit
3126 785 3437 853 labruseas,

142 880 258 935 quae
287 865 339 919 in
370 865 894 937 Evangelio(Marc.
943 871 1022 937 tv)
1062 868 1236 938 spina:
1273 868 1730 938 interpretantur,
1839 865 2080 920 auferam
2114 868 2362 924 universa
2402 884 2521 939 quas
2559 869 2838 925 dederam.
2869 871 3085 930 Tollam
3117 880 3434 949 angelorum

140 960 598 1031 blasphemiarum
655 963 908 1018 stimulos
964 963 1306 1019 obtulerunt.
1364 962 1502 1018 Puto
1553 975 1734 1017 autem
1840 961 2154 1029 auxilia,de
2176 963 2369 1032 quibus
2393 965 2446 1018 in
2470 963 2690 1033 psalmis
2711 966 2971 1037 scriptum
2996 970 3442 1028 estztlircumdat

139 1055 332 1112 melius
352 1071 505 1122 esse,
545 1056 721 1110 Busim
747 1057 1028 1112 labruscas
1052 1102 1064 1121 ,
1093 1073 1256 1128 quam
1277 1059 1462 1128 spinas
1485 1057 1733 1127 intelligi,
1839 1053 2066 1125 Angelus
2097 1052 2313 1110 Domini
2343 1057 2397 1133 in
2427 1058 2647 1112 circuitu
2678 1059 2964 1114 timentium
2993 1078 3138 1129 eum,
3173 1071 3221 1117 et
3252 1064 3442 1121 libera-

139 1157 201 1202 ut
237 1159 432 1218 emptae
463 1148 838 1204 translationis
865 1149 1164 1204 similitudo
1202 1162 1475 1205 servetur.
1502 1149 1657 1205 Unde
1685 1158 1739 1203 et
1840 1147 1911 1202 bit
1942 1166 2026 1204 eos
2056 1149 2190 1220 (Ps.
2217 1167 2419 1215 χκιιιιι,
2452 1151 2522 1221 8)
2549 1169 2560 1204 :
2596 1153 2962 1225 etdiripietur
2986 1156 3056 1213 ab
3088 1157 3436 1217 adversariis.

139 1237 394 1295 Salvator
425 1239 559 1296 dicit
600 1241 656 1296 in
691 1242 989 1312 Evangelio
1035 1257 1048 1293 :
1085 1239 1356 1312 Numquid
1383 1240 1634 1314 colligunt
1679 1241 1742 1295 de
1843 1241 2129 1297 Ilcslrttam
2178 1260 2395 1310 muros,
2430 1253 2486 1299 et
2529 1246 2765 1302 inimicis
2808 1251 3062 1320 gentibus
3100 1252 3399 1324 subiacebit
3425 1295 3440 1321 ,

137 1334 304 1403 spinis
333 1348 482 1399 uvas,
513 1345 606 1388 aut
633 1334 699 1388 de
726 1333 932 1388 tribulis
955 1335 1080 1402 ﬁcus
1110 1331 1326 1404 (Matt-li.
1355 1349 1427 1386 vn
1456 1377 1468 1396 ,
1497 1334 1610 1400 16).
1844 1335 2053 1403 eritque
2084 1335 2305 1390 deserta
2356 1346 2410 1391 et
2466 1352 2572 1392 nou
2619 1339 2895 1409 potabitur
2925 1343 2976 1396 in
3009 1353 3303 1411 aeternum,
3339 1362 3444 1402 nec

213 1424 398 1493 (Vera.
429 1427 489 1491 ὅ,
518 1426 602 1494 ι.)
639 1423 794 1478 Nunc
825 1435 851 1462 ει
875 1441 997 1497 ergo
1022 1423 1338 1478 habitatores
1360 1423 1672 1491 Jerusalem,
1699 1433 1745 1476 et

137 1518 236 1572 uiri
265 1516 411 1571 Juda
431 1517 665 1588 iudicate
699 1517 839 1571 inter
875 1534 955 1570 me
987 1527 1035 1572 et
1057 1518 1260 1571 vineam
1287 1533 1451 1570 meam
1481 1533 1500 1570 :
1526 1517 1650 1586 quid
1672 1525 1746 1572 est

135 1611 281 1682 quod
309 1610 450 1664 ultra
473 1611 627 1665 debui
654 1616 828 1683 facere
853 1616 1012 1665 uiuere
1049 1627 1174 1665 mea:
1211 1620 1380 1664 etnon
1425 1611 1630 1681 fecerim
1662 1610 1747 1664 ei?

137 1705 225 1761 An
254 1706 394 1773 quod
423 1707 711 1778 exspectavi
745 1717 798 1759 ut
827 1711 1014 1778 faceret
1040 1721 1187 1770 aras,
1211 1715 1259 1758 et
1288 1706 1407 1774 fecit
1437 1705 1744 1759 labruscas?

1847 1424 2081 1479 lodietur
2103 1469 2116 1491 ,
2146 1436 2204 1481 ut
2236 1428 2514 1498 redigatur
2548 1429 2599 1483 in
2627 1446 2823 1501 vepres
2856 1449 2867 1485 :
2894 1442 2945 1489 et
2965 1436 3259 1492 ascendent
3292 1439 3347 1493 in
3379 1455 3442 1495 ea

1847 1518 2039 1588 spinae.
2078 1519 2202 1575 Haec
2230 1528 2409 1576 autem
2451 1522 2551 1575 sub
2591 1527 2909 1594 metaphora
2940 1528 3145 1594 vinea},
3187 1529 3256 1587 de
3281 1529 3440 1587 Jeru-

1847 1611 2013 1666 salem
2047 1624 2210 1682 atque
2234 1611 2434 1669 Judaezc
2466 1613 2719 1671 dicuntur
2740 1613 3030 1676 solitudine
3055 1662 3071 1688 ,
3107 1623 3250 1693 quod
3283 1625 3449 1695 pleri-

1846 1718 1954 1772 que
1974 1701 2285 1759 Judaeorum
2310 1716 2497 1776 putant
2521 1709 2622 1763 sub
2655 1710 3237 1782 Babyloniisaccidissc
3267 1718 3447 1786 :quod

134 1797 308 1864 Feci,
362 1798 531 1868 inquit
555 1843 567 1860 ,
603 1799 850 1852 universa
884 1815 1003 1867 quin
1032 1799 1227 1861 debui,
1261 1796 1500 1866 plantavi
1531 1797 1742 1851 vineam
1775 1787 1820 1846 Β
1851 1806 1903 1850 et
1934 1811 2030 1850 nos
2074 1811 2137 1851 ex
2174 1808 2326 1867 parte
2371 1798 2570 1854 factum
2605 1817 2802 1871 negare
2848 1819 2950 1860 non
2983 1819 3293 1876 possumus.
3339 1808 3449 1865 Sed

135 1890 335 1947 inloco
365 1891 669 1957 uberrimo,
713 1890 1051 1946 circumdedi
1080 1890 1368 1945 maceriam
1394 1934 1406 1954 ,
1441 1891 1581 1960 elegi
1611 1889 1746 1959 lapi-

136 1983 243 2039 des
263 2028 277 2050 ,
303 1992 360 2038 et
384 1983 598 2054 ﬂagella
629 1985 746 2053 ejus
778 1983 1065 2039 hastilibus
1109 1982 1441 2053 calamisque
1472 1982 1695 2036 subrrxi
1726 1999 1741 2036 :

135 2078 272 2132 vitis
292 2078 640 2148 quoqueipsa
671 2093 776 2132 non
811 2078 1042 2133 fuituua
1064 2077 1131 2132 de
1162 2077 1434 2147 pluribus,
1460 2076 1554 2130 sed
1573 2075 1745 2130 electa

137 2181 199 2227 et
221 2170 582 2246 καλλίκαρπος.
609 2169 898 2226 ΛΕάίίὶοθνί
926 2169 1297 2224 ﬁrmissimam
1319 2169 1537 2236 turrim,
1567 2168 1618 2221 in
1643 2183 1747 2238 qua

139 2263 333 2333 franges
359 2263 764 2328 reconderem,
806 2269 862 2318 et
906 2263 975 2316 de
1013 2275 1116 2332 qua
1143 2260 1468 2315 insidiantes
1508 2259 1749 2330 lrugibus

141 2356 352 2411 bestias
377 2356 803 2426 eontemplarer.
829 2353 1085 2410 Exstruxi
1105 2355 1368 2419 torcular,
1395 2361 1453 2407 ut
1481 2353 1534 2407 in
1557 2351 1747 2408 eodem

143 2449 492 2520 potissimum
525 2449 647 2504 loco
674 2459 1059 2520 premerentur
1081 2463 1202 2503 αντη
1220 2492 1235 2515 ,
1267 2456 1322 2502 et
1347 2447 1532 2502 vinum
1558 2445 1751 2502 funde-

140 2551 297 2597 rent.
331 2542 468 2608 Quia
500 2541 617 2596 hsee
663 2542 828 2611 igitur
860 2541 964 2596 l’eci
993 2583 1006 2607 ,
1037 2557 1156 2610 quae
1189 2542 1370 2595 facere
1414 2540 1605 2607 debui,
1637 2554 1752 2595 res-

140 2634 433 2705 pendeant
487 2635 616 2691 mihi
659 2633 998 2690 habitatores
1052 2634 1354 2691 Jerusalem
1413 2644 1467 2691 et
1521 2634 1674 2690 Judm
1735 2649 1748 2687 :

142 2727 323 2782 immo
347 2727 589 2797 judicent
616 2728 761 2782 inter
790 2742 878 2783 me
905 2739 957 2782 et
985 2727 1200 2780 vineam
1245 2740 1420 2780 meam
1446 2767 1460 2791 ,
1505 2725 1634 2796 quid
1667 2732 1755 2779 c‘st

139 2820 304 2891 (μιού
333 2820 510 2875 facere
534 2821 697 2874 debui
725 2865 738 2888 ,
772 2833 827 2876 et
868 2836 974 2874 non
995 2819 1264 2875 fecerim?
1295 2819 1363 2874 Et
1389 2819 1496 2873 illis
1527 2819 1755 2873 tacenti-

139 2914 258 2971 bus
282 2958 297 2983 ,
326 2915 428 2970 sibi
473 2916 589 2985 ipse
631 2915 930 2983 respondet
955 2931 968 2968 :
1000 2914 1114 2968 Nisi
1142 2913 1283 2969 forte
1314 2913 1370 2967 in
1399 2911 1503 2967 hoc
1535 2912 1712 2966 erravi
1738 2955 1752 2978 ,

139 3009 304 3080 quod
335 3025 436 3077 pro
485 3009 670 3064 labore
715 3022 839 3063 meo
871 3006 1217 3077 exSpectat-i,
1253 3013 1312 3059 ut
1353 3019 1486 3058 uvas
1513 3003 1716 3058 laceret
1740 3047 1753 3069 ,

137 3117 264 3158 non
294 3102 574 3157 labruscas
596 3144 610 3167 ,
637 3115 774 3172 quas
801 3101 1008 3155 inculta
1041 3114 1106 3154 ac
1129 3098 1344 3152 deserta
1375 3097 1531 3150 vinea
1565 3094 1761 3149 afferre

1851 1890 1974 1959 quia
2004 1890 2253 1958 sequitur
2286 1909 2298 1944 :
2335 1890 2403 1945 Et
2434 1892 2649 1948 nubibus
2681 1896 2959 1962 mandabo,
2991 1916 3058 1953 ne
3087 1901 3269 1970 pluunt
3297 1919 3452 1973 super

1851 1993 1963 2035 eam
1994 1983 2244 2048 imbrem,
2277 1983 2380 2040 hoc
2405 1986 2458 2040 in
2493 1987 2585 2040 illa
2620 1990 2940 2056 captivitate
2966 1993 3193 2064 intelligi
3221 2011 3327 2051 non
3351 2012 3450 2065 po-

1855 2083 1979 2129 test.
2009 2075 2290 2146 Siquidem
2332 2085 2386 2132 et
2417 2077 2685 2134 Jeremias
2717 2094 2873 2153 capta
2897 2086 3015 2154 jam
3049 2087 3182 2141 urbe
3215 2087 3451 2158 preplte—

1851 2167 1986 2222 tavit
2014 2169 2066 2222 in
2101 2170 2302 2240 populo
2333 2187 2346 2223 :
2380 2183 2433 2225 et
2468 2173 2757 2240 Ezechiel,
2794 2175 2983 2233 Daniel
3014 2195 3229 2251 quoque
3259 2191 3314 2237 et
3343 2191 3456 2238 tres

1855 2258 2012 2330 pueri
2037 2302 2050 2324 ,
2085 2261 2169 2315 vel
2201 2263 2583 2332 prophetasse,
2611 2266 2695 2320 vel
2731 2268 2998 2324 mirabilia
3026 2272 3179 2341 signa
3209 2274 3372 2328 etiam
3399 2275 3454 2330 in

1856 2351 2170 2422 captivitate
2201 2354 2396 2408 iecisse
2439 2367 2726 2411 narrantur
2758 2374 2770 2409 :
2808 2371 2861 2414 et
2914 2371 3101 2429 postea
3140 2363 3372 2435 Aggmus
3403 2377 3457 2420 et

1856 2443 2149 2499 Zacharias
2185 2445 2358 2500 futura
2393 2446 2651 2503 dixerunt
2701 2451 2753 2504 in
2787 2453 3222 2512 consolatiOnem
3275 2459 3456 2529 populi

1854 2537 2164 2592 servientis.
2200 2538 2430 2593 Tollitur
2463 2551 2649 2596 autem
2698 2543 2794 2598 Dei
2841 2546 3105 2600 auxilium
3150 2547 3222 2602 ab
3251 2549 3336 2602 liis
3367 2552 3456 2620 qui

1858 2629 2066 2701 indigni
2099 2642 2226 2687 sunt
2268 2649 2280 2684 :
2315 2643 2370 2686 ut
2393 2635 2517 2704 quia
2549 2650 2654 2688 non
2698 2648 2984 2692 senserant
3035 2639 3207 2695 Deum
3243 2657 3339 2712 per
3367 2641 3462 2698 be-

1857 2724 2050 2777 neﬁcia
2085 2765 2098 2789 ,
2131 2727 2373 2778 sentiant
2406 2741 2503 2795 per
2533 2727 2818 2799 supplicia.
2853 2728 2948 2784 Vel
2997 2730 3120 2786 ideo
3153 2733 3462 2788 truculenta

1859 2814 2108 2886 quaedam
2139 2825 2194 2870 et
2216 2831 2410 2888 aspera
2453 2821 2820 2874 comminatur
2842 2862 2856 2884 ,
2893 2831 2948 2876 ut
2980 2825 3229 2880 Conversi
3253 2825 3319 2879 ad
3352 2841 3465 2894 pa:-

1863 2907 2170 2976 nitentiam,
2220 2911 2561 2965 imminentia
2602 2920 2873 2966 tormenta
2918 2913 3186 2970 devitent.
3223 2915 3463 2972 Verbum

1864 2999 2191 3053 llebraieum
2224 3015 2379 3054 sat'm
2412 3004 2777 3070 (nimoruues
2807 3019 2941 3059 voce
2972 3007 3137 3061 simili
3167 3009 3344 3079 spinas
3377 3011 3462 3063 in-

1867 3092 2148 3158 terpretati
2181 3099 2328 3145 sunt.
2366 3091 2421 3146 Si
2454 3109 2582 3161 ergo
2606 3093 2756 3148 Saitlt
2790 3096 2840 3148 in
2869 3099 3124 3164 praesenti
3152 3099 3274 3154 loco
3300 3101 3465 3168 spina:

136 3196 467 3251 consuevit.
517 3193 650 3249 Tale
687 3195 820 3264 quid
861 3204 917 3248 et
945 3191 1156 3246 Nathan
1191 3189 1467 3260 Propheta
1497 3187 1561 3242 ad
1593 3185 1761 3241 David
1791 3182 1836 3245 C
1867 3183 2127 3240 dicuntur
2168 3184 2321 3252 juxta
2355 3184 2604 3253 Aquilam
2649 3197 2702 3241 et
2743 3187 3172 3244 Tlteodotioucm
3212 3200 3268 3247 et
3296 3191 3462 3260 LXX,

137 3288 364 3344 missus
394 3286 632 3356 loquitur
662 3286 729 3354 (ll
759 3287 887 3358 Reg.
935 3281 1057 3353 xu),
1085 3293 1140 3337 et
1185 3283 1489 3351 interrogat
1512 3295 1636 3336 eum
1669 3293 1766 3349 per

134 3380 479 3455 parabolam
513 3417 530 3444 ,
563 3388 624 3433 ut
649 3377 777 3432 dum
822 3378 892 3432 de
937 3377 1048 3430 alio
1074 3374 1309 3443 iudicat,
1355 3374 1424 3428 de
1465 3387 1526 3427 se
1557 3378 1771 3441 promat

135 3471 519 3532 sententiam.
554 3469 701 3540 Ergo
725 3478 783 3524 et
813 3468 904 3522 hic
935 3467 1170 3537 populus
1213 3465 1585 3532 interrogatur
1613 3463 1767 3534 quasi

139 3569 222 3624 de
256 3568 446 3633 vinea,
474 3573 533 3619 ut
556 3572 749 3618 contra
780 3576 840 3616 se
866 3562 984 3630 ipse
1013 3557 1364 3630 respondeat.
1401 3557 1555 3611 Hunc
1588 3555 1766 3611 locum

143 3661 208 3716 in
250 3656 550 3728 Evangelia
572 3655 788 3725 plenius
808 3651 1363 3720 Salvatorexequitur
1379 3647 1605 3721 (Matth.
1623 3647 1762 3719 xxr),

143 3765 205 3808 et
237 3751 390 3823 quod
424 3750 510 3804 hic
541 3747 980 3818 praetermissum
1013 3753 1115 3810 est,
1143 3743 1364 3799 Scribas
1389 3753 1442 3796 et
1463 3740 1769 3796 Pharisa-os

144 3848 488 3915 interrogat.
522 3844 577 3897 In
605 3842 740 3898 Isaia
771 3841 915 3894 enim
951 3839 1088 3893 nihil
1115 3837 1320 3893 dictum
1350 3844 1435 3891 est
1465 3835 1531 3890 de
1559 3834 1771 3904 agrico-

145 3939 229 3993 lis
249 3982 264 4006 ,
302 3951 401 3992 nec
432 3950 550 4006 qua:
581 3934 794 4004 passuri
845 3933 956 3987 sint
989 3929 1292 3994 indicatur;
1323 3927 1418 3982 sed
1468 3935 1676 3980 tantum
1703 3925 1772 3981 de

145 4031 332 4086 vinea
370 4042 556 4083 serius
586 4035 672 4081 est
701 4043 714 4080 :
743 4025 821 4080 ibi
850 4035 1036 4078 autem
1069 4021 1223 4091 quasi
1269 4020 1376 4073 alia
1416 4019 1485 4074 sit
1529 4020 1688 4072 vinea
1718 4027 1773 4072 et

143 4122 260 4180 alii
294 4121 545 4192 agricolae
565 4165 582 4186 ,
614 4121 694 4176 sic
734 4119 805 4174 de
835 4117 1038 4187 populo
1067 4115 1313 4186 loquitur
1355 4122 1408 4168 et
1456 4111 1729 4182 magistris
1752 4155 1767 4179 ,

144 4225 222 4273 ut
266 4215 448 4268 titulos
475 4213 618 4268 male
655 4210 881 4281 perdat,
913 4221 971 4264 et
1005 4208 1217 4263 vineam
1249 4205 1378 4262 aliis
1405 4203 1662 4276 agricolis
1695 4203 1775 4256 lo-

144 4317 292 4374 cet;
325 4304 636 4376 signiﬁcans
685 4301 968 4374 apostolos
1004 4309 1062 4356 et
1099 4314 1195 4354 eos
1223 4298 1317 4369 qui
1356 4296 1620 4366 apostolis
1648 4309 1774 4348 suc-

144 4398 386 4458 cessuri
409 4407 555 4454 sum.
583 4395 696 4452 Nec
738 4411 866 4452 vero
895 4395 1198 4466 πωτολοεγία
1239 4399 1326 4446 ost
1353 4433 1366 4456 ,
1416 4397 1475 4442 ut
1527 4387 1775 4457 plerique

144 4493 448 4552 assumant
476 4491 528 4546 in
557 4505 625 4546 eo
655 4490 797 4560 quod
824 4489 901 4543 ait
925 4505 939 4542 :
971 4487 1049 4541 An
1088 4484 1225 4556 quod
1247 4482 1543 4555 exspectavi
1568 4524 1580 4547 ,
1617 4489 1671 4533 ut
1694 4483 1778 4551 fas

1870 3276 2245 3345 respondeant
2273 3277 2551 3346 quomodo
2581 3294 2747 3346 supra
2797 3277 2978 3333 Busim
3019 3297 3124 3336 non
3154 3281 3433 3338 labi-nscas
3455 3325 3471 3349 ,

1871 3369 1968 3424 scd
2008 3371 2186 3440 spinas
2217 3370 2637 3426 transtulerunt.

1949 3458 2012 3513 Et
2060 3461 2278 3514 nubibus
2309 3461 2569 3516 mandabo
2603 3480 2665 3517 ne
2696 3466 2880 3532 pluunt
2908 3481 3066 3534 δίψει·
3094 3483 3206 3522 eam
3237 3468 3472 3525 imbrem.

1872 3553 2132 3608 ls-tzcsunt
2157 3555 2332 3610 nubes
2356 3570 2491 3627 quas
2509 3554 2702 3611 eduxit
2721 3557 2828 3630 72
2845 3559 3105 3618 Dominus
3131 3562 3198 3616 ab
3226 3574 3474 3620 extremo

1875 3657 2033 3703 terra:
2058 3689 2070 3710 ,
2107 3648 2174 3702 de
2200 3649 2396 3719 quibus
2427 3659 2484 3705 et
2515 3652 2564 3703 in
2597 3651 2805 3720 psalmo
2839 3653 3065 3723 legimus
3096 3674 3109 3710 :
3160 3654 3364 3711 Veritas
3386 3667 3475 3712 tua

1873 3755 2030 3807 usque
2069 3739 2137 3793 ad
2165 3741 2322 3795 nubes
2374 3738 2490 3812 (Ps.
2535 3757 2698 3810 xxxv,
2734 3743 2812 3814 6).
2849 3743 2941 3798 Hm
2975 3747 3177 3815 nubes,
3214 3751 3471 3816 «Ittoniam

1871 3833 1975 3884 sub
2005 3831 2120 3885 Elia
2150 3846 2338 3887 omnes
2367 3832 2673 3888 idololatria
2696 3843 2886 3900 erant,
2920 3837 3090 3892 tribus
3111 3840 3269 3894 annis
3297 3850 3350 3894 ct
3379 3855 3476 3897 sex

1874 3923 2153 3977 mensibus
2183 3937 2348 3994 super
2378 3935 2576 3980 terram
2609 3925 2777 3982 Israel
2810 3943 2916 3982 non
2953 3930 3208 3998 pluet-unt
3229 3931 3320 4004 (Ill
3347 3932 3475 4004 Reg.

1875 4012 2049 4086 xvm).
2083 4015 2238 4084 Quod
2269 4017 2489 4088 quidem
2523 4034 2629 4072 non
2679 4019 2856 4074 solum
2905 4021 2972 4075 de
3022 4025 3303 4092 prophetis
3332 4066 3348 4086 .
3382 4027 3479 4081 sed

1874 4107 1941 4162 de
1965 4110 2229 4177 apostolis
2257 4120 2555 4179 possumus
2585 4110 2920 4183 intelligere,
2949 4114 3091 4182 quod
3118 4126 3238 4184 post
3271 4119 3481 4186 passio-

1877 4215 1999 4254 nem
2045 4200 2292 4267 ﬂumini,
2326 4217 2428 4256 nec
2475 4201 2801 4272 prophetas,
2835 4219 2934 4259 nee
2971 4208 3250 4274 apostolos
3280 4209 3482 4266 habue-

1876 4303 2001 4349 runt
2048 4293 2253 4361 Judaei,
2289 4307 2355 4351 ne
2400 4311 2498 4366 pro
2530 4298 2652 4350 uvis
2683 4291 2951 4355 aberrent
2995 4303 3214 4370 spinas,
3246 4304 3342 4359 sed
3379 4322 3478 4376 pro

1876 4387 2170 4443 sterilitate
2206 4397 2261 4443 et
2286 4390 2537 4445 ariditate
2565 4407 2657 4444 sua
2685 4403 3041 4461 precarentur
3068 4411 3190 4450 eum
3209 4437 3224 4461 ,
3259 4398 3348 4467 qui
3383 4415 3481 4468 po-

1882 4491 1987 4537 test
2025 4481 2230 4535 imbres
2274 4484 2517 4549 praeberc
2545 4484 2835 4538 virtutum.
2879 4485 3036 4540 Unde
3066 4500 3116 4542 et
3152 4489 3203 4542 in
3237 4489 3480 4547 Levitico

142 4597 311 4647 ceret
354 4601 508 4653 ms,
538 4596 584 4640 et
629 4584 753 4656 fecit
793 4580 1104 4637 labruscas?
1145 4578 1324 4648 Supra
1357 4577 1504 4631 enim
1545 4573 1685 4644 apud
1715 4586 1776 4628 se
1803 4571 1858 4633 D
1885 4573 2129 4642 loquitur
2150 4572 2216 4625 ad
2247 4583 2342 4626 eos
2373 4590 2384 4623 :
2417 4571 2621 4625 Ponant
2648 4576 2831 4627 caelum
2860 4577 3000 4632 vobis
3022 4582 3279 4648 [rt-reum,
3309 4593 3355 4636 et
3382 4593 3486 4636 ler-

143 4687 275 4760 71
317 4681 514 4737 tacitus
541 4680 811 4750 loqu-itur,
859 4676 953 4732 hic
987 4684 1169 4729 autem
1213 4672 1357 4744 quod
1391 4671 1728 4741 cogitaverat
1754 4711 1768 4733 ,

143 4778 178 4818 ι’
207 4775 374 4831 alios
403 4773 727 4843 interrogat.

232 4866 436 4940 (Vers.
469 4865 524 4932 5,
557 4863 638 4932 6.)
669 4861 738 4917 Et
764 4878 901 4917 nunc
926 4858 1196 4916 ostendam
1239 4855 1379 4911 vobis
1405 4855 1534 4927 quid
1576 4869 1668 4926 ego
1695 4859 1776 4925 fa"-

145 4963 313 5018 ciam
363 4960 526 5014 uiuae
553 4974 680 5012 mere
723 4974 742 5012 :
771 4956 1018 5026 Auferam
1048 4967 1219 5022 sepem
1249 4954 1381 5024 ejus,
1416 4960 1462 5005 et
1493 4949 1588 5003 erit
1619 4950 1671 5001 in
1703 4947 1778 5001 di-

141 5056 465 5129 reptionem
497 5068 516 5106 :
544 5051 755 5105 diruam
785 5048 1064 5102 maceriam
1095 5047 1208 5117 ejus
1227 5082 1241 5109 ,
1274 5053 1321 5096 et
1347 5044 1444 5096 erit
1485 5042 1537 5094 in
1567 5039 1779 5094 concul-

141 5150 460 5206 cationm.
493 5143 562 5200 Et
594 5161 783 5216 ponant
813 5160 928 5198 eam
957 5142 1254 5199 desertam;
1285 5154 1387 5191 non
1419 5132 1708 5207 potabitur,
1743 5142 1790 5187 et

142 5261 268 5302 nan
305 5239 545 5313 fodiatur
577 5255 595 5294 :
625 5249 672 5293 et
701 5237 981 5293 ascenderit
1015 5247 1036 5274 ε
1070 5249 1224 5302 super
1254 5247 1368 5287 eam
1400 5245 1574 5300 repres
1606 5237 1654 5282 et
1685 5227 1791 5296 spi~

141 5354 262 5396 me.
305 5332 654 5394 Provocavi,
689 5331 890 5400 inquit,
922 5344 1018 5382 vos
1051 5340 1214 5395 supra
1235 5365 1248 5389 ,
1275 5341 1307 5377 o
1333 5323 1678 5378 habitatores
1702 5317 1792 5372 Je-

141 5429 447 5492 rusalem,
489 5434 546 5482 et
575 5423 680 5479 viri
725 5424 899 5479 tribus
940 5420 1128 5486 Iudae,
1174 5428 1229 5472 ut
1279 5413 1602 5486 judicaretis
1646 5411 1793 5463 inter

145 5541 244 5583 me
303 5529 377 5577 et
410 5518 628 5574 vineam
677 5531 886 5580 meum,
917 5523 979 5570 et
1021 5508 1395 5579 interrogavi,
1422 5515 1490 5560 ut
1534 5501 1794 5563 diceretis

226 5671 260 5709 λ
287 5663 460 5726 Idem
489 5657 697 5725 Vatia,
735 5657 885 5712 Nunc
930 5670 1054 5729 ergo
1081 5648 1394 5703 habitatores
1429 5655 1478 5701 et
1509 5642 1605 5697 viri
1629 5639 1790 5708 Iuda,

150 5745 393 5813 absque
423 5729 990 5813 derasalemnonttne.

234 5796 262 5854 ξι
288 5796 531 5869 'Vatic.,
563 5804 616 5856 in
646 5810 814 5864 recto,
843 5796 1000 5853 alius.

1883 4683 1994 4721 ram
2016 4682 2212 4720 amcam
2245 4663 2433 4738 (Leuit.
2485 4680 2634 4730 xxvi,
2667 4665 2778 4736 l9).
2826 4666 2891 4722 Et
2924 4669 2974 4721 in
3011 4670 3436 4728 Denteronomio
3468 4695 3481 4728 :

1884 4759 1998 4814 Erit
2031 4760 2210 4814 cadunt
2244 4776 2403 4830 super
2433 4769 2588 4830 caput
2619 4771 2760 4815 tuum
2791 4775 2994 4815 teneam
3021 4803 3036 4828 ,
3072 4774 3117 4814 et
3149 4773 3287 4818 terra
3316 4766 3489 4822 subter

1885 4864 1930 4907 te
1962 4857 2131 4924 ferrea
2165 4851 2526 4920 (Deut.xxvnt
2556 4894 2570 4918 ,
2619 4852 2720 4914 23,
2753 4849 2873 4923 ‘24).
2912 4851 2983 4906 Et
3028 4867 3268 4919 rursum,
3331 4856 3487 4914 Dabit

1887 4945 2141 5001 Dominus
2171 4946 2403 5017 plurium
2441 4957 2590 5000 tet‘rce
2621 4956 2742 4999 lure.
2776 4943 2801 4980 ά
2838 4943 2900 4999 Et
2927 4986 2941 5012 ,
2975 4944 3117 5000 Cinis
3150 4946 3211 5000 de
3243 4950 3489 5024 caelode-

1885 5041 2092 5094 scandet
2123 5056 2280 5110 super
2327 5050 2396 5104 te,
2446 5041 2609 5092 dom-c
2639 5037 2868 5093 eradicet
2910 5050 2989 5106 te,
3027 5049 3074 5094 et
3119 5040 3318 5111 deleat;
3362 5047 3488 5115 quia

1893 5139 2036 5186 terra
2079 5148 2199 5200 qutc
2232 5131 2548 5202 frequenter
2599 5147 2765 5199 super
2795 5147 2854 5185 se
2900 5134 3210 5188 venientem
3260 5139 3492 5208 suscipit

1895 5225 2153 5294 pluviam,
2190 5233 2243 5278 e't
2274 5237 2378 5277 nun
2413 5224 2538 5278 facit
2565 5234 2807 5293 segetem
2839 5264 2854 5290 ,
2888 5225 2983 5279 sed
3030 5227 3216 5294 Spittas
3248 5237 3298 5279 ct
3331 5231 3493 5283 tribu-

1893 5317 2007 5385 los,
2039 5317 2266 5387 reproba
2300 5327 2382 5370 est
2413 5327 2468 5372 et
2491 5317 2894 5373 maletlictiouis
2927 5315 3172 5384 proxima
3198 5355 3212 5377 ,
3245 5317 3400 5385 cujus
3433 5320 3496 5373 [i-

1894 5409 1980 5463 ttis
2009 5410 2318 5464 combustio
2349 5417 2454 5464 est.

1969 5501 2148 5574 (Vers.
2180 5500 2262 5570 7.)
2306 5499 2466 5554 Vinea
2496 5509 2669 5553 autem
2710 5489 2920 5545 Domini
2966 5492 3279 5547 eaercituum
3313 5496 3495 5554 domus

1977 5655 1998 5681 ε
2029 5641 2380 5699 Desideratur
2403 5641 2462 5695 in
2490 5637 2667 5696 Varie.
2693 5650 2852 5703 οιψεν
2879 5643 3017 5688 eam:

1980 5711 2005 5750 ά
2039 5714 2201 5770 Addit
2236 5713 2442 5767 Victor.
2468 5721 2515 5764 et
2547 5710 2811 5783 pulverem
2845 5747 2856 5772 ,
2887 5721 2950 5759 ex
2995 5707 3190 5762 Graeco
3223 5714 3470 5783 κονιορτὸν
3495 5745 3510 5773 ο

1909 5791 2069 5852 atque
2101 5784 2366 5841 [lein-aito
2387 5786 2526 5864 pan.
