4008 6304
550 220 625 278 ‘19
1815 216 1874 274 S.
1917 214 2187 275 EUSEBII
2226 214 2611 274 HIERONYMI
3802 219 3870 275 80

553 335 722 389 Israel
747 340 818 389 est
842 350 862 390 :
880 340 928 389 et
955 333 1052 388 viri
1077 332 1220 387 Iuda
1243 346 1449 403 germen
1469 331 1767 387 delectabile
1787 333 1922 402 ejus.
1956 333 2012 388 Id
2035 342 2138 400 est,
2171 338 2226 398 Α
2248 351 2430 405 agrum
2459 351 2585 404 agro
2607 334 2864 404 copulatis
2892 348 3050 404 usque
3078 334 3148 388 ad
3178 333 3455 388 terminum
3485 331 3588 387 loci
3621 348 3641 386 :
3691 332 3869 386 Nunt-

554 426 652 482 Dei
686 446 704 482 :
733 431 846 483 sive
886 437 944 481 ιιι
983 427 1127 481 LXX
1179 428 1608 494 transtulerunt,
1658 428 1859 482 novella
1891 429 2146 498 plantatio

553 521 905 575 dilectissimo.
940 520 1106 574 Israel
1137 531 1193 575 et
1221 519 1390 576 Iudas
1437 521 1541 575 hoc
1570 521 1714 576 inter
1755 537 1813 576 se
1855 521 2144 587 differunt,

554 612 696 682 quod
737 613 914 667 omnis
963 613 1194 683 populus
1239 614 1388 682 prius
1417 615 1796 684 appellabatur
1843 617 2047 682 Israel,
2094 625 2150 671 et

553 716 734 774 postea
755 752 770 774 ,
801 717 1065 777 regnante
1096 707 1269 762 David
1313 723 1480 778 super
1509 708 1708 763 tribum
1741 708 1876 763 Juda
1908 754 1922 776 ,
1958 717 2014 765 et
2042 709 2150 765 Ro-

549 799 706 853 hoam
743 798 856 853 lilio
893 798 1202 854 Salomonis
1248 814 1414 869 super
1455 799 1588 855 duas
1618 801 1824 868 tribus,
1857 800 2052 855 Judam
2096 810 2151 856 et

547 888 832 957 Bcnjatnin
856 932 870 954 ,
899 887 953 941 hi
984 890 1074 957 qui
1106 897 1264 943 erant
1297 907 1346 944 in
1379 889 1626 945 Samaria
1652 936 1666 960 ,
1697 892 1800 946 hoc
1821 900 1932 958 est,
1959 892 2148 947 decem

551 983 763 1048 tribus,
819 981 1154 1036 vocabantur
1183 983 1381 1050 Israel;
1418 994 1474 1040 et
1518 985 1712 1055 quibus
1754 986 2056 1055 regnabant
2081 985 2151 1042 de

547 1089 750 1146 genere
794 1073 997 1140 David,
1032 1077 1448 1144 appellabantur
1492 1077 1652 1132 Juda.
1701 1077 1767 1132 Et
1797 1080 2051 1148 quoniam
2083 1078 2151 1134 ab

551 1166 721 1220 Israel
750 1166 900 1220 vituli
931 1167 1252 1222 colebantur
1284 1167 1337 1223 in
1369 1169 1482 1224 Dan
1516 1213 1529 1236 ,
1561 1180 1615 1225 et
1645 1171 1696 1224 in
1723 1171 1946 1238 Bethel,
1989 1187 2154 1243 prop-

549 1265 701 1312 terea
751 1259 820 1313 ab
872 1260 1111 1330 Assyriis
1157 1261 1387 1330 primum
1436 1271 1523 1316 est
1556 1271 1712 1332 capta
1765 1263 2045 1329 Samaria;
2098 1273 2154 1320 et

550 1351 727 1405 multo
755 1361 876 1419 post
907 1361 1151 1422 tempore
1180 1353 1346 1408 Judas
1374 1370 1403 1408 a
1435 1353 1707 1410 Chaldaeis
1749 1356 1944 1412 ductus
1976 1368 2059 1413 est
2096 1359 2150 1414 in

546 1444 922 1514 Babylonem,
955 1447 1080 1516 quia
1112 1447 1327 1502 minora
1356 1458 1741 1517 peccaverant.
1791 1449 1946 1505 Unde
1995 1459 2052 1506 et
2099 1452 2152 1507 in

550 1537 842 1594 Ezechiele
868 1539 934 1594 ad
969 1541 1250 1608 utriusque
1282 1544 1464 1611 populi
1493 1551 1710 1613 peccata
1742 1545 2043 1615 purganda,
2074 1545 2151 1600 Is-

548 1632 662 1687 rael
695 1633 747 1685 in
777 1632 1005 1687 sinistro
1036 1631 1207 1688 latere
1237 1644 1508 1703 ponuntur
1528 1680 1542 1703 ,
1571 1639 1724 1706 juxta
1758 1635 2111 1708 Septuaginta
2132 1682 2147 1704 ,

2250 426 2377 494 quid
2404 426 2701 481 habitabilis
2730 427 2830 481 soli
2858 444 2945 480 ros
2960 437 3318 496 superterram
3342 428 3367 480 ?
3389 427 3495 481 Pro
3509 441 3575 480 eo
3591 425 3740 494 quod
3766 440 3868 480 nos

2251 517 2508 585 diximus,
2540 537 2699 590 usque
2719 521 2786 572 ad
2815 522 3088 574 terminum
3117 522 3240 582 loci,
3271 520 3414 574 LXX
3436 519 3862 583 transtulerunt,

2251 619 2339 663 aut
2363 613 2616 683 auferatis
2643 615 2882 683 proximo
2913 631 2931 668 :
2985 614 3348 686 Symmachus
3403 624 3458 669 et
3507 612 3859 668 Theodmio:

2251 705 2413 760 donec
2441 705 2668 774 deﬁciat,
2702 704 2779 758 vel
2809 722 2911 759 non
2941 706 3009 759 sit
3037 707 3213 771 locus;
3251 716 3308 760 ut
3331 706 3624 761 deﬁciente
3692 718 3860 772 terra,

2250 812 2592 867 nequaquam
2615 805 2891 852 saturetur
2918 799 3167 853 avaritia.
3200 799 3353 866 Quod
3409 799 3627 868 quidem
3660 807 3718 852 et
3771 813 3864 870 ge-

2251 895 2513 950 neraliter
2535 895 2823 950 adversum
2871 911 3088 963 omnes,
3143 898 3342 968 quibus
3389 897 3524 952 nihil
3578 898 3715 952 satis
3757 908 3861 960 est,

2251 987 2455 1042 dictum
2486 999 2645 1057 puto:
2677 996 2732 1042 et
2759 989 3071 1058 specialiter
3119 1000 3305 1044 contra
3355 991 3568 1044 vineam
3622 989 3862 1054 Domini,

2250 1095 2371 1150 qua:
2400 1094 2497 1148 pro
2528 1080 2646 1134 uvis
2674 1079 2800 1133 fecit
2831 1080 3131 1147 lahruscas,
3163 1081 3342 1147 idest,
3375 1097 3474 1151 pro
3507 1080 3717 1150 judicio
3762 1080 3864 1136 ini-

2253 1172 2540 1241 quitatem,
2569 1180 2626 1226 et
2644 1187 2742 1241 pro
2760 1171 2973 1242 justitia
2993 1172 3582 1246 clamoremﬂﬁoua:
3609 1184 3696 1229 est
3717 1173 3863 1229 enim

2253 1263 2458 1327 rabies,
2499 1279 2624 1318 cum
2665 1272 2806 1319 tecta
2836 1274 2892 1319 et
2928 1265 3044 1334 agri
3088 1265 3154 1320 ad
3209 1265 3570 1335 depellendos
3625 1267 3858 1334 imbres,

2253 1364 2306 1409 et
2336 1355 2402 1408 ad
2433 1355 2697 1411 serendas
2725 1355 2832 1428 [ΑΙ.
2862 1357 3148 1431 cerendas]
3174 1358 3352 1429 fruges
3391 1359 3580 1414 haberi
3603 1359 3862 1426 debeant,

2254 1461 2317 1501 ea
2345 1447 2546 1501 habere
2574 1463 2792 1517 cupere,
2818 1449 2870 1502 in
2896 1449 3090 1519 quibus
3117 1451 3588 1506 cunctisltabitare
3607 1468 3715 1507 non
3745 1469 3863 1523 pos-

2253 1539 2349 1606 sis,
2374 1549 2430 1595 et
2453 1556 2575 1611 qua:
2602 1542 2783 1596 colere
2815 1558 2920 1598 non
2952 1544 3225 1598 sufﬁcias:
3256 1546 3590 1615 alteriusque
3622 1547 3860 1601 necessi-

2257 1641 2444 1699 tatem,
2480 1643 2625 1687 tuam
2655 1633 2838 1690 facere
2863 1635 3246 1706 voluptatem?
3290 1637 3454 1692 Juxta
3500 1639 3860 1710 tropologiam

545 1723 664 1778 dies
696 1733 915 1778 centum
950 1726 1245 1796 nonaginta
1266 1770 1280 1792 ,
1331 1727 1448 1782 sive
1475 1737 1532 1782 ut
1575 1729 1761 1783 verius
1791 1729 1844 1782 in
1882 1728 2151 1784 Hebraico
2182 1721 2230 1783 B
2255 1734 2447 1778 contra
2475 1724 2762 1780 hmretieos
2789 1727 3007 1794 quidam
3036 1728 3139 1784 hoc
3157 1729 3360 1784 dictum
3385 1731 3758 1786 arbitrantur:
3780 1733 3863 1804 qui

547 1817 885 1884 continetur,
911 1819 1140 1872 trecenti
1170 1819 1460 1887 nonaginta
1487 1837 1499 1870 :
1533 1820 1686 1874 Iudae
1709 1832 1892 1875 autem
1916 1821 2152 1892 quadra-

545 1908 696 1975 ginta
721 1907 841 1962 dies
864 1907 1083 1976 (Eucti.
1102 1923 1176 1975 tv,
1193 1911 1352 1980 juxta
1375 1909 1518 1964 LXX
1540 1920 1587 1964 et
1604 1914 1763 1984 juxta
1788 1911 2149 1984 Ilebraicum).

548 1997 662 2054 Hoc
689 1999 811 2053 dico
837 2039 850 2060 ,
886 2008 946 2052 ut
985 2000 1400 2068 comparatione
1443 2000 1647 2068 Israel,
1696 2002 1747 2056 id
1797 2014 1913 2071 est,
1961 2003 2150 2060 decem

547 2091 820 2158 tribuum,
851 2091 1140 2145 amabilem
1162 2101 1325 2162 atque
1351 2092 1607 2148 dilectum
1623 2095 1906 2150 ostendam
1935 2097 2148 2163 Judam,

545 2183 605 2238 in
651 2199 760 2254 quo
791 2193 950 2238 erant
991 2185 1303 2241 sacerdotes
1359 2194 1414 2240 et
1461 2186 1668 2255 levitas,
1713 2198 1768 2243 et
1806 2189 1905 2243 Dei
1960 2191 2152 2262 religio

544 2279 872 2332 versabatur
898 2294 964 2333 eo
997 2289 1275 2348 tempore,
1316 2295 1423 2350 quo
1457 2283 1719 2350 propheta
1768 2283 1934 2338 Isaias
1965 2284 2151 2353 lotjue-

543 2371 707 2427 batur
737 2371 802 2425 ad
839 2373 1120 2442 populum.
1159 2373 1230 2428 Et
1260 2375 1488 2444 pulchre
1521 2375 1728 2444 Israel,
1769 2377 1874 2432 hoc
1916 2386 2037 2444 est,
2074 2388 2156 2432 to-

544 2474 636 2519 tus
668 2466 931 2532 populus,
966 2467 1163 2521 domus
1210 2477 1293 2523 est
1328 2486 1341 2521 :
1374 2469 1542 2523 Judas
1585 2481 1766 2525 autem
1789 2512 1805 2537 ,
1853 2473 1944 2542 qui
1999 2487 2157 2543 sepa-

543 2557 674 2612 ratis
704 2557 812 2629 73
833 2558 1080 2611 tribubus
1113 2567 1301 2628 postea
1319 2561 1622 2629 pnllulavit,
1649 2565 1927 2620 novellum
1954 2565 2155 2621 dicitur

543 2649 887 2705 delaetahile.
920 2650 1028 2707 Sed
1061 2659 1117 2705 et
1168 2654 1270 2706 hoc
1301 2654 1629 2724 notandum,
1664 2659 1810 2726 quod
1835 2659 1989 2727 juxta
2023 2675 2156 2715 con-

546 2742 897 2798 suetudinem
933 2743 1344 2812 prOphetalem,
1389 2763 1509 2816 qua:
1553 2748 1702 2816 prius
1733 2765 1831 2819 per
1872 2751 2154 2822 metapho-

542 2849 660 2889 ram
690 2834 837 2889 dicta
866 2843 1039 2899 sunt,
1087 2836 1174 2890 vel
1217 2853 1310 2906 per
1358 2839 1669 2907 parabolam
1695 2884 1711 2907 ,
1761 2852 1946 2912 postea
1989 2859 2158 2913 expo-

549 2937 752 2982 nuntur
786 2928 1124 2983 manifestius
1158 2947 1171 2982 :
1201 2932 1350 3001 quod
1397 2932 1555 2988 vinea
1598 2946 1653 2991 et
1699 2938 1912 2993 novella
1943 2939 2156 3008 planta-

549 3021 624 3076 tio
641 3065 655 3088 ,
680 3020 848 3075 Israel
879 3032 934 3074 et
956 3020 1126 3077 Iudas
1153 3023 1245 3076 sit.

2253 1831 2376 1870 cum
2419 1830 2701 1872 moverent
2739 1819 2906 1887 pedes
2946 1835 3074 1875 suos
3111 1821 3180 1876 de
3233 1821 3478 1888 Oriente,
3538 1824 3767 1878 veniunt
3815 1826 3862 1880 in

2253 1925 2501 1977 campum
2538 1912 2795 1978 Senuaar,
2828 1913 3576 1981 quiinterpretaturcxcussio
3601 1918 3860 1974 dentium:

2253 2012 2307 2056 et
2329 2002 2596 2057 mdiﬁcant
2620 2005 2902 2060 civitatem
2925 2006 3284 2073 confusionis,
3321 2010 3627 2081 turrimque
3681 2028 3862 2081 snper-

2253 2095 2376 2163 bim,
2407 2106 2460 2150 et
2487 2098 2713 2153 audiunt
2739 2100 2843 2154 sub
2874 2101 3052 2155 verbis
3077 2102 3228 2156 aliis:
3285 2104 3478 2157 Audite
3528 2107 3662 2170 lucc,
3713 2106 3862 2160 duces

2255 2187 2436 2242 domus
2456 2190 2640 2255 Jacob,
2668 2202 2715 2244 et
2744 2193 2944 2246 residui
2974 2193 3158 2248 domus
3181 2193 3369 2263 Israel,
3393 2198 3862 2269 quiabominamini

2244 2281 2532 2353 judicium,
2565 2293 2611 2336 et
2641 2285 2814 2338 omnia
2837 2295 2976 2340 recta
3003 2289 3414 2358 pervertitis,qui
3442 2290 3718 2359 aedi/iratis
3741 2291 3863 2344 Sion

2251 2373 2307 2426 in
2333 2377 2695 2445 sanguinibus,
2723 2387 2771 2430 et
2799 2377 3091 2434 Jerusalem
3112 2383 3166 2435 in
3187 2383 3458 2454 iniquitate
3490 2384 3679 2456 (Mirh.
3713 2400 3791 2451 ιιι,
3811 2386 3860 2451 9,

2256 2465 2372 2537 10).
2403 2467 2490 2522 Isti
2511 2468 2702 2523 domos
2733 2469 3008 2535 domibus,
3042 2472 3222 2541 idest,
3255 2475 3506 2544 dogmata
3533 2479 3867 2546 conjungunt

2256 2558 2639 2630 dogmatibus;
2689 2564 2888 2633 quibus
2959 2565 3158 2620 dicitur
3201 2582 3299 2637 per
3325 2567 3647 2637 'Michwam,
3695 2569 3868 2624 Nolite

2257 2650 2517 2719 aediﬁcare
2545 2654 2598 2706 in
2620 2653 2774 2708 domo
2796 2655 3027 2710 derisum
3059 2657 3248 2728 (Mich.
3267 2658 3373 2731 nt),
3401 2677 3468 2716 ne
3483 2676 3647 2731 Supra
3680 2662 3865 2717 l’uttda-

2259 2752 2500 2798 mentum
2521 2743 2744 2811 Christi,
2773 2747 2917 2816 quod
2946 2749 3225 2818 apostolus
3249 2751 3448 2808 Paulus
3479 2755 3661 2824 posnit
3684 2756 3728 2827 (l
3749 2754 3864 2812 Cor.

2257 2842 2339 2911 ιιι)
2369 2844 2498 2898 etin
2525 2860 2631 2916 quo
2663 2846 3260 2908 debuerantardificare
3291 2869 3503 2922 aurum,
3556 2869 3862 2928 argentum,

2258 2932 2468 3003 lapides
2491 2938 2798 3017 pretiosos:
2832 2943 3144 2997 eeoutrario
3167 2945 3436 3002 :edilicent
3467 2948 3633 3018 ligna,
3667 2953 3865 3018 fenum,

2260 3028 2537 3095 stipulam,
2572 3015 2801 3098 quorum
2835 3032 2956 3086 linis
2979 3035 3288 3093 incendium
3347 3048 3450 3095 est.
3503 3041 3580 3096 De
3614 3043 3868 3112 hujusce‘

621 3112 688 3165 Et
719 3115 1009 3183 εωερεειαυξ
1030 3125 1083 3167 ιιι
1107 3115 1596 3190 faceret-iudicium,
1632 3130 1678 3174 ει
1699 3137 1817 3177 εσσε
1863 3123 2112 3191 iniquum
2137 3140 2155 3179 ;
2181 3103 2226 3166 C
2260 3117 2407 3171 modi
2431 3119 2682 3176 domibus
2709 3122 2959 3179 Salvator
2982 3125 3036 3180 in
3069 3129 3360 3201 Evangelio
3391 3133 3631 3202 loquitur
3666 3153 3680 3189 :
3748 3136 3868 3191 0m-

547 3215 595 3258 et
609 3205 893 3278 justitiam,
921 3215 1094 3260 etecce
1113 3207 1332 3274 clamor,
1355 3210 1469 3264 sive
1485 3221 1540 3264 ut
1565 3211 1707 3265 LXX
1732 3217 2154 3282 transtulerunt,

546 3295 865 3367 Exspectavi
897 3309 948 3351 ut
977 3299 1166 3366 faceret
1178 3300 1463 3373 judicium,
1498 3313 1548 3358 et
1569 3303 1690 3373 fecit
1721 3306 2067 3374 iniquitatem,
2110 3320 2158 3364 et

546 3407 650 3444 non
665 3392 955 3463 justitiam,
981 3393 1074 3445 sed
1095 3393 1394 3449 clamorem.
1441 3395 1712 3452 Volumus
1761 3399 1970 3456 Latinis
2025 3403 2160 3456 insi-

548 3500 718 3538 nuare
738 3485 967 3539 auribus
993 3487 1136 3554 quod
1165 3486 1233 3539 ab
1258 3486 1501 3542 Hebrzeis
1523 3489 1810 3545 didicimus
1834 3491 2152 3563 :Judicium,

550 3575 696 3645 apud
727 3591 823 3631 eos
884 3578 1194 3646 appellatur
1246 3594 1491 3636 uesrns'r
1550 3584 1836 3654 (nam):
1890 3588 2156 3658 iniquitas,

548 3668 667 3722 sive
697 3667 996 3738 dissipatio,
1025 3680 1082 3722 ut
1110 3668 1507 3738 interpretatus
1544 3677 1864 3747 estAquila,
1916 3696 2159 3739 uesrnaa

552 3758 806 3829 (unum).
842 3759 1083 3861 Rursum
1095 3762 1308 3833 justitia
1331 3763 1531 3820 dicitur
1553 3783 1754 3825 saoaca
1783 3773 1978 3861 (i'tp'ut)
2010 3794 2022 3829 :
2053 3779 2162 3831 cla-

555 3867 671 3904 mor
697 3863 876 3906 autem
905 3852 1214 3922 appellatur
1235 3871 1402 3911 saaca
1429 3859 1652 3947 (Πρνῖ).
1688 3863 1802 3919 Una
1838 3852 2021 3937 itaque
2074 3871 2162 3926 \el

556 3944 741 4000 addita
771 3945 973 4012 littera,
1008 3947 1092 4002 vel
1122 3960 1326 4003 mutata
1346 3993 1360 4017 ,
1393 3953 1473 4006 sic
1493 3944 1809 4011 vverhorum
1838 3959 2161 4018 similitudi-

554 4052 682 4092 nem
705 4037 1050 4107 temperavit,
1080 4048 1138 4094 ut
1164 4055 1264 4110 pro
1294 4057 1557 4111 unseen,
1593 4055 1617 4081 ει
1649 4062 1921 4106 ηεεριιιιιιε
1956 4062 2007 4108 et
2063 4070 2162 4126 pro

554 4144 755 4185 sanaca
787 4138 1016 4199 poneret
1041 4147 1228 4199 suos,
1263 4142 1320 4187 et
1350 4137 1654 4204 elegantem
1693 4150 2024 4198 structuram
2076 4162 2164 4202 so-

554 4238 799 4290 numque
830 4225 1150 4291 verborum,
1182 4226 1334 4292 juxta
1364 4228 1646 4286 llebrream
1679 4232 1916 4306 linguam
1969 4240 2164 4297 redde-

562 4323 666 4367 ret.
701 4313 1050 4383 Exspectavit
1072 4326 1250 4371 autem
1284 4319 1447 4386 Deus,
1482 4331 1540 4376 ut
1564 4327 1800 4393 p0pulus
1850 4329 2162 4390 .Iudteorum

562 4405 769 4461 faceret
791 4405 1079 4476 judicium,
1114 4408 1166 4462 id
1196 4421 1302 4479 est,
1337 4429 1506 4470 uvas:
1533 4428 1586 4472 et
1613 4419 1738 4475 fecit
1793 4423 2160 4500 iniquitatem,

2261 3211 2338 3263 nis
2369 3212 2454 3281 qui
2483 3212 2706 3266 audierit
2732 3215 2884 3268 rerba
2911 3234 3040 3283 mea,
3073 3231 3122 3277 et
3147 3239 3249 3276 non
3279 3223 3454 3290 fecerit
3477 3240 3561 3291 ea,
3612 3229 3870 3284 assimila-

2260 3301 2396 3356 bitur
2427 3305 2533 3358 viro
2557 3307 2740 3373 stulto,
2769 3309 2860 3379 qui
2880 3311 3154 3381 a’di/icavit
3173 3315 3378 3370 domum
3400 3335 3546 3372 suam
3577 3337 3740 3394 super
3762 3342 3867 3378 are.

2259 3407 2398 3446 nam.
2422 3393 2687 3450 Descendit
2702 3398 2902 3466 pluvia,
2934 3413 3177 3458 venerunt
3193 3406 3435 3474 ﬂumina,
3465 3411 3867 3479 [laveruntventi

2259 3495 2308 3539 et
2337 3485 2659 3558 impegerunt
2685 3490 2736 3542 in
2761 3490 2972 3546 domum
2994 3495 3162 3561 illam,
3189 3505 3235 3550 et
3260 3501 3443 3553 cecidit
3471 3517 3488 3555 :
3517 3513 3566 3555 et
3597 3504 3699 3573 fuit
3723 3509 3867 3561 ruina

2262 3579 2443 3633 domus
2468 3581 2613 3636 illius
2635 3599 2823 3656 magna
2853 3587 3067 3657 (Matth.
3099 3593 3298 3662 vn,26,
3316 3594 3866 3665 27).Tamdiuautcm

2263 3685 2513 3743 quaerunt
2540 3675 2783 3734 haeretici
2818 3697 2956 3736 nova
2987 3687 3264 3742 veteribus
3287 3689 3547 3761 jnngere,
3583 3704 3640 3748 et
3682 3694 3866 3751 eadem

2262 3770 2669 3828 recentioribus
2702 3774 3007 3845 immutare,
3038 3778 3212 3836 donec
3257 3790 3312 3838 et
3354 3798 3548 3841 sensus
3601 3786 3868 3846 humanus

2263 3868 2318 3915 et
2341 3876 2526 3916 sermo
2548 3862 2788 3921 deliciat.

2335 3963 2518 4035 (Vers.
2542 3966 2623 4030 9.)
2654 3966 2719 4020 In
2743 3971 2957 4026 auribus
2989 3974 3112 4028 meis
3139 3985 3258 4029 sunt
3285 3977 3394 4033 haec
3463 3979 3682 4037 Domini
3727 4002 3870 4040 exer-

2264 4056 2458 4111 cituum
2484 4075 2502 4113 :
2538 4057 2660 4114 Nisi
2694 4063 2878 4116 domus
2908 4065 3087 4120 multa:
3115 4068 3330 4125 deserta:
3355 4071 3568 4141 fuerint,
3587 4079 3814 4146 grandes
3829 4088 3870 4132 et

2269 4150 2498 4220 pulchra:
2523 4154 2713 4217 absque
2738 4155 3048 4214 habitatore.
3083 4159 3191 4215 Pro
3219 4177 3285 4217 eo
3303 4165 3445 4232 quod
3475 4181 3576 4220 nos
3594 4168 3873 4237 juxtilic-

2267 4242 2512 4299 braicum
2546 4247 2836 4316 vertimus,
2871 4249 2938 4304 1η
2959 4252 3172 4307 auribus
3202 4257 3326 4310 meis
3367 4269 3486 4313 sunt
3515 4259 3626 4314 hau:
3662 4262 3873 4318 Domini

2265 4339 2602 4406 exercituum,
2634 4342 2687 4394 id
2712 4353 2818 4410 est,
2853 4345 3026 4400 verba
3055 4363 3178 4418 qua:
3224 4349 3439 4406 locutus
3466 4363 3553 4409 est
3581 4354 3868 4424 Dominus,

2269 4431 2445 4487 adhuc
2467 4445 2731 4490 resonant
2757 4437 2812 4490 in
2844 4439 3067 4495 auribus
3099 4445 3236 4498 meis
3263 4445 3868 4515 :LXXtranstulerunt,

563 4498 616 4563 id
639 4509 720 4554 est
742 4499 1054 4555 labruscas:
1088 4510 1142 4557 et
1165 4509 1506 4575 exspectavit
1529 4510 1815 4585 justitiam,
1851 4529 1909 4573 ut
1947 4521 2168 4591 largito-
2192 4491 2244 4551 D
2270 4525 2465 4580 Audita
2484 4537 2603 4582 sunt
2634 4528 2744 4583 huic
2771 4535 2829 4584 in
2857 4534 3075 4588 auribus
3102 4534 3312 4591 Domini
3336 4538 3571 4593 sabaoth.
3597 4542 3718 4598 Non
3733 4497 3872 4614 quod

561 4608 681 4649 rem
708 4603 978 4650 tantorum
1008 4612 1292 4653 munerum
1327 4615 1356 4654 a
1392 4601 1552 4659 Patre
1584 4607 1707 4663 mis:
1721 4625 1809 4664 um
1837 4613 2164 4684 susciperet,

2269 4615 2540 4683 PrOpheta
2575 4621 2738 4676 verba
2773 4623 2985 4679 Domini
3017 4627 3272 4696 audierit,
3297 4631 3392 4686 sed
3417 4632 3470 4686 in
3509 4635 3736 4691 auribus
3770 4638 3875 4692 Dea

564 4696 619 4744 et
650 4687 771 4743 fecit
804 4689 1123 4758 clamorem,
1153 4707 1262 4761 quo
1288 4694 1616 4753 vociferatus
1643 4710 1726 4755 est
1770 4712 1956 4759 contra
1989 4707 2173 4762 Domi-
2268 4709 2403 4764 mini
2434 4709 2614 4766 audita
2654 4713 2766 4768 sint
2813 4732 2934 4786 qua:
2986 4687 3539 4791 Pt'opheta'dicturus
3579 4738 3701 4782 est:
3753 4746 3872 4786 cum

565 4797 717 4849 num,
753 4794 807 4838 et
834 4783 1109 4850 clamavit,
1141 4784 1361 4840 dicens:
1387 4785 1560 4857 Tolle,
1593 4791 1738 4860 tolle,
1791 4800 2036 4870 cruciﬁge
2091 4813 2170 4856 ta-

563 4874 663 4927 lem
691 4874 869 4942 (Joan.
896 4892 1010 4940 χιιι,
1046 4876 1156 4947 15).
1182 4877 1338 4933 Unde
1358 4888 1412 4933 et
1432 4881 1632 4937 Paulus
1648 4890 1926 4954 apostolus
1944 4893 2168 4951 scribit:

574 4963 756 5018 Omnis
789 4967 870 5018 ira
908 4977 958 5020 et
989 4968 1206 5034 clamor,
1235 4979 1280 5023 et
1310 4969 1632 5043 blasphemia
1666 4978 1935 5049 auferatur
1963 5001 1995 5037 a
2029 4987 2168 5042 vobis

563 5071 678 5110 cum
697 5058 835 5108 omni
864 5057 1064 5111 malitia
1084 5057 1305 5130 (Ep/tes.
1334 5079 1410 5131 ιν,
1438 5066 1552 5138 51).
1583 5069 1676 5124 Vel
1708 5084 1859 5130 certe
1907 5080 2163 5146 quoniam

561 5145 697 5216 justi
726 5149 1044 5217 sanguinem
1076 5148 1350 5220 fuderant,
1378 5158 1596 5224 sanguis
1624 5145 1931 5223 Dominicm
1953 5172 2164 5240 passio~

564 5239 654 5295 nis
676 5241 946 5295 clamabat
970 5242 1036 5294 ad
1069 5243 1352 5300 Dominum
1382 5266 1397 5304 :
1432 5262 1714 5319 projtterea
1743 5239 2033 5318 clamment
2065 5281 2163 5335 pro

556 5333 766 5404 justitia
798 5334 1176 5406 reddiderunt,
1209 5338 1363 5408 juxta
1394 5340 1530 5398 illud
1551 5348 1692 5411 quod
1723 5351 1774 5404 in
1806 5353 2003 5410 Genesi
2033 5333 2163 5428 legi-

561 5442 707 5495 mus,
743 5427 860 5482 V0.1:
883 5433 1149 5502 sanguinis
1171 5435 1300 5489 Abel
1318 5439 1501 5507 fratris
1522 5441 1600 5494 tui
1611 5442 1800 5500 clamat
1821 5449 1889 5500 ad
1912 5466 1991 5504 me
2007 5449 2160 5523 (Gen.

567 5534 641 5586 tv,
670 5519 782 5591 10).

628 5613 814 5679 (Vers,
841 5611 924 5684 8.)
955 5613 1044 5671 Vae
1062 5619 1152 5688 qui
1173 5621 1495 5692 conjungitis
1521 5625 1728 5682 domum
1755 5631 1825 5683 ad
1850 5630 2080 5702 domum,
2112 5644 2161 5690 et

547 5762 556 5818 λ
621 5752 646 5783 ιι
675 5743 820 5800 Idem
839 5745 1012 5802 Vatic.
1044 5764 1146 5820 pro
1205 5753 1437 5827 mesphat
1476 5758 1669 5816 diceret
1688 5765 1980 5835 mestphan,
2007 5777 2115 5825 etc.

2265 4807 2692 4873 consequentius
2704 4809 2774 4863 sit
2790 4811 3116 4882 intelligere,
3138 4815 3357 4872 audisse
3378 4818 3733 4890 Prophetam,
3757 4841 3875 4895 qua:

2268 4895 2530 4954 Dominus
2582 4901 2654 4955 sit
2710 4904 2945 4960 locutus.
2991 4907 3255 4965 Dominus
3295 4921 3476 4967 autem
3520 4914 3738 4971 locutus
3768 4928 3875 4983 est,

2271 4991 2414 5059 quiod
2433 5003 2555 5061 post
2574 4995 2969 5066 captivitatem,
2986 4998 3182 5055 domus
3200 5017 3409 5073 magnae
3429 5015 3594 5075 atque
3615 5009 3879 5076 pulcher

2267 5083 2420 5139 rima:
2435 5086 2668 5142 deserta:
2699 5090 2894 5144 futura:
2924 5092 3055 5156 sint,
3076 5107 3180 5147 non
3198 5094 3463 5152 habentes
3480 5099 3873 5157 habitatorem.

2338 5178 2444 5250 75
2477 5177 2660 5246 (Vers.
2694 5180 2808 5251 10.)
2843 5181 3028 5236 Decem
3058 5186 3192 5238 enim
3221 5185 3248 5224 ι)
3279 5190 3462 5260 jugera
3491 5190 3761 5246 vinearum
3789 5195 3877 5264 fa-

2265 5270 2394 5323 cient
2427 5272 2756 5341 lagunculam
2797 5289 2976 5340 unam,
3007 5285 3054 5329 et
3083 5279 3292 5351 triginta
3320 5283 3481 5335 modii
3507 5288 3751 5340 sententis
3797 5287 3880 5356 [α-

2266 5364 2612 5419 cientmodtos
2633 5374 2755 5421 tres.
2781 5367 2886 5421 Pro
2907 5367 3212 5441 laguncula,
3235 5391 3396 5442 quam
3420 5368 3516 5430 soli
3534 5375 3678 5432 LXX
3695 5390 3880 5435 trans-

2265 5455 2529 5519 tulerunt,
2564 5472 2756 5513 omnes
2787 5459 2879 5513 alii
2909 5459 3087 5515 batum
3122 5465 3467 5535 interpretati
3516 5477 3666 5533 sunt,
3725 5472 3878 5541 quod

2265 5545 2528 5605 Ilebraice
2555 5550 2756 5606 dicitur
2785 5569 2927 5609 BETII
2969 5557 3114 5628 (na).
3149 5557 3217 5612 Et
3246 5573 3345 5629 pro
3396 5561 3625 5632 triginta
3647 5564 3876 5632 modiis,
3972 5583 3973 5624 ξ

2260 5654 2398 5711 quos
2425 5657 2527 5698 nos
2583 5660 2678 5714 pro
2715 5661 2835 5701 coro
2875 5651 3175 5718 posuimus.
3228 5651 3319 5720 qui
3365 5651 3633 5710 Ilebraice
3674 5656 3879 5715 dicitur

2337 5775 2362 5812 ι’
2397 5776 2742 5852 Vatic.,juga
2760 5782 3045 5838 vinearum.
