4008 6370
131 345 185 401 81
723 349 1376 409 COMMENTARIORUM
1415 352 1486 409 IN
1523 352 1767 412 lSAlAM
1806 355 2236 416 PROPHETAM
2262 360 2394 418 LIB.
2436 363 2503 418 Il.
2544 365 2700 423 CAP.
2741 366 2807 422 ν.
3353 372 3427 426 82

129 475 269 518 oues
296 461 491 540 (1m),
523 465 668 523 LXX
700 467 1332 524 verterunlarlabassex:
1362 477 1390 506 ι
1420 484 1542 541 quae
1572 484 1728 526 men-
1752 474 1805 533 Α
1832 471 2154 529 imminente
2180 475 2493 543 sterilitate,
2524 487 2580 533 et
2608 478 2790 535 vicino
2819 480 3093 548 incendio,
3123 496 3439 553 quovepres

128 579 249 620 sura
281 564 595 635 Egyptiaca
623 570 725 628 est,
754 571 811 617 et
832 560 963 617 facit
984 562 1200 617 modios
1228 563 1442 633 viginti.
1478 563 1535 618 In
1564 564 1731 619 steri-

130 657 277 714 litate
309 672 440 727 ergo
462 656 621 710 nimia
644 670 764 725 qua:
810 655 1060 725 sequitur
1101 655 1496 724 captivitatem,
1538 655 1731 712 decem

122 750 308 822 jugera
336 749 619 804 vinearum
645 746 838 802 facient
897 747 1106 812 batum,
1143 746 1194 802 id
1227 756 1335 815 est,
1368 758 1481 804 tres
1499 750 1729 817 ampho-

128 858 247 899 ras:
277 851 333 898 et
363 842 582 912 triginta
612 840 780 895 modii
803 841 1052 907 seminis,
1085 841 1137 895 id
1195 850 1300 905 est,
1344 857 1526 907 corus,
1571 843 1730 898 faciet

124 932 417 1007 ephi,quod
436 930 579 988 LXX
602 942 704 987 tres
719 948 983 986 mensuras
1004 931 1351 1002 interpretati
1375 941 1523 997 sunt,
1546 932 1599 987 id
1620 942 1726 1000 est,

125 1037 225 1084 tres
250 1028 472 1082 modios.
508 1028 676 1082 Batus
702 1036 882 1081 autem
916 1028 968 1081 in
1000 1026 1219 1097 liquidis
1248 1028 1538 1096 speciebus
1591 1026 1733 1083 dici-

124 1129 234 1187 tur,
261 1129 319 1175 et
347 1119 485 1192 ephi,
518 1119 638 1174 sive
664 1118 799 1191 epha
829 1118 1077 1189 ejusdem
1107 1134 1388 1174 mensurae
1418 1119 1470 1173 in
1524 1119 1726 1173 aridis.

123 1215 359 1272 Sicutin
394 1213 649 1269 Ezechiel
698 1214 850 1282 juxta
908 1212 1231 1269 llebraicum
1275 1213 1542 1283 legimus:
1592 1210 1732 1281 Eplti

117 1310 343 1380 justum,
376 1317 425 1363 et
450 1308 600 1363 batus
621 1310 803 1380 justus
831 1307 926 1360 erit
948 1308 1108 1361 vobis.
1134 1305 1273 1378 Eplti
1310 1315 1357 1361 et
1387 1306 1534 1360 batus
1557 1322 1734 1375 (equa-

127 1402 199 1456 lia
222 1410 271 1457 et
299 1401 454 1455 unius
484 1414 742 1454 mensura:
761 1406 934 1461 erunt,
961 1407 1016 1451 ut
1046 1399 1217 1469 capiat
1236 1397 1486 1452 decimam
1537 1405 1735 1469 partem

123 1496 234 1549 cori
258 1495 433 1562 batus,
465 1502 515 1549 et
540 1495 791 1547 decimam
818 1498 1018 1563 partem
1044 1492 1153 1545 cori
1176 1492 1327 1564 ephi:
1348 1494 1509 1563 juxta
1528 1507 1736 1545 mensu-

122 1606 240 1646 ram
262 1591 374 1645 cori
390 1591 487 1644 erit
508 1604 660 1659 requa
688 1586 895 1643 libratio
915 1585 1327 1657 eorum(Esech.
1344 1601 1467 1647 xu,
1497 1585 1585 1652 ιυ,
1617 1582 1730 1655 ll).

120 1681 439 1749 Quaerimus
470 1682 625 1751 juxta
670 1693 973 1750 anagogen,
1021 1676 1303 1748 quomodo
1342 1676 1729 1733 htereticorum

120 1775 331 1831 domus
358 1774 595 1846 grandes
624 1781 683 1828 et
720 1771 963 1844 pulchra:
1016 1772 1146 1836 sint,
1202 1786 1323 1841 qua:
1360 1784 1483 1825 cum
1538 1768 1730 1840 judicii

1834 572 1891 617 et
1917 564 2091 633 spina:
2120 576 2246 619 sunt
2269 566 2678 635 comburendae,
2714 570 2942 625 luxuria:
2971 585 3031 627 se
3051 581 3107 626 et
3151 573 3442 640 voluptati-

1833 654 1936 710 bus
1964 655 2338 711 tradiderunt:
2372 675 2477 712 non
2506 661 2679 714 solum
2712 662 2765 715 in
2780 641 3055 718 vescendo
3088 673 3143 719 et
3175 664 3439 731 bibendo;

1832 746 1926 802 sed
1954 748 2007 802 in
2030 748 2242 803 aurium
2284 766 2502 821 quoque
2556 752 2951 823 oblectatione,
3007 766 3061 810 et
3104 756 3158 810 in
3212 756 3447 811 diversis

1833 839 2056 893 musica:
2083 840 2218 894 artis
2242 842 2560 911 genetibus.
2595 844 2698 910 Qui
2737 859 2860 900 cum
2894 846 2998 900 ista
3047 847 3274 910 faciunt,
3307 862 3445 916 Opus

1832 930 2049 986 Datnini
2076 949 2183 987 non
2216 934 2537 1004 respiciunt,
2580 951 2679 990 nec
2701 937 3049 994 considerant
3080 954 3201 1009 qua:
3221 950 3443 995 ventura

1829 1024 1961 1079 sint.
2014 1026 2319 1081 Abtttamnr
2375 1028 2478 1081 hoc
2508 1030 2823 1084 testimonio
2851 1031 3144 1086 adversum
3165 1033 3446 1103 principes

1833 1116 2114 1187 Ecclesite,
2149 1120 2240 1189 qui
2264 1119 2333 1174 de
2364 1134 2524 1177 mane
2551 1134 2892 1194 consurgunt
2916 1124 2983 1179 ad
3006 1125 3323 1181 sectandam
3369 1126 3446 1180 si-

1832 1224 2036 1276 ceram,
2066 1219 2122 1265 ct
2147 1211 2441 1266 bibendum
2472 1228 2644 1284 usque
2672 1214 2739 1269 ad
2766 1231 3049 1285 vesperam
3078 1234 3090 1271 :
3121 1217 3190 1273 de
3246 1217 3445 1287 quibus

1834 1304 1887 1358 in
1910 1304 2017 1359 alio
2039 1304 2159 1360 loco
2190 1305 2420 1361 dicitttr:
2469 1306 2563 1361 Vte
2591 1308 2682 1362 tibi
2711 1310 2914 1376 civitas,
2947 1314 3099 1384 cujus
3128 1327 3221 1365 rea.
3232 1311 3445 1382 juvenis

1835 1406 1928 1461 est,
1962 1407 2008 1450 et
2031 1398 2293 1467 principes
2320 1400 2397 1454 tui
2425 1416 2576 1455 mane
2603 1403 2877 1458 comedunt
2908 1403 3078 1476 (Eccl.
3112 1421 3169 1470 x,
3190 1404 3305 1476 16).
3337 1404 3443 1473 Qui

1836 1486 2047 1543 deliciis
2075 1491 2348 1561 occupati,
2372 1508 2438 1547 ex
2467 1494 2734 1549 creaturis
2757 1511 2862 1552 non
2888 1496 3197 1568 intelligunt
3217 1498 3442 1553 Creato-

1837 1596 1973 1649 rem,
1999 1598 2098 1638 nec
2128 1585 2481 1641 considerant
2508 1602 2676 1657 opera
2704 1604 2962 1645 manuum
2982 1591 3120 1661 ejus,
3152 1590 3218 1646 de
3244 1590 3443 1662 quibus

1836 1675 2097 1745 legimus:
2138 1677 2307 1734 Verbo
2356 1678 2573 1735 Domini
2602 1683 2715 1736 caeli
2740 1684 2935 1751 ﬁrmati
2979 1692 3123 1747 sunt,
3152 1693 3202 1737 et
3252 1685 3441 1756 spiritu

1835 1768 1940 1822 oris
1961 1773 2075 1842 ejus
2097 1770 2262 1825 omnis
2316 1773 2475 1826 virtus
2523 1789 2703 1828 eorum
2730 1772 2848 1846 (Ps.
2899 1790 3069 1843 xxxii,
3123 1774 3201 1845 6).
3253 1773 3446 1830 Potest

118 1876 342 1937 tempus
370 1864 900 1933 advenerit,nullum
915 1862 1285 1918 habitatorem
1313 1860 1573 1917 habeant.
1597 1862 1728 1917 Om-
1758 1862 1806 1921 B
1829 1860 1979 1933 juxta
2005 1862 2255 1918 altiorem
2285 1864 2726 1935 intelligentiam,
2758 1867 2939 1921 omnis
2982 1866 3180 1921 anima:
3227 1877 3441 1937 pertur-

117 1960 211 2015 nis
238 1958 387 2013 enim
411 1970 610 2026 pompa
660 1965 1046 2024 structuraque
1102 1953 1425 2019 verborum,
1469 1962 1525 2008 et
1575 1967 1733 2024 argu-

118 2058 305 2106 menta
338 2048 629 2104 dialectica
661 2047 986 2117 redigentur
1010 2046 1077 2101 ad
1097 2045 1275 2101 nihili.
1311 2046 1380 2101 Et
1428 2043 1551 2115 quia
1578 2045 1732 2116 juxta

116 2143 434 2213 apostolum
457 2140 686 2197 Paulum
704 2139 770 2211 (ll
793 2138 914 2195 Cor.
939 2140 1143 2208 nt)non
1170 2139 1349 2193 solum
1377 2137 1477 2193 Dei
1500 2138 1763 2193 aedifica--

114 2237 197 2293 tio
227 2249 439 2297 sumus,
472 2232 567 2290 sed
595 2242 649 2287 ct
678 2233 1031 2303 agricultura,
1062 2247 1224 2303 quam
1254 2231 1535 2287 imitantes
1563 2229 1593 2269 ι)
1625 2230 1735 2286 hae-

112 2328 279 2384 retici
309 2326 676 2382 snﬁ'odiuutur
705 2324 1210 2380 eteradicanturab
1234 2323 1473 2380 Ieremia
1496 2323 1735 2379 :idcirco

112 2418 213 2475 ubi
238 2418 433 2475 decem
480 2417 676 2489 jugera
722 2416 1032 2485 vinearum,
1084 2416 1202 2472 sive
1232 2416 1322 2471 ubi
1373 2416 1564 2472 decem
1605 2417 1733 2487 jnga

109 2510 286 2566 boum
312 2518 633 2580 operantur,
686 2506 887 2563 facient
943 2508 1126 2562 batum
1180 2523 1370 2575 unum,
1403 2519 1457 2563 et
1514 2509 1733 2577 triginta

110 2604 288 2659 modii
315 2602 585 2658 sementis
620 2599 820 2656 facient
851 2598 1211 2672 ephi(Jerem.
1248 2599 1425 2672 xvnt),
1457 2613 1513 2655 ut
1541 2600 1611 2656 de
1631 2599 1734 2657 de-

110 2697 284 2752 nario
314 2710 568 2761 numero,
600 2694 693 2765 qui
725 2694 779 2748 in
812 2692 1107 2760 Scripturis
1135 2694 1337 2748 sanctis
1366 2694 1628 2764 mysticus
1654 2702 1736 2748 at-

107 2804 233 2860 que
262 2788 535 2855 perfectus
560 2796 684 2841 est:
715 2786 858 2841 etde
891 2786 1207 2851 tricenario,
1244 2786 1296 2840 in
1349 2800 1458 2855 quo
1502 2785 1739 2856 pr0phe-

105 2881 269 2936 tavit
293 2880 544 2935 Ezechiel
574 2877 788 2952 (Ezeclt.
821 2877 888 2949 t),
920 2888 974 2932 et
1001 2876 1265 2933 Dominus
1296 2878 1601 2949 baptizatus
1653 2888 1737 2932 est

107 2972 285 3047 (Luc.
321 2972 424 3046 ιιι),
446 2971 765 3043 redigantur
792 2972 859 3024 ad
882 2971 1031 3040 ephi,
1063 2972 1156 3041 qtti
1185 2971 1253 3026 ad
1274 2972 1735 3040 comparationem

106 3066 445 3135 multiplicis
478 3064 717 3130 numeri,
763 3064 966 3118 unione
1005 3063 1424 3133 constringitur.
1457 3063 1609 3131 Quod
1641 3077 1740 3117 att-

108 3169 239 3214 tem
269 3157 559 3213 aedificatio
591 3166 645 3211 et
676 3156 1011 3227 agricultura
1051 3154 1323 3211 referatur
1344 3156 1409 3210 ad
1434 3157 1739 3226 intelligen-

1832 1953 1981 2010 batio
2008 1953 2246 2011 ebrietas
2275 1956 2557 2027 appellari,
2581 1973 2701 2026 quae
2723 1957 3035 2029 concipitur
3058 1958 3126 2013 de
3146 1959 3275 2013 vino
3289 1956 3440 2014 furo-

1834 2045 1908 2101 ris
1934 2045 2257 2114 draconum,
2290 2048 2429 2104 etde
2446 2050 2919 2121 venenoaspidum
2952 2050 3264 2119 insanabili,
3295 2050 3437 2121 quod

1834 2139 2079 2193 nonnulli
2132 2140 2323 2195 bibunt
2362 2142 2430 2196 ab
2480 2140 2848 2198 adolescentia
2908 2158 3079 2215 usque
3131 2143 3198 2198 ad
3244 2158 3439 2199 senec-

1837 2241 2024 2299 tutem,
2091 2230 2196 2288 hoc
2255 2242 2358 2299 est,
2424 2232 2493 2289 de
2556 2251 2716 2290 mane
2778 2252 2953 2307 usque
3024 2237 3091 2292 ad
3154 2251 3439 2308 vesperam

1837 2323 2018 2396 (Deut.
2079 2324 2271 2396 xxxii).
2322 2326 2430 2380 Alii
2489 2340 2625 2382 vero
2668 2325 2802 2381 hora
2866 2329 3055 2395 tertia,
3111 2338 3287 2388 sexta.
3353 2325 3441 2382 vel

1836 2425 2064 2485 nona,et
2112 2415 2392 2473 tntdccima
2415 2418 2750 2473 suscitantur
2773 2418 2843 2474 de
2865 2420 3136 2485 convivio,
3167 2430 3223 2474 et
3245 2417 3444 2473 dicitur

1836 2508 1903 2563 ad
1937 2525 2071 2563 eos:
2112 2507 2554 2581 Expergiscimini
2588 2512 2676 2577 qui
2722 2509 2855 2563 ebrii
2905 2511 3011 2582 77
3042 2512 3165 2565 estis
3213 2527 3245 2563 a
3299 2511 3435 2563 vino.

1836 2597 2015 2670 Super
2060 2599 2162 2655 hoc
2217 2600 2433 2668 vinum,
2492 2609 2546 2656 et
2582 2616 2746 2671 super
2787 2602 3164 2673 hujuscemodi
3209 2617 3340 2656 uvas
3376 2616 3441 2656 ac

1838 2692 2028 2747 vineas
2060 2693 2194 2761 pluit
2229 2692 2492 2747 Dominus
2534 2694 2762 2764 sulphur
2794 2705 2850 2749 et
2881 2696 3059 2765 ignem
3094 2713 3119 2749 :t
3154 2694 3390 2752 Domino
3423 2712 3438 2749 :

1837 2794 1891 2838 et
1924 2786 2253 2855 quicumque
2302 2799 2370 2839 ex
2406 2799 2593 2839 earum
2626 2784 2754 2840 vino
2787 2787 3016 2853 biberit,
3049 2796 3245 2842 aestuat
3275 2795 3440 2857 atque

1839 2873 2196 2930 comburitur.
2241 2875 2494 2943 Requirit
2531 2877 2796 2934 citharam
2828 2888 2884 2935 et
2909 2880 3253 2950 psalterium,
3285 2880 3443 2951 cujus

1841 2977 2095 3036 repertor
2116 2968 2397 3035 estJubal,
2418 2970 2484 3023 de
2507 2969 2642 3024 Cain
2657 2972 2830 3040 stirpe
2856 2971 3328 3042 generatus(Cen.
3345 2972 3444 3045 tv),

1844 3073 1946 3114 nec
1969 3059 2118 3112 audit
2148 3060 2438 3113 Dominum
2468 3060 2741 3115 dicentem
2774 3062 2842 3116 ad
2883 3062 3067 3117 Aaron
3117 3081 3130 3117 :
3172 3063 3361 3118 Vinum
3396 3075 3448 3119 et

1842 3148 2060 3203 siceram
2083 3166 2185 3203 non
2212 3149 2392 3203 bibetis
2416 3158 2471 3203 tu
2494 3160 2540 3204 et
2563 3149 2664 3221 ﬁlii
2685 3152 2781 3215 tui,
2810 3155 3020 3223 quando
3044 3156 3374 3226 ingredimini
3394 3158 3447 3211 in

103 3254 260 3308 tiam
278 3250 782 3321 spiritalem,etiam
800 3249 1043 3303 alioloco
1057 3249 1255 3304 Paulus
1272 3251 1553 3319 apostolus
1582 3250 1742 3305 docet
1768 3247 1814 3309 C
1847 3241 2241 3296 tabernaculum
2271 3243 2568 3309 testimonii,
2612 3253 2699 3297 aut
2727 3246 2979 3299 accedetis
3007 3247 3076 3299 ad
3102 3249 3268 3301 altare
3296 3248 3445 3321 (Lee.

104 3341 358 3418 (Ep/tes.
391 3342 493 3410 tv),
510 3338 766 3393 fundatos
779 3349 833 3393 et
853 3339 1198 3394 radicatosin
1214 3341 1481 3395 cltaritate
1508 3341 1739 3396 creden-

1846 3348 1903 3399 ιι,
1943 3332 2022 3403 8).
2058 3332 2165 3387 Has
2203 3332 2444 3387 citharas
2469 3375 2485 3400 ,
2518 3343 2571 3388 et
2601 3334 2771 3405 lyras,
2806 3346 3230 3408 tympanumque
3252 3380 3266 3405 ,
3298 3351 3354 3395 et
3384 3341 3453 3395 ti-

103 3447 209 3493 tes
227 3442 714 3491 essecontestans.
734 3430 1618 3503 UndeetEcclesiastes(Eccl.tt),
1638 3450 1743 3489 non
1849 3429 1968 3483 bias
2006 3442 2101 3482 rex
2146 3427 2479 3499 Babylonius
2511 3427 2721 3495 habuit,
2754 3431 2952 3500 quibus
2991 3435 3446 3504 consonantibus,

107 3531 311 3586 solum
338 3525 445 3583 sibi
464 3524 762 3581 aedificavit
793 3524 1011 3589 domos,
1044 3524 1138 3579 sed
1173 3526 1435 3594 plantavit
1463 3514 1750 3590 vineas,'et
1847 3521 2227 3576 universarum
2250 3519 2493 3589 gentium
2526 3522 2708 3591 populi
2742 3526 3302 3592 prosternebanturin
3334 3537 3447 3584 ter-

111 3621 265 3677 fecit
286 3620 479 3673 honos
499 3627 556 3673 et
580 3616 917 3686 pomaria,et
941 3615 1175 3670 instituit
1195 3630 1389 3671 omnes
1409 3616 1636 3671 arbores
1655 3632 1749 3685 po-
1848 3628 1991 3681 ram,
2018 3623 2073 3666 et
2104 3611 2406 3667 adorabant
2436 3628 2654 3669 auream
2687 3626 2918 3670 statuam
2954 3618 3120 3691 (Dan.
3155 3631 3256 3691 Ill).
3291 3620 3455 3688 Quod:

109 3710 778 3779 miferas,exstrnxitqne
795 3708 1051 3778 piscinas,
1071 3708 1742 3779 ntirrigaret'jasaltum.
1848 3717 2028 3761 autem
2063 3706 2295 3775 primum
2340 3717 2552 3776 tempus
2592 3707 2841 3765 humana:
2879 3711 3184 3782 sapientiai,
3228 3713 3448 3785 quando

111 3806 315 3861 Porro
345 3802 583 3857 haeretici
615 3798 903 3869 imaginem
944 3807 1152 3853 tantum
1179 3801 1439 3855 habentes
1472 3800 1749 3854 ntnbram—
1850 3796 2166 3869 egredimur
2217 3798 2525 3867 pueritiam,
2587 3810 2640 3855 et
2693 3802 2758 3856 ad
2814 3805 3139 3871 rationalem
3201 3812 3454 3863 venimus

111 3915 248 3969 que
264 3896 549 3962 virtutum,
580 3902 636 3949 et
667 3907 772 3947 non
802 3893 971 3963 ipsam
1001 3893 1310 3959 veritatem,
1334 3893 1539 3963 absque
1572 3893 1749 3948 fructu
1852 3897 2093 3958 atatem,
2129 3906 2289 3947 mane
2329 3892 2382 3945 iit
2422 3892 2720 3963 Scripturis
2750 3895 3108 3967 intelligatur,
3143 3900 3307 3953 multa
3342 3913 3453 3957 tes-

111 4005 393 4061 opertnn,
424 3988 715 4043 verborum
745 3985 873 4041 folia
907 3985 1257 4055 pollicentur.
1294 3985 1369 4041 De
1396 4000 1624 4055 quorum
1662 4000 1752 4039 ar—
1853 3986 2079 4039 timonia
2136 3984 2335 4040 docere
2367 4000 2467 4041 nos
2521 3996 2776 4056 poterunt
2827 4008 2840 4043 :
2873 3991 2942 4045 de
2977 3992 3174 4060 quibus
3214 3995 3454 4064 exempli

113 4086 377 4146 boribus
402 4084 535 4140 dicit
556 4085 851 4140 Dominus:
905 4080 1085 4136 Omnis
1127 4081 1410 4151 plantatio,
1438 4098 1593 4151 quam
1646 4098 1750 4135 non
1855 4093 2019 4135 causa
2052 4077 2300 4149 ponenda
2335 4090 2462 4134 sunt
2494 4094 2663 4149 pauca
2698 4097 2710 4133 :
2742 4078 2902 4134 Mane
2925 4083 3186 4136 mittebam
3218 4081 3457 4156 PrOpIte-

112 4179 399 4256 plantavit
427 4176 583 4232 Pater
606 4194 747 4232 meus
777 4177 1015 4240 cazlestis,
1043 4175 1390 4230 eradicabitur
1411 4175 1627 4245 (Matth.
1660 4192 1751 4239 xv,
1856 4180 1970 4236 tas;
1992 4181 2046 4225 et
2082 4191 2095 4228 :
2127 4170 2284 4226 Mane
2303 4174 2550 4227 exaudiet:
2582 4175 2871 4229 orationem
2890 4190 3076 4230 meam.
3110 4176 3268 4233 Mane
3301 4179 3421 4233 θεῶν

117 4275 266 4345 15).
304 4274 378 4327 De
427 4272 589 4326 vinea
636 4275 781 4326 enim
826 4268 1193 4325 Sodomorum
1234 4267 1388 4321 vinea
1440 4282 1651 4333 eorum,
1700 4276 1758 4322 et
1860 4273 1965 4317 tam
1993 4264 2108 4330 tibi,
2156 4277 2204 4319 et
2243 4263 2421 4318 videbo
2452 4264 2570 4336 (Ps.
2606 4282 2658 4333 v,
2693 4267 2747 4331 4,
2783 4266 2868 4339 5);
2903 4277 2957 4323 et
2990 4288 3004 4325 :
3043 4268 3117 4323 De
3159 4281 3305 4325 nocte
3332 4284 3463 4329 em.

115 4378 395 4439 prOpago
424 4377 609 4417 eorum
641 4362 707 4417 de
736 4362 1040 4417 Gomorra:
1070 4358 1186 4415 Uva
1217 4373 1431 4425 eorum,
1464 4374 1565 4412 uva
1588 4357 1754 4425 fellis,
1858 4364 2033 4426 surget
2085 4355 2297 4426 spiritus
2335 4372 2478 4410 ntens
2519 4355 2637 4424 (Ps.
2684 4373 2817 4424 uti,
2846 4358 2934 4429 ι);
2985 4368 3039 4414 et
3072 4377 3086 4414 :
3121 4359 3291 4429 Deus,
3321 4360 3465 4418 Deus

116 4470 191 4517 et
232 4458 433 4512 liotrns
451 4454 831 4509 amaritudinis
860 4453 964 4519 eis,
1018 4451 1171 4507 furor
1222 4451 1518 4507 draconum
1570 4451 1756 4506 vinum
1862 4464 2027 4514 meus,
2060 4448 2129 4500 ad
2150 4457 2197 4499 te
2225 4448 2288 4499 de
2318 4448 2430 4500 luce
2453 4447 2612 4517 vigilo
2642 4448 2760 4520 (Ps.
2785 4465 2839 4515 c,
2868 4450 2956 4519 8);
2989 4460 3044 4507 et
3069 4470 3081 4505 :
3107 4452 3175 4506 In
3196 4455 3465 4509 matutinis

115 4564 371 4612 eorum,
405 4557 460 4601 et
487 4546 634 4601 furor
684 4544 932 4616 aspidem
978 4543 1295 4599 insanabilis
1353 4540 1535 4615 (Deut.
1585 4558 1759 4612 xxxii,
1862 4538 2239 4607 interﬁciebam
2277 4553 2452 4590 omnes
2483 4549 2773 4607 peccatores
2807 4549 2976 4607 territa,
3028 4552 3085 4596 ut
3116 4544 3469 4616 disperderem

115 4643 239 4704 ‘52,
277 4640 473 4710 seqq.).
1789 4627 1846 4688 D
1871 4630 1937 4685 de
1981 4630 2187 4684 civitate
2233 4625 2446 4681 Domini
2474 4644 2648 4682 omnes
2693 4631 2783 4699 qui
2828 4643 3109 4701 operantur
3151 4636 3474 4705 iniquitatem

212 4732 413 4798 (Vers.
448 4730 534 4794 ll,
562 4729 672 4802 42.)
716 4728 805 4784 Vie
822 4729 912 4798 qui
962 4730 1269 4802 consurgitis
1324 4745 1475 4784 mane
1499 4730 1568 4784 ad
1608 4729 1772 4784 ebrie-
1874 4722 1996 4795 (Ps.
2024 4737 2181 4789 xxix,
2216 4719 2304 4792 7);
2339 4721 2471 4775 etin
2512 4720 2619 4774 alio
2648 4720 2771 4776 loco
2806 4721 2926 4775 :Ad
2951 4737 3211 4793 vesperam
3236 4724 3478 4780 demora-

123 4838 318 4882 tatem
370 4823 666 4877 sectandam
697 4832 747 4875 et
775 4820 1062 4893 potandum
1105 4836 1267 4890 usque
1285 4820 1353 4872 ad
1376 4836 1664 4891 vesperam,
1711 4829 1767 4875 ut
1874 4815 2012 4869 bitur
2039 4814 2210 4884 ﬂetus,
2241 4821 2291 4867 et
2310 4813 2379 4867 ad
2404 4813 2715 4867 matutinum
2742 4812 2947 4877 lwtitia,
2979 4823 3035 4868 et
3063 4824 3258 4869 caetera
3293 4816 3377 4871 his
3407 4817 3481 4874 si-

118 4918 278 4973 vino
307 4913 557 4968 atstuetis.
591 4912 829 4978 Cithara,
860 4921 908 4966 et
925 4910 1063 4982 lyra,
1098 4920 1420 4981 tympanum,
1451 4922 1498 4966 et
1524 4912 1672 4979 tibia,
1695 4911 1775 4965 vi-
1877 4905 2046 4960 milia.
2096 4904 2495 4975 Consurgimus
2538 4916 2722 4959 autem
2767 4903 2837 4959 de
2876 4920 3059 4973 mane,
3091 4907 3313 4978 quando
3352 4909 3482 4965 vitia

122 5022 289 5067 num
319 5007 371 5060 in
399 5006 646 5060 conviviis
675 5005 895 5059 vestris:
925 5014 973 5059 et
1003 5021 1134 5076 opus
1168 5003 1377 5057 Domini
1429 5020 1532 5057 non
1552 5005 1773 5075 respici-
1879 5000 2237 5070 relinquimus
2274 4999 2330 5053 in
2373 4999 2626 5068 pueritia,
2661 5005 2718 5053 et
2748 4998 2934 5054 dicere
2972 5015 3270 5070 possumus
3302 5020 3316 5057 :
3350 5001 3485 5059 Pec-

125 5105 241 5171 tis,
282 5115 382 5154 nec
411 5114 569 5171 opera
598 5114 845 5151 manuum
870 5098 985 5166 ejus
1013 5096 1373 5151 consideratis.
1400 5095 1508 5149 Pro
1534 5096 1772 5150 ebrieta-
1882 5101 1999 5147 cata
2018 5092 2308 5165 juventutis
2339 5107 2468 5144 meae
2486 5101 2534 5145 et
2563 5091 2876 5162 ignorantia:
2896 5109 2960 5146 ne
2977 5095 3274 5150 memineris
3306 5095 3489 5166 (Psal.

124 5207 222 5262 te,
240 5207 426 5262 quam
444 5190 637 5260 Aquila
655 5188 1610 5259 estinterpretatusetSymmachus,
1634 5185 1781 5242 LXX
1886 5201 2034 5252 xxiv,
2075 5184 2154 5255 7).
2196 5186 2442 5254 Ortoque
2487 5183 2645 5239 nobis
2676 5184 2794 5239 sole
2819 5185 3069 5255 justitize,
3116 5188 3375 5260 fugantur
3406 5200 3489 5247 te-

123 5291 348 5360 ipsum
385 5282 713 5337 llebraicum
777 5290 1078 5352 posuerunt
1124 5296 1354 5338 srcsaau
1401 5279 1583 5352 (Ὃν),
1641 5279 1786 5351 quod
1886 5281 2095 5346 nebrat,
2137 5288 2193 5334 et
2237 5280 2422 5333 statim
2463 5279 2826 5336 interlicimus
2865 5294 3061 5334 omnes
3099 5282 3494 5348 cogitationes,

125 5392 395 5441 omnem
423 5375 697 5446 significat
721 5377 1020 5445 p0tionem.
1078 5391 1199 5444 qttze
1246 5375 1529 5430 inebriare
1584 5381 1787 5441 potest,
1892 5388 2015 5443 qua:
2048 5371 2114 5425 ad
2156 5379 2379 5441 peccata
2419 5386 2520 5426 nos
2551 5380 2869 5442 provocant,
2904 5378 2960 5422 et
2988 5368 3058 5421 de
3087 5368 3311 5422 civitate
3342 5386 3498 5425 men-

125 5485 201 5535 ει
226 5479 457 5530 statum
482 5466 686 5522 mentis
717 5476 989 5522 evertere.
1021 5465 1209 5535 Argnit
1235 5474 1417 5521 autem
1461 5465 1614 5534 juxta
1659 5479 1795 5519 con-
1901 5464 1973 5519 tis
2019 5470 2224 5516 nostrae
2267 5461 2389 5516 illos
2430 5459 2795 5532 disperdintus
2829 5466 3175 5525 peccatores,
3207 5457 3275 5514 de
3304 5460 3505 5526 quibus

131 5561 738 5637 sequentiamcaaptac
760 5557 1160 5628 explanationis
1192 5556 1462 5627 agricolas
1484 5553 1680 5620 vincte,
1707 5557 1800 5625 qui
1905 5554 2161 5612 Salvator
2218 5552 2459 5622 loquitur
2506 5570 2519 5607 :
2581 5551 2660 5605 De
2718 5547 2872 5603 corde
2921 5558 3108 5602 exeunt
3170 5548 3507 5619 cogitationes

1909 5690 2144 5747 Acharn.
2171 5690 2291 5744 Act.
2325 5702 2365 5753 ι,
2389 5701 2466 5740 sc.
2495 5687 2553 5751 2,
2577 5705 2629 5758 p.
2655 5688 2783 5743 ⁸5³75.
2867 5726 2883 5758 _.

233 5714 267 5742 ο
308 5696 527 5769 Ερίριι.
564 5694 634 5749 de
659 5694 832 5748 Pond.
867 5704 921 5749 et
951 5706 1194 5746 mensur.
1230 5710 1242 5744 :
1278 5691 1530 5768 ’Aprézén'
1561 5695 1713 5743 τοῦτο

233 5792 378 5824 rami
408 5767 541 5824 παρ’
565 5765 870 5824 Αἰγυπτίοις
898 5765 1095 5822 tusses.
1129 5762 1323 5816 Artaba
1347 5764 1459 5814 haec
1483 5773 1725 5811 mensura

1909 5691 2144 5747 Acharn.
2171 5691 2291 5744 Act.
2325 5702 2365 5753 ι,
2389 5701 2466 5740 sc.
2495 5691 2553 5751 2,
2577 5705 2629 5758 p.
2655 5691 2783 5743 5'75.
2876 5726 2883 5731 -
3075 5751 3085 5761 .

1988 5759 2015 5799 ³³
2040 5759 2098 5816 ιιι
2119 5759 2324 5823 Vatic.,
2361 5774 2513 5824 quam
2538 5759 2830 5812 amittentes
2856 5752 3108 5814 lueretict,
3133 5761 3240 5804 etc.

2285 5796 2324 5823 ’9

148 5759 379 5853 μέτροῦ
408 5759 541 5850 ᾑαβ
565 5765 1095 5853 Δὶχγπτίοιςοξκλήθῖι.
1117 5762 1323 5853 Ιᾼνιξιιιιι
1344 5759 1725 5853 rrec-metussi?
1744 5759 1807 5853 abl

154 5827 825 5919 Ὲᾶυριὶἱίαρρεῖιαων.
850 5827 951 5892 Sic
981 5832 1305 5889 scholiastes
1332 5827 1718 5897 Aristophanis
1747 5829 1813 5881 ad
