4008 6298
546 298 619 357 85

1783 291 1843 347 8.
1883 288 2161 348 ευεεωι
2195 288 2575 349 ΜΕΒΟΝῚἯΙ

3792 283 3863 340 ει

542 412 718 479 matre,
747 410 1045 475 homicidia,
1084 408 1369 473 adulteria,
1394 407 1784 480 fornicationes,
1817 409 1984 479 furta,
2013 407 2153 478 falsa
2173 413 2228 473 Α
2252 422 2375 464 esse
2402 407 2697 472 mortales;
2722 416 2777 464 et
2803 416 2998 464 cuncta
3032 405 3196 462 rebus
3220 406 3461 479 expleta,
3481 422 3605 477 qua:
3626 412 3861 462 ventura

547 503 861 568 testimonia,
895 498 1233 571 blasphemia:
1277 498 1494 573 (Matth.
1538 516 1630 568 xv,
1681 499 1796 571 i9),
1828 509 1882 557 et
1912 500 2147 571 reliqua.

554 597 913 657 infelicissimi
955 607 1139 655 autem
1166 606 1293 653 sunt
1323 596 1418 668 qui
1446 596 1513 655 de
1543 610 1704 651 mane
1731 609 1905 665 usque
1933 593 2005 651 ad
2032 609 2153 650 ves-

552 708 738 765 peram
790 691 1094 761 ebrietate,
1137 691 1269 764 gula
1299 695 1357 746 et
1393 689 1628 747 diversis
1660 689 2031 760 voluptatibus
2060 702 2156 744 oc-

550 784 761 855 cupati,
781 798 888 838 non
923 782 1241 853 intelligunt
1270 782 1329 839 ia
1346 797 1407 838 se
1437 797 1605 852 opera
1621 780 1857 847 Domini,
1890 795 1992 836 nec
2020 794 2147 836 conv

551 876 798 932 siderant
827 890 928 928 cur
958 873 1127 929 creati
1159 883 1304 931 sunt.

624 966 809 1039 (Vere.
856 963 973 1036 i5.)
1004 964 1292 1040 Propterea
1331 965 1515 1021 ductus
1556 973 1628 1020 est
1669 967 1901 1038 captivus
1929 966 2159 1038 populus

552 1075 719 1125 meus,
753 1058 878 1130 quia
905 1075 1007 1112 non
1033 1057 1214 1115 habuit
1234 1058 1500 1115 scientiam
1521 1073 1540 1113 ε
1563 1066 1611 1112 et
1636 1058 1835 1114 nobiles
1856 1062 1970 1131 ejus
1996 1060 2157 1113 inter-

556 1153 730 1206 ierunt
778 1155 915 1222 fame
940 1193 954 1217 ,
1002 1160 1049 1205 et
1088 1150 1366 1206 multitudo
1406 1153 1525 1222 ejus
1564 1151 1651 1206 siti
1692 1151 1916 1206 exaruit.
1960 1159 1985 1187 ἰ
2030 1150 2160 1208 Haec

550 1244 706 1314 juxta
751 1244 990 1300 litteram
1019 1244 1130 1317 78
1157 1244 1429 1300 accidisse
1461 1245 1666 1316 popqu
1711 1244 2026 1301 Judaeorum
2054 1246 2158 1303 sub

553 1337 896 1405 Vespasiano
926 1346 980 1393 et
1002 1338 1126 1393 Tito
1156 1338 1420 1395 lioraanis
1445 1338 1811 1409 principibus,
1829 1348 1939 1395 tam
1966 1339 2159 1396 Grmca

553 1446 720 1500 quam
754 1428 943 1487 Latina
971 1441 1153 1487 narrat
1186 1432 1441 1489 historia.
1470 1432 1629 1501 Quod
1657 1432 1880 1504 quidem
1909 1445 1963 1489 et
1989 1434 2155 1504 spiri-

558 1523 790 1579 tualiter
836 1523 1001 1579 hodie
1051 1539 1267 1597 quoque
1299 1525 1623 1594 patiuntur,
1671 1526 2010 1583 sustinentes
2047 1541 2157 1583 non

556 1614 758 1671 fantem
785 1615 961 1685 panis,
982 1632 1160 1688 neque
1191 1618 1346 1675 sitim
1370 1632 1547 1689 aquae,
1562 1619 1656 1675 sed
1686 1617 1885 1677 famem
1900 1620 2160 1677 audiendi

560 1710 833 1765 sermonis
877 1708 1009 1767 Dei:
1039 1711 1164 1782 quia
1197 1726 1299 1768 nec
1340 1725 1704 1784 reSpexerunt
1733 1729 1873 1785 Opus
1894 1715 2113 1772 Domini
2138 1757 2158 1785 ,

2254 515 2352 571 per
2383 500 2686 570 Prophetas
2714 500 2984 556 Dominus
3023 499 3327 556 nuntiarat.
3374 498 3635 556 informs
3673 508 3863 556 autem

2253 593 2488 647 striatam
2518 591 2721 648 habere
2744 592 2949 647 dicitur
2973 635 2989 657 ,
3016 606 3131 646 non
3161 590 3307 661 quod
3334 590 3538 645 animal
3566 590 3643 645 sit
3663 631 3679 657 ,
3702 589 3864 661 juxta

2254 701 2498 743 errorem
2526 688 2888 759 quorumdam
2909 705 2924 755 ;
2945 687 3040 743 sed
3062 686 3209 759 quod
3235 686 3422 743 verbis
3448 686 3706 742 humanas
3727 700 3861 743 coa-

2253 779 2561 835 suotudiuis
2584 820 2599 845 ,
2625 795 2815 835 rerum
2848 779 3251 835 insensibilium
3278 781 3653 851 exprimamus
3686 780 3859 836 aﬂ‘ee-

2256 882 2371 929 tum
2400 915 2414 939 ,
2444 873 2590 945 quod
2614 874 2940 930 insatiabilis
2961 874 3063 940 sit,
3094 883 3152 930 et
3182 888 3482 945 numquam
3510 882 3861 931 mortuorum

2258 965 2607 1021 multitudine
2635 966 3001 1036 compleatur.
3031 966 3320 1034 Quomodo
3348 977 3406 1023 et
3437 968 3494 1022 in
3536 976 3708 1021 manu
3751 966 3861 1021 lin-

2256 1076 2376 1131 guae
2402 1074 2550 1116 mors
2578 1059 2779 1116 dicitur
2806 1059 2992 1127 (Prov.
3024 1062 3182 1129 svnt)
3206 1101 3221 1126 ,
3246 1069 3304 1116 et
3330 1061 3687 1133 omnipotens
3718 1061 3863 1118 Dens

2261 1153 2533 1210 Sabbatha
2559 1194 2576 1221 ,
2608 1163 2664 1209 et
2700 1152 3029 1209 Neomenias
3054 1153 3372 1211 Judmorum
3403 1154 3591 1210 odisse
3620 1154 3862 1225 loquitur

2260 1248 2497 1303 animam
2527 1260 2681 1302 suam
2708 1243 2863 1322 (luti.
2898 1246 2960 1317 ι).
2984 1245 3262 1317 Quidquid
3289 1246 3358 1301 de
3383 1244 3590 1317 populo
3618 1246 3861 1302 diximus

2258 1337 2569 1393 Judaeum.»
2594 1379 2612 1406 ,
2664 1337 3008 1410 lropolugice
3058 1339 3251 1393 referri
3302 1346 3483 1408 potest
3513 1338 3579 1392 ad
3626 1353 3727 1393 eos
3767 1336 3857 1409 qui

2259 1430 2448 1485 saeculi
2473 1430 2688 1485 deliciis
2709 1432 2983 1500 occupati,
3019 1442 3123 1486 nec
3145 1431 3511 1502 respicientes
3533 1444 3701 1501 opera
3726 1428 3855 1496 Dei,

2260 1520 2463 1591 captivi
2491 1521 2766 1577 ducuntur
2788 1522 2844 1576 in
2879 1530 3161 1593 peccaturo
3186 1563 3202 1588 ,
3233 1530 3288 1578 et
3317 1539 3424 1578 non
3444 1522 3661 1597 habent
3682 1524 3859 1580 scien-

2261 1614 2394 1670 tiam
2433 1614 2563 1669 Dei:
2607 1624 2665 1671 et
2706 1614 2910 1671 idcirco
2952 1615 3096 1671 fama
3121 1624 3177 1673 et
3200 1615 3294 1671 siti
3321 1625 3559 1686 pereunt
3587 1617 3859 1674 bonorum

2262 1724 2491 1780 operum
2514 1719 2679 1780 atque
2702 1709 3053 1776 virtutum,et
3075 1708 3441 1765 detrahentur
3456 1711 3508 1765 in
3527 1711 3860 1782 gehennam,

560 1816 663 1857 nec
692 1799 1184 1858 consideraveruut
1217 1818 1387 1871 opera
1413 1819 1670 1860 ntauuum
1692 1804 1836 1875 ejus,
1860 1820 2039 1876 neque
2063 1807 2161 1861 ha-
2189 1823 2238 1882 Β
2265 1800 2449 1873 ibique
2497 1802 2725 1857 aeternis
2769 1802 3110 1858 cruciatibus
3156 1803 3403 1874 deputati
3430 1844 3446 1869 ,
3479 1804 3783 1874 potentiam
3811 1815 3862 1861 et

568 1894 809 1950 buerunt
839 1894 959 1965 ejus
988 1896 1279 1953 scientiam
1304 1938 1320 1961 ,
1352 1897 1442 1966 qui
1475 1912 1695 1968 semper
1719 1899 1935 1955 locutus
1955 1911 2042 1958 est
2068 1916 2167 1972 per

565 1989 875 2061 Prophetas
915 1990 1118 2064 (Amos.
1165 1988 1306 2063 νηί).
1341 1990 1495 2048 Unde
1522 2001 1578 2047 et
1606 1993 1660 2048 in
1690 1992 1925 2050 Psalmis
1965 1994 2169 2051 dicitur

570 2081 640 2137 de
666 2081 770 2135 eis:
803 2080 1175 2136 Convertentur
1199 2081 1269 2135 ad
1293 2098 1579 2153 vesperam,
1615 2092 1663 2138 et
1688 2088 1879 2156 funem
1904 2088 2170 2158 patientur

570 2184 627 2229 ut
651 2191 802 2230 canes
821 2216 839 2240 ,
868 2184 913 2229 et
940 2174 1225 2231 circuibunt
1252 2177 1504 2232 civitatem
1535 2176 1652 2239 (Ps.
1680 2195 1828 2247 ινιιι,
1867 2180 1976 2253 iii).
2008 2182 2168 2251 Quod

570 2278 752 2324 autem
783 2270 967 2326 omnis
1007 2284 1191 2326 sermo
1236 2256 1507 2326 doctrinm
1531 2315 1546 2339 ,
1585 2272 1741 2343 panis
1778 2274 2088 2344 appelletur
2112 2284 2170 2332 et

568 2354 751 2432 aqtta,
785 2360 926 2417 illud
953 2359 1115 2418 decet
1156 2362 1579 2435 Evangelicum:
1626 2364 1753 2420 Non
1793 2367 1849 2421 in
1888 2368 2001 2422 solo
2037 2384 2172 2439 pane

568 2454 691 2510 vivit
726 2452 883 2509 homo
907 2496 922 2518 ,
958 2454 1051 2509 sed
1081 2456 1136 2508 in
1162 2456 1301 2509 enini
1340 2458 1493 2511 verba
1519 2456 1659 2527 quod
1693 2457 1963 2526 egreditur
1995 2462 2059 2513 de
2084 2475 2174 2515 ore

572 2547 672 2602 Dei
690 2547 843 2618 (Luc.
874 2564 948 2611 tv,
976 2547 1033 2620 4)
1054 2560 1081 2603 .'
1101 2546 1193 2614 Et,
1214 2548 1535 2621 Quicumque
1561 2550 1745 2605 biberit
1774 2552 1837 2605 de
1858 2568 2173 2622 commotius

575 2640 765 2695 dedero
796 2641 866 2707 ei,
895 2655 1000 2695 non
1024 2640 1158 2695 sitiet
1187 2642 1242 2694 in
1271 2648 1520 2697 reternum
1548 2641 1733 2712 (loco.
1765 2656 1839 2710 Iv,
1873 2643 1987 2715 1'5).
2023 2644 2089 2699 Et
2117 2645 2171 2700 in

575 2732 791 2801 psilmo
817 2731 1020 2787 dicitur
1041 2751 1079 2793 ε,
1099 2731 1273 2807 Super
1313 2751 1478 2803 aquas
1503 2736 1801 2808 refectionia
1826 2738 2063 2792 educavit
2092 2755 2175 2794 me

575 2823 697 2896 (1‘s.
723 2839 839 2880 χχιι
861 2864 878 2892 ,
908 2824 993 2896 2).
1027 2824 1183 2882 Unde
1209 2835 1265 2883 et
1297 2828 1560 2883 Dominus
1588 2844 1700 2884 non
1727 2830 1841 2884 vult
1870 2832 2176 2887 esurientes

577 2920 631 2973 in
663 2934 851 2974 eremo
878 2918 1157 2976 dimittere
1184 2962 1199 2987 ,
1249 2936 1317 2976 oe
1343 2922 1652 2993 lassentnr;
1697 2932 1751 2979 et
1780 2934 2040 2979 corruant
2066 2966 2081 2991 ,
2117 2933 2174 2980 ct

579 3008 983 3065 interﬁciuntur
1006 3009 1152 3066 [atrio
1178 3011 1399 3081 (Matth.
1433 3012 1545 3083 sv).
1584 3013 1649 3068 Et
1671 3013 1740 3069 de
1767 3015 1914 3084 justo
1937 3017 2055 3070 viro
2084 3016 2173 3071 di-

575 3105 750 3159 citur:
781 3103 997 3160 Juvenis
1023 3103 1104 3176 {ui
1124 3146 1138 3168 ,
1166 3114 1217 3160 et
1239 3106 1388 3161 senui
1412 3144 1427 3171 ,
1459 3116 1505 3161 rt
1534 3122 1635 3161 non
1663 3108 1768 3162 vidi
1788 3109 1991 3178 filerunt
2021 3110 2172 3163 dere.

572 3199 879 3261 Iictum,aec
904 3215 1074 3255 semen
1100 3200 1212 3264 eius
1238 3216 1475 3269 quarens
1498 3215 1685 3270 panem
1711 3197 1830 3271 (Ps.
1859 3200 2170 3271 usvlﬁﬁ).
2202 3206 2248 3269 C

579 3290 810 3358 Quidam
832 3291 934 3347 hoc
956 3291 1103 3361 quod
1130 3292 1358 3346 dicitur:
1378 3290 1623 3364 Captivus
1645 3293 1828 3347 ductus
1849 3301 1924 3347 est
1947 3293 2175 3365 populus

577 3400 718 3438 meus
743 3429 756 3452 ,
788 3385 909 3456 quia
941 3400 1044 3438 non
1072 3383 1249 3439 habuit
1277 3385 1543 3439 scientiam
1568 3404 1580 3438 ;
1608 3394 1657 3440 et
1687 3386 1885 3441 nobiles
1910 3389 2021 3459 ejus
2042 3387 2177 3441 inte-

573 3478 769 3533 rierunt
795 3482 954 3549 fame,
985 3488 1032 3532 et
1060 3479 1338 3532 multitudo
1360 3479 1472 3541 eius
1490 3479 1579 3533 siti
1599 3481 1823 3540 exaruit.
1846 3481 2177 3549 generaliter

579 3570 648 3623 de
692 3570 885 3625 inferis
912 3611 925 3633 ,
969 3580 1021 3622 ct
1050 3570 1301 3639 gehenna
1331 3569 1685 3637 interpretari
1723 3558 1911 3627 volunt
1936 3613 1950 3635 ,
1985 3573 2039 3627 in
2069 3588 2176 3644 qua

582 3662 839 3729 punietur
870 3663 1053 3716 omnis
1077 3662 1167 3729 qui
1201 3663 1296 3718 Dei
1328 3678 1435 3718 non
1470 3663 1716 3719 habuerit
1742 3666 2053 3721 scientiam.

657 3753 837 3826 (Vere.
872 3755 960 3821 i4,
987 3755 1104 3827 i5.)
1120 3754 1404 3827 Drapterea
1433 3756 1671 3811 dilatavit
1694 3758 1928 3830 infernus
1948 3758 2178 3814 animum

583 3864 729 3902 suam
754 3889 770 3912 ,
804 3856 849 3903 et
878 3849 1082 3920 aperuit
1111 3864 1170 3903 os
1194 3865 1343 3905 suum
1371 3848 1564 3920 absque
1593 3849 1703 3903 ullo
1728 3851 1978 3917 termino,
2009 3860 2057 3904 et
2082 3854 2174 3907 dc-

581 3942 825 3996 scendent
852 3942 1013 4011 fortes
1038 3944 1150 4014 ejus
1175 3985 1188 4008 ,
1221 3951 1269 3997 et
1297 3941 1522 4015 populus
1550 3946 1682 4016 ejus,
1715 3954 1765 3999 et
1791 3944 2037 3999 sublimes
2065 3944 2188 4018 gtog

581 4034 808 4105 riosique
834 4035 946 4108 ejus
969 4034 1039 4089 ad
1062 4051 1202 4090 cuin.
1235 4034 1302 4090 Et
1330 4036 1682 4090 incurvabitur
1708 4035 1862 4092 homo
1885 4078 1900 4103 ,
1932 4048 1980 4091 et
2008 4039 2177 4093 humi-

579 4127 792 4182 liabitur
820 4130 929 4195 vir,
962 4136 1010 4182 et
1041 4127 1179 4183 oculi
1205 4130 1505 4184 sublimium
1534 4128 1904 4196 deprimeutur.
1928 4131 2032 4199 Qui
2057 4147 2179 4187 sur-

577 4228 842 4277 rexerunt
871 4235 1033 4277 mane
1054 4229 1120 4277 ad
1144 4222 1460 4277 sectandam
1487 4221 1741 4287 siceram,
1773 4232 1828 4277 et
1851 4238 2177 4293 permanasc-

561 4321 711 4368 runt
729 4314 781 4367 in
809 4313 1074 4370 ebrietate
1096 4328 1268 4383 usque
1290 4312 1358 4369 ad
1387 4328 1695 4382 vesperam,
1720 4324 1776 4371 et
1805 4315 2084 4384 voluptate
2111 4330 2176 4372 ac

579 4403 792 4461 deliciis
831 4405 1105 4475 occupati,
1132 4420 1273 4475 opus
1308 4404 1521 4460 Domini
1550 4406 1828 4476 respicere
1857 4408 2172 4475 noluerunt,

581 4512 683 4554 nec
715 4512 880 4568 opera
911 4513 1170 4554 manuum
1191 4497 1311 4568 ejus
1330 4499 1685 4569 contemplati
1706 4509 1854 4565 sunt,
1887 4509 2173 4571 propterea

2265 1894 2577 1964 superbiant
2614 1896 2833 1950 miseria
2862 1907 3093 1952 cernent
3120 1905 3180 1952 et
3210 1896 3524 1954 humilitate
3551 1901 3777 1954 mutari.

2338 1989 2523 2062 (Vcrs.
2558 1988 2673 2063 ili.)
2705 1989 2773 2044 Et
2810 1989 3130 2046 exaltabitur
3165 1990 3421 2047 Dominus
3463 1994 3787 2048 exercituum
3814 1996 3865 2049 in

2257 2082 2463 2156 judicio
2495 2098 2513 2137 :
2544 2091 2592 2136 et
2639 2082 2779 2136 Deus
2828 2092 3037 2139 sanctus
3082 2083 3497 2154 sanctiﬁeabitur
3540 2085 3595 2139 in
3634 2087 3863 2156 justitia.

2267 2175 2402 2234 Cum
2428 2177 2676 2247 captivus
2695 2177 2892 2233 ductus
2911 2178 3075 2233 luerit
3106 2181 3358 2249 pupulas,
3380 2180 3504 2248 quia
3538 2194 3649 2234 nou
3685 2180 3869 2237 habuit

2269 2270 2553 2326 scientiam
2579 2312 2594 2336 ,
2623 2282 2681 2326 et
2704 2272 2976 2328 interierit
3005 2273 3147 2328 fame
3172 2313 3187 2340 ,
3218 2283 3275 2328 et
3318 2273 3407 2328 siti
3449 2276 3732 2330 exaruerit
3762 2318 3777 2342 ,
3820 2284 3868 2330 et

2271 2364 2583 2420 dilatavorit
2611 2363 2860 2421 internus
2891 2366 3128 2421 animam
3170 2380 3325 2422 suam
3356 2384 3370 2421 :
3401 2377 3458 2423 et
3486 2368 3872 2426 descenderint

2272 2458 2443 2511 fortes
2483 2465 2648 2527 atque
2674 2458 2938 2513 sublimes
2963 2458 3298 2529 gloriosique
3330 2459 3383 2513 in
3415 2459 3749 2529 profundum
3776 2504 3792 2527 ,
3825 2468 3871 2519 et

2273 2549 2594 2603 incurvatus
2624 2550 2787 2604 luerit
2815 2550 2981 2604 homo
3005 2593 3019 2617 ,
3051 2556 3110 2605 et
3142 2550 3457 2605 humiliatus
3480 2551 3567 2606 vir
3589 2593 3605 2619 ,
3640 2561 3697 2607 et
3724 2568 3871 2609 rece-

2277 2641 2456 2707 perint
2501 2656 2692 2697 omnes
2735 2642 2890 2711 juxta
2941 2642 3139 2699 merita
3191 2656 3326 2697 sua:
3377 2651 3505 2699 tunc
3544 2645 3871 2702 exaltabitur

2274 2733 2540 2788 Dominus
2570 2734 2622 2788 iu
2648 2734 2862 2803 judicio
2884 2775 2899 2799 ,
2932 2734 3088 2805 cujus
3121 2734 3272 2804 prius
3299 2735 3562 2805 injustam
3588 2736 3872 2793 videbatur

2275 2842 2395 2882 esse
2416 2826 2682 2895 judicimn
2702 2869 2716 2892 ,
2747 2839 2801 2883 et
2826 2827 2971 2883 Deus
2999 2840 3220 2884 sanctus
3244 2830 3312 2883 ob
3343 2829 3603 2885 erunibus
3634 2831 3871 2887 sanctiﬁc

2275 2920 2492 2975 cabitur
2518 2920 2571 2974 iu
2598 2920 2836 2990 justitia,
2868 2931 2924 2976 ut
2952 2922 3241 2990 impleatur
3268 2922 3397 2977 illud
3430 2923 3575 2994 quod
3607 2925 3664 2979 iu
3691 2924 3870 2981 Evan-

2276 3015 2420 3085 gelio
2440 3014 2671 3070 dicitur:
2691 3015 2849 3069 Pater
2875 3026 3071 3084 noster,
3089 3017 3177 3080 qui
3196 3033 3249 3071 es
3270 3017 3325 3071 in
3350 3016 3508 3083 caelis,
3525 3020 3874 3090 sanctiﬁcatur

2278 3121 2462 3159 nomen
2489 3114 2635 3159 tuum
2661 3104 2878 3176 (Matth.
2909 3120 2980 3172 vr,
3014 3106 3100 3177 9);
3133 3119 3223 3162 et:
3259 3108 3417 3162 Pater
3431 3112 3613 3181 justo,
3651 3110 3874 3166 mundus

2280 3209 2328 3253 te
2361 3215 2463 3254 non
2493 3200 2727 3270 cognovit
2751 3198 2935 3271 (Joan.
2971 3215 3089 3256 xvu
3114 3243 3128 3267 ,
3159 3200 3275 3273 εδ).
3310 3201 3463 3257 Unde
3484 3217 3690 3259 cavere
3714 3205 3875 3260 debe-

2279 3307 2400 3348 mus
2442 3308 2510 3347 ne
2558 3293 2957 3362 praeveniamus
2998 3293 3261 3362 judicium
3301 3293 3445 3360 Dei,
3486 3294 3645 3366 cujus
3674 3298 3871 3366 judicia

2278 3400 2473 3456 ntagna
2503 3395 2668 3450 sunt,
2701 3394 2756 3440 et
2798 3385 3188 3440 inenarrabilis
3216 3427 3230 3453 ,
3261 3393 3317 3440 et
3343 3386 3411 3441 de
3441 3401 3552 3459 quo
3586 3390 3873 3458 Apostolus

2278 3480 2555 3549 loquitur:
2589 3477 2961 3533 Inscrutabilia
2978 3479 3185 3552 judicia
3212 3483 3323 3553 ejus
3348 3522 3363 3546 ,
3406 3489 3455 3534 et
3495 3481 3872 3551 investigabiles

2279 3573 2374 3625 vita
2401 3568 2546 3624 illius
2569 3568 2747 3640 (Rom.
2783 3586 2834 3624 st
2855 3612 2870 3635 ,
2900 3570 3018 3640 33),
3050 3571 3228 3625 donec
3250 3572 3516 3628 illuminat
3549 3574 3770 3630 occulta
3800 3582 3875 3632 te.

2282 3661 2575 3716 nebrarum
2601 3701 2616 3727 ,
2648 3670 2704 3717 et
2732 3663 2947 3733 aperiat
2989 3663 3350 3734 cogitationes
3390 3665 3641 3720 cordium
3680 3666 3724 3741 (Ι
3754 3666 3871 3724 Car.

2278 3768 2333 3808 1v
2356 3794 2371 3818 ,
2401 3751 2459 3824 5)
2487 3793 2502 3818 ,
2533 3754 2624 3823 qui
2655 3754 2785 3809 dicit
2814 3755 2869 3809 in
2903 3754 3234 3827 Evangelio:
3270 3755 3451 3813 Nolite
3492 3756 3747 3830 judicare
3774 3805 3790 3828 ,
3824 3770 3871 3815 at

2280 3862 2383 3900 non
2403 3845 2713 3917 judicemini
2743 3846 2961 3918 (Matth.
2997 3863 3114 3916 vn,
3152 3852 3229 3919 l).
3264 3849 3364 3905 Cui
3404 3853 3698 3908 sententia:
3743 3866 3874 3910 con-

2277 3953 2483 4010 gruens
2513 3939 2711 4018 Paulus
2740 3941 3023 4012 apostolos
3060 3943 3351 4013 pra-cepit:
3406 3942 3485 3997 Tu
3531 3944 3647 4016 quis
3693 3963 3749 4002 cs
3796 3945 3875 4019 qui

2271 4030 2484 4103 judicas
2510 4029 2739 4085 alienum
2765 4049 2967 4087 servum
2984 4032 3011 4086 Ρ
3040 4049 3133 4088 suo
3173 4032 3401 4112 Domino
3423 4043 3527 4090 stat
3550 4078 3564 4103 ,
3596 4046 3690 4090 aut
3714 4039 3874 4095 cadit.

2281 4122 2453 4179 Stabit
2500 4131 2708 4179 autem:
2748 4132 2929 4195 potens
2969 4134 3041 4179 est
3092 4126 3227 4180 enim
3275 4126 3418 4182 Deus
3461 4136 3692 4184 statuere
3732 4130 3875 4185 illum

2282 4214 2460 4288 (Rom.
2494 4230 2586 4270 atv
2604 4257 2620 4281 ,
2647 4214 2728 4287 4).
3577 4219 3583 4223 ’

2351 4308 2531 4381 (Vera.
2570 4312 2683 4381 i7).
2704 4309 2772 4363 Et
2801 4320 3074 4384 pascentur
3102 4313 3226 4382 agni
3244 4315 3405 4385 juxta
3435 4314 3675 4371 ordinem
3696 4332 3879 4373 situm:

2274 4405 2390 4477 80
2412 4411 2463 4458 et
2497 4404 2699 4459 deserta
2737 4406 2791 4458 in
2825 4404 3107 4459 ubertatem
3131 4420 3277 4459 versa
3301 4447 3317 4473 ,
3347 4404 3561 4461 advena:
3587 4410 3877 4466 comedent.

2280 4498 2385 4552 Pro
2415 4493 2764 4567 pascentibus
2792 4497 2947 4567 agnis
2972 4497 3124 4567 juxta
3154 4497 3402 4553 ordinem
3429 4514 3587 4553 suum
3606 4543 3621 4564 ,
3653 4503 3878 4573 quodin

580 4589 729 4646 dueti
776 4600 905 4647 sunt
950 4591 1007 4646 in
1056 4591 1428 4662 captivitatem
1468 4630 1486 4659 ,
1532 4591 1655 4661 quia
1704 4608 1811 4648 non
1868 4594 2179 4649 habuerunt
2204 4590 2255 4651 Ι)
2284 4587 2483 4643 bonam
2508 4599 2716 4657 partem
2742 4589 3039 4658 accipitur,
3075 4589 3261 4644 nescio
3292 4589 3421 4659 quid
3455 4591 3708 4648 volentes
3738 4592 3880 4649 LXX

576 4683 862 4745 scientiam
888 4681 1015 4739 Filii
1040 4683 1155 4752 Dei,
1188 4683 1405 4739 dicente
1444 4683 1566 4753 ipso
1590 4683 1658 4738 ad
1686 4698 1803 4747 eos,
1840 4683 1953 4739 Nec
1975 4701 2056 4740 me
2078 4686 2180 4740 sci-

572 4781 659 4844 tis,
693 4795 782 4832 nec
801 4779 889 4850 qui
916 4795 994 4835 me
1014 4778 1155 4834 misit
1177 4775 1359 4849 (toan.
1394 4790 1507 4839 vm,
1541 4776 1630 4846 l9)
1653 4820 1667 4843 ,
1697 4785 1757 4831 et
1781 4776 1834 4830 in
1857 4777 1976 4846 ipsa
2006 4778 2181 4849 capti-

572 4872 742 4926 vitate
775 4871 916 4926 iame
944 4872 1228 4939 perierunt
1249 4908 1264 4935 ,
1287 4884 1353 4924 ac
1377 4877 1645 4924 aruerunt
1667 4867 1777 4922 siti.
1813 4866 1972 4924 Unde
2003 4869 2200 4926 inler-.

577 4978 683 5017 nus
723 4971 777 5016 ot
823 4977 974 5018 mors
1003 4962 1255 5017 dilatavit
1284 4961 1523 5017 animam
1551 4976 1710 5018 suam
1738 5003 1754 5028 ,
1788 4971 1843 5017 et
1872 4964 2086 5031 aperuit
2111 4978 2173 5021 os

572 5068 753 5115 suum.
787 5061 838 5109 et
869 5053 1080 5123 absque
1107 5054 1219 5108 ullo
1251 5069 1506 5119 numero,
1530 5065 1587 5110 et
1608 5055 1860 5111 satietate
1889 5055 2176 5112 devoravit

569 5146 630 5205 in
680 5154 1000 5214 perpetuum
1048 5142 1390 5212 puniendos:
1424 5144 1532 5216 79
1578 5146 1651 5199 ita
1698 5153 1759 5201 ut
1800 5145 2074 5216 principes
2118 5156 2175 5203 et

574 5238 827 5313 pepulus,
855 5246 911 5294 et
937 5235 1202 5295 sublimes
1224 5236 1558 5308 gloriosique
1575 5248 1738 5294 terra
1761 5238 1920 5295 ludas
1943 5239 2175 5296 descen-

573 5332 769 5388 derent
790 5329 862 5385 ad
889 5344 1013 5387 eum
1033 5370 1051 5396 ,
1082 5338 1138 5385 et
1165 5327 1553 5385 humiliaretur
1580 5332 1762 5389 omnis
1786 5332 2040 5404 superbia
2069 5374 2085 5402 ,
2117 5344 2176 5390 et

572 5425 718 5481 oculi
760 5424 1078 5483 sublimium
1128 5424 1610 5497 deprimerentur,
1659 5426 2081 5499 intelligentiam
2112 5441 2176 5484 se

646 5595 671 5621 ι
700 5582 931 5659 Euseb.:
961 5584 1147 5647 Ῥητῶς
1176 5590 1267 5659 μὲν
1295 5584 1379 5642 οὖν
1422 5589 1629 5648 ἐπῆλθεν
1657 5590 1828 5650 αὐτοῖς
1857 5594 2025 5644 ταῦτα
2052 5587 2161 5642 καθ’

574 5656 797 5735 ἱστορίαν
828 5656 913 5711 ἐπὶ
939 5656 1350 5735 Οιξεσπαρίεαγοῦ,
1378 5659 1760 5735 καὶ-Ἀδριαγᾳῠ
1791 5659 2046 5735 Ῥωμαζων
2077 5660 2171 5713 αὺ-

572 5725 911 5809 ἷοκρατόρωνς
936 5731 1019 5783 καὶ
1039 5731 1169 5809 ηε.τά
1186 5728 1409 5809 divinam
1433 5727 1488 5785 δὲ
1511 5725 1838 5809 στὶρ-ηθέντες
1856 5725 1945 5809 eoi}
1972 5730 2171 5809 loyutoii

571 5793 730 5885 ἅρτόυ
771 5793 865 5857 ’ἑῆς-
895 5802 1058 5865 ζωῆς,
1081 5798 1158 5855 ἴτι
1186 5803 1266 5855 καὶ
1293 5808 1380 5856 νῦν
1409 5793 1929 5889 τροφῆς’ἔπουρανίον
1972 5793 2170 5872 widm-

2285 4680 2698 4747 transtulerunt,
2732 4688 3007 4751 pascentur
3026 4680 3218 4751 direpti
3237 4682 3386 4751 quasi
3406 4683 3582 4748 tauri;
3603 4700 3707 4754 pro
3729 4686 3882 4756 agnis

2283 4778 2465 4825 tauros
2492 4769 2885 4840 intelligentes,
2914 4779 2972 4825 et
2990 4785 3208 4825 rursum
3239 4787 3340 4841 pro
3365 4770 3595 4828 advenis
3613 4774 3883 4845 interpre-

2280 4872 2459 4919 tantes
2477 4876 2668 4933 sgnos.
2687 4863 2914 4932 Quando
2936 4873 3117 4918 autem
3140 4863 3398 4919 Dominus
3420 4868 3697 4923 exaltatus
3721 4868 3886 4925 fuerit

2278 4956 2333 5011 in
2355 4954 2583 5026 judicio,
2614 4964 2669 5011 et
2700 4967 2922 5011 sanctus
2952 4955 3005 5009 in
3033 4970 3128 5010 sua
3162 4956 3538 5013 sanctitlcatus
3559 4958 3803 5029 justitia,
3830 4971 3886 5017 ut

2276 5050 2406 5106 mali
2435 5050 2689 5121 agricolae
2712 5051 2853 5105 male
2877 5056 3127 5120 pereant,
3144 5059 3199 5105 et
3224 5052 3459 5105 cxaltsta
3476 5052 3680 5109 cedrus
3702 5056 3886 5111 securi

2277 5145 2493 5201 Domini
2531 5144 2881 5209 succidatur;
2933 5153 3061 5199 tunc
3107 5143 3203 5214 qui
3253 5144 3456 5199 fuerint
3502 5145 3571 5201 de
3615 5163 3885 5219 agnorum

2277 5253 2507 5295 numero
2534 5281 2549 5305 ,
2586 5252 2694 5292 non
2729 5236 3034 5304 ltmdorum,
3058 5244 3355 5308 pascentur
3383 5238 3436 5292 in
3458 5238 3727 5296 Ecclesia‘
3758 5258 3889 5313 pra-

2276 5333 2367 5400 tis,
2399 5341 2455 5386 et
2483 5330 2700 5385 dicent:
2735 5328 2986 5383 Dominus
3017 5329 3182 5397 pascit
3201 5344 3303 5396 me,
3335 5337 3385 5384 et
3407 5331 3689 5389 nihitmihi
3717 5333 3889 5391 deerit

2278 5425 2398 5499 (Ps.
2432 5439 2547 5480 san
2575 5469 2589 5493 ,
2625 5424 2712 5493 l);
2746 5431 2801 5477 et
2826 5437 2948 5492 qua:
2975 5438 3002 5476 a
3030 5422 3235 5478 Judzeis
3267 5422 3486 5478 deserta
3516 5437 3686 5494 sunt,
3723 5443 3889 5487 versa

2274 5585 2382 5663 χόες
2403 5588 2717 5662 λιμῶττουσι
2731 5589 2864 5644 κατὰ
2882 5594 2971 5649 τήν
3035 5584 3298 5643 sinatis-av
3321 5588 3442 5663 περὶ
3463 5587 3638 5641 αὐτῶν
3665 5595 3889 5666 γραφή-ι’

2275 5674 2398 5715 dum
2427 5664 2495 5715 ah
2527 5660 2746 5715 Ilieron.
2781 5674 2921 5715 bene
2958 5611 3031 5715 ad
3065 5659 3291 5713 verbum
3340 5655 3534 5715 Latine
3568 5671 3707 5715 sunt
3754 5660 3889 5715 red.

2275 5655 2398 5785 gum
2427 5655 2495 5715 o'h
2527 5660 2746 5718 Hieron.
2781 5674 2921 5738 pene
2958 5655 3025 5715 ad
3065 5659 3291 5713 verbum
3340 5655 3534 5719 Latine
3568 5655 3712 5716 sun't'
3754 5655 3893 5721 reo-

2318 5740 2411 5785 ita.

2318 5740 2411 5787 lla.
