4008 6354
206 390 277 448 85
810 390 1460 449 COMMENTARIORUM
1499 388 1568 448 ΙΝ
1602 387 1840 448 ιδΑιΑΜ
1880 390 2308 449 PROPHETAM
2347 393 2478 449 LIB.
2520 392 2583 448 ll.
2628 390 2779 449 CAP.
2820 392 2886 449 γ.
3436 396 3509 456 86

208 505 265 562 in
292 505 600 563 ubertatem
630 505 880 562 comedet
904 505 1151 574 geutium
1183 506 1437 577 populus.
1479 506 1606 561 llaec
1647 506 1800 576 juxta
1830 512 1882 573 Α
1910 506 2094 578 (Zach.
2120 507 2207 578 v):
2238 516 2292 563 et
2318 506 2605 579 Egyptios
2631 509 2721 578 qui
2745 509 2895 579 gravi
2916 518 3261 580 peccatorum
3286 513 3504 570 sarcina

208 597 589 667 trepologiam.
610 596 877 654 Cancrum
899 607 956 653 ut
976 599 1225 654 ordinem
1242 599 1620 669 cornpleamns
1640 597 1811 654 histo-

209 688 329 754 rias,
355 688 408 745 id
437 690 611 759 ipsum
644 689 767 744 aliis
793 690 978 745 verbis
998 689 1220 756 dicitur,
1257 689 1325 746 de
1345 705 1454 761 quo
1484 705 1650 761 supra
1676 690 1811 761 legi-

209 794 369 836 mus:
417 779 697 852 Regionem
743 788 965 835 vestram
1015 782 1069 836 in
1114 790 1391 851 conspectu
1437 774 1603 836 vestro
1647 779 1810 836 alieni

206 874 471 940 devorant,
503 881 553 927 et
580 873 785 928 deserta
810 880 885 928 est
906 881 1060 945 atque
1084 872 1328 929 subversa
1354 890 1387 927 a
1407 872 1588 946 populi
1612 881 1810 929 secter-

204 963 286 1017 nis
316 960 473 1036 (Isai.
496 979 514 1018 ι
537 1005 554 1032 ,
584 965 667 1032 7).
697 964 780 1020 De
810 974 927 1023 toto
966 965 1111 1019 enim
1145 965 1280 1021 orbe
1309 974 1638 1037 congregata
1667 980 1804 1036 gen-

204 1053 335 1110 tium
367 1055 657 1111 multitudo
679 1056 879 1113 habitat
914 1057 969 1111 in
992 1056 1203 1124 Judaaa,
1231 1065 1289 1114 et
1311 1057 1506 1128 ejectis
1533 1057 1807 1128 prioribus

202 1149 441 1220 populis,
459 1149 589 1206 ideo
617 1165 684 1206 ex
708 1159 863 1219 parte
889 1151 1110 1207 caecitas
1136 1150 1280 1207 facta
1302 1160 1387 1207 est
1405 1151 1588 1209 domui
1612 1150 1802 1218 Israel,

202 1249 262 1296 ut
304 1241 647 1301 subintraret
693 1242 977 1310 plenitudo
1023 1243 1274 1315 gentium
1325 1243 1505 1309 (Rom.
1550 1242 1650 1316 at).
1681 1242 1810 1299 Pul-

202 1334 442 1407 chraque
457 1337 614 1405 juxta
635 1335 784 1392 LXX
807 1336 1007 1408 direpti
1024 1348 1150 1394 sunt
1174 1348 1344 1407 atque
1362 1339 1560 1393 vastati
1579 1347 1635 1393 et
1659 1336 1806 1392 ducti

203 1427 255 1483 in
305 1428 681 1499 captivitatem
729 1429 888 1499 quasi
952 1431 1096 1483 tauri
1124 1471 1141 1495 ,
1181 1428 1253 1484 de
1300 1429 1497 1499 quibus
1545 1428 1809 1485 Dominus

202 1522 423 1579 dixerat
450 1542 464 1578 :
495 1523 657 1579 Tauri
685 1526 903 1596 pingues
929 1524 1237 1580 obsederunt
1259 1540 1362 1592 me,
1390 1533 1451 1579 ut
1472 1525 1588 1580 loca
1627 1533 1812 1579 tauro-

201 1629 325 1671 rum
357 1626 698 1687 occuparent
727 1620 878 1682 agni.

273 1707 461 1781 (Vera.
489 1707 579 1775 18,
613 1707 728 1781 l9.)
760 1709 868 1777 Ve,
895 1711 987 1781 qui
1012 1710 1219 1765 trahitis
1241 1713 1565 1783 iniquitatem
1589 1714 1644 1768 in
1665 1712 1809 1783 {uni-

198 1802 334 1856 culis
373 1802 643 1868 vanitatis,
692 1812 739 1857 et
780 1804 931 1873 quasi
960 1804 1221 1858 vinculum
1254 1803 1482 1875 plaustri
1507 1813 1800 1875 peccatum.

1908 599 2316 668 premebantur,
2349 600 2505 671 quasi
2536 601 2822 671 plumbum
2850 601 2905 656 in
2937 615 3089 658 mare
3114 600 3355 659 Rubrum
3383 619 3506 662 esse

1907 690 2194 746 demersos
2223 690 2422 763 (Esod.
2446 690 2562 763 xv).
2584 691 2654 747 Et
2684 693 2738 747 in
2768 693 2876 747 alio
2898 693 3020 749 loco
3047 704 3304 764 peccator
3331 677 3506 767 loqui?

1908 797 2022 844 tur:
2073 788 2380 857 iniquitates
2409 804 2537 843 mea:
2576 804 2923 861 supergressa:
2967 797 3088 843 sunt
3116 797 3269 861 caput
3293 805 3457 845 ineunt
3486 807 3505 846 :

1903 882 2034 935 sicut
2056 896 2185 936 onus
2205 897 2359 955 grave
2377 889 2605 952 gravatae
2626 888 2745 935 sunt
2774 897 2932 948 super
2954 897 3034 935 me
3055 878 3175 953 (Ps.
3204 897 3407 950 xxxvtt,
3423 883 3504 957 5).

1908 971 2172 1029 Dicuntur
2198 981 2381 1029 autem
2420 974 2538 1029 haec
2586 973 2654 1028 ad
2698 973 2980 1044 principes
3024 973 3339 1030 Judmornm
3367 1018 3381 1040 ,
3413 976 3505 1042 qui

1906 1078 2070 1135 supra
2112 1067 2291 1138 arguti
2337 1075 2465 1122 sunt
2509 1066 2563 1122 in
2610 1067 2839 1122 avaritia
2882 1076 3045 1137 atque
3075 1066 3327 1123 luxuria:
3359 1068 3507 1139 quod

1905 1158 2189 1229 provocati
2219 1174 2250 1213 a
2283 1159 2515 1214 Domino
2541 1159 2609 1213 ad
2640 1158 3017 1230 paenitentiam
3047 1200 3063 1226 ,
3111 1169 3169 1215 et
3213 1168 3406 1230 postea
3439 1160 3510 1217 ab

1906 1253 2186 1321 Apostolis
2212 1253 2331 1323 ejus
2355 1295 2371 1321 ,
2398 1268 2572 1324 usque
2598 1252 2763 1310 hodie
2792 1261 3152 1324 perseverent
3176 1253 3229 1308 in
3252 1252 3512 1324 blasphe—

1910 1344 2034 1400 miis
2059 1387 2074 1410 ,
2105 1356 2159 1400 et
2196 1354 2281 1400 ter
2302 1360 2403 1416 per
2426 1346 2671 1417 singulos
2697 1345 2817 1401 dies
2848 1346 2900 1401 in
2930 1345 3186 1402 omnibus
3217 1344 3508 1417 synagogis

1908 1435 2010 1490 sub
2027 1435 2250 1492 nomine
2268 1436 2672 1493 Nazarenorum
2696 1437 3154 1493 anathematizent
3182 1437 3503 1494 vocabulum

1909 1525 2297 1584 Christianum.
2330 1530 2425 1585 Est
2457 1539 2638 1585 autem
2665 1545 2895 1586 sensus:
2928 1530 3021 1585 Vae
3050 1530 3212 1587 vobis
3234 1531 3323 1601 qui
3348 1540 3507 1602 puta-

1911 1620 1978 1674 tis
2000 1619 2145 1675 diem
2168 1620 2354 1691 judicii
2384 1637 2492 1677 non
2516 1621 2778 1688 futurum,
2806 1623 2892 1678 vel
2923 1638 3029 1678 non
3062 1635 3344 1680 venturam
3374 1638 3507 1695 cap-

1910 1710 2176 1767 tivitatem
2225 1728 2386 1784 quam
2438 1713 2795 1785 prepheticus
2844 1729 3027 1770 sermo
3072 1716 3361 1785 pra'dicit:
3411 1717 3505 1786 qui

1906 1804 2091 1861 dicitis
2136 1805 2203 1860 ad
2246 1805 2605 1877 Prophetam:
2638 1806 2932 1877 Usqueqno
2958 1806 3118 1861 nobis
3149 1806 3247 1862 Dei
3277 1807 3509 1863 minaris

201 1891 309 1960 Qui
331 1894 539 1950 dicitis:
566 1896 772 1966 festinet
803 1904 848 1949 et
874 1897 978 1949 cito
1007 1896 1176 1950 veniat
1199 1912 1329 1968 opus
1352 1900 1468 1970 ejus
1493 1937 1509 1962 ,
1537 1907 1595 1952 ut
1616 1897 1793 1952 videa-
1826 1900 1875 1960 B
1902 1896 2083 1950 iram?
2128 1896 2380 1952 volumus
2408 1911 2529 1953 eam
2561 1898 2727 1963 scire,
2764 1896 2874 1968 jam
2907 1897 3115 1952 veniat.
3162 1895 3279 1951 Hoc
3323 1905 3504 1951 autem

193 2003 314 2043 ntus
339 2028 355 2053 ,
400 1996 451 2043 et
499 1991 770 2060 appmpiet
808 1997 857 2043 et
890 1990 1057 2043 veniat
1084 1988 1359 2043 consilium
1388 1990 1555 2044 sancti
1580 1988 1750 2045 Israel
1777 2034 1793 2059 ,

196 2087 246 2133 et
274 2080 465 2135 scimus
494 2078 649 2135 illud.
686 2080 792 2135 Pro
821 2081 1043 2143 vinculo
1074 2080 1303 2151 plaustri
1331 2125 1347 2149 ,
1382 2083 1659 2155 corrigiam
1676 2084 1799 2155 jugi

195 2169 372 2226 vitula:
396 2210 412 2237 ,
442 2171 559 2227 sive
586 2186 774 2236 vacent,
808 2171 955 2228 LXX
978 2173 1395 2228 transtulerunt.
1425 2172 1581 2242 Quod
1612 2183 1795 2229 autem

194 2263 423 2320 vincula
470 2264 721 2325 dicantur
764 2279 889 2320 esse
938 2274 1161 2334 peccata
1191 2307 1207 2332 ,
1259 2266 1507 2322 crebrius
1545 2267 1794 2337 legimus.

195 2355 241 2410 E
270 2355 465 2423 quibus
488 2356 623 2411 illud
652 2366 735 2411 est
758 2375 771 2410 :
801 2356 1039 2413 Funibus
1056 2366 1386 2430 peccatorum
1407 2375 1621 2414 suorum
1640 2376 1799 2416 unum

192 2448 409 2517 quisque
433 2449 801 2517 constringitur
830 2447 1012 2520 (Prov.
1045 2466 1077 2504 v
1101 2494 1114 2518 ,
1150 2449 1271 2523 92).
1304 2450 1375 2513 Et
1416 2452 1676 2509 Dominus
1702 2468 1795 2506 ar-

190 2555 369 2612 guens
390 2542 649 2611 populum
677 2542 1092 2608 delinquentem
1117 2587 1133 2612 ,
1180 2543 1272 2615 qui
1299 2544 1547 2613 peccatis
1573 2553 1795 2614 peccata

191 2632 435 2688 sociarat
457 2673 473 2697 ,
500 2634 633 2689 fecit
658 2632 932 2704 ﬂagellum
960 2632 1028 2689 de
1050 2633 1311 2691 {utriculis
1333 2677 1348 2701 ,
1382 2636 1683 2693 ostendens
1712 2637 1795 2694 eis

191 2725 474 2797 quomodo
503 2725 720 2783 domum
755 2725 854 2782 Dei
886 2724 1145 2782 iecissent
1172 2729 1486 2798 speluncam
1521 2729 1795 2785 latronum

192 2817 384 2892 (Joan.
429 2817 491 2890 tt)
515 2862 530 2887 ,
563 2830 618 2875 et
643 2819 831 2875 sedem
869 2820 1137 2876 orationis
1168 2820 1459 2877 vertissent
1486 2823 1540 2878 in
1571 2822 1797 2880 domum

191 2911 588 2983 negotiationis
632 2911 852 2985 (Matth.
903 2915 1040 2981 ut).
1085 2911 1329 2968 Conviva
1359 2930 1580 2985 quoque
1620 2930 1795 2971 ciente

189 3002 495 3061 Dominicis
520 3045 537 3070 ,
568 3015 781 3060 vestem
811 3020 919 3060 non
967 3004 1176 3060 habens
1204 3005 1505 3074 nuptialem
1534 3049 1549 3069 ,
1583 3007 1799 3063 vinctus

189 3097 425 3164 pedibus
449 3111 513 3153 ac
540 3098 794 3153 manibus
821 3097 1044 3168 ejicitur
1089 3098 1142 3153 in
1192 3098 1449 3153 tenebras
1493 3099 1800 3154 exteriores

1903 2003 1997 2058 per
2020 1987 2249 2044 ironiam
2270 1988 2862 2059 loquuntur,quoniam
2890 2003 3012 2044 eam
3032 2003 3140 2043 non
3166 1996 3360 2059 putant
3384 2002 3510 2044 esse

1897 2091 2205 2145 venturam,
2240 2081 2336 2137 sed
2366 2082 2610 2137 simulari
2639 2098 2668 2137 a
2698 2081 2995 2153 Propheta.

1965 2173 2152 2247 (Vers.
2174 2172 2296 2244 90.)
2330 2173 2423 2228 Va:
2447 2175 2537 2245 qui
2562 2174 2738 2230 dicitis
2768 2174 2967 2231 malum
2992 2174 3205 2242 bonum,
3235 2184 3286 2229 et
3309 2174 3503 2229 bonum

1898 2266 2090 2321 malum
2114 2282 2132 2321 :
2155 2277 2404 2336 ponentes
2459 2266 2690 2321 tenebras
2733 2268 2917 2334 lucem,
2960 2276 3009 2322 et
3035 2266 3201 2321 lucem
3231 2266 3464 2322 tenebras
3487 2282 3509 2322 :

1896 2367 2143 2431 ponentes
2169 2373 2403 2412 aurarum
2430 2358 2484 2412 in
2512 2357 2681 2425 dulce,
2712 2367 2760 2411 et
2794 2356 2950 2411 dulce
2973 2359 3028 2412 in
3052 2374 3312 2412 amarunt.
3343 2358 3503 2429 Ejus-

1896 2451 2019 2507 dem
2054 2451 2301 2507 criminis
2327 2462 2432 2520 est,
2452 2451 2677 2517 bonum,
2702 2450 2905 2517 lucem,
2927 2458 2982 2504 et
3004 2449 3185 2519 dulce,
3214 2450 3506 2506 contrariis

1901 2559 2099 2600 vocare
2125 2543 2456 2607 nominibus,
2488 2542 2665 2614 cujus,
2714 2544 2826 2615 82
2867 2542 3093 2608 malum,
3131 2543 3404 2609 tenebras,
3450 2550 3506 2597 et

1897 2653 2145 2693 amarum
2172 2638 2453 2696 vocabulis
2507 2637 2789 2709 appellare
2847 2636 3137 2693 virtutum.
3172 2637 3288 2692 Hoc
3313 2647 3503 2697 contra

1896 2749 1990 2789 eos
2031 2733 2123 2802 qui
2153 2740 2438 2803 peccatum
2468 2747 2576 2787 non
2616 2740 2827 2802 putant,
2862 2731 2912 2785 si
2938 2729 3083 2785 bono
3102 2716 3412 2795 detrahant,
3447 2738 3507 2785 et

1898 2843 2006 2883 non
2045 2827 2317 2883 mstimant
2349 2841 2473 2882 esse
2495 2824 2777 2889 delictum,
2805 2824 2854 2878 si
2884 2822 3107 2879 laudent
3132 2822 3360 2878 malum.
3394 2822 3500 2876 Po.

1899 2931 2034 2975 nunt
2054 2930 2236 2975 autem
2263 2918 2439 2975 Judaei
2458 2918 2662 2974 bonum
2688 2916 2913 2983 malum,
2935 2927 2992 2970 et
3013 2914 3190 2971 lucem
3219 2913 3497 2981 tenebras,

1896 3021 1951 3068 et
1973 3013 2133 3068 dulce
2161 3027 2430 3079 amarum,
2463 3010 2830 3081 suscipientes
2876 3008 3180 3064 Barabbam
3226 3006 3502 3062 latrocinii

1898 3116 1951 3161 et
1975 3104 2261 3160 seditionis
2295 3111 2597 3169 auctorem,
2650 3114 2705 3158 et
2735 3100 3122 3172 crucifigentes
3163 3100 3374 3167 losum,
3405 3098 3498 3169 qui

190 3187 413 3259 (Matth.
442 3188 602 3261 uti).
636 3189 704 3246 Et
733 3188 1000 3245 Dominus
1028 3190 1197 3251 venit.
1232 3200 1290 3245 ut
1312 3188 1401 3246 his
1430 3190 1523 3259 qui
1555 3200 1712 3246 erant
1740 3191 1795 3246 in
1901 3212 2007 3253 non
2038 3204 2265 3251 venerat
2302 3195 2407 3249 nisi
2454 3193 2522 3250 ad
2564 3208 2697 3249 oves
2727 3193 2968 3263 perditas
2993 3192 3191 3248 domus
3221 3193 3407 3258 Israel,
3443 3200 3498 3247 ut

187 3282 430 3339 vinculis
454 3281 700 3337 diceret:
732 3280 888 3337 Exite
915 3282 1049 3351 (Isa-
1083 3298 1252 3348 uix,
1293 3282 1384 3351 9);
1414 3291 1469 3338 et
1490 3284 1581 3352 qui
1611 3297 1798 3339 vorsa-
1823 3284 1870 3347 C
1901 3291 2145 3346 salvaret
2192 3288 2336 3359 quod
2369 3287 2629 3358 perierat.
2675 3286 2731 3341 tu
2764 3286 3066 3342 Barabbam
3124 3284 3495 3356 intelligamus

184 3372 399 3429 bantur
425 3371 480 3425 in
515 3370 759 3429 tenebris
783 3412 798 3434 ,
830 3372 1130 3426 revelamini
1160 3371 1335 3443 (l’sal.
1370 3387 1529 3437 cur,
1561 3373 1641 3441 8).
1675 3373 1797 3441 IPSO
1899 3381 2309 3452 diabolum,qui
2335 3396 2458 3435 cum
2483 3381 2553 3434 sit
2580 3395 2686 3434 nox
2713 3388 2768 3433 et
2791 3378 3050 3445 tenebrae,
3084 3378 3493 3448 transﬁguratus

182 3464 343 3521 euim
381 3461 549 3517 solvit
578 3462 923 3532 compeditos
948 3503 964 3528 ,
1001 3471 1056 3516 et
1083 3461 1357 3517 illuminat
1400 3478 1614 3518 crocos:
1660 3477 1798 3533 quos

1902 3478 1953 3530 in
1983 3473 2247 3544 Angelum
2280 3474 2419 3528 lucis
2455 3471 2673 3545 (Matth.
2704 3469 2900 3543 xsvtt).
2942 3469 3099 3527 Unde
3128 3478 3184 3525 et
3205 3468 3499 3538 Apostolus

185 3557 469 3615 Jercmias
508 3555 724 3611 vinctos
756 3566 920 3611 terra:
958 3567 1255 3625 nuncupat.
1303 3556 1412 3612 Nec
1456 3557 1665 3628 plangit
1702 3572 1798 3614 eos
1900 3566 2179 3635 loquitur:
2212 3564 2341 3633 ραω
2384 3564 2716 3637 participaui)
2756 3562 2987 3636 justitiw
3025 3577 3145 3615 cum
3192 3560 3498 3629 iniquitate)

188 3652 281 3724 qui
298 3664 533 3722 peccare
548 3649 840 3721 ceperint,
854 3650 1263 3722 alatatimque
1278 3650 1570 3705 desierint:
1590 3667 1697 3706 non
1713 3660 1798 3707 est

189 3745 339 3801 enim
366 3744 552 3815 justus
589 3757 759 3812 super
791 3753 991 3798 terram
1023 3744 1113 3811 qui
1145 3744 1309 3801 iaciat
1335 3744 1539 3799 bonum
1559 3788 1573 3811 ,
1608 3752 1665 3800 et
1694 3744 1794 3805 ali-

190 3837 412 3907 quando
442 3852 552 3893 nou
580 3847 767 3908 peccet
789 3836 955 3906 (Eccl.
990 3853 1086 3905 vtt,
1104 3836 1161 3909 ‘2)
1183 3854 1198 3903 ;
1222 3839 1316 3893 sed
1341 3839 1435 3907 qui
1462 3839 1624 3909 longo
1653 3840 1795 3893 luni-

192 3931 318 3987 culn
350 3942 573 4001 peccata
599 3930 989 3999 protraxerint.
1026 3929 1182 3988 Unde
1208 3941 1263 3986 et
1288 3933 1339 3987 in
1366 3930 1618 3988 Numeris
1656 3931 1793 4001 legi-

195 4040 320 4082 mus
347 4025 500 4100 (Cap.
528 4024 643 4099 ιιι)
671 4067 685 4091 ,
718 4040 940 4082 vaccam
972 4025 1171 4093 rufam,
1205 4026 1363 4095 cujus
1384 4028 1521 4082 cinis
1551 4027 1796 4097 espiatio

197 4118 387 4189 populi
422 4126 509 4172 est
531 4159 547 4182 ,
581 4132 692 4172 non
723 4118 882 4176 aliter
911 4118 1184 4174 immolari
1215 4127 1272 4174 et
1307 4117 1492 4177 offerri
1521 4119 1587 4173 ad
1617 4119 1794 4176 altare

195 4210 440 4276 Domini,
474 4209 580 4265 nisi
607 4225 727 4280 qum
759 4219 975 4267 terrena
1002 4224 1169 4279 opera
1199 4226 1306 4265 non
1336 4209 1547 4277 iecerit,
1574 4209 1792 4283 jugum—

193 4319 303 4374 que
330 4317 437 4359 non
466 4304 692 4359 traxerit
718 4344 735 4367 ,
766 4319 867 4359 nec
889 4304 1123 4359 vinculis
1144 4304 1258 4374 jngi
1287 4304 1795 4361 Nabuchodonosor

195 4397 618 4469 fueritalligata.
643 4398 708 4453 Et
731 4399 783 4453 iu
812 4397 916 4454 hoc
936 4397 1133 4455 eodem
1160 4397 1420 4468 pmpheta
1452 4414 1554 4469 pro
1571 4399 1794 4466 cingulo

195 4489 454 4544 veritatis
475 4529 493 4555 ,
527 4489 652 4547 lilia
679 4490 810 4546 Sion
845 4491 1146 4560 cinguntur
1173 4490 1435 4547 funiculo.
1462 4490 1795 4562 Achitophel

193 4598 412 4655 quoque
434 4592 490 4639 et
509 4583 682 4639 ludas
702 4582 952 4658 [quorum
978 4584 1117 4641 alter
1134 4586 1324 4652 David,
1344 4587 1484 4642 alter
1505 4586 1792 4641 Dominum

1897 3677 2014 3731 quae
2040 3661 2260 3714 societas
2280 3660 2386 3713 luci
2411 3658 2482 3712 ad
2508 3656 2742 3712 tenebras
2763 3657 2790 3711 1
2807 3656 2899 3726 qui
2920 3669 3200 3709 consensus
3225 3651 3420 3708 Christi
3448 3662 3496 3707 et

1898 3752 2068 3808 Belial
2089 3751 2155 3823 (ll
2186 3750 2305 3806 Cor.
2342 3766 2419 3812 vr.
2453 3749 2553 3817 14,
2587 3748 2712 3821 l5)?
2742 3748 2930 3819 Neque
2956 3748 3101 3803 enim
3136 3748 3358 3803 lucerna
3386 3746 3494 3801 tol-

1895 3846 2056 3901 lenda
2085 3852 2189 3913 est,
2223 3852 2277 3899 et
2314 3842 2567 3913 ponenda
2597 3841 2698 3897 sub
2719 3840 2924 3908 modio,
2959 3838 3047 3894 vel
3073 3840 3174 3895 sub
3206 3839 3371 3906 lecto,
3397 3837 3498 3893 sed

1897 3952 2062 4008 supra
2115 3935 2529 4001 candelabrum,
2580 3944 2638 3988 ut
2685 3933 2939 3988 omnibus
2962 3932 3163 3987 luceat.
3194 3930 3305 3987 Nec
3329 3930 3495 3985 arbor

1898 4032 2071 4088 malos
2099 4029 2337 4086 aiierens
2362 4027 2592 4095 fructus,
2624 4026 2782 4082 bona;
2816 4025 3033 4080 arboris
3058 4031 3144 4079 est
3168 4021 3499 4093 appellanda

1895 4123 2163 4180 vocabulo
2185 4120 2406 4193 (Matth.
2439 4119 2517 4193 v).
2545 4118 2704 4175 Unde
2728 4126 2783 4172 et
2813 4118 2866 4172 in
2898 4116 3101 4171 Genesi
3122 4115 3355 4185 mystico
3379 4129 3498 4168 ser-

1895 4231 2056 4271 mone
2098 4221 2380 4281 narratur,
2417 4212 2562 4283 quod
2591 4210 2843 4265 diviserit
2876 4207 3022 4263 Deus
3045 4207 3191 4261 inter
3219 4206 3397 4261 lucem
3428 4219 3495 4260 ac

1899 4310 2175 4371 tenebras,
2204 4323 2326 4378 qum
2353 4307 2406 4362 in
2459 4305 2730 4377 principio
2756 4317 2922 4372 super
2947 4302 3204 4374 abyssum
3238 4299 3493 4356 fereban-

1900 4411 1987 4455 tur
2013 4398 2168 4471 (Gen.
2200 4400 2264 4467 t).
2298 4397 2454 4466 Quod
2483 4407 2660 4452 autem
2691 4395 2866 4452 bonus
2897 4393 3149 4451 Salvator
3165 4391 3496 4463 sitappella-

1899 4501 2008 4559 tus,
2032 4490 2224 4558 ipsein
2255 4488 2555 4558 Evangelio
2585 4488 2863 4558 loquitur:
2889 4494 2915 4524 α
2946 4485 3140 4540 Pastor
3159 4484 3322 4539 bonus
3351 4485 3496 4555 ponit

1898 4584 2127 4639 animant
2139 4597 2291 4636 suam
2303 4597 2396 4649 pro
2411 4581 2587 4634 ovibus
2600 4577 2898 4650 suis(Joan.
2923 4593 2979 4643 ι,
3007 4578 3028 4632 l
3047 4577 3118 4647 l).
3145 4577 3343 4632 Lucem
3358 4590 3496 4646 quo—

196 4673 580 4747 prodiderunt]
607 4675 733 4731 fune
761 4676 1082 4746 longissimo
1113 4677 1395 4734 trahentes
1423 4690 1646 4747 peccata
1670 4692 1790 4744 sua,
1824 4667 1875 4727 D
1902 4686 2213 4745 queessese
2228 4672 2387 4726 dicit:
2407 4669 2521 4741 Ego
2535 4685 2650 4723 sunt
2672 4668 2954 4731 inmundi
2970 4668 3284 4738 (Joan.vut,
3302 4666 3417 4735 1%),
3439 4673 3496 4725 et

196 4768 414 4837 periere
431 4767 760 4837 suspendio;
784 4778 1035 4838 putantes
1057 4771 1259 4824 malum
1280 4770 1633 4825 conscientiae
1651 4785 1794 4841 pra:-

194 4861 341 4916 senti
370 4869 550 4916 morte
578 4861 721 4916 [iniri
749 4900 764 4923 .
797 4873 848 4915 et
880 4861 1015 4915 nihil
1042 4875 1165 4916 esse
1193 4872 1318 4930 post
1350 4864 1602 4918 mortem.
1637 4860 1795 4931 Quod

193 4959 378 5011 autem
406 4952 558 5022 juxta
594 4951 922 5009 llebraicum
969 4962 1025 5007 et
1051 4967 1241 5008 omnes
1274 4954 1412 5009 alios
1441 4956 1790 5025 interpretes,

192 5044 542 5114 appellantur
572 5044 795 5103 funiculi
828 5044 1127 5109 vanitatis,
1168 5043 1271 5099 hoc
1305 5046 1574 5115 signiﬁcat
1600 5086 1617 5113 ,
1650 5044 1794 5117 quod

191 5131 528 5191 facientibus
557 5146 842 5207 peccatum
874 5134 1036 5192 facile
1066 5135 1269 5191 texitur
1292 5175 1306 5200 ,
1330 5145 1385 5190 et
1411 5146 1518 5191 tam
1551 5137 1713 5192 inane
1741 5146 1798 5193 et

191 5225 357 5285 facile
386 5238 492 5293 est,
525 5236 583 5286 ut
610 5243 939 5285 aranearum
969 5228 1058 5283 illa
1089 5236 1376 5285 texuntur:
1407 5228 1502 5284 sed
1526 5244 1648 5285 cum
1670 5229 1796 5285 inde

194 5318 536 5375 voluerimus
582 5321 783 5386 exire,
831 5319 1186 5378 solidissimis
1235 5321 1466 5377 vinculis
1502 5321 1794 5378 ucctimur.

195 5410 508 5467 Plaustrum
558 5421 740 5468 autem
810 5413 1028 5483 plenum
1081 5423 1483 5482 oueratumque
1551 5413 1798 5483 peccatis

192 5501 413 5558 lacilius
439 5502 794 5574 intelligunt,
821 5505 913 5574 qui
947 5503 1295 5561 meminerint
1320 5507 1583 5572 scriptum
1615 5505 1669 5559 in
1699 5503 1801 5559 Za-

191 5594 383 5650 charia
413 5632 430 5661 ,
460 5592 798 5665 impietatem
839 5595 1038 5653 sedere
1066 5611 1234 5666 super
1278 5595 1547 5652 talentum
1591 5595 1802 5664 plumbi

268 5736 297 5767 ι
331 5729 611 5799 Praeponit
642 5728 849 5785 Victor.
880 5743 1012 5783 mss.
1057 5726 1452 5799 exemplarium
1491 5741 1715 5780 suorum
1738 5744 1795 5783 o-

200 5817 290 5870 pe,
321 5800 441 5872 Ego
460 5797 579 5854 sum
614 5799 798 5855 Pastor
842 5802 1027 5855 bonus.
1050 5797 1246 5872 Tertio
1276 5800 1345 5872 ab
1373 5797 1475 5851 hoc
1508 5811 1673 5872 versu
1698 5800 1799 5853 ite-

200 5865 318 5929 i‘um
367 5865 660 5957 praeponit,
688 5881 734 5926 et
784 5872 847 5927 tle
869 5871 1147 5927 dulcedine
1184 5869 1349 5945 ipsius
1372 5865 1631 5941 quotidie,
1657 5879 1789 5939 etc.,

1896 4765 2140 4837 quotidie
2154 4763 2363 4820 caelesti
2379 4776 2517 4834 pane
2530 4759 2758 4815 saturati
2771 4759 3034 4814 dicimus:
3056 4758 3273 4813 Gustata
3297 4756 3496 4813 etvide—

1899 4857 2403 4928 te,quamsuavisest
2430 4853 2683 4909 Dominus
2714 4850 2835 4925 (Ps.
2866 4866 3022 4917 xxnt,
3049 4850 3130 4921 9).
3158 4848 3499 4907 Econtrario

1897 4949 2116 5023 quando
2129 4949 2380 5007 dicimus:
2396 4947 2583 5002 Libera
2598 4944 2883 5001 nosamalo
2899 4940 3118 5015 (Matth.
3143 4957 3193 4998 rt
3207 4986 3223 5013 ,
3252 4938 3364 5011 l5);
3396 4950 3454 4996 et
3477 4960 3492 4999 :

1899 5043 2131 5099 Mundus
2156 5044 2213 5098 in
2239 5043 2467 5114 maligno
2491 5041 2688 5109 positus
2716 5047 2790 5099 est
2813 5036 2859 5110 (1
2876 5035 3041 5093 Joan.
3065 5053 3118 5104 v,
3151 5033 3240 5107 l9)
3258 5079 3273 5104 ,
3303 5034 3498 5095 diabo.‘

1902 5137 1940 5192 li
1969 5136 2217 5206 cupimus
2259 5134 2474 5189 insidiis
2504 5132 2746 5187 liberari.
2795 5131 2950 5199 Quod
2975 5139 3157 5191 autem
3190 5128 3309 5199 ipse
3341 5136 3498 5185 tene,

1900 5230 2119 5285 brarum
2147 5234 2205 5282 et
2226 5225 2607 5281 amaritudinis
2635 5223 2973 5294 signiﬁcetur
3000 5219 3332 5286 nominibus,
3377 5233 3501 5277 ere.-

1897 5320 2052 5376 brius
2097 5318 2348 5388 legitnus.
2398 5316 2510 5374 Sed
2548 5325 2607 5373 et
2658 5315 2762 5371 hoc
2792 5327 3086 5385 possumus
3111 5311 3316 5375 dicere,
3354 5306 3502 5377 quod

1899 5411 2079 5469 omnia
2106 5408 2382 5465 contraria
2411 5409 2664 5479 dogmata
2691 5406 2905 5462 veritati
2932 5417 3115 5459 amara
3140 5400 3270 5463 sint,
3303 5406 3357 5451 ct
3383 5396 3504 5451 sola

1899 5502 2078 5560 dulcis
2106 5501 2330 5559 veritas.
2369 5500 2525 5557 Unde
2560 5496 2865 5554 cavendum
2898 5502 2977 5548 est
3000 5533 3015 5557 ,
3051 5504 3120 5547 ne
3149 5501 3251 5557 pro
3272 5487 3504 5547 veritate

1899 5608 2198 5666 sequamur
2215 5591 2585 5655 mendacium,
2614 5603 2682 5642 ne
2710 5597 2810 5654 pro
2832 5582 3039 5643 lumine
3060 5578 3338 5637 tenebras.
3372 5579 3509 5647 Mul-

1905 5745 1969 5784 ex
1992 5742 2122 5782 mss.
2154 5722 2351 5780 iisdem
2388 5717 2694 5792 :simulque
2715 5728 2927 5769 sacram
2957 5707 3352 5792 Eucharisunnt
3375 5724 3511 5782 quo-

1909 5800 2040 5855 tidie
2082 5796 2299 5859 conﬁci,
2333 5808 2401 5848 ex
2452 5792 2554 5846 hoc
2587 5791 2728 5861 logi.
2766 5791 3198 5861 argumentatur,
3233 5791 3322 5861 cut
3371 5796 3425 5837 et
3455 5797 3513 5836 a-

1902 5871 2033 5929 lium
2061 5885 2127 5926 es
2153 5855 2531 5931 Commentar.
2565 5863 2616 5918 in
2649 5855 2926 5919 Ezechiel.
2957 5866 3080 5915 aut
3107 5855 3357 5921 apponit.
