4008 6328
496 279 562 335 87
1743 276 1803 331 S.
1846 273 2123 331 EUSEBII
2159 273 2549 332 HIERONYMI

3734 278 3810 334 88

493 404 563 453 ta:
593 395 737 450 enim
777 402 904 449 sunt
929 392 1032 446 viae
1059 405 1181 462 quas
1208 390 1463 447 videntur
1487 389 1801 445 hominibus
1825 398 2012 457 rectae,
2039 399 2093 445 et
2118 392 2175 455 Α
2197 402 2344 457 sunt,
2378 390 2668 461 plurimum
2696 390 2901 447 debent
2921 407 3109 448 carere
3137 394 3305 460 vitiis,
3336 402 3392 450 et
3421 394 3662 449 maxime
3695 397 3804 462 ira,

493 491 788 547 novissima
827 501 1016 543 earum
1054 485 1382 555 perveniunt
1415 485 1468 540 in
1500 483 1828 553 profundum
1861 483 2086 538 inferni.

494 582 590 639 Est
622 596 834 650 quoque
856 581 1036 649 justus
1060 579 1348 648 perieusin
1372 578 1583 648 iustitia
1606 592 1725 647 sua,
1754 578 1840 633 cui
1861 577 2089 633 dicitur:

494 673 581 727 Ne
605 675 675 726 sis
691 674 862 744 justus
891 672 1113 725 multum
1143 669 1312 740 (Eccl.
1346 686 1438 737 νυ,
1478 670 1590 741 I7).
1623 668 1770 738 Quas
1800 670 1871 725 ob
1900 684 2094 724 Causas

486 764 655 820 Israel
687 764 1025 836 repromittit
1045 779 1105 819 se
1136 764 1218 818 via
1248 763 1650 819 atnbulaturum
1682 764 1851 833 regia,
1898 778 1999 819 nee
2027 762 2094 818 ad

489 859 793 925 sinistram,
826 874 928 914 nec
958 858 1024 912 ad
1054 857 1334 911 dexteram
1376 856 1776 911 declinaturum
1801 855 1983 928 (Deut.
2017 856 2090 927 v).

490 955 559 1010 Et
588 964 647 1009 ut
693 954 890 1024 loquar
933 951 1076 1022 quod
1118 952 1340 1007 sentio:
1376 950 1599 1007 diflicile
1653 950 1756 1005 hoc
1810 949 2097 1004 maledicto

490 1048 614 1115 quis.
649 1061 839 1101 carere
869 1053 1073 1115 potest,
1110 1059 1233 1099 cum
1263 1053 1318 1098 et
1367 1044 1525 1099 malis
1551 1042 1867 1113 frequenter
1908 1042 2099 1099 adule-

491 1157 618 1199 mur
644 1153 868 1211 propter
895 1138 1218 1210 potentiam,
1245 1147 1301 1193 et
1331 1138 1502 1194 bonos
1538 1137 1905 1205 despiciamus
1937 1154 2098 1207 prop-

490 1241 577 1289 ter
628 1232 893 1301 inopiam.
938 1230 1098 1286 Unde
1146 1229 1543 1299 signiﬁcantius
1574 1231 1967 1300 interpretatus
2016 1239 2095 1284 est

495 1326 695 1395 Aquila
726 1325 869 1398 :83
907 1323 999 1379 Vae
1023 1324 1111 1395 qui
1141 1324 1265 1377 dicit
1316 1322 1478 1390 malo,
1534 1322 1697 1378 bonus
1744 1340 1816 1391 es,
1844 1332 1894 1377 et
1939 1322 2093 1388 bono,

493 1416 662 1471 malus
679 1434 731 1472 es
755 1417 939 1489 (Prov.
964 1432 1095 1483 xvn,
1124 1415 1236 1487 15).
1257 1416 1326 1471 Et
1351 1416 1405 1470 in
1432 1415 1577 1470 hunc
1603 1416 1855 1485 congruit
1876 1429 2096 1469 sensum

496 1513 632 1569 illud
664 1513 808 1585 quod
835 1512 1096 1569 Salomon
1128 1511 1183 1566 in
1221 1511 1539 1567 Proverbiis
1567 1511 1851 1581 loquitur:
1879 1509 1982 1578 Qui
1998 1510 2096 1580 ju-

496 1609 633 1662 dicat
647 1609 848 1678 justum
874 1607 1149 1679 injustam,
1178 1616 1225 1659 et
1254 1606 1509 1675 injustam
1525 1607 1745 1675 justum,
1781 1603 2103 1658 abominabi-

493 1703 560 1758 lis
594 1711 668 1756 est
693 1711 902 1772 uterque
939 1700 1082 1769 apud
1114 1699 1300 1753 Deum.
1343 1699 1552 1756 Scriba:
1580 1713 1799 1770 quoque
1828 1707 1883 1752 et
1912 1696 2103 1752 Phari-

2192 499 2313 554 qute
2366 483 2536 540 furori
2569 485 2814 556 proxima
2866 493 2954 541 est
2985 504 3001 542 :
3032 502 3100 543 ne
3129 497 3333 558 quanto
3365 487 3490 558 plus
3528 487 3803 558 possint,

2194 586 2345 632 tanto
2375 577 2609 647 amplius
2639 577 2901 649 subjectis
2932 590 3187 635 noceant.
3221 579 3411 655 Miscet
3437 579 3674 635 siceram
3707 581 3804 651 qui

2195 685 2319 726 eum
2350 671 2617 727 ebrietate
2649 673 2844 742 plenus
2889 672 2983 742 sit,
3034 672 3101 727 ad
3133 672 3485 744 decipiendos
3518 672 3800 741 homines,

2193 764 2414 819 umbras
2444 762 2707 835 quasdam
2741 775 2797 820 et
2827 764 3091 835 imagines
3120 764 3343 819 simulat
3373 778 3433 821 se
3459 765 3667 820 habere
3694 765 3805 820 vir-

2199 867 2396 916 tutum.

2269 949 2451 1022 (Vers.
2500 949 2623 1022 25.)
2658 951 2762 1019 Qui
2774 952 3085 1025 justiﬁcatis
3116 952 3333 1023 impiam
3357 968 3451 1023 pro
3472 954 3802 1018 muneribus.

2198 1050 2245 1095 et
2263 1042 2530 1112 justitiam
2552 1044 2685 1113 justi
2712 1045 2933 1114 aufertis
2956 1044 3019 1097 ab
3046 1059 3128 1098 eo.
3153 1044 3221 1098 Et
3252 1044 3370 1099 haec
3399 1061 3524 1115 pars
3538 1045 3802 1101 vitiorum

2197 1145 2285 1194 est
2313 1139 2514 1205 vinem,
2550 1154 2673 1207 qua:
2703 1153 2803 1209 pro
2835 1139 2955 1193 uvis
2986 1138 3116 1193 fecit
3148 1138 3455 1205 labruscas,
3487 1149 3543 1194 et
3572 1155 3807 1211 exspec-

2201 1240 2350 1286 tante
2377 1233 2629 1299 Domino,
2657 1243 2713 1288 ut
2736 1232 3241 1304 faceretjndicinm.
3277 1232 3405 1291 fecit
3434 1235 3803 1306 iniquitatem,

2198 1323 2507 1395 justilicans
2539 1325 2764 1393 impium
2809 1340 2909 1395 pro
2939 1325 3281 1392 muneribus,
3314 1334 3370 1381 et
3423 1340 3531 1381 non
3581 1341 3804 1395 causas,

2202 1421 2297 1477 sed
2353 1422 2492 1477 dona
2525 1423 2903 1488 considerans,
2938 1438 3059 1493 quae
3089 1432 3366 1478 excmcant
3410 1423 3576 1478 etiam
3616 1424 3807 1479 oculos

2205 1518 2558 1589 sapientium.
2591 1517 2749 1573 Unde
2779 1516 3086 1573 cavendum
3119 1525 3226 1583 est,
3260 1533 3327 1572 ne
3360 1516 3700 1573 inebriemnr
3726 1518 3806 1572 vi-

2205 1625 2297 1678 no,
2332 1611 2385 1665 in
2417 1626 2527 1682 quo
2558 1618 2645 1665 est
2685 1608 2896 1665 luxutia
2946 1609 3131 1682 (Deut.
3180 1626 3289 1677 xvn,
3341 1610 3439 1676 I9;
3481 1609 3676 1682 Ephes.
3723 1611 3803 1679 v),

2206 1713 2262 1759 et
2304 1705 2585 1760 nudentur
2634 1705 2840 1759 femora
2885 1702 3238 1775 turpitudinis
3268 1715 3471 1759 nostras
3499 1702 3660 1776 (Gen.
3705 1702 3804 1774 ις),

495 1796 590 1853 saei
622 1796 787 1851 verba
813 1794 1118 1852 Salvatoris
1141 1810 1247 1849 non
1277 1794 1630 1864 recipientes,
1651 1791 1749 1848 sed
1779 1791 2101 1847 traditiones
2133 1780 2181 1840 B
2206 1807 2262 1853 et
2290 1797 2573 1853 adulemur
2600 1796 2784 1867 impiis
2805 1811 2904 1866 pro
2927 1796 3245 1851 muneribus
3264 1837 3279 1860 ,
3311 1805 3365 1850 ct
3390 1795 3659 1865 justitiam
3679 1794 3807 1865 justi

495 1890 811 1958 hominum,
844 1899 901 1946 et
952 1891 1126 1945 aniles
1157 1888 1370 1944 fabulas
1391 1932 1405 1957 ,
1454 1886 1703 1943 fecerunt
1727 1886 1930 1942 bonum
1984 1900 2100 1940 ma-

497 1984 633 2051 lum,
666 1994 723 2039 et
747 1983 952 2038 malum
981 1983 1207 2037 bonum.

572 2077 751 2148 (Vers.
784 2076 906 2149 2|.)
940 2075 1033 2130 Var
1069 2075 1157 2144 qui
1190 2074 1448 2145 sapientes
1471 2071 1591 2127 estis
1626 2071 1683 2125 in
1707 2069 1871 2125 oculis
1902 2069 2101 2134 uestris,

504 2182 554 2227 et
582 2190 754 2228 coram
799 2172 1173 2238 nobismetipsis
1223 2170 1521 2243 prudentes.
1549 2169 1651 2235 Qui
1694 2167 1871 2231 vobis,
1905 2164 2102 2236 inquit,

502 2265 606 2336 ipsi
633 2265 894 2321 videmini
923 2267 1205 2335 sapientes
1234 2279 1380 2329 esse,
1413 2261 1507 2332 qui
1539 2260 1880 2331 prudentiam
1920 2257 2105 2328 sequi-

500 2360 658 2426 mini,
692 2377 796 2414 non
832 2359 949 2427 Dei,
996 2358 1095 2413 sed
1130 2357 1412 2411 hominum
1444 2374 1456 2408 :
1487 2363 1695 2410 etcum
1728 2368 1833 2408 non
1868 2349 2108 2419 recipia-

502 2453 573 2507 tis
614 2453 709 2509 Dei
737 2454 991 2507 virtutem
1027 2451 1236 2520 Deique
1258 2449 1605 2521 sapientiam,
1636 2448 1838 2516 putatis
1864 2457 1964 2497 vos
1989 2456 2110 2497 esse

503 2545 780 2613 sapientes
810 2544 854 2612 (ι
887 2542 1009 2596 Cor.
1034 2544 1100 2605 ι).
1137 2540 1287 2595 Inter
1308 2538 1636 2608 sapientiam
1669 2544 1725 2590 et
1760 2532 2110 2605 prudentiam

504 2635 611 2691 hoc
637 2636 824 2690 dicunt
852 2635 1123 2689 interesse
1149 2632 1341 2697 Stoici,
1377 2629 1520 2697 quod
1546 2629 1813 2698 sapientia
1843 2641 2022 2683 rerum
2041 2626 2112 2681 sit

503 2728 812 2783 divinarum
846 2726 1318 2795 humanarumque
1350 2723 1545 2779 notitia
1573 2741 1586 2776 :
1612 2721 1900 2793 prudentia
1928 2731 2109 2775 autem

505 2832 721 2878 tantum
752 2821 1088 2876 mortalium.
1121 2817 1540 2888 Consequenter
1559 2826 1740 2871 autem
1775 2814 1892 2870 haec
1921 2813 2114 2869 adver-

508 2929 630 2972 sum
656 2912 878 2970 Scribas
909 2912 1167 2985 dicuntur
1217 2918 1275 2965 et
1322 2910 1652 2976 Pharismos,
1703 2908 1793 2978 qui
1844 2906 2112 2961 habentes

505 3008 714 3063 clavem
734 3006 1001 3073 scientize,
1032 3018 1134 3060 nec
1161 3004 1260 3074 ipsi
1288 3003 1353 3058 ad
1385 3001 1661 3058 Christum
1687 3002 1967 3057 introeunt
2014 3012 2114 3054 nec

507 3101 645 3157 alios
676 3100 905 3155 introire
930 3099 1254 3170 permittunt
1283 3095 1441 3162 (Luc.
1476 3093 1575 3167 x1).

2208 1906 2306 1960 pro
2335 1890 2516 1961 inopia
2546 1890 2937 1960 despiciamus.
2972 1888 3129 1957 Quod
3160 1897 3217 1944 et
3248 1890 3303 1943 in
3339 1887 3584 1958 Epistula
3621 1887 3808 1943 Jacobi

2210 1984 2527 2053 praecipitur
2551 2001 2564 2036 :
2593 1999 2661 2038 ne
2691 1983 3027 2037 honorantes
3056 1981 3254 2051 impios
3302 1980 3520 2049 divites,
3546 1990 3602 2035 et
3630 1979 3811 2049 despi—

2207 2079 2419 2134 cit-mes
2448 2088 2669 2134 sanctos
2701 2090 3004 2146 pauperes,
3031 2075 3228 2131 fiamus
3247 2074 3461 2145 judices
3486 2073 3807 2144 iniquitatis.

2280 2170 2464 2239 (Vers.
2505 2167 2626 2239 24.)
2656 2167 2882 2238 Propter
2907 2168 3004 2221 hoc
3032 2167 3163 2221 sicut
3191 2166 3404 2221 devorat
3435 2166 3685 2238 stipulam
3714 2166 3813 2220 lin-

2210 2278 2313 2334 gua
2338 2263 2478 2333 ignis
2506 2304 2520 2326 ,
2563 2271 2609 2316 et
2648 2260 2793 2315 calor
2820 2262 3046 2331 flammae
3090 2259 3262 2314 exurit
3283 2275 3302 2313 :
3343 2260 3420 2312 sic
3447 2259 3606 2313 radix
3637 2275 3813 2313 eorum

2211 2354 2361 2426 quasi
2390 2352 2577 2424 favilla
2608 2354 2725 2420 erit,
2754 2363 2803 2408 et
2822 2369 3033 2425 germen
3062 2369 3241 2407 eorum
3265 2363 3321 2406 ut
3344 2353 3511 2423 pulvis
3542 2351 3811 2409 ascendet.

2216 2446 2525 2519 Abjecerunt
2554 2446 2690 2500 enim
2718 2443 2884 2517 legem
2913 2442 3125 2499 Domini
3155 2445 3493 2510 exercituum,
3542 2454 3593 2498 et
3621 2461 3819 2498 sermo-

2214 2555 2331 2593 nem
2357 2540 2523 2593 sancti
2553 2537 2726 2594 Israel
2754 2537 3262 2608 blasphemaverunt.
3291 2536 3526 2609 Propter
3571 2535 3819 2607 superio-

2218 2647 2305 2687 res
2332 2646 2525 2686 causas
2567 2633 2864 2701 superbim,
2895 2638 2953 2685 et
2980 2630 3284 2695 ebrietatis,
3317 2639 3372 2686 et
3393 2630 3670 2693 avaritiae.
3694 2632 3818 2701 quia

2216 2740 2316 2797 pro
2342 2726 2458 2781 uvis
2484 2725 2783 2781 attulerunt
2801 2726 3007 2796 spinas,
3032 2734 3090 2780 et
3118 2724 3321 2790 fenum,
3351 2723 3818 2795 ligna,stipulam,

2216 2833 2545 2888 arsurosque
2576 2832 2799 2888 vepres;
2834 2818 2957 2874 ideo
3000 2816 3153 2872 radix
3183 2816 3406 2872 malitiae
3432 2831 3621 2872 eorum
3676 2814 3824 2871 redi—

2217 2922 2377 2982 getur
2415 2911 2469 2966 in
2513 2910 2776 2976 favillam,
2810 2921 2866 2966 et
2899 2909 3077 2964 omnis
3107 2908 3207 2963 llos
3233 2919 3286 2964 et
3318 2906 3666 2979 pulchritudo
3688 2907 3825 2962 divi-

2220 3004 2418 3059 tiarum
2451 3012 2507 3060 et
2540 3003 2789 3073 corporis
2817 3003 3027 3073 pulveri
3054 3002 3466 3073 comparabitur
3492 3001 3535 3073 (I
3565 3000 3693 3056 Cor.
3716 3000 3821 3072 tu).

2219 3096 2337 3153 Non
2368 3097 2513 3152 enim
2542 3097 2725 3152 solum
2760 3098 2862 3150 ista
2889 3096 3133 3151 iecerunt
3153 3138 3168 3161 ,
3193 3095 3287 3150 sed
3317 3094 3401 3149 his
3427 3093 3689 3165 gradibus
3710 3109 3829 3164 per-

582 3191 768 3263 (Vers.
798 3169 939 3264 22)
975 3189 1065 3245 Vae
1111 3191 1200 3260 qui
1229 3198 1460 3259 potentes
1490 3189 1610 3243 estis
1635 3188 1705 3241 ad
1741 3178 2017 3242 bibendum
2040 3185 2115 3238 υἱ·
2142 3169 2190 3234 (ἶ
2220 3197 2491 3244 venerunt
2515 3188 2579 3244 ad
2611 3186 3095 3257 blaSpbemiam,ut
3117 3190 3293 3257 legem
3316 3186 3532 3243 Domini
3564 3202 3675 3240 non
3689 3186 3827 3241 reci-

508 3303 654 3353 num,
687 3294 733 3341 et
765 3287 859 3340 viri
885 3288 1043 3356 fortes
1063 3282 1133 3337 ad
1156 3284 1471 3337 miscendam
1496 3282 1738 3342 siceram.
1766 3278 1819 3333 id
1845 3286 1928 3333 est
1955 3277 2120 3331 ebrie-

511 3388 687 3434 tatem.
721 3379 926 3446 Qnibns
954 3370 1120 3448 supra
1147 3375 1399 3432 dixerat:
1433 3373 1522 3430 Va:
1543 3373 1632 3445 qui
1669 3372 1979 3445 consurgitis
2001 3386 2117 3425 ma-

512 3489 577 3526 ne
606 3474 676 3525 ad
705 3471 1007 3527 ebrietatem
1057 3469 1378 3539 sectandam,
1425 3474 1475 3520 et
1516 3465 1803 3537 potandum
1844 3479 2003 3533 usque
2051 3462 2121 3516 ad

516 3580 802 3635 vesperam,
818 3571 875 3615 ut
898 3563 1014 3615 vino
1035 3559 1283 3625 wstuetis,
1305 3558 1373 3612 de
1394 3557 1478 3610 bis
1499 3557 1663 3612 etiam
1686 3570 1829 3609 nunc
1850 3555 2118 3624 loquitur:

519 3656 611 3726 qui
639 3661 895 3725 potentes
926 3662 1051 3705 sunt
1082 3651 1149 3704 ad
1201 3648 1499 3703 bibendum
1531 3649 1718 3702 vinum
1743 3687 1757 3711 ,
1793 3655 1849 3702 et
1873 3646 1977 3701 viri
2015 3647 2125 3701 for-

523 3756 608 3799 tes
652 3745 718 3798 ad
754 3743 1096 3798 miscendum
1141 3740 1372 3796 siceram
1414 3737 1595 3812 (Deut.
1630 3737 1823 3811 xxxii).
1852 3738 1954 3805 Qui
2005 3739 2122 3794 ine-

525 3836 690 3891 briati
721 3836 848 3889 vino
877 3834 1165 3898 draconis,
1194 3843 1249 3890 et
1284 3848 1498 3888 veneno
1522 3832 1771 3903 aspidum
1798 3832 2115 3897 insanabili,

523 3932 726 3987 virtute
751 3930 967 3984 Domini
995 3928 1495 3983 ealumniabantur.
1515 3928 1582 3982 Et
1608 3928 1709 3997 ipsi
1729 3927 1865 3982 ebrii
1890 3926 2129 3981 inebria-

527 4024 661 4079 bant
692 4022 939 4093 populos,
983 4028 1042 4076 ut
1084 4020 1201 4090 pari
1246 4018 1436 4075 furore
1475 4020 1827 4088 bacchantes,
1868 4019 2130 4075 adversus

532 4115 824 4171 Dominum
876 4114 1308 4169 conclamarent.
1367 4112 1531 4167 Juxta
1586 4110 1951 4183 tropologiam
2004 4122 2131 4167 ante

524 4208 636 4279 jam
666 4208 925 4263 diximus:
955 4206 1100 4277 quod
1125 4203 1440 4261 sacerdotes
1461 4205 1757 4275 ingressuri
1788 4203 2134 4260 Tabernacu-

534 4303 645 4356 lum
673 4300 796 4365 Dei,
827 4316 936 4355 non
962 4298 1201 4354 debeant
1220 4300 1403 4353 vinum
1450 4297 1639 4353 bibere
1668 4305 1725 4354 et
1754 4298 1984 4354 siceram
2010 4298 2136 4369 (Le-

536 4394 626 4448 vit.
657 4392 736 4465 x).
755 4392 965 4460 Quibus
987 4407 1131 4446 nunc
1159 4391 1432 4459 addimus,
1453 4392 1597 4463 quod
1626 4391 1897 4450 Nazaraeis
1921 4410 2137 4466 quoque

538 4498 870 4557 praeceptum
889 4488 983 4549 sit,
1016 4485 1108 4555 qui
1139 4498 1198 4540 se
1226 4484 1565 4540 sanctificant
1589 4485 1838 4552 Domino,
1866 4496 1923 4542 ut
1950 4489 2136 4544 vinum

2224 3290 2417 3353 perent
2442 3321 2456 3345 ,
2487 3289 2540 3334 et
2583 3294 2891 3335 sermonem
2923 3277 3107 3333 Sancti
3157 3277 3322 3332 Israel
3355 3277 3826 3348 blasphemarent;

2224 3374 2294 3430 de
2319 3374 2515 3445 quibus
2548 3388 2709 3443 supra
2742 3371 2972 3441 legimus
3001 3388 3016 3426 :
3070 3369 3144 3424 De
3185 3369 3314 3426 Sion
3364 3370 3660 3443 egredietur
3702 3370 3788 3424 lex
3812 3409 3827 3433 ,

2226 3476 2273 3521 et
2320 3466 2534 3520 verbum
2573 3465 2789 3519 Domini
2820 3464 2883 3517 de
2910 3462 3207 3521 Jerusalem
3235 3460 3394 3531 (lsai.
3434 3477 3503 3528 ll,
3534 3462 3614 3533 '5).
3647 3461 3833 3516 Potest

2227 3556 2384 3612 radix
2416 3558 2471 3611 in
2507 3555 2670 3611 malis
2697 3553 3127 3625 cogitationibus
3165 3554 3378 3625 accipi,
3406 3553 3617 3609 fructus
3646 3563 3828 3608 autem

2229 3660 2286 3707 et
2309 3667 2536 3723 germen
2563 3651 2615 3705 in
2644 3651 2801 3705 malis
2839 3649 3098 3720 operibus
3139 3658 3303 3720 atque
3358 3647 3703 3704 sermonibus
3730 3690 3744 3713 ,
3775 3655 3835 3703 ut

2230 3746 2372 3817 quod
2417 3743 2472 3800 in
2505 3744 2690 3800 radice
2722 3744 2892 3812 latet,
2942 3751 3281 3798 monstretur
3311 3742 3363 3796 in
3398 3740 3685 3812 genuine:
3714 3755 3837 3812 quas

2232 3851 2459 3910 utraque
2504 3839 2714 3895 Domini
2749 3837 3005 3894 incendio
3033 3835 3389 3891 vorabantur.
3414 3834 3573 3891 Unde
3602 3842 3662 3890 et
3687 3834 3835 3903 Apo-

2231 3933 2403 3988 stolus
2431 3930 2592 4001 (Heb.
2620 3947 2717 3996 xu,
2742 3931 2857 4001 15),
2877 3929 3116 3985 radicem
3145 3926 3524 3984 amaritudinis
3546 3927 3835 3992 malorum,

2232 4044 2448 4084 sursum
2472 4026 2713 4097 loquitur
2730 4025 3151 4098 germinantem.

2303 4121 2415 4195 85
2441 4119 2636 4193 (Vers.
2665 4118 2757 4175 εδ.
2781 4118 2801 4190 )
2827 4117 2956 4172 Ideo
2980 4118 3143 4172 iratus
3165 4128 3238 4171 est
3263 4120 3408 4186 furor
3430 4113 3641 4170 Domini
3664 4116 3720 4169 in
3745 4131 3841 4184 po-

2235 4217 2413 4288 pulum
2440 4231 2590 4271 suum
2615 4256 2630 4280 ,
2668 4224 2719 4269 et
2744 4213 2973 4269 extendit
2994 4228 3204 4266 manum
3226 4226 3374 4265 suam
3402 4226 3559 4280 super
3579 4225 3698 4263 eum
3722 4251 3738 4277 ,
3789 4218 3840 4262 et

2237 4309 2487 4380 percussit
2510 4323 2624 4361 eum
2641 4348 2655 4371 ,
2679 4315 2728 4360 et
2751 4303 3037 4360 conturbati
3056 4312 3177 4358 sunt
3205 4311 3403 4356 montes
3428 4341 3443 4366 ,
3471 4310 3519 4355 et
3550 4302 3695 4371 facta
3723 4309 3842 4354 sunt

2239 4402 2508 4454 morticina
2531 4415 2711 4454 eorum
2730 4437 2746 4463 ,
2773 4397 2921 4467 quasi
2939 4407 3138 4451 stercus
3158 4396 3213 4450 in
3240 4394 3406 4449 medio
3433 4394 3749 4465 platearum.
3774 4391 3843 4447 In

2241 4495 2474 4549 omnibus
2501 4493 2584 4547 his
2611 4508 2713 4545 non
2739 4500 2814 4545 est
2841 4506 3053 4545 aversus
3081 4492 3227 4561 furor
3247 4491 3357 4559 ejus
3385 4502 3404 4542 :
3432 4485 3523 4542 sed
3545 4487 3720 4541 adhuc
3736 4502 3846 4541 ma-

537 4592 595 4638 et
644 4584 899 4649 siceram,
935 4589 990 4636 et
1016 4595 1182 4635 omne
1208 4578 1353 4651 quod
1381 4579 1449 4636 de
1481 4581 1598 4636 uvis
1627 4591 1733 4649 est,
1767 4598 1876 4637 non
1920 4583 2129 4649 bibant,
2163 4552 2214 4613 D
2242 4604 2342 4641 nus
2366 4588 2478 4658 ejus
2508 4593 2713 4639 extenta
2744 4599 2764 4637 :
2792 4583 3058 4651 Quoniam
3081 4552 3400 4652 abjecerunt
3429 4581 3601 4649 legem
3630 4579 3847 4635 Domini

540 4691 640 4732 nec
664 4674 974 4738 comedant,
1010 4688 1080 4729 ne
1113 4688 1272 4728 uvam
1318 4672 1536 4742 quidem
1567 4688 1783 4743 passam
1803 4716 1816 4738 ,
1839 4684 1894 4729 et
1920 4685 2135 4729 acetum

538 4785 610 4824 ex
635 4770 760 4824 vino
790 4765 982 4840 (Nam.
1015 4769 1118 4835 vn).
1146 4764 1255 4821 Sed
1283 4773 1337 4819 et
1358 4765 1411 4819 in
1442 4765 1751 4819 Proverbiis
1772 4766 2089 4835 prmcipitnr
2118 4780 2133 4818 :

548 4860 785 4915 Potentes
805 4861 892 4931 qui
918 4857 1161 4913 iracundi
1187 4866 1339 4923 sunt;
1368 4856 1545 4909 vinum
1570 4871 1674 4909 non
1700 4855 1899 4922 bibant,
1934 4872 1997 4911 ne
2021 4874 2138 4911 cum

541 4955 783 5016 biberint,
813 4953 1182 5006 obliviscantur
1205 4950 1494 5022 sapientite.
1525 4949 1673 5004 Inter
1701 4950 1885 5004 vinum
1917 4960 1973 5004 et
2001 4950 2144 5006 sice-

544 5061 661 5099 ram
690 5045 845 5113 juxta
873 5057 1151 5113 anagogeu
1184 5040 1288 5097 hoc
1316 5057 1443 5098 esse
1472 5041 1742 5110 arbitror,
1777 5041 1925 5113 quod
1955 5044 2139 5098 vinum

547 5151 580 5191 e
613 5135 861 5205 pluribus
891 5149 996 5188 una
1029 5133 1372 5202 perturbatio
1398 5143 1519 5201 est,
1556 5135 1710 5190 verbi
1765 5136 1939 5206 gratia
1972 5178 1988 5203 ,
2022 5136 2144 5191 libi-

545 5230 716 5295 dinis,
741 5228 1007 5293 avaritiae,
1034 5226 1199 5297 gulte,
1230 5237 1284 5280 et
1314 5226 1555 5282 invidiae.
1587 5228 1777 5284 Sicera
1803 5228 1916 5302 84
1943 5240 2147 5298 autem,

546 5323 602 5378 id
632 5329 741 5389 est,
776 5320 1038 5387 ebrietas,
1071 5332 1263 5374 omnes
1294 5319 1348 5373 in
1379 5334 1440 5374 se
1467 5320 1726 5375 vitiorum
1756 5324 1994 5378 continet
2028 5338 2151 5394 pas-

553 5416 761 5479 siones,
793 5429 928 5485 quas
957 5413 1163 5469 rectius
1194 5410 1390 5467 Latino
1418 5426 1674 5468 sermone
1705 5415 2146 5484 perturbationes

550 5520 842 5577 possumus
886 5505 1094 5571 dicere,
1125 5504 1271 5575 quod
1301 5514 1503 5561 statum
1550 5514 1749 5562 mentis
1777 5520 2056 5577 evertant,
2091 5518 2147 5565 et

548 5602 731 5658 ebrios
758 5600 961 5657 faciant
990 5599 1209 5655 nescire
1232 5598 1362 5667 quid
1410 5609 1595 5672 agant.
1642 5602 1748 5669 Qui
1775 5616 1909 5673 ergo
1940 5602 1969 5633 ⁸
2000 5618 2141 5673 pra:-

2240 4677 2575 4733 cxercituum
2599 4715 2612 4737 ,
2646 4689 2807 4745 quam
2830 4687 2890 4729 se
2914 4675 3166 4728 daturum
3196 4687 3290 4743 per
3317 4670 3611 4727 Jeremiam
3656 4669 3849 4725 Domi-

2244 4785 2346 4825 nus
2398 4767 2727 4838 pollicetur,
2779 4766 3011 4821 dicens:
3061 4764 3194 4819 Ecce
3252 4763 3360 4819 dies
3413 4763 3658 4827 veniunt,
3722 4760 3849 4815 dicit

2243 4859 2499 4915 Dominus
2524 4900 2539 4925 ,
2568 4870 2617 4913 et
2645 4860 2829 4930 feriam
2859 4858 3037 4913 domui
3066 4855 3236 4912 Israel
3261 4898 3278 4924 ,
3305 4867 3353 4910 et
3379 4856 3561 4909 domui
3589 4853 3620 4908 J
3630 4853 3735 4908 uda
3756 4857 3851 4925 fm—

2244 4954 2342 5008 dus
2392 4969 2579 5008 novum
2598 4995 2614 5018 ,
2660 4970 2761 5007 non
2790 4953 3071 5008 secundum
3125 4960 3335 5024 pactum
3363 4950 3502 5021 quod
3528 4949 3703 5022 pepigi
3731 4964 3852 5003 cum

2250 5046 2483 5117 patribus
2511 5048 2708 5112 vestris,
2730 5048 2786 5101 in
2811 5046 2897 5100 die
2919 5044 3127 5115 quando
3168 5043 3486 5116 apprehendi
3523 5057 3734 5096 manum
3759 5057 3854 5096 eo-

2250 5157 2371 5195 rum
2399 5181 2415 5207 ,
2445 5150 2502 5194 at
2527 5140 2795 5195 educerem
2821 5154 2908 5192 eos
2944 5138 3007 5191 de
3038 5146 3176 5190 terra
3205 5134 3429 5207 As'ggpti
3452 5134 3669 5206 (Jerem.
3696 5147 3852 5199 xxxl,

2250 5232 2343 5299 5i,
2365 5233 2434 5288 32
2454 5232 2496 5304 ).
2531 5231 2601 5286 Et
2624 5245 2935 5286 sermonem
2964 5228 3151 5285 Sancti
3175 5228 3340 5284 Israel
3368 5226 3852 5298 blasphemarunt,

2252 5324 2548 5380 dicentes:
2596 5321 2927 5377 Dtemonium
2993 5322 3143 5376 habet
3168 5364 3183 5389 ,
3246 5331 3297 5376 et
3355 5319 3728 5377 Samaritanus
3780 5331 3857 5375 est

2253 5419 2454 5490 (Joan.
2485 5433 2604 5480 vin,
2627 5418 2694 5472 48
2717 5416 2768 5489 );
2800 5423 2889 5471 et:
2919 5413 3108 5470 Nonne
3125 5416 3209 5469 hic
3222 5425 3297 5469 est
3315 5415 3457 5485 [ilius
3476 5412 3612 5485 fabri
3638 5413 3658 5484 (
3692 5410 3855 5467 Matt.

2250 5526 2370 5576 xm,
2403 5509 2526 5581 55)?
2554 5508 2761 5565 Idcirco
2792 5509 2960 5564 iratus
2975 5516 3060 5563 est
3088 5506 3236 5563 furor
3270 5505 3483 5561 Domini
3512 5504 3564 5559 in
3594 5505 3862 5574 populum

2250 5619 2406 5659 suum
2430 5644 2445 5671 ,
2477 5604 2569 5676 qui
2597 5602 2746 5674 prius
2773 5602 2943 5659 iratus
2971 5602 3144 5659 fuerat
3165 5608 3356 5658 contra
3382 5596 3660 5670 principes
3676 5606 3732 5655 et
3755 5611 3862 5669 po-

631 5792 658 5823 ι
684 5782 900 5848 Verius,
954 5793 1013 5839 ut
1050 5785 1271 5841 videtur
1312 5784 1365 5842 in
1394 5784 1592 5853 Vatic.,
1620 5788 1710 5859 qui
1753 5784 1876 5861 ergo
1906 5795 2119 5859 possunt
2148 5786 2451 5860 plurimum,
2497 5787 2703 5859 debent,
2735 5798 2844 5845 etc.
