4008 6304
179 253 248 311 89
797 256 1447 320 COMMENTARIORUM
1488 262 1555 320 ΙΝ
1596 264 1836 323 lSAlAM
1877 267 2307 329 PROPHETAM
2339 273 2469 330 LIB.
2511 274 2578 333 11.
2616 277 2770 335 CAP.
2812 280 2879 336 γ.
3424 292 3492 348 90

182 377 361 428 tentes
381 416 396 439 ,
425 371 518 443 qui
547 373 822 444 sapientes
850 385 1003 430 erant
1034 375 1089 431 in
1114 376 1288 432 oculis
1308 375 1423 432 suis
1448 419 1463 444 ,
1493 389 1549 434 et
1581 378 1786 449 justili-
1812 390 1867 451 Α
1890 399 2055 456 neque
2077 386 2308 441 solvetur
2331 390 2599 458 cingulum
2614 393 2907 449 lumborum
2926 400 3065 469 ejus,
3091 415 3183 454 nec
3221 411 3495 475 rumpetur

180 474 447 519 caverunt
470 464 692 536 impium
717 480 814 536 pro
832 468 1169 536 muneribus,
1194 478 1250 524 et
1274 469 1672 545 devoraveratl
1699 473 1784 527 Al.

182 556 574 630 devorat]eos
596 559 751 630 quasi
776 561 1031 631 stipulam
1075 561 1256 633 lingua
1304 564 1479 633 ignis,
1532 573 1587 621 et
1641 567 1791 622 calor

182 649 418 706 ﬂammae
458 660 777 718 cxusserat,
828 662 886 706 ut
935 662 1187 724 potentes
1229 666 1479 724 potenter
1521 665 1788 712 tormenta

181 754 518 817 paterentur.
553 746 620 801 lit
644 747 893 802 extendit
921 764 1139 803 manum
1162 764 1313 804 suam
1334 751 1618 805 adversum
1640 767 1785 819 eum,

177 853 336 906 quem
367 847 532 893 vocat
561 840 821 910 populum
853 855 1013 896 suum
1046 859 1059 895 :
1089 856 1156 897 eo
1176 841 1320 913 quod
1351 842 1513 897 fuerit
1537 859 1659 912 pars
1680 844 1789 898 bae-

176 933 426 989 retlitatis
457 932 595 1003 ejus,
630 943 685 989 et
709 932 983 998 funiculus
1012 936 1374 1004 possessionis
1406 936 1554 991 illius
1583 936 1603 1008 (
1629 936 1780 991 Deut.

176 1038 332 1079 χχιιι
356 1023 396 1096 ).
431 1024 687 1080 Extendit
710 1034 890 1081 autem
922 1043 1140 1083 manum
1162 1072 1175 1095 ,
1207 1038 1263 1083 ut
1291 1030 1588 1100 percutiat,
1629 1041 1681 1085 et
1709 1030 1790 1085 lu-

175 1131 272 1173 ror
308 1117 428 1186 ejus
457 1118 755 1188 irascatur,
783 1120 852 1175 de
878 1137 988 1191 quo
1013 1122 1149 1178 etin
1191 1124 1300 1179 alio
1341 1123 1465 1180 loco
1506 1123 1739 1197 legimus
1774 1147 1785 1182 :

174 1204 401 1263 Domine
424 1252 438 1275 ,
473 1225 538 1262 ne
562 1210 615 1264 in
646 1214 824 1281 furore
854 1220 944 1266 tuo
964 1229 1156 1284 arguas
1185 1230 1285 1280 me,
1315 1230 1477 1286 neque
1506 1216 1561 1269 in
1591 1216 1671 1269 ira
1701 1226 1789 1271 tua

174 1302 431 1374 corripias
461 1320 540 1358 me
569 1304 587 1373 (
611 1303 705 1359 Ps.
732 1319 809 1370 VI,
840 1308 863 1361 1
894 1304 937 1375 ).
971 1307 1037 1361 Et
1065 1307 1333 1362 Jeremias
1358 1325 1372 1361 :
1416 1306 1632 1379 Corripe
1658 1327 1781 1379 nos,

175 1392 391 1463 inquit,
429 1394 683 1463 Domine;
713 1408 1066 1453 uerumtamen
1096 1399 1149 1452 in
1173 1400 1404 1472 judicio,
1429 1410 1475 1455 et
1496 1418 1597 1456 non
1625 1403 1677 1456 in
1703 1408 1789 1474 fu-

172 1509 295 1548 rore
320 1492 553 1567 (Jerem.
587 1512 645 1563 x,
672 1497 741 1552 ΞΕ
768 1497 811 1568 ).
845 1496 1052 1554 Furere
1086 1508 1268 1555 autem
1295 1500 1553 1555 Dominus
1569 1501 1784 1570 dicitur,

136 1598 287 1645 ‘non
320 1591 467 1662 quod
495 1592 746 1648 humanis
788 1595 1291 1663 perturbationibus
1328 1598 1643 1668 subjaceat;
1691 1602 1787 1657 sed

174 1684 322 1755 quod
348 1701 447 1739 nos
461 1686 550 1757 qui
565 1685 950 1758 delinquimus,
970 1689 1072 1743 nisi
1087 1689 1781 1763 irascentemaudierimus,

1891 481 2116 553 corrigia
2142 482 2466 538 calciamenti
2493 489 2629 557 ejus.
2661 487 2882 560 Sagitta:
2904 493 3020 563 ejus
3046 504 3230 561 acutis,
3247 505 3293 549 et
3320 513 3493 553 omnes

1890 588 2043 626 arcus
2065 577 2179 647 ejus
2201 576 2390 630 extenti
2420 594 2439 631 :
2468 579 2682 649 ungula:
2725 598 2974 648 equorum
3016 589 3131 653 ejus
3159 596 3215 641 ut
3244 589 3374 644 sileas
3396 631 3410 656 ,
3448 598 3498 643 et

1890 673 2017 717 rota:
2042 669 2155 738 ejus
2191 668 2340 737 quasi
2390 671 2614 739 impetus
2663 679 3002 743 tempestatis.
3062 677 3277 751 Rugitus
3300 684 3411 751 ejus
3441 691 3495 737 ut

1890 759 2049 814 leonis
2081 801 2095 825 ,
2140 763 2308 834 rugiet
2332 772 2385 816 ut
2412 766 2571 819 catuli
2592 766 2804 821 leonum
2830 809 2845 833 ,
2878 778 2925 822 et
2955 771 3157 842 frendet
3177 813 3193 837 ,
3235 785 3281 829 et
3309 775 3494 829 tenebit

1889 852 2157 921 praedam,
2205 863 2253 908 et
2289 853 2698 923 amplexabitur,
2746 869 2796 913 et
2839 876 2942 915 non
2989 863 3085 918 erit
3104 867 3193 935 qui
3218 876 3385 923 eruat.
3432 866 3500 922 Et

1886 944 2089 1000 sonabit
2107 963 2261 1015 super
2288 965 2403 1003 eum
2431 951 2486 1004 in
2518 951 2602 1004 die
2622 953 2717 1006 illa
2738 954 2870 1007 sicut
2897 957 3098 1009 sonitus
3116 958 3276 1013 maris
3306 975 3327 1015 :
3354 961 3498 1031 aspi-

1888 1037 2079 1091 ciemus
2126 1039 2180 1093 in
2209 1049 2432 1109 terram,
2482 1052 2533 1097 et
2558 1060 2672 1098 ecce
2695 1045 3498 1116 tenebrattribulotionis,etlux

1889 1130 2220 1188 obtenebrata
2247 1145 2323 1190 est
2351 1134 2579 1207 caligine
2611 1141 2747 1211 ejus.
2782 1140 2995 1196 Hebraei
3046 1142 3188 1200 hunc
3219 1145 3397 1200 locum
3427 1146 3498 1204 de

1888 1224 2203 1299 Babyloniis
2225 1239 2281 1283 et
2304 1229 3126 1309 Nabuchodonosorintelligunt
3159 1239 3495 1310 prophetari,

1890 1319 2033 1389 quod
2066 1320 2158 1375 Dei
2185 1322 2472 1380 voluntate
2501 1324 2767 1382 adductus
2792 1330 2864 1384 sit
2894 1330 2946 1384 in
2977 1330 3219 1387 inda-am
3251 1342 3309 1389 et
3335 1333 3498 1390 Jeru-

1889 1413 2058 1468 salem
2084 1456 2099 1481 ,
2133 1416 2506 1489 templumque
2532 1420 2888 1477 subverterit.
2915 1423 3025 1480 Nos
3057 1437 3239 1482 autem
3263 1442 3498 1499 sequen-

1892 1516 1974 1562 tes
2013 1508 2259 1565 ordinem
2281 1555 2295 1577 ,
2329 1520 2383 1564 et
2406 1514 2687 1581 sequentia
2710 1515 3083 1584 superioribus
3125 1520 3451 1591 copulantes
3478 1561 3494 1587 ,

1888 1596 2014 1654 ideo
2042 1599 2256 1669 signum
2290 1602 2343 1655 in
2377 1602 2688 1659 nationibus
2734 1607 2922 1676 procul
2954 1608 3227 1665 elevatum
3261 1610 3495 1668 dicimus

1888 1702 2011 1744 esse
2033 1731 2046 1753 ,
2092 1700 2139 1744 et
2164 1691 2415 1749 sibilasse
2466 1695 2752 1751 Dominum
2779 1738 2795 1764 ,
2846 1699 2929 1754 vel
2960 1708 2989 1737 ει
3021 1702 3252 1758 traxisse
3300 1718 3396 1759 eos
3426 1702 3495 1759 de

176 1777 470 1835 Dominum
504 1795 612 1835 non
645 1782 954 1837 timeamus.
989 1782 1143 1840 Unde
1161 1796 1215 1840 et
1241 1785 1533 1856 Apostolus
1563 1789 1772 1857 scribit,
1809 1779 1857 1840 B
1886 1776 2085 1834 ﬁnibus
2105 1789 2301 1847 terrae;
2352 1786 2610 1855 quoniam
2629 1786 3150 1863 abieceruntlegem
3182 1792 3492 1864 Evangelii.

173 1871 197 1943 (
224 1869 379 1926 Rom.
414 1888 450 1928 ιι
476 1875 518 1942 ).
550 1873 692 1943 quod
724 1874 941 1930 bonitas
972 1874 1067 1930 Dei
1095 1918 1109 1943 ,
1159 1886 1213 1931 et
1237 1877 1496 1947 patientia
1525 1889 1783 1949 provocet

170 1978 276 2020 nos
301 1963 368 2019 ad
395 1966 772 2035 pmititentiam
804 1984 817 2020 :
849 1983 949 2023 nos
977 1978 1157 2024 autem
1199 1970 1498 2027 secundum
1526 1972 1782 2029 duritiam

172 2070 231 2116 et
260 2061 607 2130 imptenitens
651 2077 749 2117 cor
792 2071 1038 2118 nostrum
1068 2105 1082 2126 ,
1137 2065 1575 2124 thesaurizemus
1628 2067 1785 2124 nobis

171 2150 309 2208 iram
334 2152 385 2208 in
408 2153 495 2209 die
518 2155 645 2221 irae,
677 2162 732 2210 et
755 2156 1105 2211 revelationis
1125 2158 1263 2225 justi
1283 2159 1471 2227 iudicii
1500 2160 1618 2215 Dei.
1651 2161 1783 2229 Quae

171 2247 245 2303 sit
269 2255 446 2302 autem
477 2263 668 2303 manus
696 2264 818 2319 quae
842 2251 1187 2319 extenditur,
1225 2254 1311 2308 vel
1345 2254 1591 2309 elevatur
1618 2270 1784 2324 super

172 2340 429 2410 populum
458 2353 818 2411 peccatorcm,
844 2343 948 2398 Job
975 2344 1214 2413 loquitur
1244 2346 1589 2403 manifeStius
1615 2366 1629 2403 :
1659 2347 1782 2402 Ma-

170 2450 273 2487 nus
298 2435 435 2488 enim
460 2432 671 2489 Domini
687 2437 854 2509 tetigit
877 2454 956 2491 me
987 2437 1006 2509 (
1030 2435 1154 2493 Job.
1192 2456 1278 2494 six
1303 2484 1316 2507 ,
1358 2441 1422 2495 21
1458 2441 1499 2512 ).
1548 2438 1703 2498 Unde
1729 2450 1785 2497 et

176 2525 425 2582 diabolus
467 2527 650 2583 sciens
689 2540 967 2598 potentem
1013 2547 1234 2587 manum
1280 2534 1523 2603 Domini,
1568 2547 1623 2591 et
1663 2537 1785 2591 lira-

174 2619 358 2678 cltium
372 2621 513 2690 quod
537 2622 811 2678 universis
832 2624 1083 2694 gentibus
1110 2627 1412 2682 revelatum
1434 2638 1537 2697 est,
1562 2628 1695 2684 dicit
1714 2629 1781 2684 ad

176 2712 467 2769 Dominum
500 2733 512 2769 :
556 2715 708 2773 Mitte
736 2735 946 2771 manum
976 2729 1150 2785 tuam,
1181 2730 1229 2775 et
1266 2731 1419 2794 tange
1447 2723 1621 2779 omnia
1669 2741 1785 2795 qua:

176 2811 474 2866 habetmisi
503 2813 557 2868 in
588 2815 774 2885 faciem
804 2815 1124 2871 benedixerit
1157 2818 1248 2871 tibi
1272 2817 1419 2887 (Job.
1445 2818 1602 2888 11,5).
1628 2818 1783 2886 Quod

175 2917 363 2960 autem
394 2909 547 2977 quasi
578 2909 917 2978 praeteritum
969 2910 1201 2977 dicitur,
1237 2911 1379 2982 quod
1408 2911 1522 2984 86
1547 2910 1782 2966 futurum

180 3006 310 3064 est,
342 3001 793 3056 consuetudinem
845 3002 1094 3070 sequitur
1144 3002 1556 3073 prophetalem,
1606 3004 1659 3057 in
1685 3018 1786 3073 qua

177 3096 290 3142 tam
321 3101 471 3143 certa
497 3099 622 3145 sunt
649 3106 772 3160 qua:
798 3089 975 3146 futura
1004 3092 1276 3161 dicuntur,
1303 3105 1363 3149 ut
1386 3103 1647 3166 putentur
1666 3109 1787 3151 esse

1885 1880 1940 1927 et
1969 1888 2279 1930 sermonem
2312 1886 2558 1932 sanctum
2591 1879 3134 1951 blaspltcmaverunt.
3168 1885 3227 1942 Si
3258 1887 3402 1942 enim
3427 1887 3493 1944 de

1886 1963 2202 2036 Babyloniis
2214 1968 2323 2039 87
2341 1978 2487 2025 esset
2501 1985 2701 2038 sermo,
2721 1973 2877 2042 juxta
2890 1977 3353 2034 consuetudinem
3371 1995 3497 2051 pro-

1887 2059 2156 2128 pltetalem
2177 2062 2404 2117 dixisset
2434 2081 2447 2118 :
2485 2063 2703 2121 Vocabo
2724 2082 2847 2123 eum
2879 2069 2973 2141 qui
3003 2070 3073 2126 ab
3100 2072 3370 2143 Aquilone
3387 2085 3493 2142 est,

1886 2166 1952 2206 eo
1982 2152 2123 2219 quod
2149 2151 2303 2223 juxta
2330 2153 2531 2209 Iudaea:
2563 2155 2727 2212 situm
2748 2201 2763 2226 ,
2794 2158 3009 2232 ASsyrii
3035 2170 3200 2233 atque
3250 2161 3492 2220 Chaldaei

1886 2240 1941 2296 in
1988 2242 2413 2313 Septentrionali
2450 2247 2609 2317 plaga
2636 2250 2767 2304 sint.
2814 2250 2912 2307 Vel
2944 2262 3095 2308 certe
3119 2256 3361 2323 apertius
3391 2256 3494 2311 Ba-

1886 2334 2135 2407 bylonios
2151 2337 2512 2409 Ass‘yrinsque
2528 2338 2888 2408 describeret.
2908 2342 3058 2399 Nunc
3078 2360 3210 2399 vero
3229 2347 3490 2403 dicendo:

1885 2426 2093 2484 Levabit
2119 2430 2325 2501 signum
2351 2431 2405 2483 in
2426 2431 2721 2486 nationibus
2744 2435 2947 2503 procul,
2972 2444 3019 2489 et
3045 2436 3271 2491 sibilabit
3292 2438 3361 2491 ad
3380 2455 3496 2492 eum

1885 2522 1950 2577 de
1976 2523 2166 2593 ﬁnibus
2197 2535 2378 2591 terrae,
2424 2535 2619 2596 gentes
2651 2527 2808 2599 longe
2840 2531 3049 2600 positas
3073 2531 3351 2601 signiﬁcat
3371 2573 3387 2599 ,
3440 2546 3495 2590 et

1885 2633 2006 2688 qua:
2040 2618 2090 2673 in
2126 2626 2288 2673 terrm
2339 2618 2539 2673 ﬁnibus
2586 2630 3005 2677 commorantur
3045 2641 3059 2678 :
3095 2622 3238 2677 haud
3271 2624 3499 2680 dubium

1884 2710 2015 2781 quin
2047 2711 2355 2780 Romanos,
2401 2720 2458 2766 et
2497 2727 2690 2769 omnes
2733 2714 2901 2770 Italizu
2931 2757 2945 2782 ,
2992 2715 3403 2787 Galliarumque
3443 2729 3499 2774 et

1885 2806 2161 2877 Hispania:
2193 2811 2461 2881 populos,
2509 2812 2602 2883 qui
2644 2810 2746 2866 sub
2767 2809 3110 2880 Vespasiano
3143 2818 3198 2865 et
3229 2811 3498 2877 Adriano,

1887 2898 2135 2958 Romano
2176 2905 2409 2975 imperio
2441 2905 2820 2975 sultjacebant.
2874 2903 3031 2959 Unde
3058 2914 3110 2959 et
3155 2904 3302 2959 Italia
3333 2905 3400 2959 ab
3431 2919 3499 2960 eo

1887 2993 2032 3061 quod
2062 2994 2135 3049 ibi
2164 2994 2438 3065 Hesperus
2463 2995 2697 3062 occidat,
2731 2995 2864 3051 olim
2894 2996 3157 3065 Hesperia
3186 2995 3495 3051 dicebatur.

1889 3082 1958 3138 Et
2004 3084 2108 3139 hoc
2135 3087 2393 3141 veniente
2451 3103 2749 3157 percussus
2801 3096 2925 3153 est,
2971 3096 3027 3142 et
3051 3102 3245 3143 omnes
3295 3087 3499 3143 Judaue

176 3180 480 3250 praeterita.
512 3181 665 3248 Quod
696 3190 753 3237 et
782 3182 835 3237 in
867 3182 1103 3238 Psalmis
1128 3187 1345 3239 canitur
1380 3203 1392 3237 ε
1430 3185 1696 3241 υειιενιιηι
1731 3189 1786 3243 in
1814 3168 1860 3233 C
1893 3189 2106 3234 montes
2138 3180 2328 3235 turbati
2356 3191 2508 3247 sunt,
2565 3192 2620 3235 ut
2641 3181 3029 3249 interpretatus
3056 3192 3139 3236 est
3181 3181 3496 3237 TlleOdOllO

173 3272 355 3327 cibum
382 3288 553 3325 meum
583 3273 675 3341 fel,
705 3284 752 3328 et
776 3276 863 3328 siti
904 3292 1013 3329 mea
1044 3285 1347 3345 potuverunt
1376 3295 1455 3332 me
1478 3286 1665 3348 aceto(
1694 3278 1787 3334 Ps.

176 3380 384 3431 vam,
414 3363 486 3417 22
517 3364 557 3433 ).
616 3366 677 3419 Et
709 3366 905 3420 iterum
951 3384 964 3419 :
1016 3350 1318 3422 Diviserunt
1356 3368 1455 3423 sibi
1496 3369 1792 3423 vestimenta

173 3472 315 3520 mea,
340 3464 391 3510 et
412 3471 572 3528 super
591 3458 946 3512 uestimentum
969 3475 1137 3513 meum
1161 3460 1412 3514 miserunt
1452 3470 1641 3515 sortem
1672 3460 1790 3532 (Ps.

173 3567 303 3620 XXI,
337 3550 405 3607 l9
433 3549 473 3621 ).
505 3550 771 3621 Quodque
820 3552 1067 3621 sequitur
1099 3571 1113 3606 :
1154 3551 1225 3607 Et
1250 3554 1505 3624 percussit
1526 3572 1644 3609 eum
1668 3597 1683 3621 ,
1735 3555 1788 3611 id

175 3655 286 3714 est,
321 3646 574 3716 populum
602 3663 776 3713 suum,
809 3656 859 3700 et
883 3648 1178 3702 conturbati
1201 3658 1323 3703 sunt
1354 3660 1553 3705 montes
1582 3667 1601 3705 :
1630 3666 1790 3705 mon-

181 3747 269 3795 tes
297 3739 514 3810 quidam
548 3751 739 3810 putant
780 3742 1086 3795 contrarias
1132 3741 1515 3811 fortitudines;
1542 3742 1656 3797 sive
1694 3758 1789 3798 eos

180 3832 408 3902 Spiritus
432 3832 525 3903 qui
556 3830 612 3886 in
641 3833 945 3888 ministerio
978 3832 1076 3888 Dei
1102 3841 1252 3901 sunt,
1277 3835 1545 3902 ctquibus
1569 3834 1789 3889 tradun-

182 3931 273 3980 tur
295 3932 607 3993 peccatores
629 3924 695 3978 ad
720 3924 1079 3996 puniendum.
1107 3925 1216 3979 Nos
1234 3934 1415 3981 autem
1441 3926 1791 3999 hyperbolice

183 4015 391 4070 dictum
424 4028 715 4086 putamus,
765 4016 911 4087 quod
962 4031 1060 4087 pro
1109 4018 1481 4086 magnitudine
1524 4017 1790 4072 malorum

184 4106 591 4164 imminentium
614 4109 776 4164 etiam
808 4117 1026 4164 montes
1055 4120 1524 4175 commoveantur,
1551 4116 1606 4163 et
1632 4108 1792 4164 cada-

186 4199 413 4255 veribus
441 4201 1314 4271 mortuorumireplcanturomnes
1337 4201 1533 4270 platete
1550 4200 1787 4256 urbium.

186 4292 305 4349 Hoc
352 4292 621 4349 accidisse
665 4292 871 4349 Judazis
918 4301 1038 4363 post
1068 4292 1377 4362 passionem
1428 4292 1640 4348 Domini
1690 4292 1793 4348 sub

189 4383 525 4456 Vespasiano
557 4392 613 4439 et
642 4384 908 4450 Adriano,
940 4399 1102 4440 nemo
1141 4384 1373 4438 dubitat.
1405 4381 1650 4451 Cumque
1677 4382 1793 4439 haec

186 4479 331 4533 facta
356 4476 497 4542 sint,
545 4491 651 4531 non
679 4486 764 4531 est
807 4476 1068 4531 adversus
1099 4477 1249 4531 furor
1284 4475 1404 4545 ejus
1439 4475 1572 4532 :sed
1618 4475 1795 4531 adhuc

1890 3281 1946 3326 et
1988 3271 2381 3343 Symmachus,
2411 3274 2496 3329 vel
2528 3273 2802 3339 commoti,
2835 3281 2890 3326 ut
2939 3272 3132 3341 Aquila
3167 3274 3380 3343 posuit,
3412 3273 3498 3329 vel

1892 3364 2149 3429 acerbati,
2183 3376 2240 3419 ut
2291 3366 2432 3421 LXX
2484 3367 2910 3432 transtulerunt,
2937 3375 2995 3421 ut
3021 3367 3225 3438 impetu
3259 3368 3496 3424 hostium

1891 3472 2087 3512 omnes
2119 3459 2463 3529 replerentur
2507 3459 2699 3529 plateae
2730 3460 3088 3515 cadaVeribus
3137 3471 3498 3516 mortuorum.

1894 3551 2162 3607 Describit
2191 3568 2322 3622 ergo
2350 3566 2532 3607 sermo
2561 3551 2778 3607 divinus
2833 3552 3174 3607 velocitatem
3232 3552 3501 3608 venientis

1889 3647 2192 3713 exercitus,
2226 3647 2315 3717 qui
2348 3663 2455 3702 non
2490 3663 2587 3702 sua
2615 3688 2629 3713 ,
2664 3646 2759 3702 sed
2808 3646 3023 3701 Domini
3056 3647 3271 3702 venerit
3304 3645 3501 3700 volun-

1890 3748 2035 3805 tate;
2070 3741 2237 3796 immo
2265 3749 2527 3796 attractus
2557 3742 2665 3807 sit,
2695 3751 2749 3795 et
2778 3741 2937 3796 sibilo
2968 3740 3114 3795 illius
3147 3747 3497 3809 provocatus,

1889 3832 2034 3901 quod
2072 3846 2177 3887 nun
2209 3832 2494 3899 deiecerit,
2522 3847 2621 3887 nec
2653 3840 2803 3886 tanto
2829 3832 3024 3886 itinere
3051 3829 3413 3894 laboraverit,
3439 3841 3496 3885 et

1889 3923 2189 3995 cupiditate
2220 3924 2534 3994 praedandi,
2564 3939 2815 3978 somnum
2838 3925 2952 3994 88
2981 3923 3154 3976 oculis
3185 3937 3291 3976 non
3327 3921 3501 3977 admi-

1890 4016 2055 4082 serit,
2086 4017 2443 4072 calciamenta
2471 4031 2689 4086 quoqne
2722 4017 2868 4069 illius
2897 4030 3002 4068 non
3034 4015 3144 4067 sint
3171 4013 3388 4079 attrita,
3414 4029 3503 4069 sa-

1891 4110 2233 4180 gittariorum
2265 4109 2691 4175 multitudinem,
2719 4110 2962 4178 equitum
2988 4116 3213 4173 turmas,
3245 4121 3501 4161 curruum

1892 4203 2388 4274 quadrigarumque
2417 4203 2691 4259 fervorem
2711 4244 2726 4267 ,
2773 4201 2914 4271 quod
2950 4201 3120 4256 instar
3149 4200 3324 4255 leonis
3346 4242 3361 4268 ,
3395 4217 3500 4255 non

1897 4304 2004 4350 tam
2037 4296 2101 4350 ad
2136 4296 2510 4367 pugnandum,
2543 4312 2707 4366 quam
2740 4294 2807 4348 ad
2832 4293 3212 4364 praedandum,
3238 4303 3290 4349 et
3311 4308 3509 4348 voran-

1895 4385 2023 4440 dum
2055 4386 2294 4455 venerit,
2335 4399 2390 4443 et
2420 4389 2657 4444 ululatus
2687 4388 2958 4443 vincentis
2988 4387 3265 4442 exercitus
3289 4429 3302 4452 ,
3338 4387 3507 4440 mari-

1897 4478 1988 4533 nis
2018 4478 2270 4533 lluctibus
2300 4490 2669 4550 comparatur.
2706 4481 2788 4537 Ex
2811 4497 2917 4550 quo
2940 4480 3236 4535 notandum
3268 4480 3508 4536 ubicum-

188 4586 384 4626 manus
404 4570 523 4639 ejus
548 4578 768 4626 extenta
792 4610 808 4636 ,
842 4571 957 4626 sive
983 4570 1220 4637 excelsa,
1254 4585 1375 4640 quas
1396 4568 1637 4625 habitum
1665 4570 1796 4624 iras-
1825 4557 1878 4616 1)
1904 4587 2011 4643 que
2060 4572 2270 4626 sonitus
2316 4574 2479 4626 maris
2529 4576 2579 4627 in
2628 4575 2926 4640 Scriptor-is
2969 4575 3274 4643 appellatur
3305 4615 3321 4639 ,
3375 4572 3505 4644 quid

186 4662 398 4726 centis,
429 4671 487 4719 et
514 4663 870 4733 percutientis
897 4662 1155 4717 ostendit.
1190 4663 1256 4716 Et
1288 4662 1585 4717 notandum
1619 4662 1674 4717 in
1707 4661 1791 4716 his

186 4756 443 4814 omnibus
464 4800 481 4826 ,
533 4756 677 4829 quod
708 4772 815 4812 non
846 4757 927 4812 eis
948 4756 1241 4824 exprobret
1264 4755 1649 4823 idololatriam,
1684 4770 1789 4810 non

190 4853 296 4908 alia
336 4862 555 4923 peccata
580 4893 595 4918 ,
646 4860 869 4921 propter
899 4865 1019 4919 qua:
1063 4847 1391 4903 offenderint
1438 4849 1604 4904 Deum
1635 4891 1649 4914 ,
1698 4848 1792 4904 sed

186 4944 316 5016 quia
348 4944 667 5013 abiecerunt
695 4943 870 5014 legem
903 4938 1223 5010 Evangelii,
1259 4948 1314 4994 et
1343 4955 1650 4995 sermonem
1685 4939 1794 4993 Do-

191 5038 326 5093 mini
353 5036 884 5106 blaspltemaverunt.

265 5131 285 5203 (
314 5131 474 5187 Vers.
507 5130 580 5185 26
617 5140 676 5186 et
726 5145 880 5200 seqq.
910 5129 930 5199 )
983 5128 1053 5182 Et
1083 5125 1271 5182 levabit
1299 5127 1507 5196 signum
1548 5126 1601 5177 in
1628 5126 1795 5179 natio-

191 5225 346 5280 nibus
375 5224 582 5294 procul,
606 5231 651 5278 et
690 5223 920 5278 sibilabit
951 5221 1020 5275 ad
1047 5236 1165 5275 eum
1193 5218 1259 5272 de
1308 5217 1496 5288 ﬁnibus
1524 5225 1674 5270 terra:
1699 5257 1713 5280 ,
1749 5227 1798 5271 et

189 5332 310 5371 ecce
334 5317 555 5387 festinus
608 5314 849 5369 velociter
882 5314 1072 5368 ueniet.
1122 5309 1194 5365 Et
1217 5327 1319 5365 non
1362 5310 1462 5365 erit
1501 5309 1745 5377 deﬁciens
1776 5351 1791 5373 ,

191 5424 363 5476 neque
386 5406 633 5461 laborans
662 5407 716 5460 in
744 5422 803 5460 eo
835 5421 854 5460 :
883 5421 986 5460 non
1013 5404 1332 5465 domitabit,
1368 5418 1529 5471 neque
1556 5401 1793 5469 dormiet,

267 5532 297 5561 ⁸
326 5520 556 5577 Erudite
579 5518 806 5595 Hieron.
831 5517 1054 5595 verbum
1083 5514 1316 5595 sibilasse
1354 5513 1542 5595 verba
1565 5514 1802 5595 "fuisse,

192 5600 481 5665 comparat
505 5633 522 5654 ,
554 5590 699 5665 quod
730 5588 907 5665 et_qui
938 5587 1055 5665 ejus
1070 5586 1375 5665 discipulus
1392 5583 1570 5665 _andit_,
1604 5583 1809 5665 Philip-

194 5653 298 5739 pus
325 5653 616 5739 presbytér
641 5660 771 5739 iecit
788 5653 1037 5739 Exposint.
1068 5657 1405 5739 interlita-cari
1432 5654 1485 5709 in
1532 5653 1804 5739 Jobieap.

197 5724 727 5807 IXIVl-l.il1_._ll'll.,_tll)l,
759 5740 808 5785 et
830 5724 1053 5807 sibilabit
1072 5744 1229 5794 super
1253 5727 1434 5807 illum,
1454 5724 1705 5807 explicat
1723 5763 1737 5787 ,
1761 5733 1809 5807 et

199 5793 371 5865 trahet
393 5793 576 5859 illum.
594 5793 805 5859 Revera
816 5803 993 5873 σύρειν
1012 5793 1200 5857 Grasse
1213 5793 1502 5868 utrumque
1516 5793 1808 5863 signiﬁcat.

1905 4663 2194 4735 significet.
2245 4664 2379 4721 Cum
2421 4665 2584 4731 igitur
2623 4665 2831 4721 venerit
2874 4666 3155 4722 Romanus
3201 4666 3507 4732 exercitus,

1901 4768 1954 4814 et
1978 4758 2213 4815 tenuerit
2244 4758 2501 4828 prtedam,
2531 4771 2581 4815 et
2609 4772 2715 4813 nou
2744 4757 2906 4811 fuerit
2927 4759 3018 4828 qui
3049 4771 3230 4824 eruat,
3263 4757 3506 4826 Prophe-

1902 4859 1953 4905 ta
1984 4851 2375 4920 compatientis
2403 4851 2603 4907 affectu
2625 4865 2684 4904 se
2709 4849 2891 4919 jungit
2922 4851 3144 4921 populo.
3176 4863 3232 4906 et
3265 4851 3378 4905 ait:
3409 4852 3508 4906 As—

1901 4943 2146 5013 piciemus
2172 4946 2225 4999 in
2256 4954 2445 4999 terram
2483 4953 2533 4998 et
2569 4958 2683 4997 ecce
2704 4942 2928 4995 tenebrae
2955 4943 3325 4997 tribulationis.
3369 4943 3507 5000 Coe-

1903 5034 2012 5089 lum
2053 5039 2199 5091 enim
2231 5037 2476 5106 aspicere
2499 5051 2608 5091 non
2652 5031 3006 5099 audebimus,
3059 5036 3216 5101 cuius
3245 5035 3516 5091 habitatoc

1902 5142 2016 5181 rem
2043 5126 2367 5183 oﬂ'endimus
2392 5146 2403 5180 :
2432 5139 2485 5182 et
2512 5127 2606 5181 lux
2641 5134 2825 5180 nostra
2854 5139 3014 5191 quam
3042 5139 3261 5194 semper
3283 5125 3511 5181 habeba-

1904 5235 2023 5274 ntus
2048 5220 2099 5272 in
2151 5220 2298 5284 Deo,
2348 5218 2761 5273 tribulationum
2812 5215 3046 5283 caligine
3086 5216 3377 5273 obscurata
3405 5228 3509 5273 est.

1906 5311 2032 5379 Legi
2065 5308 2456 5379 iubcujusdam
2489 5306 2933 5367 Commentariis,
2968 5304 3073 5357 hoc
3101 5308 3243 5370 quod
3276 5309 3512 5362 dicitur:

1903 5403 2116 5457 Leuabit
2143 5402 2347 5473 signum
2373 5404 2425 5457 in
2453 5400 2749 5457 nationibus
2770 5392 2973 5463 procul,
3000 5403 3046 5443 et
3064 5392 3292 5451 sibilabit
3312 5400 3379 5453 ad
3399 5416 3515 5454 eum

1983 5512 2012 5551 ι)
2036 5512 2093 5568 S.
2148 5512 2385 5566 Basilius
2416 5513 2506 5566 hic
2532 5507 2778 5564 creditur
2801 5542 2816 5566 ,
2846 5501 3003 5565 enim
3032 5502 3433 5570 OXPOSi'ionem
3467 5513 3521 5568 in

1912 5584 2059 5640 hunc
2086 5583 2235 5637 Isaiae
2268 5582 2444 5636 locum
2477 5581 2547 5634 de
2579 5578 2797 5633 elevato
2830 5571 3029 5640 Cruci-ﬁ
3058 5572 3266 5627 νυκὶηο
3293 5578 3346 5632 in
3384 5581 3526 5638 Gen-

1914 5639 2057 5711 tibus
2095 5661 2422 5780 reﬁeplaque
2460 5666 2493 5707 e
2526 5648 2758 5718 vestigio
2799 5639 3006 5695 Christi
3047 5641 3185 5704 ﬁde.
3222 5642 3288 5700 S.
3327 5649 3531 5710 Doctor

1916 5742 2022 5780 ηοη
2050 5742 2147 5780 ἰ)Γο
2190 5734 2264 5779 ab.

1916 5742 2022 5781 non
2050 5734 2264 5796 probat.
