  <div class='ocr_page' id='page_1' title='image "/cluster/home/n/w/nwhite01/storage/ocr_20150623/24/uva.x000826571/053.png"; bbox 0 0 4008 6296; ppageno 0'>
   <div class='ocr_carea' id='block_1_1' title="bbox 508 245 2550 310">
    <p class='ocr_par' dir='ltr' id='par_1_1' title="bbox 508 245 2550 310">
     <span class='ocr_line' id='line_1_1' title="bbox 508 245 2550 310; baseline -0.004 -2"><span class='ocrx_word' id='word_1_1' title='bbox 508 255 569 310; x_wconf 83' lang='lat' dir='ltr'><strong>9i</strong></span> <span class='ocrx_word' id='word_1_2' title='bbox 1748 247 1810 305; x_wconf 86' lang='lat' dir='ltr'><strong>S.</strong></span> <span class='ocrx_word' id='word_1_3' title='bbox 1852 245 2123 304; x_wconf 80' lang='lat' dir='ltr'><strong>EUSEBII</strong></span> <span class='ocrx_word' id='word_1_4' title='bbox 2159 245 2550 303; x_wconf 69' lang='lat' dir='ltr'><strong>lllEliONYMl</strong></span> 
     </span>
    </p>
   </div>
   <div class='ocr_carea' id='block_1_2' title="bbox 3745 247 3824 303">
    <p class='ocr_par' dir='ltr' id='par_1_2' title="bbox 3745 247 3824 303">
     <span class='ocr_line' id='line_1_2' title="bbox 3745 247 3824 303; baseline 0.013 -1"><span class='ocrx_word' id='word_1_5' title='bbox 3745 247 3824 303; x_wconf 59' lang='grc' dir='ltr'><strong>εξ</strong></span> 
     </span>
    </p>
   </div>
   <div class='ocr_carea' id='block_1_3' title="bbox 505 363 3829 442">
    <p class='ocr_par' dir='ltr' id='par_1_3' title="bbox 505 363 3829 442">
     <span class='ocr_line' id='line_1_3' title="bbox 505 363 3829 442; baseline -0.002 -18"><span class='ocrx_word' id='word_1_6' title='bbox 505 373 569 425; x_wconf 77' lang='lat' dir='ltr'><strong>(le</strong></span> <span class='ocrx_word' id='word_1_7' title='bbox 592 367 781 442; x_wconf 78' lang='lat' dir='ltr'><strong>ﬁnibus</strong></span> <span class='ocrx_word' id='word_1_8' title='bbox 809 382 984 437; x_wconf 67' lang='lat' dir='ltr'><strong>(errat,</strong></span> <span class='ocrx_word' id='word_1_9' title='bbox 1033 370 1101 425; x_wconf 85' lang='lat' dir='ltr'><strong>de</strong></span> <span class='ocrx_word' id='word_1_10' title='bbox 1131 367 1409 423; x_wconf 84' lang='lat' dir='ltr'><strong>vocatione</strong></span> <span class='ocrx_word' id='word_1_11' title='bbox 1439 365 1678 438; x_wconf 74' lang='lat' dir='ltr'><strong>geritiuin</strong></span> <span class='ocrx_word' id='word_1_12' title='bbox 1712 366 1914 422; x_wconf 83' lang='lat' dir='ltr'><strong>debere</strong></span> <span class='ocrx_word' id='word_1_13' title='bbox 1941 365 2099 422; x_wconf 81' lang='lat' dir='ltr'><strong>intel-</strong></span> <span class='ocrx_word' id='word_1_14' title='bbox 2131 364 2178 426; x_wconf 81' lang='grc' dir='ltr'><strong>Α</strong></span> <span class='ocrx_word' id='word_1_15' title='bbox 2208 364 2338 421; x_wconf 93' lang='lat' dir='ltr'><strong>rint.</strong></span> <span class='ocrx_word' id='word_1_16' title='bbox 2385 365 2492 421; x_wconf 85' lang='lat' dir='ltr'><strong>Sed</strong></span> <span class='ocrx_word' id='word_1_17' title='bbox 2521 366 2710 421; x_wconf 90' lang='lat' dir='ltr'><strong>nescio</strong></span> <span class='ocrx_word' id='word_1_18' title='bbox 2757 364 3032 435; x_wconf 88' lang='lat' dir='ltr'><strong>quomodo</strong></span> <span class='ocrx_word' id='word_1_19' title='bbox 3065 363 3192 420; x_wconf 93' lang='lat' dir='ltr'><strong>huic</strong></span> <span class='ocrx_word' id='word_1_20' title='bbox 3216 364 3401 421; x_wconf 91' lang='lat' dir='ltr'><strong>sensui</strong></span> <span class='ocrx_word' id='word_1_21' title='bbox 3447 365 3660 436; x_wconf 84' lang='lat' dir='ltr'><strong>possint</strong></span> <span class='ocrx_word' id='word_1_22' title='bbox 3687 381 3829 421; x_wconf 87' lang='lat' dir='ltr'><strong>con-</strong></span> 
     </span>
    </p>
   </div>
   <div class='ocr_carea' id='block_1_4' title="bbox 505 458 2096 535">
    <p class='ocr_par' dir='ltr' id='par_1_4' title="bbox 505 458 2096 535">
     <span class='ocr_line' id='line_1_4' title="bbox 505 458 2096 535; baseline -0.004 -17"><span class='ocrx_word' id='word_1_23' title='bbox 505 465 596 535; x_wconf 81' lang='lat' dir='ltr'><strong>ligi</strong></span> <span class='ocrx_word' id='word_1_24' title='bbox 621 504 636 531; x_wconf 84' lang='lat'><strong>,</strong></span> <span class='ocrx_word' id='word_1_25' title='bbox 671 465 815 534; x_wconf 87' lang='lat' dir='ltr'><strong>quod</strong></span> <span class='ocrx_word' id='word_1_26' title='bbox 843 463 1054 519; x_wconf 84' lang='lat' dir='ltr'><strong>elevato</strong></span> <span class='ocrx_word' id='word_1_27' title='bbox 1083 461 1241 532; x_wconf 88' lang='lat' dir='ltr'><strong>signo</strong></span> <span class='ocrx_word' id='word_1_28' title='bbox 1269 460 1457 516; x_wconf 88' lang='lat' dir='ltr'><strong>Crucis</strong></span> <span class='ocrx_word' id='word_1_29' title='bbox 1482 504 1496 529; x_wconf 93' lang='lat'><strong>,</strong></span> <span class='ocrx_word' id='word_1_30' title='bbox 1531 468 1588 516; x_wconf 87' lang='lat' dir='ltr'><strong>et</strong></span> <span class='ocrx_word' id='word_1_31' title='bbox 1616 458 1874 529; x_wconf 75' lang='lat' dir='ltr'><strong>depositis</strong></span> <span class='ocrx_word' id='word_1_32' title='bbox 1911 458 2096 514; x_wconf 82' lang='lat' dir='ltr'><strong>oneri-</strong></span> 
     </span>
    </p>
   </div>
   <div class='ocr_carea' id='block_1_5' title="bbox 508 551 2106 626">
    <p class='ocr_par' dir='ltr' id='par_1_5' title="bbox 508 551 2106 626">
     <span class='ocr_line' id='line_1_5' title="bbox 508 551 2106 626; baseline -0.004 -14"><span class='ocrx_word' id='word_1_33' title='bbox 508 559 605 612; x_wconf 87' lang='lat' dir='ltr'><strong>bus</strong></span> <span class='ocrx_word' id='word_1_34' title='bbox 643 563 987 626; x_wconf 76' lang='lat' dir='ltr'><strong>peccatnrum</strong></span> <span class='ocrx_word' id='word_1_35' title='bbox 1011 598 1024 620; x_wconf 89' lang='lat'><strong>,</strong></span> <span class='ocrx_word' id='word_1_36' title='bbox 1081 554 1344 609; x_wconf 77' lang='lat' dir='ltr'><strong>velociter</strong></span> <span class='ocrx_word' id='word_1_37' title='bbox 1372 555 1623 608; x_wconf 88' lang='lat' dir='ltr'><strong>venerint</strong></span> <span class='ocrx_word' id='word_1_38' title='bbox 1663 563 1824 623; x_wconf 86' lang='lat' dir='ltr'><strong>atque</strong></span> <span class='ocrx_word' id='word_1_39' title='bbox 1852 551 2106 612; x_wconf 84' lang='lat' dir='ltr'><strong>credide-</strong></span> 
     </span>
    </p>
   </div>
   <div class='ocr_carea' id='block_1_6' title="bbox 2206 468 2874 531">
    <p class='ocr_par' dir='ltr' id='par_1_6' title="bbox 2206 468 2874 531">
     <span class='ocr_line' id='line_1_6' title="bbox 2206 468 2874 531; baseline 0.001 -17"><span class='ocrx_word' id='word_1_40' title='bbox 2206 475 2401 531; x_wconf 84' lang='lat' dir='ltr'><strong>gruere</strong></span> <span class='ocrx_word' id='word_1_41' title='bbox 2421 475 2540 530; x_wconf 70' lang='lat' dir='ltr'><strong>qua:</strong></span> <span class='ocrx_word' id='word_1_42' title='bbox 2553 468 2874 531; x_wconf 84' lang='lat' dir='ltr'><strong>sequuntur.</strong></span> 
     </span>
    </p>
   </div>
   <div class='ocr_carea' id='block_1_7' title="bbox 524 709 3805 735">
    <p class='ocr_par' dir='ltr' id='par_1_7' title="bbox 524 709 3805 735">
     <span class='ocr_line' id='line_1_7' title="bbox 524 709 3805 735; baseline 0.001 -13"><span class='ocrx_word' id='word_1_43' title='bbox 524 709 3805 735; x_wconf 75' lang='lat'><strong>____________.._______.____..___—_._______________</strong></span> 
     </span>
    </p>
   </div>
   <div class='ocr_carea' id='block_1_8' title="bbox 1520 878 2805 994">
    <p class='ocr_par' dir='ltr' id='par_1_8' title="bbox 1520 878 2805 994">
     <span class='ocr_line' id='line_1_8' title="bbox 1520 878 2805 994; baseline -0.003 -2"><span class='ocrx_word' id='word_1_44' title='bbox 1520 883 1995 994; x_wconf 87' lang='lat' dir='ltr'><strong>LIBER</strong></span> <span class='ocrx_word' id='word_1_45' title='bbox 2087 879 2391 987; x_wconf 82' lang='lat' dir='ltr'><strong>TER</strong></span> <span class='ocrx_word' id='word_1_46' title='bbox 2412 879 2579 986; x_wconf 84' lang='lat' dir='ltr'><strong>TI</strong></span> <span class='ocrx_word' id='word_1_47' title='bbox 2586 878 2702 985; x_wconf 75' lang='grc' dir='ltr'><em>Π</em></span> <span class='ocrx_word' id='word_1_48' title='bbox 2694 879 2805 989; x_wconf 87' lang='lat' dir='ltr'><strong>S.</strong></span> 
     </span>
    </p>
   </div>
   <div class='ocr_carea' id='block_1_9' title="bbox 585 1300 2117 1374">
    <p class='ocr_par' dir='ltr' id='par_1_9' title="bbox 585 1300 2117 1374">
     <span class='ocr_line' id='line_1_9' title="bbox 585 1300 2117 1374; baseline -0.009 -7"><span class='ocrx_word' id='word_1_49' title='bbox 585 1309 798 1367; x_wconf 76' lang='lat' dir='ltr'><strong>Sufﬁcit</strong></span> <span class='ocrx_word' id='word_1_50' title='bbox 824 1316 849 1346; x_wconf 75' lang='grc' dir='ltr'><strong>ει</strong></span> <span class='ocrx_word' id='word_1_51' title='bbox 877 1307 1008 1362; x_wconf 90' lang='lat' dir='ltr'><strong>mihi</strong></span> <span class='ocrx_word' id='word_1_52' title='bbox 1041 1304 1376 1361; x_wconf 89' lang='lat' dir='ltr'><strong>voluminum</strong></span> <span class='ocrx_word' id='word_1_53' title='bbox 1408 1300 1750 1374; x_wconf 92' lang='lat' dir='ltr'><strong>magnitudo,</strong></span> <span class='ocrx_word' id='word_1_54' title='bbox 1777 1314 1898 1370; x_wconf 73' lang='lat' dir='ltr'><strong>qua:</strong></span> <span class='ocrx_word' id='word_1_55' title='bbox 1927 1300 1978 1354; x_wconf 93' lang='lat' dir='ltr'><strong>in</strong></span> <span class='ocrx_word' id='word_1_56' title='bbox 2022 1312 2117 1354; x_wconf 88' lang='lat' dir='ltr'><strong>ex-</strong></span> 
     </span>
    </p>
   </div>
   <div class='ocr_carea' id='block_1_10' title="bbox 513 1393 2117 1476">
    <p class='ocr_par' dir='ltr' id='par_1_10' title="bbox 513 1393 2117 1476">
     <span class='ocr_line' id='line_1_10' title="bbox 513 1393 2117 1476; baseline -0.007 -17"><span class='ocrx_word' id='word_1_57' title='bbox 513 1405 827 1476; x_wconf 84' lang='lat' dir='ltr'><strong>planatione</strong></span> <span class='ocrx_word' id='word_1_58' title='bbox 860 1401 1012 1457; x_wconf 63' lang='lat' dir='ltr'><strong>Isaias</strong></span> <span class='ocrx_word' id='word_1_59' title='bbox 1041 1400 1317 1472; x_wconf 68' lang='lat' dir='ltr'><strong>prophetae</strong></span> <span class='ocrx_word' id='word_1_60' title='bbox 1347 1399 1582 1464; x_wconf 84' lang='lat' dir='ltr'><strong>texitur,</strong></span> <span class='ocrx_word' id='word_1_61' title='bbox 1615 1395 1705 1451; x_wconf 90' lang='lat' dir='ltr'><strong>ubi</strong></span> <span class='ocrx_word' id='word_1_62' title='bbox 1735 1393 1938 1465; x_wconf 88' lang='lat' dir='ltr'><strong>aliquid</strong></span> <span class='ocrx_word' id='word_1_63' title='bbox 1977 1407 2117 1463; x_wconf 75' lang='lat' dir='ltr'><strong>prte-</strong></span> 
     </span>
    </p>
   </div>
   <div class='ocr_carea' id='block_1_11' title="bbox 517 1485 2114 1561">
    <p class='ocr_par' dir='ltr' id='par_1_11' title="bbox 517 1485 2114 1561">
     <span class='ocr_line' id='line_1_11' title="bbox 517 1485 2114 1561; baseline -0.009 -8"><span class='ocrx_word' id='word_1_64' title='bbox 517 1497 819 1553; x_wconf 88' lang='lat' dir='ltr'><strong>termittere</strong></span> <span class='ocrx_word' id='word_1_65' title='bbox 839 1539 853 1561; x_wconf 91' lang='lat'><strong>,</strong></span> <span class='ocrx_word' id='word_1_66' title='bbox 904 1495 1160 1549; x_wconf 85' lang='lat' dir='ltr'><strong>damnum</strong></span> <span class='ocrx_word' id='word_1_67' title='bbox 1192 1503 1276 1548; x_wconf 90' lang='lat' dir='ltr'><strong>est</strong></span> <span class='ocrx_word' id='word_1_68' title='bbox 1306 1489 1697 1560; x_wconf 59' lang='lat' dir='ltr'><strong>intelligendas.</strong></span> <span class='ocrx_word' id='word_1_69' title='bbox 1751 1485 2114 1555; x_wconf 78' lang='lat' dir='ltr'><strong>Quamobrem</strong></span> 
     </span>
    </p>
   </div>
   <div class='ocr_carea' id='block_1_12' title="bbox 517 1581 2118 1659">
    <p class='ocr_par' dir='ltr' id='par_1_12' title="bbox 517 1581 2118 1659">
     <span class='ocr_line' id='line_1_12' title="bbox 517 1581 2118 1659; baseline -0.007 -14"><span class='ocrx_word' id='word_1_70' title='bbox 517 1591 571 1645; x_wconf 94' lang='lat' dir='ltr'><strong>in</strong></span> <span class='ocrx_word' id='word_1_71' title='bbox 603 1590 833 1659; x_wconf 76' lang='lat' dir='ltr'><strong>singulis</strong></span> <span class='ocrx_word' id='word_1_72' title='bbox 861 1590 1042 1655; x_wconf 90' lang='lat' dir='ltr'><strong>libris,</strong></span> <span class='ocrx_word' id='word_1_73' title='bbox 1073 1588 1164 1657; x_wconf 88' lang='lat' dir='ltr'><strong>qui</strong></span> <span class='ocrx_word' id='word_1_74' title='bbox 1195 1596 1402 1642; x_wconf 89' lang='lat' dir='ltr'><strong>tantum</strong></span> <span class='ocrx_word' id='word_1_75' title='bbox 1435 1599 1720 1638; x_wconf 84' lang='lat' dir='ltr'><strong>numerum</strong></span> <span class='ocrx_word' id='word_1_76' title='bbox 1759 1581 2118 1650; x_wconf 84' lang='lat' dir='ltr'><strong>ordinemque</strong></span> 
     </span>
    </p>
   </div>
   <div class='ocr_carea' id='block_1_13' title="bbox 515 1674 2114 1753">
    <p class='ocr_par' dir='ltr' id='par_1_13' title="bbox 515 1674 2114 1753">
     <span class='ocr_line' id='line_1_13' title="bbox 515 1674 2114 1753; baseline -0.007 -16"><span class='ocrx_word' id='word_1_77' title='bbox 515 1682 863 1753; x_wconf 75' lang='lat' dir='ltr'><strong>significant,</strong></span> <span class='ocrx_word' id='word_1_78' title='bbox 915 1681 1112 1736; x_wconf 79' lang='lat' dir='ltr'><strong>breves</strong></span> <span class='ocrx_word' id='word_1_79' title='bbox 1161 1677 1600 1749; x_wconf 67' lang='lat' dir='ltr'><strong>praefatiunculas</strong></span> <span class='ocrx_word' id='word_1_80' title='bbox 1651 1675 1828 1746; x_wconf 87' lang='lat' dir='ltr'><strong>posui.</strong></span> <span class='ocrx_word' id='word_1_81' title='bbox 1886 1674 2071 1742; x_wconf 84' lang='lat' dir='ltr'><strong>Teque</strong></span> <span class='ocrx_word' id='word_1_82' title='bbox 2101 1715 2114 1736; x_wconf 92' lang='lat'><strong>,</strong></span> 
     </span>
    </p>
   </div>
   <div class='ocr_carea' id='block_1_14' title="bbox 515 1769 2120 1848">
    <p class='ocr_par' dir='ltr' id='par_1_14' title="bbox 515 1769 2120 1848">
     <span class='ocr_line' id='line_1_14' title="bbox 515 1769 2120 1848; baseline -0.006 -16"><span class='ocrx_word' id='word_1_83' title='bbox 515 1778 666 1848; x_wconf 86' lang='lat' dir='ltr'><strong>virgo</strong></span> <span class='ocrx_word' id='word_1_84' title='bbox 688 1775 886 1831; x_wconf 85' lang='lat' dir='ltr'><strong>Christi</strong></span> <span class='ocrx_word' id='word_1_85' title='bbox 922 1774 1310 1842; x_wconf 84' lang='lat' dir='ltr'><strong>Eustochium,</strong></span> <span class='ocrx_word' id='word_1_86' title='bbox 1344 1787 1540 1842; x_wconf 87' lang='lat' dir='ltr'><strong>precor</strong></span> <span class='ocrx_word' id='word_1_87' title='bbox 1560 1814 1575 1838; x_wconf 95' lang='lat'><strong>,</strong></span> <span class='ocrx_word' id='word_1_88' title='bbox 1610 1781 1667 1826; x_wconf 91' lang='lat' dir='ltr'><strong>ut</strong></span> <span class='ocrx_word' id='word_1_89' title='bbox 1693 1772 1746 1825; x_wconf 92' lang='lat' dir='ltr'><strong>in</strong></span> <span class='ocrx_word' id='word_1_90' title='bbox 1777 1769 2120 1838; x_wconf 85' lang='lat' dir='ltr'><strong>expositione</strong></span> 
     </span>
    </p>
   </div>
   <div class='ocr_carea' id='block_1_15' title="bbox 515 1861 2124 1931">
    <p class='ocr_par' dir='ltr' id='par_1_15' title="bbox 515 1861 2124 1931">
     <span class='ocr_line' id='line_1_15' title="bbox 515 1861 2124 1931; baseline -0.004 -10"><span class='ocrx_word' id='word_1_91' title='bbox 515 1867 856 1922; x_wconf 66' lang='lat' dir='ltr'><strong>difﬁcillima:</strong></span> <span class='ocrx_word' id='word_1_92' title='bbox 878 1867 1106 1921; x_wconf 80' lang='lat' dir='ltr'><strong>visionis</strong></span> <span class='ocrx_word' id='word_1_93' title='bbox 1152 1865 1493 1919; x_wconf 86' lang='lat' dir='ltr'><strong>orationibus</strong></span> <span class='ocrx_word' id='word_1_94' title='bbox 1540 1878 1628 1917; x_wconf 84' lang='lat' dir='ltr'><strong>tne</strong></span> <span class='ocrx_word' id='word_1_95' title='bbox 1677 1863 1878 1931; x_wconf 87' lang='lat' dir='ltr'><strong>juves:</strong></span> <span class='ocrx_word' id='word_1_96' title='bbox 1913 1861 1965 1915; x_wconf 90' lang='lat' dir='ltr'><strong>in</strong></span> <span class='ocrx_word' id='word_1_97' title='bbox 2019 1875 2124 1931; x_wconf 86' lang='lat' dir='ltr'><strong>qua</strong></span> 
     </span>
    </p>
   </div>
   <div class='ocr_carea' id='block_1_16' title="bbox 523 1951 2123 2029">
    <p class='ocr_par' dir='ltr' id='par_1_16' title="bbox 523 1951 2123 2029">
     <span class='ocr_line' id='line_1_16' title="bbox 523 1951 2123 2029; baseline -0.005 -14"><span class='ocrx_word' id='word_1_98' title='bbox 523 1961 662 2015; x_wconf 81' lang='lat' dir='ltr'><strong>Deus</strong></span> <span class='ocrx_word' id='word_1_99' title='bbox 690 1959 1034 2029; x_wconf 67' lang='lat' dir='ltr'><strong>omnipotens</strong></span> <span class='ocrx_word' id='word_1_100' title='bbox 1065 1957 1118 2011; x_wconf 90' lang='lat' dir='ltr'><strong>in</strong></span> <span class='ocrx_word' id='word_1_101' title='bbox 1148 1971 1244 2011; x_wconf 89' lang='lat' dir='ltr'><strong>sua</strong></span> <span class='ocrx_word' id='word_1_102' title='bbox 1283 1957 1525 2010; x_wconf 82' lang='lat' dir='ltr'><strong>cernitur</strong></span> <span class='ocrx_word' id='word_1_103' title='bbox 1573 1954 1894 2023; x_wconf 79' lang='lat' dir='ltr'><strong>majeSIate;</strong></span> <span class='ocrx_word' id='word_1_104' title='bbox 1926 1961 1979 2007; x_wconf 90' lang='lat' dir='ltr'><strong>et</strong></span> <span class='ocrx_word' id='word_1_105' title='bbox 2015 1951 2123 2007; x_wconf 92' lang='lat' dir='ltr'><strong>duo</strong></span> 
     </span>
    </p>
   </div>
   <div class='ocr_carea' id='block_1_17' title="bbox 520 2043 2121 2120">
    <p class='ocr_par' dir='ltr' id='par_1_17' title="bbox 520 2043 2121 2120">
     <span class='ocr_line' id='line_1_17' title="bbox 520 2043 2121 2120; baseline -0.008 -11"><span class='ocrx_word' id='word_1_106' title='bbox 520 2051 806 2120; x_wconf 64' lang='lat' dir='ltr'><strong>Seraphin]</strong></span> <span class='ocrx_word' id='word_1_107' title='bbox 859 2051 1058 2104; x_wconf 86' lang='lat' dir='ltr'><strong>stantia</strong></span> <span class='ocrx_word' id='word_1_108' title='bbox 1088 2051 1138 2103; x_wconf 90' lang='lat' dir='ltr'><strong>in</strong></span> <span class='ocrx_word' id='word_1_109' title='bbox 1179 2048 1407 2101; x_wconf 81' lang='lat' dir='ltr'><strong>cirtuitu</strong></span> <span class='ocrx_word' id='word_1_110' title='bbox 1433 2047 1552 2116; x_wconf 87' lang='lat' dir='ltr'><strong>ejus</strong></span> <span class='ocrx_word' id='word_1_111' title='bbox 1575 2059 1735 2116; x_wconf 89' lang='lat' dir='ltr'><strong>atque</strong></span> <span class='ocrx_word' id='word_1_112' title='bbox 1785 2043 2074 2099; x_wconf 70' lang='lat' dir='ltr'><strong>clamantia</strong></span> <span class='ocrx_word' id='word_1_113' title='bbox 2110 2061 2121 2096; x_wconf 92' lang='lat'>:</span> 
     </span>
    </p>
   </div>
   <div class='ocr_carea' id='block_1_18' title="bbox 521 2135 2123 2210">
    <p class='ocr_par' dir='ltr' id='par_1_18' title="bbox 521 2135 2123 2210">
     <span class='ocr_line' id='line_1_18' title="bbox 521 2135 2123 2210; baseline -0.007 -10"><span class='ocrx_word' id='word_1_114' title='bbox 521 2144 745 2200; x_wconf 83' lang='lat' dir='ltr'><strong>Sanctus</strong></span> <span class='ocrx_word' id='word_1_115' title='bbox 770 2183 786 2210; x_wconf 92' lang='lat'><strong>,</strong></span> <span class='ocrx_word' id='word_1_116' title='bbox 822 2142 1047 2198; x_wconf 77' lang='lat' dir='ltr'><strong>Sanctus</strong></span> <span class='ocrx_word' id='word_1_117' title='bbox 1074 2184 1088 2206; x_wconf 93' lang='lat'><strong>,</strong></span> <span class='ocrx_word' id='word_1_118' title='bbox 1125 2140 1350 2196; x_wconf 84' lang='lat' dir='ltr'><strong>Sanctus</strong></span> <span class='ocrx_word' id='word_1_119' title='bbox 1402 2137 1657 2192; x_wconf 78' lang='lat' dir='ltr'><strong>Dominus</strong></span> <span class='ocrx_word' id='word_1_120' title='bbox 1688 2135 1903 2191; x_wconf 86' lang='lat' dir='ltr'><strong>sabaoth</strong></span> <span class='ocrx_word' id='word_1_121' title='bbox 1926 2179 1940 2202; x_wconf 93' lang='lat'><strong>,</strong></span> <span class='ocrx_word' id='word_1_122' title='bbox 1970 2135 2123 2205; x_wconf 85' lang='lat' dir='ltr'><strong>plena</strong></span> 
     </span>
    </p>
   </div>
   <div class='ocr_carea' id='block_1_19' title="bbox 2225 1299 3827 1374">
    <p class='ocr_par' dir='ltr' id='par_1_19' title="bbox 2225 1299 3827 1374">
     <span class='ocr_line' id='line_1_19' title="bbox 2225 1299 3827 1374; baseline 0.002 -18"><span class='ocrx_word' id='word_1_123' title='bbox 2225 1308 2280 1356; x_wconf 92' lang='lat' dir='ltr'><strong>et</strong></span> <span class='ocrx_word' id='word_1_124' title='bbox 2305 1301 2498 1356; x_wconf 85' lang='lat' dir='ltr'><strong>amicis</strong></span> <span class='ocrx_word' id='word_1_125' title='bbox 2523 1299 2844 1372; x_wconf 90' lang='lat' dir='ltr'><strong>jubentlhus</strong></span> <span class='ocrx_word' id='word_1_126' title='bbox 2872 1299 3176 1356; x_wconf 89' lang='lat' dir='ltr'><strong>obedirem.</strong></span> <span class='ocrx_word' id='word_1_127' title='bbox 3227 1299 3308 1356; x_wconf 87' lang='lat' dir='ltr'><strong>Ad</strong></span> <span class='ocrx_word' id='word_1_128' title='bbox 3342 1300 3492 1356; x_wconf 90' lang='lat' dir='ltr'><strong>illum</strong></span> <span class='ocrx_word' id='word_1_129' title='bbox 3525 1301 3711 1374; x_wconf 88' lang='lat' dir='ltr'><strong>itaque</strong></span> <span class='ocrx_word' id='word_1_130' title='bbox 3748 1304 3827 1359; x_wconf 91' lang='lat' dir='ltr'><strong>li-</strong></span> 
     </span>
    </p>
   </div>
   <div class='ocr_carea' id='block_1_20' title="bbox 2219 1393 3827 1464">
    <p class='ocr_par' dir='ltr' id='par_1_20' title="bbox 2219 1393 3827 1464">
     <span class='ocr_line' id='line_1_20' title="bbox 2219 1393 3827 1464; baseline 0.002 -16"><span class='ocrx_word' id='word_1_131' title='bbox 2219 1394 2420 1449; x_wconf 90' lang='lat' dir='ltr'><strong>bellum</strong></span> <span class='ocrx_word' id='word_1_132' title='bbox 2449 1394 2609 1450; x_wconf 90' lang='lat' dir='ltr'><strong>mitto</strong></span> <span class='ocrx_word' id='word_1_133' title='bbox 2637 1395 2922 1461; x_wconf 87' lang='lat' dir='ltr'><strong>lectorem,</strong></span> <span class='ocrx_word' id='word_1_134' title='bbox 2955 1409 3160 1464; x_wconf 90' lang='lat' dir='ltr'><strong>oroque</strong></span> <span class='ocrx_word' id='word_1_135' title='bbox 3209 1402 3270 1448; x_wconf 92' lang='lat' dir='ltr'><strong>ut</strong></span> <span class='ocrx_word' id='word_1_136' title='bbox 3300 1393 3453 1450; x_wconf 83' lang='lat' dir='ltr'><strong>brevi</strong></span> <span class='ocrx_word' id='word_1_137' title='bbox 3483 1395 3643 1464; x_wconf 86' lang='lat' dir='ltr'><strong>hujus</strong></span> <span class='ocrx_word' id='word_1_138' title='bbox 3684 1406 3827 1451; x_wconf 83' lang='lat' dir='ltr'><strong>tem-</strong></span> 
     </span>
    </p>
   </div>
   <div class='ocr_carea' id='block_1_21' title="bbox 2223 1486 3825 1560">
    <p class='ocr_par' dir='ltr' id='par_1_21' title="bbox 2223 1486 3825 1560">
     <span class='ocr_line' id='line_1_21' title="bbox 2223 1486 3825 1560; baseline 0.004 -20"><span class='ocrx_word' id='word_1_139' title='bbox 2223 1487 2369 1556; x_wconf 87' lang='lat' dir='ltr'><strong>poris</strong></span> <span class='ocrx_word' id='word_1_140' title='bbox 2391 1486 2743 1556; x_wconf 79' lang='lat' dir='ltr'><strong>expositione</strong></span> <span class='ocrx_word' id='word_1_141' title='bbox 2771 1496 3068 1543; x_wconf 87' lang='lat' dir='ltr'><strong>contentus</strong></span> <span class='ocrx_word' id='word_1_142' title='bbox 3096 1488 3188 1542; x_wconf 88' lang='lat' dir='ltr'><strong>sit.</strong></span> <span class='ocrx_word' id='word_1_143' title='bbox 3220 1486 3430 1556; x_wconf 88' lang='lat' dir='ltr'><strong>Oziam,</strong></span> <span class='ocrx_word' id='word_1_144' title='bbox 3464 1488 3592 1560; x_wconf 90' lang='lat' dir='ltr'><strong>quia</strong></span> <span class='ocrx_word' id='word_1_145' title='bbox 3623 1490 3729 1545; x_wconf 85' lang='lat' dir='ltr'><strong>sibi</strong></span> <span class='ocrx_word' id='word_1_146' title='bbox 3761 1490 3825 1546; x_wconf 87' lang='lat' dir='ltr'><strong>il-</strong></span> 
     </span>
    </p>
   </div>
   <div class='ocr_carea' id='block_1_22' title="bbox 2222 1579 3825 1652">
    <p class='ocr_par' dir='ltr' id='par_1_22' title="bbox 2222 1579 3825 1652">
     <span class='ocr_line' id='line_1_22' title="bbox 2222 1579 3825 1652; baseline 0.004 -19"><span class='ocrx_word' id='word_1_147' title='bbox 2222 1579 2424 1634; x_wconf 91' lang='lat' dir='ltr'><strong>licitum</strong></span> <span class='ocrx_word' id='word_1_148' title='bbox 2449 1579 2816 1636; x_wconf 89' lang='lat' dir='ltr'><strong>sacerdotinm</strong></span> <span class='ocrx_word' id='word_1_149' title='bbox 2848 1580 3179 1649; x_wconf 77' lang='lat' dir='ltr'><strong>vindicabat,</strong></span> <span class='ocrx_word' id='word_1_150' title='bbox 3221 1581 3366 1650; x_wconf 85' lang='lat' dir='ltr'><strong>lepra</strong></span> <span class='ocrx_word' id='word_1_151' title='bbox 3395 1581 3563 1637; x_wconf 81' lang='lat' dir='ltr'><strong>fuisse</strong></span> <span class='ocrx_word' id='word_1_152' title='bbox 3603 1599 3825 1652; x_wconf 83' lang='lat' dir='ltr'><strong>percus-</strong></span> 
     </span>
    </p>
   </div>
   <div class='ocr_carea' id='block_1_23' title="bbox 2221 1674 3827 1744">
    <p class='ocr_par' dir='ltr' id='par_1_23' title="bbox 2221 1674 3827 1744">
     <span class='ocr_line' id='line_1_23' title="bbox 2221 1674 3827 1744; baseline 0.003 -16"><span class='ocrx_word' id='word_1_153' title='bbox 2221 1689 2366 1738; x_wconf 83' lang='lat' dir='ltr'><strong>sum.</strong></span> <span class='ocrx_word' id='word_1_154' title='bbox 2400 1689 2554 1731; x_wconf 87' lang='lat' dir='ltr'><strong>sacra</strong></span> <span class='ocrx_word' id='word_1_155' title='bbox 2596 1683 2783 1729; x_wconf 88' lang='lat' dir='ltr'><strong>narrat</strong></span> <span class='ocrx_word' id='word_1_156' title='bbox 2812 1674 3079 1739; x_wconf 83' lang='lat' dir='ltr'><strong>historia;</strong></span> <span class='ocrx_word' id='word_1_157' title='bbox 3122 1691 3230 1744; x_wconf 92' lang='lat' dir='ltr'><strong>quo</strong></span> <span class='ocrx_word' id='word_1_158' title='bbox 3260 1685 3512 1743; x_wconf 91' lang='lat' dir='ltr'><strong>mortuo,</strong></span> <span class='ocrx_word' id='word_1_159' title='bbox 3563 1675 3827 1733; x_wconf 83' lang='lat' dir='ltr'><strong>Dominus</strong></span> 
     </span>
    </p>
   </div>
   <div class='ocr_carea' id='block_1_24' title="bbox 2225 1765 3822 1839">
    <p class='ocr_par' dir='ltr' id='par_1_24' title="bbox 2225 1765 3822 1839">
     <span class='ocr_line' id='line_1_24' title="bbox 2225 1765 3822 1839; baseline 0.002 -17"><span class='ocrx_word' id='word_1_160' title='bbox 2225 1767 2440 1822; x_wconf 86' lang='lat' dir='ltr'><strong>videtur</strong></span> <span class='ocrx_word' id='word_1_161' title='bbox 2470 1768 2523 1821; x_wconf 93' lang='lat' dir='ltr'><strong>in</strong></span> <span class='ocrx_word' id='word_1_162' title='bbox 2572 1765 2808 1838; x_wconf 85' lang='lat' dir='ltr'><strong>Temple</strong></span> <span class='ocrx_word' id='word_1_163' title='bbox 2835 1807 2851 1834; x_wconf 91' lang='lat'><strong>,</strong></span> <span class='ocrx_word' id='word_1_164' title='bbox 2887 1767 3031 1838; x_wconf 92' lang='lat' dir='ltr'><strong>quod</strong></span> <span class='ocrx_word' id='word_1_165' title='bbox 3061 1767 3153 1822; x_wconf 90' lang='lat' dir='ltr'><strong>ille</strong></span> <span class='ocrx_word' id='word_1_166' title='bbox 3209 1768 3479 1837; x_wconf 86' lang='lat' dir='ltr'><strong>polluerat</strong></span> <span class='ocrx_word' id='word_1_167' title='bbox 3532 1769 3604 1839; x_wconf 90' lang='lat' dir='ltr'><strong>(il</strong></span> <span class='ocrx_word' id='word_1_168' title='bbox 3636 1768 3822 1825; x_wconf 84' lang='lat' dir='ltr'><strong>Paral.</strong></span> 
     </span>
    </p>
   </div>
   <div class='ocr_carea' id='block_1_25' title="bbox 2226 1860 3831 1932">
    <p class='ocr_par' dir='ltr' id='par_1_25' title="bbox 2226 1860 3831 1932">
     <span class='ocr_line' id='line_1_25' title="bbox 2226 1860 3831 1932; baseline 0.001 -16"><span class='ocrx_word' id='word_1_169' title='bbox 2226 1860 2393 1931; x_wconf 83' lang='lat' dir='ltr'><strong>xxvi).</strong></span> <span class='ocrx_word' id='word_1_170' title='bbox 2414 1861 2491 1916; x_wconf 84' lang='lat' dir='ltr'><strong>Ex</strong></span> <span class='ocrx_word' id='word_1_171' title='bbox 2523 1876 2631 1932; x_wconf 93' lang='lat' dir='ltr'><strong>quo</strong></span> <span class='ocrx_word' id='word_1_172' title='bbox 2657 1861 3165 1928; x_wconf 75' lang='lat' dir='ltr'><strong>animadvertimus,</strong></span> <span class='ocrx_word' id='word_1_173' title='bbox 3191 1873 3452 1932; x_wconf 78' lang='lat' dir='ltr'><strong>regnante</strong></span> <span class='ocrx_word' id='word_1_174' title='bbox 3482 1863 3533 1917; x_wconf 91' lang='lat' dir='ltr'><strong>in</strong></span> <span class='ocrx_word' id='word_1_175' title='bbox 3567 1863 3727 1918; x_wconf 88' lang='lat' dir='ltr'><strong>nobis</strong></span> <span class='ocrx_word' id='word_1_176' title='bbox 3757 1864 3831 1919; x_wconf 85' lang='lat' dir='ltr'><strong>le-</strong></span> 
     </span>
    </p>
   </div>
   <div class='ocr_carea' id='block_1_26' title="bbox 2227 1955 3831 2028">
    <p class='ocr_par' dir='ltr' id='par_1_26' title="bbox 2227 1955 3831 2028">
     <span class='ocr_line' id='line_1_26' title="bbox 2227 1955 3831 2028; baseline 0.004 -21"><span class='ocrx_word' id='word_1_177' title='bbox 2227 1969 2392 2024; x_wconf 88' lang='lat' dir='ltr'><strong>proso</strong></span> <span class='ocrx_word' id='word_1_178' title='bbox 2424 1969 2572 2025; x_wconf 80' lang='lat' dir='ltr'><strong>rege,</strong></span> <span class='ocrx_word' id='word_1_179' title='bbox 2609 1969 2708 2009; x_wconf 91' lang='lat' dir='ltr'><strong>nos</strong></span> <span class='ocrx_word' id='word_1_180' title='bbox 2736 1955 3022 2010; x_wconf 88' lang='lat' dir='ltr'><strong>Dominum</strong></span> <span class='ocrx_word' id='word_1_181' title='bbox 3057 1955 3110 2009; x_wconf 91' lang='lat' dir='ltr'><strong>in</strong></span> <span class='ocrx_word' id='word_1_182' title='bbox 3143 1971 3240 2010; x_wconf 89' lang='lat' dir='ltr'><strong>sua</strong></span> <span class='ocrx_word' id='word_1_183' title='bbox 3271 1956 3555 2027; x_wconf 87' lang='lat' dir='ltr'><strong>majestate</strong></span> <span class='ocrx_word' id='word_1_184' title='bbox 3596 1973 3831 2028; x_wconf 82' lang='lat' dir='ltr'><strong>regnan-</strong></span> 
     </span>
    </p>
   </div>
   <div class='ocr_carea' id='block_1_27' title="bbox 2228 2047 3829 2118">
    <p class='ocr_par' dir='ltr' id='par_1_27' title="bbox 2228 2047 3829 2118">
     <span class='ocr_line' id='line_1_27' title="bbox 2228 2047 3829 2118; baseline 0.004 -16"><span class='ocrx_word' id='word_1_185' title='bbox 2228 2056 2334 2102; x_wconf 90' lang='lat' dir='ltr'><strong>tem</strong></span> <span class='ocrx_word' id='word_1_186' title='bbox 2368 2047 2555 2103; x_wconf 85' lang='lat' dir='ltr'><strong>videre</strong></span> <span class='ocrx_word' id='word_1_187' title='bbox 2587 2063 2690 2102; x_wconf 90' lang='lat' dir='ltr'><strong>non</strong></span> <span class='ocrx_word' id='word_1_188' title='bbox 2721 2063 2882 2118; x_wconf 83' lang='lat' dir='ltr'><strong>posse</strong></span> <span class='ocrx_word' id='word_1_189' title='bbox 2907 2091 2922 2114; x_wconf 97' lang='lat'><strong>,</strong></span> <span class='ocrx_word' id='word_1_190' title='bbox 2955 2063 3055 2103; x_wconf 90' lang='lat' dir='ltr'><strong>nec</strong></span> <span class='ocrx_word' id='word_1_191' title='bbox 3097 2057 3301 2104; x_wconf 78' lang='lat' dir='ltr'><strong>sanctze</strong></span> <span class='ocrx_word' id='word_1_192' title='bbox 3332 2049 3614 2104; x_wconf 85' lang='lat' dir='ltr'><strong>Trinitatis</strong></span> <span class='ocrx_word' id='word_1_193' title='bbox 3668 2066 3829 2108; x_wconf 88' lang='lat' dir='ltr'><strong>nosse</strong></span> 
     </span>
    </p>
   </div>
   <div class='ocr_carea' id='block_1_28' title="bbox 2230 2139 3832 2211">
    <p class='ocr_par' dir='ltr' id='par_1_28' title="bbox 2230 2139 3832 2211">
     <span class='ocr_line' id='line_1_28' title="bbox 2230 2139 3832 2211; baseline 0.005 -19"><span class='ocrx_word' id='word_1_194' title='bbox 2230 2139 2508 2210; x_wconf 84' lang='lat' dir='ltr'><strong>mysteria.</strong></span> <span class='ocrx_word' id='word_1_195' title='bbox 2549 2139 2701 2196; x_wconf 87' lang='lat' dir='ltr'><strong>Unde</strong></span> <span class='ocrx_word' id='word_1_196' title='bbox 2731 2149 2787 2196; x_wconf 88' lang='lat' dir='ltr'><strong>et</strong></span> <span class='ocrx_word' id='word_1_197' title='bbox 2829 2142 2881 2195; x_wconf 91' lang='lat' dir='ltr'><strong>in</strong></span> <span class='ocrx_word' id='word_1_198' title='bbox 2919 2140 3104 2195; x_wconf 79' lang='lat' dir='ltr'><strong>Exodo</strong></span> <span class='ocrx_word' id='word_1_199' title='bbox 3148 2150 3430 2211; x_wconf 88' lang='lat' dir='ltr'><strong>postquam</strong></span> <span class='ocrx_word' id='word_1_200' title='bbox 3465 2152 3723 2198; x_wconf 90' lang='lat' dir='ltr'><strong>mortuus</strong></span> <span class='ocrx_word' id='word_1_201' title='bbox 3751 2153 3832 2200; x_wconf 90' lang='lat' dir='ltr'><strong>est</strong></span> 
     </span>
    </p>
   </div>
   <div class='ocr_carea' id='block_1_29' title="bbox 517 2229 3826 2307">
    <p class='ocr_par' dir='ltr' id='par_1_29' title="bbox 517 2229 3826 2307">
     <span class='ocr_line' id='line_1_29' title="bbox 517 2229 3826 2307; baseline 0 -16"><span class='ocrx_word' id='word_1_202' title='bbox 517 2247 592 2291; x_wconf 86' lang='lat' dir='ltr'><strong>est</strong></span> <span class='ocrx_word' id='word_1_203' title='bbox 622 2237 787 2291; x_wconf 85' lang='lat' dir='ltr'><strong>omnis</strong></span> <span class='ocrx_word' id='word_1_204' title='bbox 819 2249 956 2291; x_wconf 86' lang='lat' dir='ltr'><strong>terra</strong></span> <span class='ocrx_word' id='word_1_205' title='bbox 991 2235 1159 2306; x_wconf 83' lang='lat' dir='ltr'><strong>gloria</strong></span> <span class='ocrx_word' id='word_1_206' title='bbox 1188 2237 1301 2307; x_wconf 82' lang='lat' dir='ltr'><strong>ejus</strong></span> <span class='ocrx_word' id='word_1_207' title='bbox 1330 2251 1348 2300; x_wconf 93' lang='lat'><strong><em>;</em></strong></span> <span class='ocrx_word' id='word_1_208' title='bbox 1398 2245 1451 2288; x_wconf 87' lang='lat' dir='ltr'><strong>et</strong></span> <span class='ocrx_word' id='word_1_209' title='bbox 1504 2244 1838 2288; x_wconf 88' lang='lat' dir='ltr'><strong>commotum</strong></span> <span class='ocrx_word' id='word_1_210' title='bbox 1874 2231 2123 2285; x_wconf 88' lang='lat' dir='ltr'><strong>liminare</strong></span> <span class='ocrx_word' id='word_1_211' title='bbox 2155 2235 2201 2294; x_wconf 82' lang='grc' dir='ltr'><strong>Β</strong></span> <span class='ocrx_word' id='word_1_212' title='bbox 2229 2229 2462 2296; x_wconf 86' lang='lat' dir='ltr'><strong>Pharao,</strong></span> <span class='ocrx_word' id='word_1_213' title='bbox 2493 2231 2582 2301; x_wconf 87' lang='lat' dir='ltr'><strong>qui</strong></span> <span class='ocrx_word' id='word_1_214' title='bbox 2614 2232 2956 2303; x_wconf 83' lang='lat' dir='ltr'><strong>opprimebat</strong></span> <span class='ocrx_word' id='word_1_215' title='bbox 2989 2231 3150 2288; x_wconf 90' lang='lat' dir='ltr'><strong>Israel</strong></span> <span class='ocrx_word' id='word_1_216' title='bbox 3186 2233 3301 2288; x_wconf 92' lang='lat' dir='ltr'><strong>luto</strong></span> <span class='ocrx_word' id='word_1_217' title='bbox 3330 2242 3385 2290; x_wconf 91' lang='lat' dir='ltr'><strong>et</strong></span> <span class='ocrx_word' id='word_1_218' title='bbox 3415 2236 3604 2305; x_wconf 89' lang='lat' dir='ltr'><strong>paleis,</strong></span> <span class='ocrx_word' id='word_1_219' title='bbox 3640 2247 3694 2291; x_wconf 91' lang='lat' dir='ltr'><strong>et</strong></span> <span class='ocrx_word' id='word_1_220' title='bbox 3747 2237 3826 2291; x_wconf 86' lang='lat' dir='ltr'><strong>la-</strong></span> 
     </span>
    </p>
   </div>
   <div class='ocr_carea' id='block_1_30' title="bbox 521 2322 2124 2401">
    <p class='ocr_par' dir='ltr' id='par_1_30' title="bbox 521 2322 2124 2401">
     <span class='ocr_line' id='line_1_30' title="bbox 521 2322 2124 2401; baseline -0.006 -16"><span class='ocrx_word' id='word_1_221' title='bbox 521 2331 705 2400; x_wconf 89' lang='lat' dir='ltr'><strong>templi</strong></span> <span class='ocrx_word' id='word_1_222' title='bbox 739 2340 901 2401; x_wconf 91' lang='lat' dir='ltr'><strong>atque</strong></span> <span class='ocrx_word' id='word_1_223' title='bbox 932 2344 1292 2395; x_wconf 84' lang='lat' dir='ltr'><strong>concussum,</strong></span> <span class='ocrx_word' id='word_1_224' title='bbox 1327 2338 1380 2382; x_wconf 91' lang='lat' dir='ltr'><strong>et</strong></span> <span class='ocrx_word' id='word_1_225' title='bbox 1411 2327 1606 2381; x_wconf 86' lang='lat' dir='ltr'><strong>domus</strong></span> <span class='ocrx_word' id='word_1_226' title='bbox 1632 2325 1850 2381; x_wconf 76' lang='lat' dir='ltr'><strong>Judaica</strong></span> <span class='ocrx_word' id='word_1_227' title='bbox 1886 2322 2124 2379; x_wconf 86' lang='lat' dir='ltr'><strong>tenebris</strong></span> 
     </span>
    </p>
   </div>
   <div class='ocr_carea' id='block_1_31' title="bbox 519 2415 2126 2491">
    <p class='ocr_par' dir='ltr' id='par_1_31' title="bbox 519 2415 2126 2491">
     <span class='ocr_line' id='line_1_31' title="bbox 519 2415 2126 2491; baseline -0.007 -13"><span class='ocrx_word' id='word_1_228' title='bbox 519 2423 724 2478; x_wconf 87' lang='lat' dir='ltr'><strong>erroris</strong></span> <span class='ocrx_word' id='word_1_229' title='bbox 780 2423 1024 2490; x_wconf 87' lang='lat' dir='ltr'><strong>impleta.</strong></span> <span class='ocrx_word' id='word_1_230' title='bbox 1098 2421 1164 2476; x_wconf 84' lang='lat' dir='ltr'><strong>Et</strong></span> <span class='ocrx_word' id='word_1_231' title='bbox 1217 2419 1633 2491; x_wconf 86' lang='lat' dir='ltr'><strong>comparatione</strong></span> <span class='ocrx_word' id='word_1_232' title='bbox 1684 2418 1882 2472; x_wconf 65' lang='lat' dir='ltr'><strong>divinae</strong></span> <span class='ocrx_word' id='word_1_233' title='bbox 1935 2415 2126 2485; x_wconf 62' lang='lat' dir='ltr'><strong>glorise</strong></span> 
     </span>
    </p>
   </div>
   <div class='ocr_carea' id='block_1_32' title="bbox 521 2508 2127 2584">
    <p class='ocr_par' dir='ltr' id='par_1_32' title="bbox 521 2508 2127 2584">
     <span class='ocr_line' id='line_1_32' title="bbox 521 2508 2127 2584; baseline -0.005 -13"><span class='ocrx_word' id='word_1_234' title='bbox 521 2515 790 2584; x_wconf 77' lang='lat' dir='ltr'><strong>l’r0pheta</strong></span> <span class='ocrx_word' id='word_1_235' title='bbox 827 2514 1102 2568; x_wconf 88' lang='lat' dir='ltr'><strong>immunda</strong></span> <span class='ocrx_word' id='word_1_236' title='bbox 1145 2514 1285 2567; x_wconf 90' lang='lat' dir='ltr'><strong>iahia</strong></span> <span class='ocrx_word' id='word_1_237' title='bbox 1320 2511 1524 2567; x_wconf 88' lang='lat' dir='ltr'><strong>habere</strong></span> <span class='ocrx_word' id='word_1_238' title='bbox 1555 2527 1614 2566; x_wconf 89' lang='lat' dir='ltr'><strong>se</strong></span> <span class='ocrx_word' id='word_1_239' title='bbox 1637 2511 1850 2572; x_wconf 84' lang='lat' dir='ltr'><strong>dicens,</strong></span> <span class='ocrx_word' id='word_1_240' title='bbox 1894 2519 1949 2564; x_wconf 90' lang='lat' dir='ltr'><strong>et</strong></span> <span class='ocrx_word' id='word_1_241' title='bbox 1976 2508 2127 2563; x_wconf 85' lang='lat' dir='ltr'><strong>habi-</strong></span> 
     </span>
    </p>
   </div>
   <div class='ocr_carea' id='block_1_33' title="bbox 523 2601 2130 2676">
    <p class='ocr_par' dir='ltr' id='par_1_33' title="bbox 523 2601 2130 2676">
     <span class='ocr_line' id='line_1_33' title="bbox 523 2601 2130 2676; baseline -0.006 -14"><span class='ocrx_word' id='word_1_242' title='bbox 523 2617 635 2663; x_wconf 87' lang='lat' dir='ltr'><strong>tare</strong></span> <span class='ocrx_word' id='word_1_243' title='bbox 664 2608 719 2662; x_wconf 79' lang='lat' dir='ltr'><strong>in</strong></span> <span class='ocrx_word' id='word_1_244' title='bbox 745 2606 926 2662; x_wconf 88' lang='lat' dir='ltr'><strong>medio</strong></span> <span class='ocrx_word' id='word_1_245' title='bbox 954 2607 1136 2676; x_wconf 92' lang='lat' dir='ltr'><strong>populi</strong></span> <span class='ocrx_word' id='word_1_246' title='bbox 1164 2604 1610 2673; x_wconf 86' lang='lat' dir='ltr'><strong>blasphemantis,</strong></span> <span class='ocrx_word' id='word_1_247' title='bbox 1628 2603 1720 2673; x_wconf 89' lang='lat' dir='ltr'><strong>qui</strong></span> <span class='ocrx_word' id='word_1_248' title='bbox 1748 2615 1985 2656; x_wconf 89' lang='lat' dir='ltr'><strong>consona</strong></span> <span class='ocrx_word' id='word_1_249' title='bbox 2027 2601 2130 2654; x_wconf 89' lang='lat' dir='ltr'><strong>im-</strong></span> 
     </span>
    </p>
   </div>
   <div class='ocr_carea' id='block_1_34' title="bbox 525 2696 2127 2771">
    <p class='ocr_par' dir='ltr' id='par_1_34' title="bbox 525 2696 2127 2771">
     <span class='ocr_line' id='line_1_34' title="bbox 525 2696 2127 2771; baseline -0.003 -19"><span class='ocrx_word' id='word_1_250' title='bbox 525 2702 738 2771; x_wconf 78' lang='lat' dir='ltr'><strong>pietatis</strong></span> <span class='ocrx_word' id='word_1_251' title='bbox 756 2717 892 2755; x_wconf 88' lang='lat' dir='ltr'><strong>voce</strong></span> <span class='ocrx_word' id='word_1_252' title='bbox 914 2700 1223 2755; x_wconf 88' lang='lat' dir='ltr'><strong>clamabant</strong></span> <span class='ocrx_word' id='word_1_253' title='bbox 1254 2716 1266 2753; x_wconf 92' lang='lat'><strong>:</strong></span> <span class='ocrx_word' id='word_1_254' title='bbox 1298 2697 1554 2769; x_wconf 84' lang='lat' dir='ltr'><strong>Cruciﬁge</strong></span> <span class='ocrx_word' id='word_1_255' title='bbox 1581 2740 1596 2764; x_wconf 94' lang='lat'><strong>,</strong></span> <span class='ocrx_word' id='word_1_256' title='bbox 1638 2697 1879 2768; x_wconf 77' lang='lat' dir='ltr'><strong>ci&#39;ucifige</strong></span> <span class='ocrx_word' id='word_1_257' title='bbox 1921 2696 2078 2749; x_wconf 81' lang='lat' dir='ltr'><strong>talem</strong></span> <span class='ocrx_word' id='word_1_258' title='bbox 2108 2709 2127 2759; x_wconf 86' lang='lat'><strong><em>;</em></strong></span> 
     </span>
    </p>
   </div>
   <div class='ocr_carea' id='block_1_35' title="bbox 525 2789 2126 2864">
    <p class='ocr_par' dir='ltr' id='par_1_35' title="bbox 525 2789 2126 2864">
     <span class='ocr_line' id='line_1_35' title="bbox 525 2789 2126 2864; baseline -0.005 -13"><span class='ocrx_word' id='word_1_259' title='bbox 525 2804 579 2851; x_wconf 86' lang='lat' dir='ltr'><strong>et</strong></span> <span class='ocrx_word' id='word_1_260' title='bbox 601 2838 615 2862; x_wconf 96' lang='lat'><strong>,</strong></span> <span class='ocrx_word' id='word_1_261' title='bbox 668 2793 794 2848; x_wconf 86' lang='lat' dir='ltr'><strong>Non</strong></span> <span class='ocrx_word' id='word_1_262' title='bbox 826 2794 1068 2848; x_wconf 79' lang='lat' dir='ltr'><strong>habemus</strong></span> <span class='ocrx_word' id='word_1_263' title='bbox 1103 2809 1299 2864; x_wconf 81' lang='lat' dir='ltr'><strong>regem,</strong></span> <span class='ocrx_word' id='word_1_264' title='bbox 1341 2793 1447 2846; x_wconf 83' lang='lat' dir='ltr'><strong>nisi</strong></span> <span class='ocrx_word' id='word_1_265' title='bbox 1479 2793 1738 2847; x_wconf 70' lang='lat' dir='ltr'><strong>Caesarem</strong></span> <span class='ocrx_word' id='word_1_266' title='bbox 1766 2789 1966 2862; x_wconf 82' lang='lat' dir='ltr'><strong>(Joan.</strong></span> <span class='ocrx_word' id='word_1_267' title='bbox 2006 2804 2126 2856; x_wconf 78' lang='lat' dir='ltr'><strong>xtx,</strong></span> 
     </span>
    </p>
   </div>
   <div class='ocr_carea' id='block_1_36' title="bbox 522 2882 2128 2955">
    <p class='ocr_par' dir='ltr' id='par_1_36' title="bbox 522 2882 2128 2955">
     <span class='ocr_line' id='line_1_36' title="bbox 522 2882 2128 2955; baseline -0.003 -13"><span class='ocrx_word' id='word_1_268' title='bbox 522 2886 556 2942; x_wconf 84' lang='lat'><strong>6</strong></span> <span class='ocrx_word' id='word_1_269' title='bbox 579 2895 624 2940; x_wconf 87' lang='lat' dir='ltr'><strong>et</strong></span> <span class='ocrx_word' id='word_1_270' title='bbox 655 2885 768 2954; x_wconf 85' lang='lat' dir='ltr'><strong>i5).</strong></span> <span class='ocrx_word' id='word_1_271' title='bbox 815 2883 1100 2955; x_wconf 88' lang='lat' dir='ltr'><strong>Unumque</strong></span> <span class='ocrx_word' id='word_1_272' title='bbox 1128 2885 1197 2938; x_wconf 89' lang='lat' dir='ltr'><strong>de</strong></span> <span class='ocrx_word' id='word_1_273' title='bbox 1223 2883 1513 2955; x_wconf 88' lang='lat' dir='ltr'><strong>Seraphim</strong></span> <span class='ocrx_word' id='word_1_274' title='bbox 1543 2885 1768 2939; x_wconf 85' lang='lat' dir='ltr'><strong>missum</strong></span> <span class='ocrx_word' id='word_1_275' title='bbox 1807 2883 1873 2937; x_wconf 88' lang='lat' dir='ltr'><strong>ad</strong></span> <span class='ocrx_word' id='word_1_276' title='bbox 1903 2882 2092 2938; x_wconf 76' lang='lat' dir='ltr'><strong>isaiam</strong></span> <span class='ocrx_word' id='word_1_277' title='bbox 2113 2922 2128 2947; x_wconf 86' lang='lat'><strong>,</strong></span> 
     </span>
    </p>
   </div>
   <div class='ocr_carea' id='block_1_37' title="bbox 523 2975 2129 3048">
    <p class='ocr_par' dir='ltr' id='par_1_37' title="bbox 523 2975 2129 3048">
     <span class='ocr_line' id='line_1_37' title="bbox 523 2975 2129 3048; baseline -0.001 -16"><span class='ocrx_word' id='word_1_278' title='bbox 523 2980 611 3048; x_wconf 86' lang='lat' dir='ltr'><strong>qui</strong></span> <span class='ocrx_word' id='word_1_279' title='bbox 641 2977 844 3048; x_wconf 78' lang='lat' dir='ltr'><strong>fort-ipe</strong></span> <span class='ocrx_word' id='word_1_280' title='bbox 873 2979 940 3032; x_wconf 89' lang='lat' dir='ltr'><strong>de</strong></span> <span class='ocrx_word' id='word_1_281' title='bbox 971 2975 1129 3031; x_wconf 82' lang='lat' dir='ltr'><strong>altari</strong></span> <span class='ocrx_word' id='word_1_282' title='bbox 1159 2977 1394 3031; x_wconf 70' lang='lat' dir='ltr'><strong>carbone</strong></span> <span class='ocrx_word' id='word_1_283' title='bbox 1420 2975 1850 3047; x_wconf 83' lang='lat' dir='ltr'><strong>comprehenso,</strong></span> <span class='ocrx_word' id='word_1_284' title='bbox 1896 2977 2129 3045; x_wconf 72' lang='lat' dir='ltr'><strong>promte-</strong></span> 
     </span>
    </p>
   </div>
   <div class='ocr_carea' id='block_1_38' title="bbox 525 3067 2129 3140">
    <p class='ocr_par' dir='ltr' id='par_1_38' title="bbox 525 3067 2129 3140">
     <span class='ocr_line' id='line_1_38' title="bbox 525 3067 2129 3140; baseline 0.001 -17"><span class='ocrx_word' id='word_1_285' title='bbox 525 3078 591 3123; x_wconf 76' lang='lat' dir='ltr'><strong>tze</strong></span> <span class='ocrx_word' id='word_1_286' title='bbox 623 3081 870 3140; x_wconf 77' lang='lat' dir='ltr'><strong>purgaret</strong></span> <span class='ocrx_word' id='word_1_287' title='bbox 908 3069 1081 3136; x_wconf 88' lang='lat' dir='ltr'><strong>labia,</strong></span> <span class='ocrx_word' id='word_1_288' title='bbox 1110 3079 1165 3123; x_wconf 88' lang='lat' dir='ltr'><strong>et</strong></span> <span class='ocrx_word' id='word_1_289' title='bbox 1195 3069 1430 3139; x_wconf 87' lang='lat' dir='ltr'><strong>populus</strong></span> <span class='ocrx_word' id='word_1_290' title='bbox 1453 3077 1761 3123; x_wconf 89' lang='lat' dir='ltr'><strong>remaneret</strong></span> <span class='ocrx_word' id='word_1_291' title='bbox 1792 3067 2129 3124; x_wconf 88' lang='lat' dir='ltr'><strong>immundus.</strong></span> 
     </span>
    </p>
   </div>
   <div class='ocr_carea' id='block_1_39' title="bbox 523 3162 2036 3234">
    <p class='ocr_par' dir='ltr' id='par_1_39' title="bbox 523 3162 2036 3234">
     <span class='ocr_line' id='line_1_39' title="bbox 523 3162 2036 3234; baseline -0.002 -17"><span class='ocrx_word' id='word_1_292' title='bbox 523 3162 742 3218; x_wconf 87' lang='lat' dir='ltr'><strong>Tertius</strong></span> <span class='ocrx_word' id='word_1_293' title='bbox 783 3179 914 3234; x_wconf 89' lang='lat' dir='ltr'><strong>ergo</strong></span> <span class='ocrx_word' id='word_1_294' title='bbox 938 3163 990 3217; x_wconf 92' lang='lat' dir='ltr'><strong>in</strong></span> <span class='ocrx_word' id='word_1_295' title='bbox 1014 3162 1207 3218; x_wconf 79' lang='lat' dir='ltr'><strong>Isaiam</strong></span> <span class='ocrx_word' id='word_1_296' title='bbox 1238 3163 1378 3218; x_wconf 90' lang='lat' dir='ltr'><strong>liber</strong></span> <span class='ocrx_word' id='word_1_297' title='bbox 1406 3162 1509 3217; x_wconf 92' lang='lat' dir='ltr'><strong>hoc</strong></span> <span class='ocrx_word' id='word_1_298' title='bbox 1540 3162 1702 3218; x_wconf 87' lang='lat' dir='ltr'><strong>habet</strong></span> <span class='ocrx_word' id='word_1_299' title='bbox 1727 3162 2036 3218; x_wconf 80' lang='lat' dir='ltr'><strong>exordium.</strong></span> 
     </span>
    </p>
   </div>
   <div class='ocr_carea' id='block_1_40' title="bbox 596 3345 2134 3418">
    <p class='ocr_par' dir='ltr' id='par_1_40' title="bbox 596 3345 2134 3418">
     <span class='ocr_line' id='line_1_40' title="bbox 596 3345 2134 3418; baseline -0.001 -17"><span class='ocrx_word' id='word_1_300' title='bbox 596 3346 749 3416; x_wconf 85' lang='lat' dir='ltr'><strong>(Cap.</strong></span> <span class='ocrx_word' id='word_1_301' title='bbox 786 3345 1128 3410; x_wconf 83' lang='lat' dir='ltr'><strong>Vl,——-Vcrs.</strong></span> <span class='ocrx_word' id='word_1_302' title='bbox 1178 3345 1254 3417; x_wconf 84' lang='lat' dir='ltr'><strong>l.)</strong></span> <span class='ocrx_word' id='word_1_303' title='bbox 1297 3347 1444 3402; x_wconf 83' lang='lat' dir='ltr'><strong>Auno</strong></span> <span class='ocrx_word' id='word_1_304' title='bbox 1494 3362 1595 3418; x_wconf 87' lang='lat' dir='ltr'><strong>quo</strong></span> <span class='ocrx_word' id='word_1_305' title='bbox 1648 3355 1878 3400; x_wconf 78' lang='lat' dir='ltr'><strong>mortuus</strong></span> <span class='ocrx_word' id='word_1_306' title='bbox 1923 3354 1996 3399; x_wconf 85' lang='lat' dir='ltr'><strong>est</strong></span> <span class='ocrx_word' id='word_1_307' title='bbox 2040 3361 2134 3400; x_wconf 69' lang='lat' dir='ltr'><strong>rex</strong></span> 
     </span>
    </p>
   </div>
   <div class='ocr_carea' id='block_1_41' title="bbox 529 3419 2132 3506">
    <p class='ocr_par' dir='ltr' id='par_1_41' title="bbox 529 3419 2132 3506">
     <span class='ocr_line' id='line_1_41' title="bbox 529 3419 2132 3506; baseline -0.001 -14"><span class='ocrx_word' id='word_1_308' title='bbox 529 3437 683 3492; x_wconf 79' lang='lat' dir='ltr'><strong>Ozias</strong></span> <span class='ocrx_word' id='word_1_309' title='bbox 706 3479 718 3500; x_wconf 81' lang='lat'><strong>,</strong></span> <span class='ocrx_word' id='word_1_310' title='bbox 744 3437 846 3492; x_wconf 84' lang='lat' dir='ltr'><strong>vidi</strong></span> <span class='ocrx_word' id='word_1_311' title='bbox 874 3437 1148 3491; x_wconf 87' lang='lat' dir='ltr'><strong>Dominum</strong></span> <span class='ocrx_word' id='word_1_312' title='bbox 1176 3439 1432 3491; x_wconf 79' lang='lat' dir='ltr'><strong>sedentem</strong></span> <span class='ocrx_word' id='word_1_313' title='bbox 1457 3454 1614 3506; x_wconf 82' lang='lat' dir='ltr'><strong>super</strong></span> <span class='ocrx_word' id='word_1_314' title='bbox 1642 3436 1827 3491; x_wconf 83' lang='lat' dir='ltr'><strong>solium</strong></span> <span class='ocrx_word' id='word_1_315' title='bbox 1877 3419 2132 3492; x_wconf 66' lang='lat' dir='ltr'><strong>excelsum</strong></span> 
     </span>
    </p>
   </div>
   <div class='ocr_carea' id='block_1_42' title="bbox 526 3530 2131 3600">
    <p class='ocr_par' dir='ltr' id='par_1_42' title="bbox 526 3530 2131 3600">
     <span class='ocr_line' id='line_1_42' title="bbox 526 3530 2131 3600; baseline 0 -16"><span class='ocrx_word' id='word_1_316' title='bbox 526 3541 574 3584; x_wconf 88' lang='lat' dir='ltr'><strong>et</strong></span> <span class='ocrx_word' id='word_1_317' title='bbox 597 3531 866 3585; x_wconf 71' lang='lat' dir='ltr'><strong>eleuatum.</strong></span> <span class='ocrx_word' id='word_1_318' title='bbox 892 3530 1010 3586; x_wconf 90' lang='lat' dir='ltr'><strong>Sub</strong></span> <span class='ocrx_word' id='word_1_319' title='bbox 1032 3543 1262 3600; x_wconf 85' lang='lat' dir='ltr'><strong>quatuor</strong></span> <span class='ocrx_word' id='word_1_320' title='bbox 1286 3531 1504 3600; x_wconf 81' lang='lat' dir='ltr'><strong>regibus</strong></span> <span class='ocrx_word' id='word_1_321' title='bbox 1530 3531 1887 3599; x_wconf 70' lang='lat' dir='ltr'><strong>prophetasse</strong></span> <span class='ocrx_word' id='word_1_322' title='bbox 1915 3531 2131 3598; x_wconf 82' lang='lat' dir='ltr'><strong>Isaiam,</strong></span> 
     </span>
    </p>
   </div>
   <div class='ocr_carea' id='block_1_43' title="bbox 528 3619 2130 3692">
    <p class='ocr_par' dir='ltr' id='par_1_43' title="bbox 528 3619 2130 3692">
     <span class='ocr_line' id='line_1_43' title="bbox 528 3619 2130 3692; baseline 0.001 -17"><span class='ocrx_word' id='word_1_323' title='bbox 528 3621 896 3691; x_wconf 73' lang='lat' dir='ltr'><strong>superiudatn</strong></span> <span class='ocrx_word' id='word_1_324' title='bbox 911 3620 1290 3692; x_wconf 72' lang='lat' dir='ltr'><strong>89etJerusa</strong></span> <span class='ocrx_word' id='word_1_325' title='bbox 1303 3619 1621 3687; x_wconf 79' lang='lat' dir='ltr'><strong>lem,prim:n</strong></span> <span class='ocrx_word' id='word_1_326' title='bbox 1634 3622 1860 3676; x_wconf 73' lang='lat' dir='ltr'><strong>visionis</strong></span> <span class='ocrx_word' id='word_1_327' title='bbox 1877 3622 2032 3676; x_wconf 90' lang='lat' dir='ltr'><strong>titulo</strong></span> <span class='ocrx_word' id='word_1_328' title='bbox 2047 3621 2130 3676; x_wconf 87' lang='lat' dir='ltr'><strong>de-</strong></span> 
     </span>
    </p>
   </div>
   <div class='ocr_carea' id='block_1_44' title="bbox 532 3712 2134 3779">
    <p class='ocr_par' dir='ltr' id='par_1_44' title="bbox 532 3712 2134 3779">
     <span class='ocr_line' id='line_1_44' title="bbox 532 3712 2134 3779; baseline -0.001 -8"><span class='ocrx_word' id='word_1_329' title='bbox 532 3723 887 3771; x_wconf 86' lang='lat' dir='ltr'><strong>monstratum</strong></span> <span class='ocrx_word' id='word_1_330' title='bbox 903 3727 1008 3778; x_wconf 90' lang='lat' dir='ltr'><strong>est;</strong></span> <span class='ocrx_word' id='word_1_331' title='bbox 1025 3715 1073 3766; x_wconf 90' lang='lat' dir='ltr'><strong>id</strong></span> <span class='ocrx_word' id='word_1_332' title='bbox 1091 3723 1174 3770; x_wconf 88' lang='lat' dir='ltr'><strong>est</strong></span> <span class='ocrx_word' id='word_1_333' title='bbox 1188 3713 1288 3769; x_wconf 91' lang='lat' dir='ltr'><strong>sub</strong></span> <span class='ocrx_word' id='word_1_334' title='bbox 1301 3713 1449 3779; x_wconf 85' lang='lat' dir='ltr'><strong>Ozia,</strong></span> <span class='ocrx_word' id='word_1_335' title='bbox 1465 3712 1738 3778; x_wconf 85' lang='lat' dir='ltr'><strong>Joatham;</strong></span> <span class='ocrx_word' id='word_1_336' title='bbox 1754 3713 1932 3770; x_wconf 83' lang='lat' dir='ltr'><strong>Achaz</strong></span> <span class='ocrx_word' id='word_1_337' title='bbox 1944 3724 1998 3770; x_wconf 92' lang='lat' dir='ltr'><strong>et</strong></span> <span class='ocrx_word' id='word_1_338' title='bbox 2013 3716 2134 3770; x_wconf 81' lang='lat' dir='ltr'><strong>Eze-</strong></span> 
     </span>
    </p>
   </div>
   <div class='ocr_carea' id='block_1_45' title="bbox 531 3807 2132 3878">
    <p class='ocr_par' dir='ltr' id='par_1_45' title="bbox 531 3807 2132 3878">
     <span class='ocr_line' id='line_1_45' title="bbox 531 3807 2132 3878; baseline 0.002 -16"><span class='ocrx_word' id='word_1_339' title='bbox 531 3808 672 3863; x_wconf 91' lang='lat' dir='ltr'><strong>chia.</strong></span> <span class='ocrx_word' id='word_1_340' title='bbox 707 3809 918 3863; x_wconf 70' lang='lat' dir='ltr'><strong>Mortuo</strong></span> <span class='ocrx_word' id='word_1_341' title='bbox 947 3823 1078 3877; x_wconf 81' lang='lat' dir='ltr'><strong>ergo</strong></span> <span class='ocrx_word' id='word_1_342' title='bbox 1107 3807 1252 3868; x_wconf 83' lang='lat' dir='ltr'><strong>Uzia.</strong></span> <span class='ocrx_word' id='word_1_343' title='bbox 1277 3808 1378 3862; x_wconf 89' lang='lat' dir='ltr'><strong>sub</strong></span> <span class='ocrx_word' id='word_1_344' title='bbox 1407 3822 1518 3878; x_wconf 90' lang='lat' dir='ltr'><strong>quo</strong></span> <span class='ocrx_word' id='word_1_345' title='bbox 1534 3807 1676 3862; x_wconf 90' lang='lat' dir='ltr'><strong>dicta</strong></span> <span class='ocrx_word' id='word_1_346' title='bbox 1704 3817 1828 3864; x_wconf 90' lang='lat' dir='ltr'><strong>sunt</strong></span> <span class='ocrx_word' id='word_1_347' title='bbox 1859 3808 2132 3875; x_wconf 84' lang='lat' dir='ltr'><strong>universa,</strong></span> 
     </span>
    </p>
   </div>
   <div class='ocr_carea' id='block_1_46' title="bbox 531 3899 2131 3971">
    <p class='ocr_par' dir='ltr' id='par_1_46' title="bbox 531 3899 2131 3971">
     <span class='ocr_line' id='line_1_46' title="bbox 531 3899 2131 3971; baseline 0.001 -18"><span class='ocrx_word' id='word_1_348' title='bbox 531 3916 652 3971; x_wconf 66' lang='lat' dir='ltr'><strong>quae</strong></span> <span class='ocrx_word' id='word_1_349' title='bbox 683 3915 846 3969; x_wconf 82' lang='lat' dir='ltr'><strong>supra</strong></span> <span class='ocrx_word' id='word_1_350' title='bbox 868 3901 1239 3970; x_wconf 84' lang='lat' dir='ltr'><strong>exposuimus,</strong></span> <span class='ocrx_word' id='word_1_351' title='bbox 1272 3899 1828 3970; x_wconf 83' lang='lat' dir='ltr'><strong>successitiiliusejns</strong></span> <span class='ocrx_word' id='word_1_352' title='bbox 1857 3899 2131 3969; x_wconf 79' lang='lat' dir='ltr'><strong>Joatham,</strong></span> 
     </span>
    </p>
   </div>
   <div class='ocr_carea' id='block_1_47' title="bbox 533 3993 2133 4065">
    <p class='ocr_par' dir='ltr' id='par_1_47' title="bbox 533 3993 2133 4065">
     <span class='ocr_line' id='line_1_47' title="bbox 533 3993 2133 4065; baseline 0.001 -17"><span class='ocrx_word' id='word_1_353' title='bbox 533 3995 621 4063; x_wconf 86' lang='lat' dir='ltr'><strong>qui</strong></span> <span class='ocrx_word' id='word_1_354' title='bbox 653 3993 903 4065; x_wconf 80' lang='lat' dir='ltr'><strong>regnavit</strong></span> <span class='ocrx_word' id='word_1_355' title='bbox 946 3994 1106 4048; x_wconf 84' lang='lat' dir='ltr'><strong>annis</strong></span> <span class='ocrx_word' id='word_1_356' title='bbox 1137 3993 1408 4061; x_wconf 88' lang='lat' dir='ltr'><strong>sedecim,</strong></span> <span class='ocrx_word' id='word_1_357' title='bbox 1442 4003 1499 4049; x_wconf 89' lang='lat' dir='ltr'><strong>et</strong></span> <span class='ocrx_word' id='word_1_358' title='bbox 1525 3993 1650 4049; x_wconf 80' lang='lat' dir='ltr'><strong>fecit</strong></span> <span class='ocrx_word' id='word_1_359' title='bbox 1676 4005 1888 4050; x_wconf 89' lang='lat' dir='ltr'><strong>rectum</strong></span> <span class='ocrx_word' id='word_1_360' title='bbox 1918 3994 1972 4049; x_wconf 92' lang='lat' dir='ltr'><strong>in</strong></span> <span class='ocrx_word' id='word_1_361' title='bbox 2003 4010 2133 4049; x_wconf 86' lang='lat' dir='ltr'><strong>con-</strong></span> 
     </span>
    </p>
   </div>
   <div class='ocr_carea' id='block_1_48' title="bbox 535 4085 2126 4157">
    <p class='ocr_par' dir='ltr' id='par_1_48' title="bbox 535 4085 2126 4157">
     <span class='ocr_line' id='line_1_48' title="bbox 535 4085 2126 4157; baseline 0 -15"><span class='ocrx_word' id='word_1_362' title='bbox 535 4097 690 4157; x_wconf 88' lang='lat' dir='ltr'><strong>pectu</strong></span> <span class='ocrx_word' id='word_1_363' title='bbox 725 4085 958 4153; x_wconf 86' lang='lat' dir='ltr'><strong>Dmnini,</strong></span> <span class='ocrx_word' id='word_1_364' title='bbox 991 4097 1044 4142; x_wconf 86' lang='lat' dir='ltr'><strong>et.</strong></span> <span class='ocrx_word' id='word_1_365' title='bbox 1069 4095 1275 4156; x_wconf 88' lang='lat' dir='ltr'><strong>portam</strong></span> <span class='ocrx_word' id='word_1_366' title='bbox 1303 4087 1491 4157; x_wconf 88' lang='lat' dir='ltr'><strong>templi</strong></span> <span class='ocrx_word' id='word_1_367' title='bbox 1516 4087 1802 4142; x_wconf 73' lang='lat' dir='ltr'><strong>:edulleavit</strong></span> <span class='ocrx_word' id='word_1_368' title='bbox 1831 4087 2126 4142; x_wconf 76' lang='lat' dir='ltr'><strong>excelsam.</strong></span> 
     </span>
    </p>
   </div>
   <div class='ocr_carea' id='block_1_49' title="bbox 535 4177 2140 4246">
    <p class='ocr_par' dir='ltr' id='par_1_49' title="bbox 535 4177 2140 4246">
     <span class='ocr_line' id='line_1_49' title="bbox 535 4177 2140 4246; baseline 0.006 -19"><span class='ocrx_word' id='word_1_369' title='bbox 535 4178 655 4243; x_wconf 79' lang='lat' dir='ltr'><strong>Quo</strong></span> <span class='ocrx_word' id='word_1_370' title='bbox 680 4179 1005 4246; x_wconf 89' lang='lat' dir='ltr'><strong>imperante,</strong></span> <span class='ocrx_word' id='word_1_371' title='bbox 1042 4177 1176 4232; x_wconf 91' lang='lat' dir='ltr'><strong>vidit</strong></span> <span class='ocrx_word' id='word_1_372' title='bbox 1203 4179 1369 4233; x_wconf 87' lang='lat' dir='ltr'><strong>isaias</strong></span> <span class='ocrx_word' id='word_1_373' title='bbox 1395 4179 1677 4236; x_wconf 84' lang='lat' dir='ltr'><strong>sedentem</strong></span> <span class='ocrx_word' id='word_1_374' title='bbox 1730 4179 2020 4235; x_wconf 88' lang='lat' dir='ltr'><strong>Dominum</strong></span> <span class='ocrx_word' id='word_1_375' title='bbox 2050 4195 2140 4236; x_wconf 89' lang='lat' dir='ltr'><strong>su-</strong></span> 
     </span>
    </p>
   </div>
   <div class='ocr_carea' id='block_1_50' title="bbox 539 4269 2137 4344">
    <p class='ocr_par' dir='ltr' id='par_1_50' title="bbox 539 4269 2137 4344">
     <span class='ocr_line' id='line_1_50' title="bbox 539 4269 2137 4344; baseline 0.004 -22"><span class='ocrx_word' id='word_1_376' title='bbox 539 4286 635 4338; x_wconf 90' lang='lat' dir='ltr'><strong>per</strong></span> <span class='ocrx_word' id='word_1_377' title='bbox 663 4269 860 4323; x_wconf 86' lang='lat' dir='ltr'><strong>solium</strong></span> <span class='ocrx_word' id='word_1_378' title='bbox 891 4269 1160 4323; x_wconf 82' lang='lat' dir='ltr'><strong>exceisnm</strong></span> <span class='ocrx_word' id='word_1_379' title='bbox 1191 4279 1242 4325; x_wconf 88' lang='lat' dir='ltr'><strong>et</strong></span> <span class='ocrx_word' id='word_1_380' title='bbox 1271 4271 1548 4328; x_wconf 89' lang='lat' dir='ltr'><strong>elevatum</strong></span> <span class='ocrx_word' id='word_1_381' title='bbox 1569 4311 1585 4336; x_wconf 84' lang='lat'><strong>,</strong></span> <span class='ocrx_word' id='word_1_382' title='bbox 1637 4280 1694 4325; x_wconf 93' lang='lat' dir='ltr'><strong>ut</strong></span> <span class='ocrx_word' id='word_1_383' title='bbox 1738 4270 1982 4330; x_wconf 87' lang='lat' dir='ltr'><strong>habitum</strong></span> <span class='ocrx_word' id='word_1_384' title='bbox 2017 4289 2137 4344; x_wconf 81' lang='lat' dir='ltr'><strong>reg-</strong></span> 
     </span>
    </p>
   </div>
   <div class='ocr_carea' id='block_1_51' title="bbox 540 4361 1107 4416">
    <p class='ocr_par' dir='ltr' id='par_1_51' title="bbox 540 4361 1107 4416">
     <span class='ocr_line' id='line_1_51' title="bbox 540 4361 1107 4416; baseline -0.002 0"><span class='ocrx_word' id='word_1_385' title='bbox 540 4362 722 4416; x_wconf 90' lang='lat' dir='ltr'><strong>nantis</strong></span> <span class='ocrx_word' id='word_1_386' title='bbox 771 4361 1107 4416; x_wconf 87' lang='lat' dir='ltr'><strong>ostenderet.</strong></span> 
     </span>
    </p>
   </div>
   <div class='ocr_carea' id='block_1_52' title="bbox 611 4451 2130 4528">
    <p class='ocr_par' dir='ltr' id='par_1_52' title="bbox 611 4451 2130 4528">
     <span class='ocr_line' id='line_1_52' title="bbox 611 4451 2130 4528; baseline 0.005 -21"><span class='ocrx_word' id='word_1_387' title='bbox 611 4451 679 4507; x_wconf 80' lang='lat' dir='ltr'><strong>Et</strong></span> <span class='ocrx_word' id='word_1_388' title='bbox 719 4469 782 4508; x_wconf 87' lang='lat' dir='ltr'><strong>ea</strong></span> <span class='ocrx_word' id='word_1_389' title='bbox 826 4468 942 4522; x_wconf 64' lang='lat' dir='ltr'><strong>quas</strong></span> <span class='ocrx_word' id='word_1_390' title='bbox 989 4452 1082 4507; x_wconf 88' lang='lat' dir='ltr'><strong>sub</strong></span> <span class='ocrx_word' id='word_1_391' title='bbox 1124 4454 1236 4522; x_wconf 89' lang='lat' dir='ltr'><strong>ipso</strong></span> <span class='ocrx_word' id='word_1_392' title='bbox 1261 4463 1449 4522; x_wconf 86' lang='lat' dir='ltr'><strong>erant,</strong></span> <span class='ocrx_word' id='word_1_393' title='bbox 1490 4455 1771 4528; x_wconf 81' lang='lat' dir='ltr'><strong>implebant</strong></span> <span class='ocrx_word' id='word_1_394' title='bbox 1817 4456 2090 4528; x_wconf 81' lang='lat' dir='ltr'><strong>Templum</strong></span> <span class='ocrx_word' id='word_1_395' title='bbox 2116 4503 2130 4528; x_wconf 95' lang='lat'><strong>,</strong></span> 
     </span>
    </p>
   </div>
   <div class='ocr_carea' id='block_1_53' title="bbox 541 4545 2134 4618">
    <p class='ocr_par' dir='ltr' id='par_1_53' title="bbox 541 4545 2134 4618">
     <span class='ocr_line' id='line_1_53' title="bbox 541 4545 2134 4618; baseline 0.003 -16"><span class='ocrx_word' id='word_1_396' title='bbox 541 4547 655 4603; x_wconf 85' lang='lat' dir='ltr'><strong>sive</strong></span> <span class='ocrx_word' id='word_1_397' title='bbox 687 4558 739 4604; x_wconf 91' lang='lat' dir='ltr'><strong>ut</strong></span> <span class='ocrx_word' id='word_1_398' title='bbox 775 4545 1076 4602; x_wconf 79' lang='lat' dir='ltr'><strong>Theodo:io</strong></span> <span class='ocrx_word' id='word_1_399' title='bbox 1106 4557 1159 4601; x_wconf 91' lang='lat' dir='ltr'><strong>et</strong></span> <span class='ocrx_word' id='word_1_400' title='bbox 1196 4547 1556 4618; x_wconf 85' lang='lat' dir='ltr'><strong>Symmachus</strong></span> <span class='ocrx_word' id='word_1_401' title='bbox 1587 4551 1984 4606; x_wconf 71' lang='lat' dir='ltr'><strong>transtulerunt</strong></span> <span class='ocrx_word' id='word_1_402' title='bbox 2021 4569 2034 4606; x_wconf 90' lang='lat'>:</span> <span class='ocrx_word' id='word_1_403' title='bbox 2070 4553 2134 4608; x_wconf 78' lang='lat' dir='ltr'><strong>Et</strong></span> 
     </span>
    </p>
   </div>
   <div class='ocr_carea' id='block_1_54' title="bbox 539 4637 2131 4714">
    <p class='ocr_par' dir='ltr' id='par_1_54' title="bbox 539 4637 2131 4714">
     <span class='ocr_line' id='line_1_54' title="bbox 539 4637 2131 4714; baseline 0.004 -22"><span class='ocrx_word' id='word_1_404' title='bbox 539 4655 596 4692; x_wconf 88' lang='lat' dir='ltr'><strong>ea</strong></span> <span class='ocrx_word' id='word_1_405' title='bbox 619 4653 732 4706; x_wconf 63' lang='lat' dir='ltr'><strong>quia</strong></span> <span class='ocrx_word' id='word_1_406' title='bbox 771 4639 865 4695; x_wconf 85' lang='lat' dir='ltr'><strong>sub</strong></span> <span class='ocrx_word' id='word_1_407' title='bbox 906 4637 1120 4706; x_wconf 77' lang='lat' dir='ltr'><strong>pedibus</strong></span> <span class='ocrx_word' id='word_1_408' title='bbox 1150 4639 1264 4705; x_wconf 82' lang='lat' dir='ltr'><strong>eius</strong></span> <span class='ocrx_word' id='word_1_409' title='bbox 1303 4649 1488 4704; x_wconf 86' lang='lat' dir='ltr'><strong>erant,</strong></span> <span class='ocrx_word' id='word_1_410' title='bbox 1522 4640 1808 4709; x_wconf 82' lang='lat' dir='ltr'><strong>implebant</strong></span> <span class='ocrx_word' id='word_1_411' title='bbox 1836 4640 2131 4714; x_wconf 81' lang='lat' dir='ltr'><strong>Templum.</strong></span> 
     </span>
    </p>
   </div>
   <div class='ocr_carea' id='block_1_55' title="bbox 538 4727 2135 4807">
    <p class='ocr_par' dir='ltr' id='par_1_55' title="bbox 538 4727 2135 4807">
     <span class='ocr_line' id='line_1_55' title="bbox 538 4727 2135 4807; baseline 0.003 -21"><span class='ocrx_word' id='word_1_412' title='bbox 538 4733 643 4788; x_wconf 89' lang='lat' dir='ltr'><strong>Pro</strong></span> <span class='ocrx_word' id='word_1_413' title='bbox 675 4749 781 4803; x_wconf 90' lang='lat' dir='ltr'><strong>quo</strong></span> <span class='ocrx_word' id='word_1_414' title='bbox 807 4732 952 4788; x_wconf 76' lang='lat' dir='ltr'><strong>LXX</strong></span> <span class='ocrx_word' id='word_1_415' title='bbox 985 4733 1324 4803; x_wconf 79' lang='lat' dir='ltr'><strong>interpretati</strong></span> <span class='ocrx_word' id='word_1_416' title='bbox 1354 4741 1516 4787; x_wconf 90' lang='lat' dir='ltr'><strong>sunt.</strong></span> <span class='ocrx_word' id='word_1_417' title='bbox 1538 4732 1606 4786; x_wconf 84' lang='lat' dir='ltr'><strong>Et</strong></span> <span class='ocrx_word' id='word_1_418' title='bbox 1627 4733 1780 4804; x_wconf 77' lang='lat' dir='ltr'><strong>plena</strong></span> <span class='ocrx_word' id='word_1_419' title='bbox 1811 4727 1994 4789; x_wconf 73' lang='lat' dir='ltr'><strong>donius</strong></span> <span class='ocrx_word' id='word_1_420' title='bbox 2023 4739 2135 4807; x_wconf 86' lang='lat' dir='ltr'><strong>glo-</strong></span> 
     </span>
    </p>
   </div>
   <div class='ocr_carea' id='block_1_56' title="bbox 538 4825 2129 4897">
    <p class='ocr_par' dir='ltr' id='par_1_56' title="bbox 538 4825 2129 4897">
     <span class='ocr_line' id='line_1_56' title="bbox 538 4825 2129 4897; baseline 0.004 -20"><span class='ocrx_word' id='word_1_421' title='bbox 538 4826 617 4878; x_wconf 81' lang='lat' dir='ltr'><strong>ria</strong></span> <span class='ocrx_word' id='word_1_422' title='bbox 648 4829 780 4897; x_wconf 83' lang='lat' dir='ltr'><strong>ejus.</strong></span> <span class='ocrx_word' id='word_1_423' title='bbox 813 4825 890 4880; x_wconf 87' lang='lat' dir='ltr'><strong>De</strong></span> <span class='ocrx_word' id='word_1_424' title='bbox 921 4826 1023 4880; x_wconf 82' lang='lat' dir='ltr'><strong>har.</strong></span> <span class='ocrx_word' id='word_1_425' title='bbox 1043 4826 1258 4880; x_wconf 88' lang='lat' dir='ltr'><strong>visione</strong></span> <span class='ocrx_word' id='word_1_426' title='bbox 1288 4833 1412 4879; x_wconf 84' lang='lat' dir='ltr'><strong>ante</strong></span> <span class='ocrx_word' id='word_1_427' title='bbox 1433 4839 1608 4880; x_wconf 87' lang='lat' dir='ltr'><strong>annos</strong></span> <span class='ocrx_word' id='word_1_428' title='bbox 1628 4826 1849 4880; x_wconf 87' lang='lat' dir='ltr'><strong>circiter</strong></span> <span class='ocrx_word' id='word_1_429' title='bbox 1881 4829 2129 4897; x_wconf 86' lang='lat' dir='ltr'><strong>triginta,</strong></span> 
     </span>
    </p>
   </div>
   <div class='ocr_carea' id='block_1_57' title="bbox 538 4915 2137 4990">
    <p class='ocr_par' dir='ltr' id='par_1_57' title="bbox 538 4915 2137 4990">
     <span class='ocr_line' id='line_1_57' title="bbox 538 4915 2137 4990; baseline 0.006 -21"><span class='ocrx_word' id='word_1_430' title='bbox 538 4930 660 4970; x_wconf 89' lang='lat' dir='ltr'><strong>cum</strong></span> <span class='ocrx_word' id='word_1_431' title='bbox 717 4932 892 4972; x_wconf 84' lang='lat' dir='ltr'><strong>essem</strong></span> <span class='ocrx_word' id='word_1_432' title='bbox 917 4916 942 4956; x_wconf 78' lang='grc' dir='ltr'><strong>ι)</strong></span> <span class='ocrx_word' id='word_1_433' title='bbox 972 4915 1487 4986; x_wconf 88' lang='lat' dir='ltr'><strong>Constantinopoli,</strong></span> <span class='ocrx_word' id='word_1_434' title='bbox 1526 4929 1575 4975; x_wconf 89' lang='lat' dir='ltr'><strong>et</strong></span> <span class='ocrx_word' id='word_1_435' title='bbox 1619 4921 1763 4990; x_wconf 90' lang='lat' dir='ltr'><strong>apud</strong></span> <span class='ocrx_word' id='word_1_436' title='bbox 1813 4921 1990 4976; x_wconf 90' lang='lat' dir='ltr'><strong>virum</strong></span> <span class='ocrx_word' id='word_1_437' title='bbox 2023 4924 2137 4978; x_wconf 86' lang='lat' dir='ltr'><strong>elo-</strong></span> 
     </span>
    </p>
   </div>
   <div class='ocr_carea' id='block_1_58' title="bbox 2229 2323 3831 2397">
    <p class='ocr_par' dir='ltr' id='par_1_58' title="bbox 2229 2323 3831 2397">
     <span class='ocr_line' id='line_1_58' title="bbox 2229 2323 3831 2397; baseline 0.004 -21"><span class='ocrx_word' id='word_1_438' title='bbox 2229 2323 2464 2387; x_wconf 89' lang='lat' dir='ltr'><strong>teribus,</strong></span> <span class='ocrx_word' id='word_1_439' title='bbox 2499 2325 2732 2394; x_wconf 86' lang='lat' dir='ltr'><strong>populus</strong></span> <span class='ocrx_word' id='word_1_440' title='bbox 2784 2325 3038 2378; x_wconf 82' lang='lat' dir='ltr'><strong>clamavit</strong></span> <span class='ocrx_word' id='word_1_441' title='bbox 3083 2324 3150 2380; x_wconf 90' lang='lat' dir='ltr'><strong>ad</strong></span> <span class='ocrx_word' id='word_1_442' title='bbox 3192 2325 3512 2392; x_wconf 91' lang='lat' dir='ltr'><strong>Dominum,</strong></span> <span class='ocrx_word' id='word_1_443' title='bbox 3561 2329 3691 2397; x_wconf 86' lang='lat' dir='ltr'><strong>qui,</strong></span> <span class='ocrx_word' id='word_1_444' title='bbox 3740 2328 3831 2384; x_wconf 91' lang='lat' dir='ltr'><strong>illo</strong></span> 
     </span>
    </p>
   </div>
   <div class='ocr_carea' id='block_1_59' title="bbox 2228 2411 3832 2486">
    <p class='ocr_par' dir='ltr' id='par_1_59' title="bbox 2228 2411 3832 2486">
     <span class='ocr_line' id='line_1_59' title="bbox 2228 2411 3832 2486; baseline 0.003 -18"><span class='ocrx_word' id='word_1_445' title='bbox 2228 2411 2482 2481; x_wconf 87' lang='lat' dir='ltr'><strong>vivente,</strong></span> <span class='ocrx_word' id='word_1_446' title='bbox 2514 2415 2752 2470; x_wconf 84' lang='lat' dir='ltr'><strong>clamare</strong></span> <span class='ocrx_word' id='word_1_447' title='bbox 2780 2433 2885 2470; x_wconf 91' lang='lat' dir='ltr'><strong>non</strong></span> <span class='ocrx_word' id='word_1_448' title='bbox 2913 2424 3144 2486; x_wconf 87' lang='lat' dir='ltr'><strong>poterat.</strong></span> <span class='ocrx_word' id='word_1_449' title='bbox 3191 2417 3260 2470; x_wconf 85' lang='lat' dir='ltr'><strong>Et</strong></span> <span class='ocrx_word' id='word_1_450' title='bbox 3295 2416 3584 2484; x_wconf 79' lang='lat' dir='ltr'><strong>Ezechiel,</strong></span> <span class='ocrx_word' id='word_1_451' title='bbox 3621 2429 3832 2473; x_wconf 88' lang='lat' dir='ltr'><strong>mortuo</strong></span> 
     </span>
    </p>
   </div>
   <div class='ocr_carea' id='block_1_60' title="bbox 2232 2505 3832 2582">
    <p class='ocr_par' dir='ltr' id='par_1_60' title="bbox 2232 2505 3832 2582">
     <span class='ocr_line' id='line_1_60' title="bbox 2232 2505 3832 2582; baseline 0.004 -22"><span class='ocrx_word' id='word_1_452' title='bbox 2232 2505 2442 2561; x_wconf 81' lang='lat' dir='ltr'><strong>Phaltia</strong></span> <span class='ocrx_word' id='word_1_453' title='bbox 2479 2507 2587 2562; x_wconf 84' lang='lat' dir='ltr'><strong>lilio</strong></span> <span class='ocrx_word' id='word_1_454' title='bbox 2616 2509 2866 2564; x_wconf 74' lang='lat' dir='ltr'><strong>Banauizc</strong></span> <span class='ocrx_word' id='word_1_455' title='bbox 2895 2510 3134 2582; x_wconf 77' lang='lat' dir='ltr'><strong>pessimo</strong></span> <span class='ocrx_word' id='word_1_456' title='bbox 3183 2510 3453 2581; x_wconf 81' lang='lat' dir='ltr'><strong>print-ipe,</strong></span> <span class='ocrx_word' id='word_1_457' title='bbox 3486 2511 3634 2566; x_wconf 85' lang='lat' dir='ltr'><strong>cadit</strong></span> <span class='ocrx_word' id='word_1_458' title='bbox 3666 2512 3719 2566; x_wconf 91' lang='lat' dir='ltr'><strong>in</strong></span> <span class='ocrx_word' id='word_1_459' title='bbox 3754 2511 3832 2567; x_wconf 80' lang='lat' dir='ltr'><strong>fa-</strong></span> 
     </span>
    </p>
   </div>
   <div class='ocr_carea' id='block_1_61' title="bbox 2231 2600 3828 2667">
    <p class='ocr_par' dir='ltr' id='par_1_61' title="bbox 2231 2600 3828 2667">
     <span class='ocr_line' id='line_1_61' title="bbox 2231 2600 3828 2667; baseline 0.004 -14"><span class='ocrx_word' id='word_1_460' title='bbox 2231 2600 2371 2656; x_wconf 92' lang='lat' dir='ltr'><strong>ciem</strong></span> <span class='ocrx_word' id='word_1_461' title='bbox 2403 2617 2586 2667; x_wconf 77' lang='lat' dir='ltr'><strong>suam,</strong></span> <span class='ocrx_word' id='word_1_462' title='bbox 2620 2615 2672 2657; x_wconf 88' lang='lat' dir='ltr'><strong>et</strong></span> <span class='ocrx_word' id='word_1_463' title='bbox 2708 2620 2838 2657; x_wconf 87' lang='lat' dir='ltr'><strong>voce</strong></span> <span class='ocrx_word' id='word_1_464' title='bbox 2893 2603 3110 2659; x_wconf 77' lang='lat' dir='ltr'><strong>excelsa</strong></span> <span class='ocrx_word' id='word_1_465' title='bbox 3161 2605 3360 2659; x_wconf 89' lang='lat' dir='ltr'><strong>clamat</strong></span> <span class='ocrx_word' id='word_1_466' title='bbox 3400 2605 3468 2659; x_wconf 88' lang='lat' dir='ltr'><strong>ad</strong></span> <span class='ocrx_word' id='word_1_467' title='bbox 3517 2605 3828 2660; x_wconf 85' lang='lat' dir='ltr'><strong>Dominum.</strong></span> 
     </span>
    </p>
   </div>
   <div class='ocr_carea' id='block_1_62' title="bbox 2234 2691 3836 2767">
    <p class='ocr_par' dir='ltr' id='par_1_62' title="bbox 2234 2691 3836 2767">
     <span class='ocr_line' id='line_1_62' title="bbox 2234 2691 3836 2767; baseline 0.004 -21"><span class='ocrx_word' id='word_1_468' title='bbox 2234 2691 2574 2762; x_wconf 84' lang='lat' dir='ltr'><strong>Pulchreque</strong></span> <span class='ocrx_word' id='word_1_469' title='bbox 2599 2694 2748 2764; x_wconf 81' lang='lat' dir='ltr'><strong>juxta</strong></span> <span class='ocrx_word' id='word_1_470' title='bbox 2778 2694 3101 2751; x_wconf 87' lang='lat' dir='ltr'><strong>llehraicum</strong></span> <span class='ocrx_word' id='word_1_471' title='bbox 3124 2741 3138 2765; x_wconf 89' lang='lat'><strong>,</strong></span> <span class='ocrx_word' id='word_1_472' title='bbox 3168 2711 3276 2751; x_wconf 90' lang='lat' dir='ltr'><strong>non</strong></span> <span class='ocrx_word' id='word_1_473' title='bbox 3303 2697 3418 2767; x_wconf 84' lang='lat' dir='ltr'><strong>ipse.</strong></span> <span class='ocrx_word' id='word_1_474' title='bbox 3444 2697 3707 2752; x_wconf 87' lang='lat' dir='ltr'><strong>Dominus</strong></span> <span class='ocrx_word' id='word_1_475' title='bbox 3737 2699 3836 2752; x_wconf 84' lang='lat' dir='ltr'><strong>im—</strong></span> 
     </span>
    </p>
   </div>
   <div class='ocr_carea' id='block_1_63' title="bbox 2234 2787 3834 2859">
    <p class='ocr_par' dir='ltr' id='par_1_63' title="bbox 2234 2787 3834 2859">
     <span class='ocr_line' id='line_1_63' title="bbox 2234 2787 3834 2859; baseline 0.004 -19"><span class='ocrx_word' id='word_1_476' title='bbox 2234 2787 2413 2856; x_wconf 63' lang='lat' dir='ltr'><strong>pit-hat</strong></span> <span class='ocrx_word' id='word_1_477' title='bbox 2442 2787 2750 2857; x_wconf 83' lang='lat' dir='ltr'><strong>Templum,</strong></span> <span class='ocrx_word' id='word_1_478' title='bbox 2778 2789 2931 2859; x_wconf 83' lang='lat' dir='ltr'><strong>cujus</strong></span> <span class='ocrx_word' id='word_1_479' title='bbox 2960 2790 3162 2845; x_wconf 75' lang='lat' dir='ltr'><strong>cmlum</strong></span> <span class='ocrx_word' id='word_1_480' title='bbox 3195 2791 3425 2846; x_wconf 87' lang='lat' dir='ltr'><strong>thronus</strong></span> <span class='ocrx_word' id='word_1_481' title='bbox 3450 2801 3565 2858; x_wconf 89' lang='lat' dir='ltr'><strong>est,</strong></span> <span class='ocrx_word' id='word_1_482' title='bbox 3600 2799 3659 2846; x_wconf 90' lang='lat' dir='ltr'><strong>ct</strong></span> <span class='ocrx_word' id='word_1_483' title='bbox 3691 2801 3834 2847; x_wconf 83' lang='lat' dir='ltr'><strong>terra</strong></span> 
     </span>
    </p>
   </div>
   <div class='ocr_carea' id='block_1_64' title="bbox 2232 2880 3834 2954">
    <p class='ocr_par' dir='ltr' id='par_1_64' title="bbox 2232 2880 3834 2954">
     <span class='ocr_line' id='line_1_64' title="bbox 2232 2880 3834 2954; baseline 0.001 -17"><span class='ocrx_word' id='word_1_484' title='bbox 2232 2880 2532 2939; x_wconf 84' lang='lat' dir='ltr'><strong>seahellum</strong></span> <span class='ocrx_word' id='word_1_485' title='bbox 2566 2881 2764 2953; x_wconf 84' lang='lat' dir='ltr'><strong>pedum</strong></span> <span class='ocrx_word' id='word_1_486' title='bbox 2813 2882 2964 2952; x_wconf 86' lang='lat' dir='ltr'><strong>ejus;</strong></span> <span class='ocrx_word' id='word_1_487' title='bbox 2998 2890 3052 2937; x_wconf 90' lang='lat' dir='ltr'><strong>et</strong></span> <span class='ocrx_word' id='word_1_488' title='bbox 3081 2883 3148 2935; x_wconf 84' lang='lat' dir='ltr'><strong>de</strong></span> <span class='ocrx_word' id='word_1_489' title='bbox 3192 2898 3298 2952; x_wconf 90' lang='lat' dir='ltr'><strong>quo</strong></span> <span class='ocrx_word' id='word_1_490' title='bbox 3331 2883 3382 2937; x_wconf 92' lang='lat' dir='ltr'><strong>in</strong></span> <span class='ocrx_word' id='word_1_491' title='bbox 3409 2883 3518 2937; x_wconf 86' lang='lat' dir='ltr'><strong>alio</strong></span> <span class='ocrx_word' id='word_1_492' title='bbox 3549 2882 3670 2938; x_wconf 80' lang='lat' dir='ltr'><strong>loco</strong></span> <span class='ocrx_word' id='word_1_493' title='bbox 3701 2883 3834 2954; x_wconf 77' lang='lat' dir='ltr'><strong>legi-</strong></span> 
     </span>
    </p>
   </div>
   <div class='ocr_carea' id='block_1_65' title="bbox 2234 2973 3837 3045">
    <p class='ocr_par' dir='ltr' id='par_1_65' title="bbox 2234 2973 3837 3045">
     <span class='ocr_line' id='line_1_65' title="bbox 2234 2973 3837 3045; baseline 0.003 -18"><span class='ocrx_word' id='word_1_494' title='bbox 2234 2989 2353 3027; x_wconf 85' lang='lat' dir='ltr'><strong>mus</strong></span> <span class='ocrx_word' id='word_1_495' title='bbox 2379 2991 2392 3026; x_wconf 88' lang='lat'><strong>:</strong></span> <span class='ocrx_word' id='word_1_496' title='bbox 2420 2973 2673 3030; x_wconf 84' lang='lat' dir='ltr'><strong>Dominus</strong></span> <span class='ocrx_word' id='word_1_497' title='bbox 2699 2977 2752 3030; x_wconf 86' lang='lat' dir='ltr'><strong>in</strong></span> <span class='ocrx_word' id='word_1_498' title='bbox 2782 2975 2998 3045; x_wconf 86' lang='lat' dir='ltr'><strong>Templa</strong></span> <span class='ocrx_word' id='word_1_499' title='bbox 3019 2986 3198 3030; x_wconf 88' lang='lat' dir='ltr'><strong>sancto</strong></span> <span class='ocrx_word' id='word_1_500' title='bbox 3220 2994 3336 3042; x_wconf 90' lang='lat' dir='ltr'><strong>suo,</strong></span> <span class='ocrx_word' id='word_1_501' title='bbox 3368 2977 3617 3031; x_wconf 87' lang='lat' dir='ltr'><strong>Dominus</strong></span> <span class='ocrx_word' id='word_1_502' title='bbox 3640 2977 3694 3030; x_wconf 87' lang='lat' dir='ltr'><strong>in</strong></span> <span class='ocrx_word' id='word_1_503' title='bbox 3712 2978 3837 3032; x_wconf 70' lang='lat' dir='ltr'><strong>calo</strong></span> 
     </span>
    </p>
   </div>
   <div class='ocr_carea' id='block_1_66' title="bbox 2231 3065 3839 3139">
    <p class='ocr_par' dir='ltr' id='par_1_66' title="bbox 2231 3065 3839 3139">
     <span class='ocr_line' id='line_1_66' title="bbox 2231 3065 3839 3139; baseline 0.002 -21"><span class='ocrx_word' id='word_1_504' title='bbox 2231 3065 2376 3120; x_wconf 85' lang='lat' dir='ltr'><strong>sedes</strong></span> <span class='ocrx_word' id='word_1_505' title='bbox 2400 3069 2514 3138; x_wconf 84' lang='lat' dir='ltr'><strong>ejus</strong></span> <span class='ocrx_word' id='word_1_506' title='bbox 2543 3066 2662 3137; x_wconf 81' lang='lat' dir='ltr'><strong>(Ps.</strong></span> <span class='ocrx_word' id='word_1_507' title='bbox 2687 3083 2752 3132; x_wconf 89' lang='lat' dir='ltr'><strong>x,</strong></span> <span class='ocrx_word' id='word_1_508' title='bbox 2785 3067 2872 3136; x_wconf 84' lang='lat'><strong>5);</strong></span> <span class='ocrx_word' id='word_1_509' title='bbox 2907 3069 3002 3122; x_wconf 87' lang='lat' dir='ltr'><strong>sed</strong></span> <span class='ocrx_word' id='word_1_510' title='bbox 3033 3084 3093 3122; x_wconf 88' lang='lat' dir='ltr'><strong>ea</strong></span> <span class='ocrx_word' id='word_1_511' title='bbox 3135 3085 3256 3139; x_wconf 72' lang='lat' dir='ltr'><strong>quin</strong></span> <span class='ocrx_word' id='word_1_512' title='bbox 3294 3069 3396 3124; x_wconf 86' lang='lat' dir='ltr'><strong>sub</strong></span> <span class='ocrx_word' id='word_1_513' title='bbox 3445 3068 3671 3138; x_wconf 83' lang='lat' dir='ltr'><strong>pedibus</strong></span> <span class='ocrx_word' id='word_1_514' title='bbox 3722 3070 3839 3138; x_wconf 85' lang='lat' dir='ltr'><strong>ejus</strong></span> 
     </span>
    </p>
   </div>
   <div class='ocr_carea' id='block_1_67' title="bbox 2236 3158 3838 3231">
    <p class='ocr_par' dir='ltr' id='par_1_67' title="bbox 2236 3158 3838 3231">
     <span class='ocr_line' id='line_1_67' title="bbox 2236 3158 3838 3231; baseline 0.004 -20"><span class='ocrx_word' id='word_1_515' title='bbox 2236 3166 2413 3221; x_wconf 88' lang='lat' dir='ltr'><strong>erant.</strong></span> <span class='ocrx_word' id='word_1_516' title='bbox 2445 3159 2558 3229; x_wconf 77' lang='lat'><strong>90</strong></span> <span class='ocrx_word' id='word_1_517' title='bbox 2579 3158 2878 3229; x_wconf 84' lang='lat' dir='ltr'><strong>implebant</strong></span> <span class='ocrx_word' id='word_1_518' title='bbox 2904 3161 3185 3228; x_wconf 83' lang='lat' dir='ltr'><strong>Templum</strong></span> <span class='ocrx_word' id='word_1_519' title='bbox 3219 3159 3378 3228; x_wconf 87' lang='lat' dir='ltr'><strong>(Isai.</strong></span> <span class='ocrx_word' id='word_1_520' title='bbox 3403 3159 3571 3231; x_wconf 79' lang='lat' dir='ltr'><strong>vai).</strong></span> <span class='ocrx_word' id='word_1_521' title='bbox 3605 3161 3741 3228; x_wconf 82' lang='lat' dir='ltr'><strong>Quis</strong></span> <span class='ocrx_word' id='word_1_522' title='bbox 3768 3161 3838 3217; x_wconf 80' lang='lat' dir='ltr'><strong>sit</strong></span> 
     </span>
    </p>
   </div>
   <div class='ocr_carea' id='block_1_68' title="bbox 2234 3253 3836 3325">
    <p class='ocr_par' dir='ltr' id='par_1_68' title="bbox 2234 3253 3836 3325">
     <span class='ocr_line' id='line_1_68' title="bbox 2234 3253 3836 3325; baseline 0.002 -19"><span class='ocrx_word' id='word_1_523' title='bbox 2234 3262 2418 3308; x_wconf 90' lang='lat' dir='ltr'><strong>autem</strong></span> <span class='ocrx_word' id='word_1_524' title='bbox 2453 3255 2552 3308; x_wconf 85' lang='lat' dir='ltr'><strong>iste</strong></span> <span class='ocrx_word' id='word_1_525' title='bbox 2580 3253 2845 3308; x_wconf 87' lang='lat' dir='ltr'><strong>Dominus</strong></span> <span class='ocrx_word' id='word_1_526' title='bbox 2871 3254 2962 3324; x_wconf 92' lang='lat' dir='ltr'><strong>qui</strong></span> <span class='ocrx_word' id='word_1_527' title='bbox 2992 3253 3220 3320; x_wconf 71' lang='lat' dir='ltr'><strong>videtur,</strong></span> <span class='ocrx_word' id='word_1_528' title='bbox 3243 3256 3294 3309; x_wconf 92' lang='lat' dir='ltr'><strong>in</strong></span> <span class='ocrx_word' id='word_1_529' title='bbox 3317 3255 3648 3325; x_wconf 82' lang='lat' dir='ltr'><strong>evangelista</strong></span> <span class='ocrx_word' id='word_1_530' title='bbox 3676 3255 3836 3311; x_wconf 74' lang='lat' dir='ltr'><strong>Joan-</strong></span> 
     </span>
    </p>
   </div>
   <div class='ocr_carea' id='block_1_69' title="bbox 2235 3329 3834 3418">
    <p class='ocr_par' dir='ltr' id='par_1_69' title="bbox 2235 3329 3834 3418">
     <span class='ocr_line' id='line_1_69' title="bbox 2235 3329 3834 3418; baseline 0.004 -18"><span class='ocrx_word' id='word_1_531' title='bbox 2235 3362 2324 3410; x_wconf 89' lang='lat' dir='ltr'><strong>ne,</strong></span> <span class='ocrx_word' id='word_1_532' title='bbox 2349 3355 2404 3401; x_wconf 86' lang='lat' dir='ltr'><strong>et</strong></span> <span class='ocrx_word' id='word_1_533' title='bbox 2435 3347 2487 3401; x_wconf 91' lang='lat' dir='ltr'><strong>in</strong></span> <span class='ocrx_word' id='word_1_534' title='bbox 2521 3347 2904 3418; x_wconf 79' lang='lat' dir='ltr'><strong>Apostolorum</strong></span> <span class='ocrx_word' id='word_1_535' title='bbox 2930 3329 3081 3404; x_wconf 76' lang='lat' dir='ltr'><strong>Actis</strong></span> <span class='ocrx_word' id='word_1_536' title='bbox 3116 3349 3330 3418; x_wconf 89' lang='lat' dir='ltr'><strong>plenius</strong></span> <span class='ocrx_word' id='word_1_537' title='bbox 3371 3349 3656 3404; x_wconf 73' lang='lat' dir='ltr'><strong>discimus.</strong></span> <span class='ocrx_word' id='word_1_538' title='bbox 3694 3350 3834 3418; x_wconf 83' lang='lat' dir='ltr'><strong>Quo-</strong></span> 
     </span>
    </p>
   </div>
   <div class='ocr_carea' id='block_1_70' title="bbox 2237 3441 3839 3517">
    <p class='ocr_par' dir='ltr' id='par_1_70' title="bbox 2237 3441 3839 3517">
     <span class='ocr_line' id='line_1_70' title="bbox 2237 3441 3839 3517; baseline 0 -21"><span class='ocrx_word' id='word_1_539' title='bbox 2237 3457 2355 3496; x_wconf 90' lang='lat' dir='ltr'><strong>rum</strong></span> <span class='ocrx_word' id='word_1_540' title='bbox 2384 3441 2621 3497; x_wconf 80' lang='lat' dir='ltr'><strong>Joannes</strong></span> <span class='ocrx_word' id='word_1_541' title='bbox 2640 3441 2715 3496; x_wconf 87' lang='lat' dir='ltr'><strong>ait</strong></span> <span class='ocrx_word' id='word_1_542' title='bbox 2746 3460 2758 3495; x_wconf 91' lang='lat'>:</span> <span class='ocrx_word' id='word_1_543' title='bbox 2797 3441 2925 3496; x_wconf 74' lang='lat' dir='ltr'><strong>Ilwc</strong></span> <span class='ocrx_word' id='word_1_544' title='bbox 2951 3443 3080 3496; x_wconf 75' lang='lat' dir='ltr'><strong>dixit</strong></span> <span class='ocrx_word' id='word_1_545' title='bbox 3106 3442 3295 3507; x_wconf 84' lang='lat' dir='ltr'><strong>Isaias,</strong></span> <span class='ocrx_word' id='word_1_546' title='bbox 3331 3444 3541 3513; x_wconf 77' lang='lat' dir='ltr'><strong>quando</strong></span> <span class='ocrx_word' id='word_1_547' title='bbox 3564 3443 3693 3496; x_wconf 81' lang='lat' dir='ltr'><strong>vidit</strong></span> <span class='ocrx_word' id='word_1_548' title='bbox 3725 3443 3839 3517; x_wconf 85' lang='lat' dir='ltr'><strong>glo-</strong></span> 
     </span>
    </p>
   </div>
   <div class='ocr_carea' id='block_1_71' title="bbox 2235 3536 3839 3607">
    <p class='ocr_par' dir='ltr' id='par_1_71' title="bbox 2235 3536 3839 3607">
     <span class='ocr_line' id='line_1_71' title="bbox 2235 3536 3839 3607; baseline 0.003 -19"><span class='ocrx_word' id='word_1_549' title='bbox 2235 3537 2367 3590; x_wconf 83' lang='lat' dir='ltr'><strong>riam</strong></span> <span class='ocrx_word' id='word_1_550' title='bbox 2393 3538 2525 3607; x_wconf 82' lang='lat' dir='ltr'><strong>ejus.</strong></span> <span class='ocrx_word' id='word_1_551' title='bbox 2551 3548 2598 3590; x_wconf 87' lang='lat' dir='ltr'><strong>et</strong></span> <span class='ocrx_word' id='word_1_552' title='bbox 2644 3536 2843 3590; x_wconf 86' lang='lat' dir='ltr'><strong>locutus</strong></span> <span class='ocrx_word' id='word_1_553' title='bbox 2894 3549 2967 3591; x_wconf 82' lang='lat' dir='ltr'><strong>est</strong></span> <span class='ocrx_word' id='word_1_554' title='bbox 3003 3538 3066 3592; x_wconf 86' lang='lat' dir='ltr'><strong>de</strong></span> <span class='ocrx_word' id='word_1_555' title='bbox 3090 3554 3147 3592; x_wconf 87' lang='lat' dir='ltr'><strong>eo</strong></span> <span class='ocrx_word' id='word_1_556' title='bbox 3201 3537 3378 3605; x_wconf 82' lang='lat' dir='ltr'><strong>(Joan.</strong></span> <span class='ocrx_word' id='word_1_557' title='bbox 3413 3553 3508 3604; x_wconf 86' lang='lat' dir='ltr'><strong>xu,</strong></span> <span class='ocrx_word' id='word_1_558' title='bbox 3540 3537 3657 3607; x_wconf 68' lang='grc'><strong>41),</strong></span> <span class='ocrx_word' id='word_1_559' title='bbox 3701 3537 3839 3593; x_wconf 85' lang='lat' dir='ltr'><strong>haud</strong></span> 
     </span>
    </p>
   </div>
   <div class='ocr_carea' id='block_1_72' title="bbox 2239 3626 3842 3700">
    <p class='ocr_par' dir='ltr' id='par_1_72' title="bbox 2239 3626 3842 3700">
     <span class='ocr_line' id='line_1_72' title="bbox 2239 3626 3842 3700; baseline 0.002 -18"><span class='ocrx_word' id='word_1_560' title='bbox 2239 3628 2460 3684; x_wconf 82' lang='lat' dir='ltr'><strong>dubium</strong></span> <span class='ocrx_word' id='word_1_561' title='bbox 2511 3628 2636 3698; x_wconf 89' lang='lat' dir='ltr'><strong>quin</strong></span> <span class='ocrx_word' id='word_1_562' title='bbox 2687 3626 2962 3684; x_wconf 86' lang='lat' dir='ltr'><strong>Christum</strong></span> <span class='ocrx_word' id='word_1_563' title='bbox 3010 3630 3300 3700; x_wconf 87' lang='lat' dir='ltr'><strong>signiticet.</strong></span> <span class='ocrx_word' id='word_1_564' title='bbox 3362 3631 3592 3684; x_wconf 75' lang='lat' dir='ltr'><strong>Rursum</strong></span> <span class='ocrx_word' id='word_1_565' title='bbox 3645 3630 3842 3685; x_wconf 83' lang='lat' dir='ltr'><strong>Paulus</strong></span> 
     </span>
    </p>
   </div>
   <div class='ocr_carea' id='block_1_73' title="bbox 2241 3720 3844 3791">
    <p class='ocr_par' dir='ltr' id='par_1_73' title="bbox 2241 3720 3844 3791">
     <span class='ocr_line' id='line_1_73' title="bbox 2241 3720 3844 3791; baseline 0.001 -17"><span class='ocrx_word' id='word_1_566' title='bbox 2241 3722 2293 3774; x_wconf 90' lang='lat' dir='ltr'><strong>in</strong></span> <span class='ocrx_word' id='word_1_567' title='bbox 2327 3720 2476 3775; x_wconf 88' lang='lat' dir='ltr'><strong>Actis</strong></span> <span class='ocrx_word' id='word_1_568' title='bbox 2519 3723 2939 3790; x_wconf 63' lang='lat' dir='ltr'><strong>Apostolorum,</strong></span> <span class='ocrx_word' id='word_1_569' title='bbox 2995 3722 3082 3775; x_wconf 92' lang='lat' dir='ltr'><strong>uhi</strong></span> <span class='ocrx_word' id='word_1_570' title='bbox 3133 3723 3319 3776; x_wconf 72' lang='lat' dir='ltr'><strong>[inmte</strong></span> <span class='ocrx_word' id='word_1_571' title='bbox 3362 3723 3598 3791; x_wconf 90' lang='lat' dir='ltr'><strong>loquitur</strong></span> <span class='ocrx_word' id='word_1_572' title='bbox 3638 3722 3708 3776; x_wconf 91' lang='lat' dir='ltr'><strong>ad</strong></span> <span class='ocrx_word' id='word_1_573' title='bbox 3751 3721 3844 3776; x_wconf 77' lang='lat' dir='ltr'><strong>Ju-</strong></span> 
     </span>
    </p>
   </div>
   <div class='ocr_carea' id='block_1_74' title="bbox 2238 3810 3845 3883">
    <p class='ocr_par' dir='ltr' id='par_1_74' title="bbox 2238 3810 3845 3883">
     <span class='ocr_line' id='line_1_74' title="bbox 2238 3810 3845 3883; baseline 0.002 -19"><span class='ocrx_word' id='word_1_574' title='bbox 2238 3811 2384 3864; x_wconf 80' lang='lat' dir='ltr'><strong>tl:ros</strong></span> <span class='ocrx_word' id='word_1_575' title='bbox 2415 3827 2429 3865; x_wconf 88' lang='lat'><strong>:</strong></span> <span class='ocrx_word' id='word_1_576' title='bbox 2464 3810 2620 3877; x_wconf 87' lang='lat' dir='ltr'><strong>Bene,</strong></span> <span class='ocrx_word' id='word_1_577' title='bbox 2657 3811 2847 3882; x_wconf 88' lang='lat' dir='ltr'><strong>inquit,</strong></span> <span class='ocrx_word' id='word_1_578' title='bbox 2887 3812 3114 3883; x_wconf 85' lang='lat' dir='ltr'><strong>Spiritus</strong></span> <span class='ocrx_word' id='word_1_579' title='bbox 3159 3823 3369 3867; x_wconf 81' lang='lat' dir='ltr'><strong>sanctus</strong></span> <span class='ocrx_word' id='word_1_580' title='bbox 3397 3811 3598 3866; x_wconf 87' lang='lat' dir='ltr'><strong>locutus</strong></span> <span class='ocrx_word' id='word_1_581' title='bbox 3646 3823 3725 3868; x_wconf 82' lang='lat' dir='ltr'><strong>est</strong></span> <span class='ocrx_word' id='word_1_582' title='bbox 3753 3828 3845 3882; x_wconf 81' lang='lat' dir='ltr'><strong>per</strong></span> 
     </span>
    </p>
   </div>
   <div class='ocr_carea' id='block_1_75' title="bbox 2237 3902 3845 3976">
    <p class='ocr_par' dir='ltr' id='par_1_75' title="bbox 2237 3902 3845 3976">
     <span class='ocr_line' id='line_1_75' title="bbox 2237 3902 3845 3976; baseline 0.001 -19"><span class='ocrx_word' id='word_1_583' title='bbox 2237 3902 2436 3958; x_wconf 83' lang='lat' dir='ltr'><strong>Isaiam</strong></span> <span class='ocrx_word' id='word_1_584' title='bbox 2457 3903 2762 3976; x_wconf 79' lang='lat' dir='ltr'><strong>prophetam</strong></span> <span class='ocrx_word' id='word_1_585' title='bbox 2784 3903 2853 3957; x_wconf 84' lang='lat' dir='ltr'><strong>ad</strong></span> <span class='ocrx_word' id='word_1_586' title='bbox 2879 3913 3051 3974; x_wconf 81' lang='lat' dir='ltr'><strong>patres</strong></span> <span class='ocrx_word' id='word_1_587' title='bbox 3081 3914 3302 3972; x_wconf 83' lang='lat' dir='ltr'><strong>nostros,</strong></span> <span class='ocrx_word' id='word_1_588' title='bbox 3336 3906 3511 3959; x_wconf 86' lang='lat' dir='ltr'><strong>dicens</strong></span> <span class='ocrx_word' id='word_1_589' title='bbox 3536 3921 3554 3959; x_wconf 89' lang='lat'><strong><em>:</em></strong></span> <span class='ocrx_word' id='word_1_590' title='bbox 3587 3903 3734 3959; x_wconf 74' lang='lat' dir='ltr'><strong>Valle</strong></span> <span class='ocrx_word' id='word_1_591' title='bbox 3775 3904 3845 3959; x_wconf 80' lang='lat' dir='ltr'><strong>ad</strong></span> 
     </span>
    </p>
   </div>
   <div class='ocr_carea' id='block_1_76' title="bbox 2236 3992 3846 4066">
    <p class='ocr_par' dir='ltr' id='par_1_76' title="bbox 2236 3992 3846 4066">
     <span class='ocr_line' id='line_1_76' title="bbox 2236 3992 3846 4066; baseline 0.002 -20"><span class='ocrx_word' id='word_1_592' title='bbox 2236 3992 2492 4066; x_wconf 75' lang='lat' dir='ltr'><strong>populum</strong></span> <span class='ocrx_word' id='word_1_593' title='bbox 2517 3995 2706 4061; x_wconf 87' lang='lat' dir='ltr'><strong>istum,</strong></span> <span class='ocrx_word' id='word_1_594' title='bbox 2735 4005 2782 4048; x_wconf 88' lang='lat' dir='ltr'><strong>et</strong></span> <span class='ocrx_word' id='word_1_595' title='bbox 2811 3995 2896 4049; x_wconf 81' lang='lat' dir='ltr'><strong>die</strong></span> <span class='ocrx_word' id='word_1_596' title='bbox 2928 4012 2946 4048; x_wconf 87' lang='lat'><strong><em>:</em></strong></span> <span class='ocrx_word' id='word_1_597' title='bbox 2978 3995 3117 4048; x_wconf 83' lang='lat' dir='ltr'><strong>Aure</strong></span> <span class='ocrx_word' id='word_1_598' title='bbox 3154 3997 3397 4060; x_wconf 81' lang='lat' dir='ltr'><strong>audietis,</strong></span> <span class='ocrx_word' id='word_1_599' title='bbox 3429 4005 3478 4049; x_wconf 89' lang='lat' dir='ltr'><strong>et</strong></span> <span class='ocrx_word' id='word_1_600' title='bbox 3515 4013 3618 4052; x_wconf 86' lang='lat' dir='ltr'><strong>non</strong></span> <span class='ocrx_word' id='word_1_601' title='bbox 3650 3995 3846 4051; x_wconf 82' lang='lat' dir='ltr'><strong>intelli-</strong></span> 
     </span>
    </p>
   </div>
   <div class='ocr_carea' id='block_1_77' title="bbox 2235 4087 3845 4160">
    <p class='ocr_par' dir='ltr' id='par_1_77' title="bbox 2235 4087 3845 4160">
     <span class='ocr_line' id='line_1_77' title="bbox 2235 4087 3845 4160; baseline 0.004 -22"><span class='ocrx_word' id='word_1_602' title='bbox 2235 4091 2384 4160; x_wconf 68' lang='lat' dir='ltr'><strong>getis,</strong></span> <span class='ocrx_word' id='word_1_603' title='bbox 2415 4097 2461 4141; x_wconf 89' lang='lat' dir='ltr'><strong>et</strong></span> <span class='ocrx_word' id='word_1_604' title='bbox 2491 4087 2720 4141; x_wconf 81' lang='lat' dir='ltr'><strong>videntes</strong></span> <span class='ocrx_word' id='word_1_605' title='bbox 2751 4087 2988 4142; x_wconf 84' lang='lat' dir='ltr'><strong>videbitis</strong></span> <span class='ocrx_word' id='word_1_606' title='bbox 3008 4131 3022 4154; x_wconf 93' lang='lat'><strong>,</strong></span> <span class='ocrx_word' id='word_1_607' title='bbox 3055 4097 3102 4141; x_wconf 86' lang='lat' dir='ltr'><strong>et</strong></span> <span class='ocrx_word' id='word_1_608' title='bbox 3131 4105 3232 4142; x_wconf 86' lang='lat' dir='ltr'><strong>non</strong></span> <span class='ocrx_word' id='word_1_609' title='bbox 3264 4090 3621 4158; x_wconf 78' lang='lat' dir='ltr'><strong>perspisietis;</strong></span> <span class='ocrx_word' id='word_1_610' title='bbox 3648 4091 3845 4144; x_wconf 83' lang='lat' dir='ltr'><strong>incrus-</strong></span> 
     </span>
    </p>
   </div>
   <div class='ocr_carea' id='block_1_78' title="bbox 2237 4180 3846 4252">
    <p class='ocr_par' dir='ltr' id='par_1_78' title="bbox 2237 4180 3846 4252">
     <span class='ocr_line' id='line_1_78' title="bbox 2237 4180 3846 4252; baseline 0.001 -19"><span class='ocrx_word' id='word_1_611' title='bbox 2237 4189 2408 4233; x_wconf 87' lang='lat' dir='ltr'><strong>satum</strong></span> <span class='ocrx_word' id='word_1_612' title='bbox 2434 4189 2510 4234; x_wconf 85' lang='lat' dir='ltr'><strong>est</strong></span> <span class='ocrx_word' id='word_1_613' title='bbox 2541 4181 2677 4233; x_wconf 82' lang='lat' dir='ltr'><strong>enim</strong></span> <span class='ocrx_word' id='word_1_614' title='bbox 2706 4196 2794 4234; x_wconf 87' lang='lat' dir='ltr'><strong>cor</strong></span> <span class='ocrx_word' id='word_1_615' title='bbox 2843 4181 3024 4248; x_wconf 83' lang='lat' dir='ltr'><strong>populi</strong></span> <span class='ocrx_word' id='word_1_616' title='bbox 3066 4180 3243 4248; x_wconf 75' lang='lat' dir='ltr'><strong>hujus,</strong></span> <span class='ocrx_word' id='word_1_617' title='bbox 3276 4190 3322 4234; x_wconf 90' lang='lat' dir='ltr'><strong>et</strong></span> <span class='ocrx_word' id='word_1_618' title='bbox 3365 4180 3578 4234; x_wconf 84' lang='lat' dir='ltr'><strong>auribus</strong></span> <span class='ocrx_word' id='word_1_619' title='bbox 3621 4183 3846 4252; x_wconf 84' lang='lat' dir='ltr'><strong>grauiter</strong></span> 
     </span>
    </p>
   </div>
   <div class='ocr_carea' id='block_1_79' title="bbox 2239 4273 3845 4343">
    <p class='ocr_par' dir='ltr' id='par_1_79' title="bbox 2239 4273 3845 4343">
     <span class='ocr_line' id='line_1_79' title="bbox 2239 4273 3845 4343; baseline 0.002 -19"><span class='ocrx_word' id='word_1_620' title='bbox 2239 4273 2512 4328; x_wconf 71' lang='lat' dir='ltr'><strong>audierunt</strong></span> <span class='ocrx_word' id='word_1_621' title='bbox 2533 4315 2546 4339; x_wconf 93' lang='lat'><strong>,</strong></span> <span class='ocrx_word' id='word_1_622' title='bbox 2589 4284 2633 4327; x_wconf 88' lang='lat' dir='ltr'><strong>et</strong></span> <span class='ocrx_word' id='word_1_623' title='bbox 2663 4274 2838 4328; x_wconf 85' lang='lat' dir='ltr'><strong>oculos</strong></span> <span class='ocrx_word' id='word_1_624' title='bbox 2875 4290 2998 4328; x_wconf 88' lang='lat' dir='ltr'><strong>suos</strong></span> <span class='ocrx_word' id='word_1_625' title='bbox 3027 4285 3474 4343; x_wconf 87' lang='lat' dir='ltr'><strong>compresserunt,</strong></span> <span class='ocrx_word' id='word_1_626' title='bbox 3523 4290 3586 4328; x_wconf 85' lang='lat' dir='ltr'><strong>ne</strong></span> <span class='ocrx_word' id='word_1_627' title='bbox 3606 4275 3744 4343; x_wconf 80' lang='lat' dir='ltr'><strong>forte</strong></span> <span class='ocrx_word' id='word_1_628' title='bbox 3768 4275 3845 4328; x_wconf 78' lang='lat' dir='ltr'><strong>vi-</strong></span> 
     </span>
    </p>
   </div>
   <div class='ocr_carea' id='block_1_80' title="bbox 2240 4365 3840 4438">
    <p class='ocr_par' dir='ltr' id='par_1_80' title="bbox 2240 4365 3840 4438">
     <span class='ocr_line' id='line_1_80' title="bbox 2240 4365 3840 4438; baseline 0 -18"><span class='ocrx_word' id='word_1_629' title='bbox 2240 4367 2392 4420; x_wconf 84' lang='lat' dir='ltr'><strong>deant</strong></span> <span class='ocrx_word' id='word_1_630' title='bbox 2435 4368 2616 4433; x_wconf 81' lang='lat' dir='ltr'><strong>nculis,</strong></span> <span class='ocrx_word' id='word_1_631' title='bbox 2649 4379 2696 4420; x_wconf 88' lang='lat' dir='ltr'><strong>et</strong></span> <span class='ocrx_word' id='word_1_632' title='bbox 2719 4365 2934 4419; x_wconf 88' lang='lat' dir='ltr'><strong>auribus</strong></span> <span class='ocrx_word' id='word_1_633' title='bbox 2963 4366 3203 4431; x_wconf 84' lang='lat' dir='ltr'><strong>audiant,</strong></span> <span class='ocrx_word' id='word_1_634' title='bbox 3234 4376 3278 4420; x_wconf 90' lang='lat' dir='ltr'><strong>et</strong></span> <span class='ocrx_word' id='word_1_635' title='bbox 3308 4367 3463 4420; x_wconf 82' lang='lat' dir='ltr'><strong>corde</strong></span> <span class='ocrx_word' id='word_1_636' title='bbox 3506 4365 3840 4438; x_wconf 81' lang='lat' dir='ltr'><strong>intelligant,</strong></span> 
     </span>
    </p>
   </div>
   <div class='ocr_carea' id='block_1_81' title="bbox 2239 4456 3898 4528">
    <p class='ocr_par' dir='ltr' id='par_1_81' title="bbox 2239 4456 3898 4528">
     <span class='ocr_line' id='line_1_81' title="bbox 2239 4456 3898 4528; baseline -0.004 -16"><span class='ocrx_word' id='word_1_637' title='bbox 2239 4467 2285 4512; x_wconf 86' lang='lat' dir='ltr'><strong>et</strong></span> <span class='ocrx_word' id='word_1_638' title='bbox 2311 4467 2606 4512; x_wconf 84' lang='lat' dir='ltr'><strong>convertant</strong></span> <span class='ocrx_word' id='word_1_639' title='bbox 2634 4472 2723 4521; x_wconf 82' lang='lat' dir='ltr'><strong>se,</strong></span> <span class='ocrx_word' id='word_1_640' title='bbox 2754 4465 2799 4509; x_wconf 85' lang='lat' dir='ltr'><strong>et</strong></span> <span class='ocrx_word' id='word_1_641' title='bbox 2830 4473 3007 4509; x_wconf 74' lang='lat' dir='ltr'><strong>senem</strong></span> <span class='ocrx_word' id='word_1_642' title='bbox 3039 4472 3124 4509; x_wconf 85' lang='lat' dir='ltr'><strong>eos</strong></span> <span class='ocrx_word' id='word_1_643' title='bbox 3154 4458 3292 4526; x_wconf 76' lang='lat' dir='ltr'><strong>(Art.</strong></span> <span class='ocrx_word' id='word_1_644' title='bbox 3325 4472 3517 4520; x_wconf 82' lang='lat' dir='ltr'><strong>xxvltt,</strong></span> <span class='ocrx_word' id='word_1_645' title='bbox 3561 4459 3636 4512; x_wconf 76' lang='grc'><strong>26</strong></span> <span class='ocrx_word' id='word_1_646' title='bbox 3657 4501 3671 4524; x_wconf 89' lang='grc'><em>,</em></span> <span class='ocrx_word' id='word_1_647' title='bbox 3725 4456 3842 4528; x_wconf 67' lang='lat'><strong>97).</strong></span> <span class='ocrx_word' id='word_1_648' title='bbox 3891 4493 3898 4506; x_wconf 58' lang='grc' dir='ltr'><em>ι</em></span> 
     </span>
    </p>
   </div>
   <div class='ocr_carea' id='block_1_82' title="bbox 2242 4547 3844 4618">
    <p class='ocr_par' dir='ltr' id='par_1_82' title="bbox 2242 4547 3844 4618">
     <span class='ocr_line' id='line_1_82' title="bbox 2242 4547 3844 4618; baseline -0.001 -14"><span class='ocrx_word' id='word_1_649' title='bbox 2242 4549 2402 4605; x_wconf 64' lang='lat' dir='ltr'><strong>Visus</strong></span> <span class='ocrx_word' id='word_1_650' title='bbox 2433 4559 2511 4604; x_wconf 84' lang='lat' dir='ltr'><strong>est</strong></span> <span class='ocrx_word' id='word_1_651' title='bbox 2534 4556 2714 4603; x_wconf 86' lang='lat' dir='ltr'><strong>autem</strong></span> <span class='ocrx_word' id='word_1_652' title='bbox 2737 4547 2905 4602; x_wconf 86' lang='lat' dir='ltr'><strong>Filius</strong></span> <span class='ocrx_word' id='word_1_653' title='bbox 2930 4549 2981 4601; x_wconf 92' lang='lat' dir='ltr'><strong>in</strong></span> <span class='ocrx_word' id='word_1_654' title='bbox 3011 4548 3291 4618; x_wconf 72' lang='lat' dir='ltr'><strong>regnantis</strong></span> <span class='ocrx_word' id='word_1_655' title='bbox 3315 4548 3524 4615; x_wconf 87' lang='lat' dir='ltr'><strong>habitu,</strong></span> <span class='ocrx_word' id='word_1_656' title='bbox 3551 4557 3606 4602; x_wconf 72' lang='lat' dir='ltr'><strong>et</strong></span> <span class='ocrx_word' id='word_1_657' title='bbox 3637 4550 3844 4604; x_wconf 78' lang='lat' dir='ltr'><strong>locutus</strong></span> 
     </span>
    </p>
   </div>
   <div class='ocr_carea' id='block_1_83' title="bbox 2244 4642 3842 4711">
    <p class='ocr_par' dir='ltr' id='par_1_83' title="bbox 2244 4642 3842 4711">
     <span class='ocr_line' id='line_1_83' title="bbox 2244 4642 3842 4711; baseline 0 -15"><span class='ocrx_word' id='word_1_658' title='bbox 2244 4651 2327 4696; x_wconf 90' lang='lat' dir='ltr'><strong>est</strong></span> <span class='ocrx_word' id='word_1_659' title='bbox 2360 4642 2594 4711; x_wconf 87' lang='lat' dir='ltr'><strong>Spiritus</strong></span> <span class='ocrx_word' id='word_1_660' title='bbox 2623 4651 2844 4694; x_wconf 85' lang='lat' dir='ltr'><strong>sanctus</strong></span> <span class='ocrx_word' id='word_1_661' title='bbox 2890 4651 3112 4710; x_wconf 86' lang='lat' dir='ltr'><strong>prepter</strong></span> <span class='ocrx_word' id='word_1_662' title='bbox 3143 4643 3481 4696; x_wconf 84' lang='lat' dir='ltr'><strong>consortium</strong></span> <span class='ocrx_word' id='word_1_663' title='bbox 3522 4642 3842 4711; x_wconf 85' lang='lat' dir='ltr'><strong>majestatis,</strong></span> 
     </span>
    </p>
   </div>
   <div class='ocr_carea' id='block_1_84' title="bbox 2247 4729 3846 4805">
    <p class='ocr_par' dir='ltr' id='par_1_84' title="bbox 2247 4729 3846 4805">
     <span class='ocr_line' id='line_1_84' title="bbox 2247 4729 3846 4805; baseline 0 -16"><span class='ocrx_word' id='word_1_664' title='bbox 2247 4736 2618 4804; x_wconf 84' lang='lat' dir='ltr'><strong>unitatemque</strong></span> <span class='ocrx_word' id='word_1_665' title='bbox 2647 4734 2982 4790; x_wconf 68' lang='lat' dir='ltr'><strong>substantiae.</strong></span> <span class='ocrx_word' id='word_1_666' title='bbox 3015 4735 3228 4802; x_wconf 76' lang='lat' dir='ltr'><strong>Quanat</strong></span> <span class='ocrx_word' id='word_1_667' title='bbox 3281 4735 3477 4805; x_wconf 87' lang='lat' dir='ltr'><strong>aliquis</strong></span> <span class='ocrx_word' id='word_1_668' title='bbox 3503 4776 3517 4798; x_wconf 89' lang='lat'><strong>,</strong></span> <span class='ocrx_word' id='word_1_669' title='bbox 3571 4729 3846 4804; x_wconf 83' lang='lat' dir='ltr'><strong>quomodo</strong></span> 
     </span>
    </p>
   </div>
   <div class='ocr_carea' id='block_1_85' title="bbox 2244 4828 3851 4900">
    <p class='ocr_par' dir='ltr' id='par_1_85' title="bbox 2244 4828 3851 4900">
     <span class='ocr_line' id='line_1_85' title="bbox 2244 4828 3851 4900; baseline -0.002 -15"><span class='ocrx_word' id='word_1_670' title='bbox 2244 4847 2386 4885; x_wconf 90' lang='lat' dir='ltr'><strong>nunc</strong></span> <span class='ocrx_word' id='word_1_671' title='bbox 2418 4829 2688 4900; x_wconf 85' lang='lat' dir='ltr'><strong>Propheta</strong></span> <span class='ocrx_word' id='word_1_672' title='bbox 2723 4830 3005 4884; x_wconf 89' lang='lat' dir='ltr'><strong>Dominum</strong></span> <span class='ocrx_word' id='word_1_673' title='bbox 3034 4829 3233 4884; x_wconf 86' lang='lat' dir='ltr'><strong>vidisse</strong></span> <span class='ocrx_word' id='word_1_674' title='bbox 3263 4844 3322 4884; x_wconf 87' lang='lat' dir='ltr'><strong>se</strong></span> <span class='ocrx_word' id='word_1_675' title='bbox 3351 4829 3514 4893; x_wconf 81' lang='lat' dir='ltr'><strong>ditat,</strong></span> <span class='ocrx_word' id='word_1_676' title='bbox 3547 4838 3727 4884; x_wconf 90' lang='lat' dir='ltr'><strong>etnon</strong></span> <span class='ocrx_word' id='word_1_677' title='bbox 3752 4828 3851 4882; x_wconf 54' lang='lat' dir='ltr'><strong>ab-</strong></span> 
     </span>
    </p>
   </div>
   <div class='ocr_carea' id='block_1_86' title="bbox 2244 4923 3850 4991">
    <p class='ocr_par' dir='ltr' id='par_1_86' title="bbox 2244 4923 3850 4991">
     <span class='ocr_line' id='line_1_86' title="bbox 2244 4923 3850 4991; baseline -0.001 -11"><span class='ocrx_word' id='word_1_678' title='bbox 2244 4925 2422 4980; x_wconf 89' lang='lat' dir='ltr'><strong>solute</strong></span> <span class='ocrx_word' id='word_1_679' title='bbox 2454 4924 2737 4980; x_wconf 88' lang='lat' dir='ltr'><strong>Dominum</strong></span> <span class='ocrx_word' id='word_1_680' title='bbox 2764 4967 2778 4991; x_wconf 92' lang='lat'><strong>,</strong></span> <span class='ocrx_word' id='word_1_681' title='bbox 2811 4923 2907 4979; x_wconf 86' lang='lat' dir='ltr'><strong>sed</strong></span> <span class='ocrx_word' id='word_1_682' title='bbox 2939 4923 3226 4980; x_wconf 87' lang='lat' dir='ltr'><strong>Dominum</strong></span> <span class='ocrx_word' id='word_1_683' title='bbox 3258 4924 3484 4978; x_wconf 79' lang='lat' dir='ltr'><strong>saliaoth</strong></span> <span class='ocrx_word' id='word_1_684' title='bbox 3504 4967 3517 4988; x_wconf 93' lang='lat'><strong>,</strong></span> <span class='ocrx_word' id='word_1_685' title='bbox 3545 4932 3602 4977; x_wconf 92' lang='lat' dir='ltr'><strong>ut</strong></span> <span class='ocrx_word' id='word_1_686' title='bbox 3632 4923 3686 4976; x_wconf 90' lang='lat' dir='ltr'><strong>in</strong></span> <span class='ocrx_word' id='word_1_687' title='bbox 3718 4939 3850 4980; x_wconf 90' lang='lat' dir='ltr'><strong>con-</strong></span> 
     </span>
    </p>
   </div>
   <div class='ocr_carea' id='block_1_87' title="bbox 539 4987 3848 5090">
    <p class='ocr_par' dir='ltr' id='par_1_87' title="bbox 539 4987 3848 5090">
     <span class='ocr_line' id='line_1_87' title="bbox 539 4987 3848 5090; baseline 0.003 -29"><span class='ocrx_word' id='word_1_688' title='bbox 539 5010 956 5071; x_wconf 72' lang='lat' dir='ltr'><strong>tinentissimum</strong></span> <span class='ocrx_word' id='word_1_689' title='bbox 995 5012 1318 5082; x_wconf 86' lang='lat' dir='ltr'><strong>Gregorium</strong></span> <span class='ocrx_word' id='word_1_690' title='bbox 1350 5012 1758 5071; x_wconf 79' lang='lat' dir='ltr'><strong>Nazianzenum</strong></span> <span class='ocrx_word' id='word_1_691' title='bbox 1785 5057 1798 5080; x_wconf 92' lang='lat'><strong>,</strong></span> <span class='ocrx_word' id='word_1_692' title='bbox 1835 5028 1963 5074; x_wconf 91' lang='lat' dir='ltr'><strong>tunc</strong></span> <span class='ocrx_word' id='word_1_693' title='bbox 1991 5019 2140 5090; x_wconf 87' lang='lat' dir='ltr'><strong>ejus-</strong></span> <span class='ocrx_word' id='word_1_694' title='bbox 2166 4987 2218 5046; x_wconf 80' lang='lat' dir='ltr'><strong>D</strong></span> <span class='ocrx_word' id='word_1_695' title='bbox 2247 5019 2598 5089; x_wconf 83' lang='lat' dir='ltr'><strong>sequentibus</strong></span> <span class='ocrx_word' id='word_1_696' title='bbox 2627 5019 2741 5088; x_wconf 89' lang='lat' dir='ltr'><strong>ipse</strong></span> <span class='ocrx_word' id='word_1_697' title='bbox 2786 5026 3052 5080; x_wconf 88' lang='lat' dir='ltr'><strong>testatur;</strong></span> <span class='ocrx_word' id='word_1_698' title='bbox 3086 5031 3208 5070; x_wconf 92' lang='lat' dir='ltr'><strong>cum</strong></span> <span class='ocrx_word' id='word_1_699' title='bbox 3238 5018 3570 5086; x_wconf 86' lang='lat' dir='ltr'><strong>evangelista</strong></span> <span class='ocrx_word' id='word_1_700' title='bbox 3611 5015 3848 5071; x_wconf 81' lang='lat' dir='ltr'><strong>Joannes</strong></span> 
     </span>
    </p>
   </div>
   <div class='ocr_carea' id='block_1_88' title="bbox 539 5101 2143 5179">
    <p class='ocr_par' dir='ltr' id='par_1_88' title="bbox 539 5101 2143 5179">
     <span class='ocr_line' id='line_1_88' title="bbox 539 5101 2143 5179; baseline 0.008 -23"><span class='ocrx_word' id='word_1_701' title='bbox 539 5101 662 5157; x_wconf 91' lang='lat' dir='ltr'><strong>dem</strong></span> <span class='ocrx_word' id='word_1_702' title='bbox 695 5104 844 5157; x_wconf 89' lang='lat' dir='ltr'><strong>nrhis</strong></span> <span class='ocrx_word' id='word_1_703' title='bbox 869 5104 1205 5173; x_wconf 86' lang='lat' dir='ltr'><strong>episcopum,</strong></span> <span class='ocrx_word' id='word_1_704' title='bbox 1239 5118 1549 5162; x_wconf 89' lang='lat' dir='ltr'><strong>sanctarum</strong></span> <span class='ocrx_word' id='word_1_705' title='bbox 1580 5109 1996 5179; x_wconf 86' lang='lat' dir='ltr'><strong>Scripturarnm</strong></span> <span class='ocrx_word' id='word_1_706' title='bbox 2029 5125 2143 5169; x_wconf 89' lang='lat' dir='ltr'><strong>stu-</strong></span> 
     </span>
    </p>
   </div>
   <div class='ocr_carea' id='block_1_89' title="bbox 539 5192 2144 5276">
    <p class='ocr_par' dir='ltr' id='par_1_89' title="bbox 539 5192 2144 5276">
     <span class='ocr_line' id='line_1_89' title="bbox 539 5192 2144 5276; baseline 0.011 -30"><span class='ocrx_word' id='word_1_707' title='bbox 539 5192 642 5248; x_wconf 86' lang='lat' dir='ltr'><strong>diis</strong></span> <span class='ocrx_word' id='word_1_708' title='bbox 669 5193 938 5262; x_wconf 86' lang='lat' dir='ltr'><strong>erudirer,</strong></span> <span class='ocrx_word' id='word_1_709' title='bbox 985 5195 1099 5250; x_wconf 90' lang='lat' dir='ltr'><strong>scio</strong></span> <span class='ocrx_word' id='word_1_710' title='bbox 1142 5211 1228 5250; x_wconf 90' lang='lat' dir='ltr'><strong>me</strong></span> <span class='ocrx_word' id='word_1_711' title='bbox 1262 5197 1479 5252; x_wconf 80' lang='lat' dir='ltr'><strong>brevem</strong></span> <span class='ocrx_word' id='word_1_712' title='bbox 1513 5199 1750 5259; x_wconf 75' lang='lat' dir='ltr'><strong>dictasse</strong></span> <span class='ocrx_word' id='word_1_713' title='bbox 1792 5203 2144 5276; x_wconf 87' lang='lat' dir='ltr'><strong>subitumque</strong></span> 
     </span>
    </p>
   </div>
   <div class='ocr_carea' id='block_1_90' title="bbox 543 5291 2142 5369">
    <p class='ocr_par' dir='ltr' id='par_1_90' title="bbox 543 5291 2142 5369">
     <span class='ocr_line' id='line_1_90' title="bbox 543 5291 2142 5369; baseline 0.009 -29"><span class='ocrx_word' id='word_1_714' title='bbox 543 5297 852 5354; x_wconf 78' lang='lat' dir='ltr'><strong>Irac1atuin,</strong></span> <span class='ocrx_word' id='word_1_715' title='bbox 866 5299 923 5343; x_wconf 90' lang='lat' dir='ltr'><strong>ut</strong></span> <span class='ocrx_word' id='word_1_716' title='bbox 940 5299 994 5345; x_wconf 90' lang='lat' dir='ltr'><strong>et</strong></span> <span class='ocrx_word' id='word_1_717' title='bbox 1015 5291 1451 5360; x_wconf 83' lang='lat' dir='ltr'><strong>experimentum</strong></span> <span class='ocrx_word' id='word_1_718' title='bbox 1467 5307 1720 5364; x_wconf 87' lang='lat' dir='ltr'><strong>caperem</strong></span> <span class='ocrx_word' id='word_1_719' title='bbox 1739 5297 1996 5368; x_wconf 85' lang='lat' dir='ltr'><strong>ingenioli</strong></span> <span class='ocrx_word' id='word_1_720' title='bbox 2011 5301 2142 5369; x_wconf 90' lang='lat' dir='ltr'><strong>mei,</strong></span> 
     </span>
    </p>
   </div>
   <div class='ocr_carea' id='block_1_91' title="bbox 618 5496 2141 5568">
    <p class='ocr_par' dir='ltr' id='par_1_91' title="bbox 618 5496 2141 5568">
     <span class='ocr_line' id='line_1_91' title="bbox 618 5496 2141 5568; baseline 0.005 -18"><span class='ocrx_word' id='word_1_721' title='bbox 618 5504 642 5568; x_wconf 53' lang='lat' dir='ltr'><strong>tt</strong></span> <span class='ocrx_word' id='word_1_722' title='bbox 673 5496 730 5550; x_wconf 87' lang='lat' dir='ltr'><strong>Si</strong></span> <span class='ocrx_word' id='word_1_723' title='bbox 769 5512 900 5552; x_wconf 82' lang='lat' dir='ltr'><strong>mss.</strong></span> <span class='ocrx_word' id='word_1_724' title='bbox 929 5496 1052 5551; x_wconf 91' lang='lat' dir='ltr'><strong>libri</strong></span> <span class='ocrx_word' id='word_1_725' title='bbox 1076 5496 1525 5568; x_wconf 81' lang='lat' dir='ltr'><strong>suﬂ‘ragarentur,</strong></span> <span class='ocrx_word' id='word_1_726' title='bbox 1549 5497 1839 5556; x_wconf 89' lang='lat' dir='ltr'><strong>mallemus</strong></span> <span class='ocrx_word' id='word_1_727' title='bbox 1861 5515 1983 5556; x_wconf 91' lang='lat' dir='ltr'><strong>cum</strong></span> <span class='ocrx_word' id='word_1_728' title='bbox 2015 5503 2141 5558; x_wconf 87' lang='lat' dir='ltr'><strong>Vic-</strong></span> 
     </span>
    </p>
   </div>
   <div class='ocr_carea' id='block_1_92' title="bbox 548 5567 2141 5650">
    <p class='ocr_par' dir='ltr' id='par_1_92' title="bbox 548 5567 2141 5650">
     <span class='ocr_line' id='line_1_92' title="bbox 548 5567 2141 5650; baseline 0.004 -32"><span class='ocrx_word' id='word_1_729' title='bbox 548 5567 684 5650; x_wconf 75' lang='lat' dir='ltr'><strong>torio</strong></span> <span class='ocrx_word' id='word_1_730' title='bbox 714 5568 913 5650; x_wconf 72' lang='lat' dir='ltr'><strong>legere,</strong></span> <span class='ocrx_word' id='word_1_731' title='bbox 935 5567 1492 5650; x_wconf 77' lang='lat' dir='ltr'><strong>_pr-.rpositanegandi</strong></span> <span class='ocrx_word' id='word_1_732' title='bbox 1527 5570 1816 5641; x_wconf 86' lang='lat' dir='ltr'><strong>particula,</strong></span> <span class='ocrx_word' id='word_1_733' title='bbox 1849 5572 1971 5626; x_wconf 84' lang='lat' dir='ltr'><strong>Non</strong></span> <span class='ocrx_word' id='word_1_734' title='bbox 2001 5573 2141 5646; x_wconf 69' lang='grc' dir='ltr'><strong>διεπι-</strong></span> 
     </span>
    </p>
   </div>
   <div class='ocr_carea' id='block_1_93' title="bbox 546 5640 1259 5696">
    <p class='ocr_par' dir='ltr' id='par_1_93' title="bbox 546 5640 1259 5696">
     <span class='ocr_line' id='line_1_93' title="bbox 546 5640 1259 5696; baseline 0.006 -7"><span class='ocrx_word' id='word_1_735' title='bbox 546 5640 615 5689; x_wconf 85' lang='lat' dir='ltr'><strong>eit</strong></span> <span class='ocrx_word' id='word_1_736' title='bbox 638 5677 653 5696; x_wconf 86' lang='lat'><strong>.</strong></span> <span class='ocrx_word' id='word_1_737' title='bbox 696 5640 1048 5693; x_wconf 83' lang='lat' dir='ltr'><strong>concinniore</strong></span> <span class='ocrx_word' id='word_1_738' title='bbox 1077 5655 1259 5694; x_wconf 85' lang='lat' dir='ltr'><strong>sensu.</strong></span> 
     </span>
    </p>
   </div>
   <div class='ocr_carea' id='block_1_94' title="bbox 622 5706 2134 5783">
    <p class='ocr_par' dir='ltr' id='par_1_94' title="bbox 622 5706 2134 5783">
     <span class='ocr_line' id='line_1_94' title="bbox 622 5706 2134 5783; baseline 0.01 -26"><span class='ocrx_word' id='word_1_739' title='bbox 622 5706 792 5783; x_wconf 57' lang='lat' dir='ltr'><strong>lfgum</strong></span> <span class='ocrx_word' id='word_1_740' title='bbox 813 5727 972 5783; x_wconf 66' lang='lat' dir='ltr'><strong>essent</strong></span> <span class='ocrx_word' id='word_1_741' title='bbox 995 5709 1462 5783; x_wconf 85' lang='lat' dir='ltr'><strong>Constantinopoli,</strong></span> <span class='ocrx_word' id='word_1_742' title='bbox 1478 5721 1581 5768; x_wconf 90' lang='lat' dir='ltr'><strong>etc.</strong></span> <span class='ocrx_word' id='word_1_743' title='bbox 1597 5715 1755 5769; x_wconf 84' lang='lat' dir='ltr'><strong>Anno</strong></span> <span class='ocrx_word' id='word_1_744' title='bbox 1782 5713 1982 5769; x_wconf 87' lang='lat' dir='ltr'><strong>Christi</strong></span> <span class='ocrx_word' id='word_1_745' title='bbox 2006 5715 2134 5783; x_wconf 83' lang='lat'><strong>580,</strong></span> 
     </span>
    </p>
   </div>
   <div class='ocr_carea' id='block_1_95' title="bbox 565 5777 2138 5874">
    <p class='ocr_par' dir='ltr' id='par_1_95' title="bbox 565 5777 2138 5869">
     <span class='ocr_line' id='line_1_95' title="bbox 565 5777 2138 5869; baseline 0.01 -35"><span class='ocrx_word' id='word_1_746' title='bbox 565 5777 647 5860; x_wconf 69' lang='lat' dir='ltr'><strong>vel</strong></span> <span class='ocrx_word' id='word_1_747' title='bbox 675 5778 772 5868; x_wconf 65' lang='grc'><strong>581</strong></span> <span class='ocrx_word' id='word_1_748' title='bbox 801 5822 816 5851; x_wconf 84' lang='grc'>,</span> <span class='ocrx_word' id='word_1_749' title='bbox 861 5781 1220 5869; x_wconf 80' lang='lat' dir='ltr'><strong>Hieronymus</strong></span> <span class='ocrx_word' id='word_1_750' title='bbox 1249 5777 1483 5838; x_wconf 88' lang='lat' dir='ltr'><strong>subitum</strong></span> <span class='ocrx_word' id='word_1_751' title='bbox 1516 5793 1804 5845; x_wconf 86' lang='lat' dir='ltr'><strong>tractatum</strong></span> <span class='ocrx_word' id='word_1_752' title='bbox 1834 5787 2055 5845; x_wconf 84' lang='lat' dir='ltr'><strong>dictavit</strong></span> <span class='ocrx_word' id='word_1_753' title='bbox 2082 5777 2138 5849; x_wconf 71' lang='lat' dir='ltr'><strong>et</strong></span> 
     </span>
    </p>
   </div>
   <div class='ocr_carea' id='block_1_96' title="bbox 2247 5106 3850 5178">
    <p class='ocr_par' dir='ltr' id='par_1_96' title="bbox 2247 5106 3850 5178">
     <span class='ocr_line' id='line_1_96' title="bbox 2247 5106 3850 5178; baseline -0.004 -12"><span class='ocrx_word' id='word_1_754' title='bbox 2247 5113 2446 5167; x_wconf 83' lang='lat' dir='ltr'><strong>dixerit</strong></span> <span class='ocrx_word' id='word_1_755' title='bbox 2478 5129 2490 5165; x_wconf 90' lang='lat'>:</span> <span class='ocrx_word' id='word_1_756' title='bbox 2525 5109 2690 5165; x_wconf 85' lang='lat' dir='ltr'><strong>Deum</strong></span> <span class='ocrx_word' id='word_1_757' title='bbox 2714 5124 2864 5162; x_wconf 82' lang='lat' dir='ltr'><strong>nemo</strong></span> <span class='ocrx_word' id='word_1_758' title='bbox 2903 5108 3033 5162; x_wconf 78' lang='lat' dir='ltr'><strong>uidit</strong></span> <span class='ocrx_word' id='word_1_759' title='bbox 3057 5124 3285 5178; x_wconf 84' lang='lat' dir='ltr'><strong>unquam</strong></span> <span class='ocrx_word' id='word_1_760' title='bbox 3327 5106 3508 5175; x_wconf 83' lang='lat' dir='ltr'><strong>(Joan.</strong></span> <span class='ocrx_word' id='word_1_761' title='bbox 3543 5123 3590 5171; x_wconf 86' lang='grc' dir='ltr'><strong>ι,</strong></span> <span class='ocrx_word' id='word_1_762' title='bbox 3634 5107 3753 5177; x_wconf 69' lang='lat'><strong>20).</strong></span> <span class='ocrx_word' id='word_1_763' title='bbox 3785 5106 3850 5161; x_wconf 84' lang='lat' dir='ltr'><strong>Et</strong></span> 
     </span>
    </p>
   </div>
   <div class='ocr_carea' id='block_1_97' title="bbox 2246 5197 3850 5272">
    <p class='ocr_par' dir='ltr' id='par_1_97' title="bbox 2246 5197 3850 5272">
     <span class='ocr_line' id='line_1_97' title="bbox 2246 5197 3850 5272; baseline -0.006 -10"><span class='ocrx_word' id='word_1_764' title='bbox 2246 5207 2310 5261; x_wconf 88' lang='lat' dir='ltr'><strong>ad</strong></span> <span class='ocrx_word' id='word_1_765' title='bbox 2342 5207 2525 5261; x_wconf 84' lang='lat' dir='ltr'><strong>Mosen</strong></span> <span class='ocrx_word' id='word_1_766' title='bbox 2556 5204 2807 5272; x_wconf 86' lang='lat' dir='ltr'><strong>loquatur</strong></span> <span class='ocrx_word' id='word_1_767' title='bbox 2841 5202 2979 5254; x_wconf 82' lang='lat' dir='ltr'><strong>Deus</strong></span> <span class='ocrx_word' id='word_1_768' title='bbox 3009 5217 3022 5252; x_wconf 89' lang='lat'><strong>:</strong></span> <span class='ocrx_word' id='word_1_769' title='bbox 3050 5197 3172 5253; x_wconf 80' lang='lat' dir='ltr'><strong>Non</strong></span> <span class='ocrx_word' id='word_1_770' title='bbox 3221 5201 3413 5268; x_wconf 87' lang='lat' dir='ltr'><strong>poteris</strong></span> <span class='ocrx_word' id='word_1_771' title='bbox 3453 5199 3639 5269; x_wconf 67' lang='lat' dir='ltr'><strong>faciem</strong></span> <span class='ocrx_word' id='word_1_772' title='bbox 3682 5213 3850 5252; x_wconf 85' lang='lat' dir='ltr'><strong>meam</strong></span> 
     </span>
    </p>
   </div>
   <div class='ocr_carea' id='block_1_98' title="bbox 2249 5291 3851 5368">
    <p class='ocr_par' dir='ltr' id='par_1_98' title="bbox 2249 5291 3851 5368">
     <span class='ocr_line' id='line_1_98' title="bbox 2249 5291 3851 5368; baseline -0.005 -14"><span class='ocrx_word' id='word_1_773' title='bbox 2249 5299 2421 5354; x_wconf 75' lang='lat' dir='ltr'><strong>videre</strong></span> <span class='ocrx_word' id='word_1_774' title='bbox 2447 5315 2463 5353; x_wconf 93' lang='lat'><strong><em>:</em></strong></span> <span class='ocrx_word' id='word_1_775' title='bbox 2486 5312 2645 5368; x_wconf 84' lang='lat' dir='ltr'><strong>neque</strong></span> <span class='ocrx_word' id='word_1_776' title='bbox 2667 5295 2804 5348; x_wconf 88' lang='lat' dir='ltr'><strong>enim</strong></span> <span class='ocrx_word' id='word_1_777' title='bbox 2835 5292 3027 5349; x_wconf 77' lang='lat' dir='ltr'><strong>ridebit</strong></span> <span class='ocrx_word' id='word_1_778' title='bbox 3049 5291 3204 5347; x_wconf 87' lang='lat' dir='ltr'><strong>homo</strong></span> <span class='ocrx_word' id='word_1_779' title='bbox 3229 5295 3415 5366; x_wconf 78' lang='lat' dir='ltr'><strong>[aciem</strong></span> <span class='ocrx_word' id='word_1_780' title='bbox 3442 5309 3642 5359; x_wconf 86' lang='lat' dir='ltr'><strong>meam,</strong></span> <span class='ocrx_word' id='word_1_781' title='bbox 3688 5303 3740 5348; x_wconf 86' lang='lat' dir='ltr'><strong>et</strong></span> <span class='ocrx_word' id='word_1_782' title='bbox 3778 5293 3851 5346; x_wconf 85' lang='lat' dir='ltr'><strong>ri-</strong></span> 
     </span>
    </p>
   </div>
   <div class='ocr_carea' id='block_1_99' title="bbox 2249 5498 3855 5572">
    <p class='ocr_par' dir='ltr' id='par_1_99' title="bbox 2249 5498 3855 5572">
     <span class='ocr_line' id='line_1_99' title="bbox 2249 5498 3855 5572; baseline -0.002 -15"><span class='ocrx_word' id='word_1_783' title='bbox 2249 5503 2481 5557; x_wconf 78' lang='lat' dir='ltr'><strong>Damaso</strong></span> <span class='ocrx_word' id='word_1_784' title='bbox 2514 5516 2667 5572; x_wconf 66' lang='lat' dir='ltr'><strong>papae</strong></span> <span class='ocrx_word' id='word_1_785' title='bbox 2695 5498 3214 5572; x_wconf 74' lang='lat' dir='ltr'><strong>jubentidedieavit</strong></span> <span class='ocrx_word' id='word_1_786' title='bbox 3241 5499 3356 5570; x_wconf 91' lang='lat' dir='ltr'><strong>(qui</strong></span> <span class='ocrx_word' id='word_1_787' title='bbox 3402 5499 3546 5572; x_wconf 76' lang='lat' dir='ltr'><strong>inter</strong></span> <span class='ocrx_word' id='word_1_788' title='bbox 3584 5498 3855 5572; x_wconf 77' lang='lat' dir='ltr'><strong>epistolas</strong></span> 
     </span>
    </p>
   </div>
   <div class='ocr_carea' id='block_1_100' title="bbox 2248 5568 3855 5642">
    <p class='ocr_par' dir='ltr' id='par_1_100' title="bbox 2248 5568 3855 5642">
     <span class='ocr_line' id='line_1_100' title="bbox 2248 5568 3855 5642; baseline -0.002 -15"><span class='ocrx_word' id='word_1_789' title='bbox 2248 5573 2391 5628; x_wconf 89' lang='lat' dir='ltr'><strong>hunc</strong></span> <span class='ocrx_word' id='word_1_790' title='bbox 2442 5568 2615 5629; x_wconf 80' lang='lat' dir='ltr'><strong>locum</strong></span> <span class='ocrx_word' id='word_1_791' title='bbox 2671 5580 2818 5626; x_wconf 91' lang='lat' dir='ltr'><strong>tenet</strong></span> <span class='ocrx_word' id='word_1_792' title='bbox 2866 5569 2979 5642; x_wconf 77' lang='grc'><strong>18).</strong></span> <span class='ocrx_word' id='word_1_793' title='bbox 3019 5568 3558 5626; x_wconf 56' lang='lat' dir='ltr'><strong>Maurum—Circa</strong></span> <span class='ocrx_word' id='word_1_794' title='bbox 3609 5568 3855 5642; x_wconf 82' lang='lat' dir='ltr'><strong>medium</strong></span> 
     </span>
    </p>
   </div>
   <div class='ocr_carea' id='block_1_101' title="bbox 2247 5641 3856 5714">
    <p class='ocr_par' dir='ltr' id='par_1_101' title="bbox 2247 5641 3856 5714">
     <span class='ocr_line' id='line_1_101' title="bbox 2247 5641 3856 5714; baseline -0.002 -16"><span class='ocrx_word' id='word_1_795' title='bbox 2247 5647 2374 5700; x_wconf 87' lang='lat' dir='ltr'><strong>anni</strong></span> <span class='ocrx_word' id='word_1_796' title='bbox 2398 5645 2524 5711; x_wconf 76' lang='grc'><strong>581,</strong></span> <span class='ocrx_word' id='word_1_797' title='bbox 2549 5644 2689 5714; x_wconf 86' lang='lat' dir='ltr'><strong>quod</strong></span> <span class='ocrx_word' id='word_1_798' title='bbox 2726 5642 2882 5696; x_wconf 86' lang='lat' dir='ltr'><strong>nobis</strong></span> <span class='ocrx_word' id='word_1_799' title='bbox 2922 5641 3208 5714; x_wconf 78' lang='lat' dir='ltr'><strong>probatum</strong></span> <span class='ocrx_word' id='word_1_800' title='bbox 3252 5650 3356 5704; x_wconf 82' lang='lat' dir='ltr'><strong>est,</strong></span> <span class='ocrx_word' id='word_1_801' title='bbox 3394 5642 3480 5714; x_wconf 86' lang='lat' dir='ltr'><strong>ubi</strong></span> <span class='ocrx_word' id='word_1_802' title='bbox 3530 5655 3655 5693; x_wconf 81' lang='lat' dir='ltr'><strong>eum</strong></span> <span class='ocrx_word' id='word_1_803' title='bbox 3710 5641 3856 5698; x_wconf 83' lang='lat' dir='ltr'><strong>Tra-</strong></span> 
     </span>
    </p>
   </div>
   <div class='ocr_carea' id='block_1_102' title="bbox 2248 5710 3716 5783">
    <p class='ocr_par' dir='ltr' id='par_1_102' title="bbox 2248 5710 3716 5783">
     <span class='ocr_line' id='line_1_102' title="bbox 2248 5710 3716 5783; baseline -0.002 -14"><span class='ocrx_word' id='word_1_804' title='bbox 2248 5725 2450 5783; x_wconf 81' lang='lat' dir='ltr'><strong>ctatum</strong></span> <span class='ocrx_word' id='word_1_805' title='bbox 2487 5710 2810 5780; x_wconf 80' lang='lat' dir='ltr'><strong>excudimus</strong></span> <span class='ocrx_word' id='word_1_806' title='bbox 2861 5725 2989 5769; x_wconf 86' lang='lat' dir='ltr'><strong>tom.</strong></span> <span class='ocrx_word' id='word_1_807' title='bbox 3028 5710 3044 5769; x_wconf 90' lang='grc' dir='ltr'><strong>Ι</strong></span> <span class='ocrx_word' id='word_1_808' title='bbox 3080 5714 3221 5768; x_wconf 90' lang='lat' dir='ltr'><strong>inter</strong></span> <span class='ocrx_word' id='word_1_809' title='bbox 3268 5712 3528 5781; x_wconf 81' lang='lat' dir='ltr'><strong>epistolas</strong></span> <span class='ocrx_word' id='word_1_810' title='bbox 3559 5725 3716 5766; x_wconf 82' lang='lat' dir='ltr'><strong>xvnt.</strong></span> 
     </span>
    </p>
   </div>
  </div>
