4008 6356
239 376 314 433 95
825 370 1473 431 COMMENTARIORUM
1512 370 1581 437 IN
1621 370 1865 431 ISAIAM
1905 369 2327 433 PROPHETAM
2368 370 2501 430 LIB.
2541 369 2630 425 Ill.
2672 365 2835 425 CAP.
2873 367 2956 423 VI.
3473 366 3543 424 Μ

243 506 321 551 vet
366 494 571 569 (Exod.
626 508 845 559 xum.-
873 490 987 563 20).
1039 489 1123 550 Ad
1174 489 1318 562 Quod
1348 486 1841 580 respondebimus,

1962 508 2080 565 llibi
2110 509 2340 580 legimus
2372 526 2387 562 :
2422 507 2527 572 Qui
2557 508 2683 576 facit
2712 506 2923 578 angelos
2952 521 3072 560 suos
3102 506 3335 576 spiritus,
3368 516 3414 561 et
3447 505 3550 560 mi-

249 597 278 627 ιι
304 603 417 645 non
447 586 625 647 solum
652 584 829 653 Patris
857 582 1197 639 divinitatem
1219 623 1235 648 ,
1263 579 1359 637 sed
1382 596 1455 643 ne
1476 578 1598 645 Filii
1627 579 1849 651 quidem

249 690 307 741 et
336 679 569 754 Spiritus
603 676 808 745 sancti,
839 676 964 747 quia
999 689 1103 735 una
1132 675 1187 731 in
1213 673 1480 732 Trinitate
1506 680 1698 733 natura
1728 682 1844 739 est,

247 788 409 848 posse
432 771 621 833 oculos
650 771 832 827 carnis
849 767 1133 839 aspicere;
1162 766 1257 824 sed
1289 766 1479 823 oculos
1530 766 1752 832 mentis,
1777 762 1848 821 de

245 865 590 951 quibus_i_pse
617 861 872 920 Salvator
907 859 985 919 ait
1020 878 1035 916 :
1066 856 1217 915 Beati
1256 857 1449 916 mundo
1490 856 1672 923 corde,
1718 870 1846 927 quo-

244 960 387 1015 niam
411 945 512 1032 ipsi
529 956 698 1015 Deum
714 956 953 1015 uidebunt
976 951 1195 1021 (Matth.
1227 967 1283 1020 v,
1314 950 1393 1024 8).
1418 948 1675 1023 Legimus
1701 945 1847 1020 quod

244 1049 523 1109 Abraham
544 1050 695 1107 visus
716 1049 793 1103 sit
810 1046 1076 1103 Dominus
1097 1045 1150 1102 in
1174 1043 1408 1101 hominis
1429 1042 1630 1114 ﬁgura:
1649 1049 1847 1096 etcum

244 1143 417 1203 Jacoh
443 1143 600 1216 quasi
632 1142 797 1201 homo
823 1142 1061 1198 luctatus
1092 1140 1201 1205 sit,
1232 1137 1327 1211 qui
1357 1138 1502 1194 Deus
1529 1145 1664 1194 erat.
1691 1133 1848 1193 Unde

245 1247 303 1293 et
330 1236 634 1307 appellatus
660 1246 744 1292 est
775 1234 929 1295 locus
954 1235 1073 1307 ipse
1103 1230 1365 1296 Phanuel,
1397 1230 1502 1285 hoc
1529 1238 1643 1295 est,
1686 1229 1849 1298 [acies

246 1330 347 1390 Dei
367 1346 387 1386 .'
412 1330 536 1386 Vidi
554 1331 714 1398 enim,
734 1329 834 1396 ait,
856 1327 1145 1383 Dominum
1173 1325 1309 1397 facie
1329 1323 1396 1378 ad
1415 1323 1621 1394 faciem,
1640 1330 1689 1378 et
1703 1321 1848 1376 salua

240 1430 385 1496 facta
407 1435 484 1482 est
508 1424 685 1479 anima
709 1439 823 1479 mea
845 1419 998 1493 (Gen.
1024 1416 1219 1489 χχχιι).
1248 1414 1493 1472 Ezechiel
1519 1427 1738 1485 quoque
1764 1410 1848 1467 vi-

245 1517 328 1575 dit
352 1517 643 1575 Dominum
674 1516 727 1575 iu
757 1513 931 1569 forma
950 1510 1195 1567 hominis
1222 1508 1505 1565 sedentem
1533 1501 1850 1577 superClte-

246 1613 455 1680 rubim,
486 1627 519 1672 a
547 1610 747 1669 lumbis
777 1608 897 1679 ejus
916 1615 972 1665 et
1001 1606 1255 1661 deorsum
1281 1610 1400 1663 erat
1424 1600 1580 1673 quasi
1604 1600 1764 1672 ignis,
1797 1605 1855 1655 et

247 1704 534 1776 superiora
570 1701 842 1759 habebant
880 1697 1121 1771 speciem
1152 1695 1339 1753 electri
1370 1692 1587 1766 (Each.
1618 1696 1682 1763 ι).
1706 1692 1852 1764 Ergo

250 1795 351 1853 Dei
381 1805 572 1855 natura
602 1808 711 1850 non
745 1791 1012 1859 cernitur,
1040 1788 1137 1847 sed
1166 1788 1386 1847 videtur
1415 1785 1756 1853 hominibus,
1792 1792 1851 1841 ut

245 1887 505 1947 voluerit.

318 1982 506 2054 (Vere.
521 1980 605 2055 Ξ.)
622 1979 903 2052 Seraphin:
922 1977 1127 2035 stabant
1144 1992 1299 2049 super
1320 1974 1475 2040 illud,
1495 1991 1586 2031 sea:
1611 1973 1711 2031 alte
1732 1974 1843 2041 uni,

245 2087 296 2132 et
318 2093 409 2135 sca“.
428 2077 529 2135 alte
557 2074 709 2130 alteri
737 2091 757 2130 :
785 2073 986 2135 duobus
1010 2071 1246 2129 uelabant
1277 2070 1386 2143 91
1418 2070 1605 2141 {aciem
1633 2069 1771 2139 ejus,
1800 2074 1850 2122 et

142 2216 147 2219 ν
245 2171 448 2229 duabus
470 2170 704 2227 uelabant
732 2168 886 2241 pedes
911 2167 1047 2238 ejus,
1065 2174 1112 2223 st
1133 2163 1338 2220 duabus
1366 2162 1627 2219 volabant.
1647 2158 1717 2216 Et
1740 2158 1841 2215 cla-

246 2266 458 2322 mabant
488 2263 622 2320 alter
648 2263 718 2319 ad
745 2264 990 2329 alterum,
1012 2270 1063 2317 et
1079 2258 1319 2321 dicebant
1351 2273 1370 2314 .'
1400 2257 1651 2324 Sanctus,
1682 2254 1852 2312 Sauc-

248 2370 363 2428 tus,
394 2358 617 2416 Sanctus
670 2355 928 2413 Dominus
974 2355 1327 2420 exercituum;
1367 2353 1524 2425 plena
1561 2360 1635 2409 est
1682 2351 1851 2406 omnis

248 2464 387 2509 terra
408 2453 576 2525 gloria
600 2453 732 2524 ejus.
768 2450 881 2508 Hoc
906 2449 1049 2522 quod
1098 2463 1222 2515 nos,
1254 2454 1549 2518 sequentes
1589 2445 1727 2502 alios
1766 2444 1853 2504 ln-

250 2555 521 2619 terpretes
547 2556 600 2604 et
629 2545 952 2619 Hebraicam
1001 2542 1325 2607 veritatem,
1359 2540 1413 2597 in
1452 2554 1556 2610 qua
1587 2538 1851 2609 scriptum

248 2650 336 2697 est
361 2657 654 2698 usuusuo
701 2615 931 2700 ulvam:
952 2680 966 2704 ,
1015 2635 1068 2692 id
1099 2644 1217 2702 est,
1248 2634 1416 2691 ἐπάνω
1444 2633 1609 2690 αὐτοῦ
1636 2674 1650 2699 ,
1704 2628 1852 2702 quod

252 2736 449 2792 Latine
474 2734 689 2802 dicitur,
723 2748 876 2806 super
896 2729 1030 2789 illud
1057 2771 1072 2798 ,
1101 2729 1365 2791 vertimus
1393 2746 1408 2784 :
1438 2725 1582 2782 LXX
1613 2733 1848 2782 transtu-

249 2827 507 2882 leruntiu
537 2824 757 2881 circuitu
780 2825 915 2895 ejus.
962 2832 1020 2883 ut
1063 2836 1171 2879 non
1199 2833 1365 2890 super
1393 2816 1680 2886 Templum
1707 2825 1854 2873 stare

253 2918 559 2989 Seraphim,
588 2918 682 2977 sed
711 2918 766 2974 in
787 2916 1019 2979 circuitu
1051 2914 1263 2973 Domini
1286 2912 1685 2967 describantur.
1715 2909 1855 2965 Rur-

250 3028 372 3067 sum
405 3012 493 3068 ubi
527 3027 624 3069 nos
644 3012 900 3075 diximus,
927 3008 1070 3079 quod
1091 3023 1228 3065 unus
1256 3006 1325 3062 de
1340 3004 1625 3075 Seraphim
1653 3003 1857 3060 velaret

253 3105 451 3161 taciem
470 3104 703 3175 etpedes
725 3102 866 3173 ejus,
891 3116 990 3173 per
1005 3099 1152 3171 quod
1183 3095 1629 3166 intelligittn‘,Dei
1649 3113 1662 3149 :
1684 3096 1737 3175 in
1754 3094 1859 3155 lien

251 3198 403 3253 bram
435 3162 697 3268 scriptum
731 3162 955 3252 habetur
974 3162 1181 3250 ruinae
1206 3195 1314 3250 ’ΜΞ
1338 3162 1389 3247 ei
1424 3204 1631 3247 usuusu
1657 3162 1852 3260 (79511).

1950 602 2141 657 nistras
2183 615 2305 656 suos
2352 600 2527 672 ignem
2575 609 2805 653 urentem
2833 596 3007 671 (Psal.
3030 611 3159 664 cm,
3192 595 3275 669 5).
3301 595 3457 653 Unde
3494 605 3550 654 et

1948 692 2148 750 Paulus
2187 690 2488 764 Apostolus
2530 691 2586 745 in
2634 690 2910 760 Epistolas
2956 689 3023 744 ad
3061 688 3355 756 Hebraea,
3389 704 3548 761 quam

1947 787 2136 843 Latina
2164 785 2506 842 consuetudo
2533 799 2640 840 non
2669 784 2899 854 recipit:
2926 783 3115 838 Nonne
3137 798 3333 853 omnes,
3356 783 3551 854 inquit,

1947 882 2167 936 ministri
2187 890 2309 935 sunt
2343 880 2558 952 spiritus
2576 921 2588 944 ,
2616 878 2673 932 in
2695 877 3044 931 ministerium
3072 877 3219 931 missi
3234 886 3442 949 propter
3469 892 3553 933 eos

1946 976 2036 1046 qui
2058 972 2411 1029 ltwrsditatem
2432 970 2692 1041 accepturi
2713 979 2833 1024 sunt
2858 969 3044 1022 salutis
3060 966 3249 1040 (Hebr.
3266 984 3303 1032 ι,
3324 966 3439 1039 M)’
3453 968 3553 1022 Da-

1949 1067 2056 1123 niel
2077 1081 2290 1138 quoque
2303 1081 2426 1121 cum
2450 1065 2505 1119 in
2521 1063 2711 1119 habitu
2736 1062 3015 1133 regnantis
3042 1061 3329 1115 Dominum
3348 1061 3558 1117 descri-

1947 1161 2172 1232 psisset,
2221 1159 2426 1230 adjecit
2457 1173 2471 1210 :
2500 1155 2677 1214 Millia
2715 1154 2940 1209 millium
2986 1153 3353 1208 ministrabant
3396 1153 3473 1218 ei,
3505 1159 3556 1208 el

1949 1250 2119 1305 decies
2151 1250 2339 1305 millies
2368 1262 2580 1303 centena
2602 1246 2771 1301 millia
2799 1245 3101 1300 assistebant
3140 1245 3208 1299 ei.
3242 1242 3410 1315 (Dan.
3445 1258 3552 1311 vn,

1952 1340 2067 1414 10).
2099 1342 2155 1397 In
2184 1341 2476 1399 Cherubim
2498 1355 2629 1411 ergo
2655 1339 2961 1396 ostenditur
2984 1338 3249 1393 Dominus
3275 1355 3288 1391 :
3317 1339 3369 1392 in
3393 1335 3556 1393 Sera-

1954 1436 2102 1506 phim
2134 1451 2201 1490 ex
2231 1444 2389 1505 parte
2439 1432 2766 1498 ostenditur,
2795 1447 2863 1488 ex
2892 1442 3044 1503 parte
3070 1431 3301 1487 celatur.
3332 1430 3553 1486 Faciem

1952 1533 2100 1589 enim
2131 1541 2184 1587 et
2218 1529 2382 1600 pedes
2419 1529 2537 1600 ejus
2565 1526 2820 1599 cperiuut
2845 1569 2859 1594 ,
2892 1527 3013 1596 quia
3041 1536 3096 1583 et
3124 1527 3393 1597 praeterita
3427 1533 3556 1582 ante

1953 1615 2216 1673 mundum
2244 1659 2258 1684 ,
2285 1625 2341 1671 et
2369 1613 2547 1669 futura
2575 1623 2695 1684 post
2745 1611 3008 1669 mundum
3050 1611 3192 1667 scire
3220 1626 3327 1665 non
3359 1623 3553 1680 passu-

1955 1724 2114 1774 mus;
2148 1707 2242 1763 sed
2291 1706 2467 1762 media
2516 1713 2722 1760 tantum
2772 1719 2893 1774 qua:
2946 1702 3001 1758 in
3050 1717 3145 1758 sex
3194 1701 3386 1757 diebus
3416 1700 3556 1758 facta

1953 1807 2103 1867 sunt,
2152 1798 2611 1870 contemplemur.
2661 1796 2770 1853 Nec
2796 1794 2995 1851 mirum
3025 1793 3133 1850 hoc
3174 1794 3241 1848 de
3269 1793 3553 1863 Seraphim

1880 1890 1924 1953 Β
1952 1894 2063 1965 92
2090 1893 2336 1957 credere,
2370 1905 2518 1956 cum,
2548 1899 2604 1946 et
2633 1887 2869 1959 apostoli
2918 1885 3257 1942 Salvatorem
3286 1885 3559 1940 credenti.

1951 1987 2094 2043 tibus
2125 1986 2372 2056 aperiant
2394 2027 2410 2053 ,
2438 1983 2751 2039 inﬁdelibus
2778 1980 3118 2037 abscondant
3141 1998 3154 2034 :
3176 1989 3232 2035 et
3255 1979 3430 2035 velum
3460 1995 3559 2035 an-

1953 2090 2003 2137 te
2028 2084 2226 2136 Arcam
2255 2079 2416 2135 fuerit
2444 2076 2788 2134 Testameuti
2815 2074 3018 2148 (Exod.
3051 2071 3165 2147 ιι).
3186 2073 3316 2129 Alas
3340 2086 3557 2144 quoque

1951 2177 2154 2233 habere
2193 2175 2466 2240 dicuntur,
2502 2180 2726 2245 propter
2764 2171 3109 2226 velocitatem
3139 2210 3154 2234 ,
3187 2176 3244 2223 et
3271 2167 3325 2222 in
3358 2175 3556 2225 cuncta

1950 2270 2254 2325 discursum
2284 2283 2301 2322 :
2333 2267 2449 2322 sive
2479 2266 2607 2337 quia
2640 2278 2860 2331 semper
2889 2265 2942 2317 in
2972 2262 3263 2317 altioribus
3303 2273 3554 2316 commo-

1953 2374 2166 2420 rantur.
2204 2361 2395 2431 Neque
2442 2362 2589 2415 enim
2643 2357 2775 2414 illud
2818 2357 2965 2428 quod
2991 2356 3061 2411 de
3102 2356 3282 2411 ventis
3314 2355 3552 2412 dicitur:

1956 2456 2059 2526 Qui
2098 2454 2331 2510 ambulat
2366 2468 2522 2525 super
2558 2468 2759 2525 pennas
2789 2459 3057 2505 uentorum
3097 2446 3271 2520 (Psal.
3301 2461 3427 2515 cut,
3468 2446 3550 2518 4),

1950 2564 2084 2607 vere
2114 2557 2339 2613 ventos,
2365 2545 2525 2618 juxta
2553 2544 2765 2600 fabulas
2795 2551 3075 2614 poetarum
3109 2548 3166 2596 et
3189 2540 3456 2607 pictorum
3496 2540 3560 2595 Il-

1953 2643 2221 2705 eentiam,
2270 2653 2478 2710 pennas
2525 2637 2728 2692 habere
2770 2643 3041 2701 testatur;
3090 2632 3186 2688 sed
3227 2632 3462 2687 celerem
3503 2632 3558 2687 in

1952 2744 2142 2792 cuncta
2168 2733 2498 2789 discursum.
2533 2731 2597 2786 Et
2626 2728 2830 2801 singuli
2857 2741 3022 2784 senas
3045 2727 3192 2792 alas;
3226 2724 3353 2794 quia
3385 2723 3454 2780 de
3481 2723 3559 2778 la-

1954 2825 2258 2881 bricatione
2300 2832 2507 2878 tantum
2544 2822 2729 2877 mundi
2772 2828 2829 2877 et
2867 2818 3157 2890 praesentis
3185 2817 3374 2872 steculi
3406 2813 3559 2870 novi-

1956 2935 2095 2976 mus.
2124 2919 2279 2988 Quod
2300 2928 2481 2973 autcm
2505 2917 2766 2981 clamant,
2787 2916 2919 2968 alter
2931 2912 2999 2966 ad
3018 2910 3382 2975 alterum,vel,
3397 2909 3559 2978 juxta

1958 3013 2348 3080 llebr.nos.iste
2367 3014 2435 3066 ad
2462 3013 2638 3074 istum,
2656 3009 2709 3064 id
2731 3017 2833 3073 est,
2859 3024 2995 3062 unus
3018 3007 3087 3059 ad
3107 3022 3289 3067 unum,
3319 3003 3557 3059 invicem

1958 3120 2018 3160 se
2040 3106 2106 3160 ad
2154 3106 2344 3160 laudes
2388 3104 2600 3159 Domini
2629 3104 3009 3167 cohortantur,
3040 3109 3095 3155 et
3119 3100 3305 3155 dicunt
3342 3115 3356 3152 ε
3391 3097 3563 3154 Sanc-

1962 3207 2065 3262 tus,
2094 3196 2320 3253 Sanctus
2343 3237 2357 3261 ,
2383 3195 2609 3251 Sanctus
2632 3236 2647 3260 ,
2674 3193 2925 3248 Dominus
2955 3193 3273 3246 exercituum
3294 3233 3307 3256 ,
3333 3198 3391 3244 ut
3418 3181 3577 3261 mys-'

248 3288 401 3361 quod
434 3297 612 3355 potest
650 3286 996 3357 interpretari
1028 3292 1085 3341 et
1116 3285 1246 3355 ejus,
1278 3291 1334 3338 et
1375 3298 1525 3337 suam
1553 3297 1571 3339 :
1604 3290 1661 3338 ut
1698 3280 1859 3339 δεη-
1885 3281 1932 3345 C
1966 3292 2158 3346 terium
2185 3288 2471 3349 Trinitatis
2500 3290 2553 3342 in
2588 3304 2690 3341 una
2737 3284 3025 3339 lllviuitate
3068 3284 3447 3338 demonstrent
3470 3290 3564 3337 :ret

253 3379 409 3452 pliim
429 3378 580 3450 juxta
605 3378 816 3435 ﬂebrmi
836 3378 1106 3434 sermonis
1132 3375 1557 3445 ambiguitatem,
1582 3382 1634 3428 ct
1663 3372 1855 3435 faciem

253 3470 536 3543 pedesque
566 3469 658 3526 Dei
684 3511 699 3535 ,
733 3478 789 3525 et
828 3483 985 3525 suam
1015 3468 1204 3523 faciem
1237 3480 1301 3527 ac
1333 3464 1498 3536 pedes
1537 3466 1750 3534 operire
1778 3463 1856 3520 di-

249 3572 489 3619 cantur:
523 3559 633 3616 bln
686 3557 1088 3631 septuagesimo
1132 3573 1278 3615 nouo
1325 3558 1538 3628 psalmo
1585 3557 1848 3627 legimus:

255 3656 358 3723 Qui
385 3654 533 3710 sedes
572 3668 727 3726 super
773 3650 1034 3711 Cherubin
1064 3651 1398 3720 manifestare
1440 3648 1610 3711 (Psal.
1654 3664 1851 3716 Lsstx,

251 3748 309 3817 5)
344 3767 358 3803 :
386 3746 556 3817 quiin
587 3754 773 3801 nostra
804 3744 988 3814 lingua
1018 3744 1450 3814 interpretantur
1473 3742 1701 3797 scientia:
1724 3741 1856 3796 mul-

253 3840 439 3894 titudo.
506 3836 664 3896 Unde
711 3845 767 3893 et
821 3836 1079 3895 Dominus
1114 3835 1164 3891 in
1203 3836 1404 3906 aurigae
1446 3834 1664 3889 modum
1694 3847 1858 3903 super

254 3929 549 3987 Cherubin:
580 3936 771 4000 aperte
804 3927 998 3985 sedere
1023 3925 1353 3983 ostenditur.
1393 3937 1415 3965 ο
1447 3926 1729 3997 Seraphim
1761 3941 1852 3979 an.

257 4034 365 4081 tem
383 4033 583 4095 praeter
605 4022 746 4078 hunc
772 4021 972 4090 locum,
1002 4023 1054 4079 in
1078 4021 1382 4092 Seripturis
1404 4019 1694 4079 Canonicis
1722 4018 1855 4078 alibi

255 4111 282 4151 δ
318 4114 517 4186 legisse
543 4128 631 4171 me
659 4113 870 4178 nescio,
901 4114 992 4184 qui
1026 4121 1170 4170 stare
1199 4111 1455 4169 dicuntur
1496 4127 1660 4183 super
1689 4112 1850 4171 Temo

255 4210 429 4283 plum,
461 4209 548 4266 vel
571 4210 623 4265 in
649 4209 879 4269 circuitu
904 4210 1136 4266 Domini.
1175 4210 1314 4280 Ergo
1335 4217 1526 4271 errant
1551 4209 1644 4280 qui
1676 4210 1855 4267 solent

257 4305 311 4360 in
345 4303 601 4373 precibus
628 4302 810 4361 dicere
838 4319 852 4358 :
881 4302 983 4371 Qui
1002 4302 1149 4361 sedes
1178 4319 1335 4375 super
1365 4302 1643 4360 caerulum
1671 4316 1720 4361 et
1759 4304 1857 4361 Sc.

255 4393 483 4468 replum,
513 4394 654 4465 quod
675 4395 954 4466 Scriptura
987 4410 1096 4453 non
1121 4396 1329 4455 docuit.
1363 4396 1648 4465 Seraphim
1675 4409 1856 4459 autem

257 4487 694 4557 interpretantur
722 4495 745 4525 ε
770 4488 1070 4566 ipa-ponat
1089 4529 1104 4554 ,
1136 4486 1281 4557 quod
1314 4503 1413 4545 nos
1450 4487 1636 4545 dicere
1666 4504 1858 4560 possu-

257 4591 383 4637 mus
407 4575 768 4646 incendentes,
793 4576 909 4635 sive
946 4577 1319 4647 comburentes,
1349 4579 1503 4649 juxta
1548 4579 1681 4639 illud
1709 4581 1858 4653 quod

1961 3394 2297 3452 nequaquam
2339 3379 2623 3448 Templum
2671 3376 2983 3434 Judaeorum
3008 3416 3022 3438 ,
3062 3375 3198 3431 sicut
3226 3376 3414 3445 prius,
3462 3373 3560 3429 sed

1961 3490 2181 3530 omnem
2212 3482 2417 3527 terram
2465 3471 2607 3526 illius
2646 3469 2816 3541 gloria
2858 3469 3072 3538 plenam
3103 3482 3227 3522 esse
3260 3475 3556 3533 testentur,

1963 3568 2053 3636 qui
2088 3581 2184 3636 pro
2215 3575 2400 3620 nostra
2432 3564 2606 3618 salute
2637 3562 2891 3632 dignatus
2923 3570 3006 3615 est
3036 3561 3331 3614 humanum
3363 3572 3559 3629 corpus

1959 3672 2277 3725 assumere,
2326 3656 2391 3711 ad
2440 3668 2723 3725 terrasque
2772 3651 3132 3709 descendere.
3185 3652 3465 3720 Denique,
3504 3657 3561 3706 et

1963 3753 2118 3815 Mosi,
2147 3766 2270 3806 cum
2309 3765 2405 3821 pro
2438 3749 2664 3803 adorato
2694 3747 2864 3802 vitulo
2906 3747 3190 3800 Dominum
3223 3751 3557 3813 precaretur,

1956 3854 2018 3901 ut
2048 3852 2298 3917 parceret
2347 3841 2549 3913 populo
2593 3840 2898 3913 peccaturi,
2934 3837 3218 3907 respondit
3249 3836 3511 3892 Dominus
3545 3852 3560 3893 :

1964 3937 2232 4003 Propitius
2258 3953 2347 3992 ero
2375 3936 2502 3991 illis.
2544 3935 2902 3991 Verumtamen
2946 3935 3058 3986 viro
3096 3948 3212 4003 ego,
3246 3940 3294 3985 ct
3318 3930 3437 3984 vivit
3468 3945 3563 3982 no-

1957 4046 2072 4085 men
2105 4044 2273 4083 mettm
2307 4027 2475 4099 :quia
2524 4030 2821 4097 implebitur
2859 4026 3028 4096 gloria
3070 4039 3182 4077 meo
3225 4024 3391 4076 cuiuis
3424 4031 3563 4077 terra

1957 4119 2146 4193 (Num.
2164 4117 2512 4189 stv,90,‘il).
2531 4118 2595 4172 Et
2619 4117 3058 4186 septuagesimus
3085 4114 3287 4183 primus
3318 4112 3564 4181 psalmus

1955 4214 2101 4269 eanit
2136 4231 2150 4267 :
2182 4212 2497 4284 Implebitur
2523 4211 2691 4283 gloria
2714 4215 2829 4285 ejus
2856 4210 3021 4264 omnis
3056 4220 3190 4264 terra
3216 4206 3390 4278 tPsal.
3409 4223 3558 4274 Lut,

1963 4306 2074 4377 i9).
2110 4305 2283 4371 Unde,
2335 4316 2391 4361 et
2439 4304 2628 4374 Angell
2660 4303 2973 4360 clamabant
3006 4301 3309 4369 pastoribus
3342 4297 3565 4356 :Gloria

1957 4400 2013 4454 in
2031 4400 2244 4457 excelsis
2266 4397 2396 4462 Deo.
2426 4408 2474 4453 et
2504 4415 2659 4470 super
2681 4408 2842 4463 terra,
2870 4411 2971 4465 pax
2992 4394 3285 4449 horninibus
3306 4394 3454 4449 bene
3477 4407 3568 4446 ro-

1961 4491 2178 4546 luntatis
2209 4490 2363 4562 (Luc.
2394 4507 2434 4545 tt
2454 4532 2470 4557 ,
2514 4488 2627 4562 is).
2659 4490 2830 4560 lmpie
2860 4503 2992 4560 ergo
3025 4487 3045 4530 ί
3076 4489 3297 4559 quidam
3326 4489 3435 4542 duo
3459 4486 3563 4542 Se-

1963 4582 2206 4654 raphim,
2253 4582 2485 4647 Filium,
2542 4592 2600 4637 et
2644 4581 2907 4652 Spiritum
2967 4589 3216 4635 sanctum
3263 4579 3562 4648 intelligit:

331 4754 525 4838 allum:
539 4769 760 4838 guoque
791 4752 970 4838 locum
992 4752 1188 4836 recitat
1214 4768 1281 4836 es
1305 4753 1639 4838 Hieronymo
1747 4755 1861 4811 Au-
1885 4765 1937 4826 υ
1963 4755 2108 4838 gitur
2133 4754 2264 4838 ali_b_i
2298 4752 2676 4838 iunScriplturis
2710 4756 3049 4838 Genetricis;
3091 4757 3194 4838 _sed
3227 4770 3425 4838 nomen
3459 4754 3568 4813 He-

252 4828 509 4910 gu_s_tinus
536 4822 970 4910 Cominonoi‘torio
993 4865 1007 4889 ,
1038 4826 1152 4881 sive
1195 4822 1631 4910 epist..148,_ad
1664 4824 1861 4910 For-tu:
1886 4822 1921 4826 ”
1967 4822 2169 4910 irrisum
2349 4822 2582 4907 Saraph,
2615 4837 2665 4882 et
2695 4828 2881 4910 D2912?
2914 4825 3212 4910 Seraphim,
3246 4827 3562 4910 signiﬁcans

253 4895 557 4962 nationum,
612 4895 949 4965 exponitque
977 4910 1077 4949 suo
1108 4895 1269 4949 sensu
1317 4897 1402 4950 his
1434 4897 1621 4951 verbis
1656 4915 1669 4950 :
1715 4897 1858 4963 Quid

253 4975 355 5024 hac
411 4969 831 5095 strangulatione
881 4967 1105 5021 lucidius
1127 4967 1154 5021 7
1204 4966 1268 5022 Si
1310 4968 1445 5022 enim
1501 4972 1860 5023 tantummodo

253 5041 493 5095 dixisset.
581 5057 636 5095 sc
657 5038 859 5095 Patris.
879 5054 972 5095 nec
1003 5034 1136 5095 Filii
1163 5078 1177 5095 .
1205 5053 1299 5093 nec
1330 5038 1561 5095 Spiritus
1584 5041 1750 5094 sancti
1777 5041 1860 5095 di~

253 5041 493 5109 dixisset,
524 5034 636 5097 Nec
657 5038 859 5102 Patris,
879 5054 972 5095 nec
1003 5034 1136 5095 Filii
1163 5078 1177 5105 ,
1205 5053 1299 5109 nec
1330 5038 1561 5108 Spiritus
1584 5041 1750 5094 sancti
1777 5041 1860 5098 di.

253 5108 521 5184 ciuitatem
552 5127 700 5184 posse
729 5110 907 5184 oculos
932 5110 1102 5184 carnis
1117 5108 1484 5184 aspicere,_nec
1505 5112 1746 5179 deinceps
1766 5110 1865 5164 ad-

253 5183 513 5249 didisset,
554 5179 652 5237 'scd
682 5181 867 5236 oculos
898 5179 1135 5247 mentis,
1165 5179 1299 5248 forte
1332 5179 1589 5233 diceretur
1609 5222 1622 5245 ,
1656 5197 1862 5235 carnem

240 5255 365 5323 jam
390 5269 491 5307 non
515 5270 622 5308 esse
640 5252 1032 5326 appellandam,
1055 5266 1173 5326 cum
1200 5266 1390 5326 corpus
1419 5252 1578 5326 fuerit
1605 5253 1858 5326 spiritale.

251 5326 516 5382 Addenda
544 5322 741 5396 ergoet
771 5322 1011 5396 dicendo,
1042 5324 1142 5396 sed
1174 5323 1364 5379 oculos
1390 5324 1624 5396 mentis,
1658 5322 1721 5375 ab
1749 5341 1861 5396 om.

251 5397 311 5451 m'
340 5412 528 5466 genere
556 5392 790 5468 corporis
827 5392 1074 5448 alienavit
1114 5392 1419 5468 hujusmadi
1465 5394 1730 5468 visionem.
1778 5393 1863 5448 Ne

252 5470 375 5537 quis
395 5477 570 5521 autem
595 5465 796 5535 putaret
817 5480 934 5519 eum
960 5473 1158 5537 tantum
1178 5467 1243 5537 dc
1272 5465 1515 5537 praesumi
1544 5473 1768 5527 tempore
1792 5466 1865 5519 lo-

250 5532 475 5599 cutum,
522 5532 739 5609 subjecit
772 5537 944 5609 etiam
984 5532 1198 5609 Domini
1245 5532 1597 5609 testimonium
1623 5573 1638 5597 ,
1680 5536 1863 5609 nolens

251 5609 557 5671 ostendere,
588 5603 717 5679 tinos
745 5607 952 5660 dixerat
983 5603 1162 5679 oculos
1188 5607 1378 5679 utentis
1407 5620 1427 5679 ς
1452 5620 1555 5679 quo
1572 5603 1865 5679 testimonio

250 5697 362 5736 non
378 5673 669 5751 primatis,
687 5680 994 5751 adfuturo
1011 5674 1227 5751 uisionis
1240 5675 1529 5751 promissio
1544 5673 1862 5751 declaratur.

250 5743 412 5809 Bauli
438 5752 638 5811 mundo
656 5743 843 5813 corde,
877 5746 1121 5817 quoniam
1147 5747 1249 5815 ipsi
1281 5743 1449 5799 Deum
1467 5744 1730 5799 videbunt.

332 5822 360 5862 δ
392 5821 564 5878 Falso
587 5822 864 5890 legebatur
885 5822 940 5874 in
963 5825 1342 5889 septuagesimo
1362 5818 1579 5872 Psolmo
1607 5828 1834 5876 tantum.

337 5905 359 5936 ε
407 5889 715 5977 Scrapltim.
744 5891 1035 5968 Seraphim
1066 5889 1401 5965 Angelorum
1434 5904 1632 5963 nomen
1664 5904 1768 5951 non
1798 5890 1875 5951 le-

790 6050 805 6157 ἱ

796 6162 813 6244 l

1964 4900 2172 4975 igneum
2197 4897 2471 4975 e'tjgrteas,
2489 4897 2603 4975 sive
2625 4899 3000 4975 comburentes,
3028 4897 3254 4968 legimus
3270 4897 3426 4955 Num.
3445 4914 3561 4970 XXI,

1965 4967 2000 5025 6
2046 4981 2100 5025 et
2144 4970 2200 5026 8.
2255 4967 2362 5044 F'ac
2412 4969 2511 5025 tibi
2554 4970 2759 5044 Sttrttp/t
2790 4967 2907 5044 ,_itl
2950 4980 3053 5044 est.
3084 4967 3380 5040 ’presterem
3414 5015 3428 5039 ,
3465 4967 3565 5031 seu

1965 5056 2272 5116 serpentem.
2304 5042 2370 5097 Et
2395 5044 2619 5097 immisit
2637 5039 2777 5097 licus
2801 5039 3409 5116 Seruphiqprserpentus
3432 5045 3567 5116 igni-

1968 5101 2065 5169 tos:
2098 5113 2338 5184 Angelos
2362 5128 2525 5182 porro
2551 5117 2834 5183 Seraphim
2861 5101 3010 5169 vocat
3037 5101 3248 5172 Kimclt'i
3265 5119 3360 5171 es
3382 5101 3566 5177 Ὠἧθῠ

1971 5183 2211 5239 Malache
2235 5183 2373 5252 escit,
2402 5184 2627 5252 Angelos
2658 5186 2789 5257 ignis
2808 5227 2821 5247 ,
2848 5185 3002 5254 quasi
3027 5188 3176 5242 dicas
3198 5190 3434 5256 Angelos
3461 5189 3565 5242 lul-

1969 5264 2159 5321 gentcs
2191 5267 2244 5309 et
2281 5268 2654 5323 coruscantes,
2691 5256 2779 5326 qui
2804 5257 2910 5309 sint
2947 5258 3116 5326 ignea:
3152 5267 3381 5311 naturae.
3411 5259 3562 5312 illan-

1972 5341 2118 5380 TIAN.

2043 5394 2069 5433 ἀ
2093 5395 2206 5467 Sub
2229 5394 2558 5467 ltacscilicet
2588 5398 2919 5467 Angelorum
2960 5395 3569 5465 significatione.C:ete.

1972 5466 2213 5551 rumubi
2237 5466 2427 5551 ignitus
2477 5465 2699 5551 sonat,
2728 5465 2858 5519 alibi
2886 5467 3139 5551 legirupis,
3172 5466 3316 5551 quod
3344 5477 3397 5521 et
3430 5468 3570 5527 Mur.

1976 5537 2173 5590 tiamne
2200 5536 2445 5589 uota’tum
2475 5545 2580 5600 est,
2608 5536 2833 5589 Numer.
2864 5549 2932 5600 tt,
2968 5536 3021 5597 ὓ,
3048 5536 3104 5600 8,
3136 5542 3242 5587 etc.

2048 5616 2071 5644 ο
2104 5604 2354 5661 Martian.
2376 5576 2668 5681 ἐμπξιῖηὲτξ.
2695 5603 2816 5657 Vid.
2849 5576 3434 5675 qu’mvdd'libilkomin.
3473 5628 3571 5670 an-

1976 5686 2245 5734 notamus.

2054 5747 2075 5787 ί
2105 5747 2246 5818 Ergo
2272 5747 2509 5813 quidam,
2541 5754 2650 5801 etc.
2674 5742 2964 5820 Origeuem
2998 5754 3152 5820 notat
3180 5740 3265 5799 his
3293 5750 3495 5820 verbis,
3521 5760 3581 5815 ut

1980 5815 2344 5876 manifesmm
2389 5826 2568 5877 exstat
2606 5834 2671 5873 ea
2706 5817 2938 5884 epismla
2981 5822 3046 5872 ad
3094 5815 3587 5883 Pammachimg,“

1983 5892 2266 5973 Oceanum
2299 5907 2315 5948 ;
2347 5888 2414 5950 In
2463 5889 2560 5949 hac
2596 5883 2816 5946 lecticae
2842 5885 3021 5971 Isaiae,
3047 5883 3252 5958 inquit,
3276 5889 3335 5945 in
3363 5912 3465 5973 qua
3488 5896 3593 5973 duo
