4008 6360
413 322 481 382 95

1655 321 1714 380 S.
1756 322 2031 381 EUSEBII
2070 321 2328 380 HIERON
2339 323 2450 380 YMI

3647 323 3717 379 96

410 455 535 500 cum
560 441 713 512 juxta
742 438 1129 510 evangelistam
1169 438 1471 505 Joannem.
1506 449 1562 497 et
1587 441 1810 497 Paulum
1836 455 1995 512 apos-
2021 440 2077 501 Α
2100 446 2156 494 et
2184 454 2291 495 non
2320 439 2577 494 audacter
2606 438 2791 495 Oziam
2824 439 3050 509 impium
3084 452 3268 510 regem
3299 436 3567 506 corripui,
3589 436 3717 492 ideo

414 534 606 600 tolum,
636 534 829 589 Filium
861 532 958 586 Dei
991 533 1163 587 visum
1196 532 1248 587 in
1283 532 1572 604 majestate
1602 538 1900 606 regnantis,
1951 549 2005 596 et

413 623 677 696 Spiritum
716 634 965 679 sanctum
1003 623 1242 680 locutum
1271 638 1395 680 esse
1429 625 1747 682 doceamus.
1779 629 2005 696 Quidam

414 717 725 773 Latinorum
767 716 877 772 duo
905 716 1189 787 Serapliim
1216 759 1230 781 ,
1262 727 1418 773 vetus
1459 729 1516 775 et
1561 734 1760 776 novum
1807 722 2012 778 Instru—

414 825 654 869 mentum
684 812 1022 883 intelligunt,
1046 827 1167 881 quae
1201 821 1405 868 tantum
1432 812 1501 869 de
1530 817 1781 886 praesenti
1813 819 2013 873 szeCnlo

411 904 725 975 loquuntur.
757 903 916 960 Unde
956 915 1009 959 et
1037 919 1134 960 sex
1176 905 1291 960 alas
1314 904 1517 962 habere
1552 908 1826 977 dicuntur,
1853 919 1908 964 et
1936 909 2015 964 fa-

412 998 553 1053 ciem
589 996 685 1051 Dei
716 995 991 1066 pedi-sque
1018 996 1223 1064 velare,
1255 1006 1310 1052 et
1339 999 1590 1053 certatim
1628 999 1876 1069 proferre
1908 1013 2017 1057 tes-

410 1090 705 1146 timoninm
734 1089 1005 1155 veritatis,
1033 1097 1088 1143 et
1114 1105 1274 1145 omne
1303 1090 1444 1161 quod
1475 1090 1711 1147 clamant
1736 1092 2016 1150 Trinitatis

417 1192 760 1239 Sacramenta
808 1191 1134 1236 monstrare.
1179 1181 1250 1236 Et
1290 1182 1474 1238 mirari
1522 1183 1824 1239 adinvicem
1871 1184 2016 1255 quod

419 1276 686 1355 Dominus
715 1274 953 1331 Sabaoth
998 1274 1051 1329 in
1086 1273 1261 1330 forma
1310 1275 1402 1331 Dei
1434 1275 1613 1331 Patris
1663 1276 1867 1346 positus
1909 1277 2018 1334 for-

421 1387 567 1427 mam
599 1371 741 1428 servi
786 1371 1093 1441 acceperit,
1125 1381 1180 1426 et
1225 1370 1595 1427 huniiliaverit
1642 1387 1702 1428 se
1753 1389 1920 1445 usque
1950 1374 2019 1429 ad

424 1478 690 1531 mortem,
723 1474 952 1521 mortem
981 1474 1160 1521 autem
1185 1465 1294 1536 93
1322 1466 1501 1520 crucis
1549 1463 1811 1540 (Philipp.
1843 1469 1927 1537 ιι),
1966 1477 2021 1523 et

425 1576 768 1632 nequaquam
801 1570 859 1614 nt
902 1561 1055 1630 prius
1096 1558 1337 1615 coelestia
1387 1574 1509 1615 eum
1551 1567 1791 1627 tantum,
1824 1560 1922 1617 sed
1968 1569 2022 1617 et

424 1663 647 1711 terrena
678 1662 1031 1725 cognoscant.

497 1747 680 1817 (Vers.
711 1745 791 1818 4.)
813 1746 878 1801 Et
899 1755 1152 1801 commota
1170 1756 1295 1801 sunt
1312 1747 1733 1817 superliminaria
1752 1748 2022 1802 cardinum

2112 532 2253 588 labia
2288 548 2405 587 mea
2436 531 2839 604 Miminunda
2870 540 3016 599 sunt,
3051 528 3311 586 etlaudes
3345 527 3561 584 Domini
3591 544 3718 583 cum

2114 626 2337 697 Angelis
2368 639 2589 681 cantare
2621 640 2728 680 non
2759 624 2955 691 audeo,
2993 640 3062 679 ne
3094 623 3225 678 milii
3255 622 3504 678 dicatur:
3541 621 3722 690 Quare

2115 726 2171 771 tu
2218 734 2430 772 enarras
2474 718 2712 790 justitias
2753 732 2923 783 meas,
2985 726 3030 770 et
3078 715 3299 769 assumis
3357 721 3721 769 testamentum

2117 827 2284 864 meum
2312 827 2404 883 per
2442 827 2500 865 os
2528 820 2678 864 tuum
2709 808 2827 883 (Ps.
2854 826 2998 875 xux,
3025 807 3277 876 ‘16)?Non
3309 816 3394 863 est
3422 808 3569 862 enim
3602 806 3723 874 pul-

2117 903 2246 958 chra
2296 901 2535 956 laudatio
2589 900 2644 956 in
2699 917 2793 956 ore
2824 901 3129 971 peccatoris
3162 898 3332 969 (Eccl.
3366 914 3457 962 xv,
3490 897 3572 968 9).
3608 897 3720 955 Hoc

2119 1003 2299 1049 autem
2330 995 2707 1060 dicimus,non
2736 993 2879 1064 quod
2914 991 3105 1047 Isaiam
3133 994 3292 1047 talem
3324 989 3496 1046 fuisse
3523 990 3722 1044 docea-

2121 1100 2276 1151 mus;
2320 1085 2416 1141 sed
2466 1084 2609 1155 quod
2661 1088 2775 1153 ipse
2806 1100 2904 1154 pro
2954 1083 3285 1147 humilitate,
3319 1093 3374 1137 et
3421 1081 3723 1137 immundis

2122 1188 2329 1232 tantum
2360 1178 2541 1242 labiis,
2575 1177 2855 1246 indignum
2889 1190 2950 1231 se
2982 1175 3076 1230 Dei
3104 1174 3261 1231 laude
3293 1173 3547 1230 fateatur.

2194 1268 2377 1340 (νει-ε.
2394 1269 2445 1324 6.
2462 1272 2477 1336 )
2493 1268 2557 1322 Et
2570 1268 2757 1322 volavit
2771 1268 2838 1320 ad
2851 1283 2931 1321 me
2945 1283 3077 1320 unus
3092 1266 3156 1320 de
3171 1265 3525 1331 Seraphim,el
3539 1266 3592 1318 in
3606 1281 3721 1319 ma-

2123 1382 2194 1419 nu
2217 1368 2332 1437 ejus
2355 1364 2610 1427 calculus,
2625 1378 2777 1433 quem
2800 1360 3276 1434 forcipetuleratde
3291 1359 3534 1424 altari,et
3558 1360 3723 1429 tetigit

2126 1474 2183 1513 os
2203 1465 2446 1518 meum.et
2464 1456 2596 1510 dixit
2613 1471 2630 1509 :
2645 1453 2779 1509 Ecce
2792 1452 2819 1492 ι)
2835 1455 2978 1523 tetigi
2998 1451 3098 1507 hoc
3114 1452 3255 1506 labia
3277 1460 3442 1517 tua,et
3458 1455 3727 1523 auferetur

2126 1549 2370 1619 iniquitas
2387 1558 2496 1617 tua,
2518 1557 2563 1601 et
2579 1555 2841 1619 peccatum
2859 1554 3003 1600 tuum
3023 1543 3625 1606 mundabitur.Volavit,
3640 1542 3723 1598 vel

2125 1643 2326 1699 missus
2346 1652 2429 1698 cst
2452 1656 2592 1696 unus
2610 1640 2681 1695 de
2713 1638 3119 1710 Seraphim,qni
3146 1639 3533 1707 interpretatur
3552 1637 3728 1691 incen-

2127 1738 2273 1805 dens,
2303 1747 2361 1790 ut
2385 1735 2674 1806 Propheta:
2701 1734 2842 1788 labia
2870 1740 3129 1803 purgaret
3158 1729 3463 1806 immunda,
3484 1738 3539 1784 et
3554 1744 3726 1800 pruna

425 1856 457 1895 α
482 1856 601 1895 voce
621 1839 916 1908 clamantis,
944 1851 990 1894 et
1019 1841 1204 1895 domus
1234 1842 1449 1913 impleta
1476 1851 1551 1895 est
1580 1846 1744 1913 fumo.
1767 1843 2026 1897 Claman-
2055 1834 2104 1893 B
2129 1834 2214 1889 vel
2243 1832 2481 1896 calculo,
2499 1845 2657 1901 quem
2687 1828 2756 1883 de
2781 1828 2936 1883 altari
2966 1827 3185 1893 tulerat,
3210 1822 3561 1901 excoq(eret.
3579 1822 3728 1878 Multi

425 1926 570 1983 tibus
596 1925 907 1996 Seraphim,
926 1936 983 1981 et
1010 1927 1062 1980 in
1085 1934 1199 1980 tota
1230 1936 1372 1981 terra
1393 1924 1679 1981 Trinitatis
1710 1928 2027 1998 m‘ysterium

428 2015 877 2088 prrrdicantibus,
903 2017 1123 2086 quando
1147 2017 1458 2087 passionem
1489 2017 1703 2072 Domini
1733 2018 2032 2073 Salvatnris

428 2117 575 2164 terra
607 2107 859 2162 universa
896 2108 1173 2179 cognovit,
1203 2108 1385 2165 Statim
1408 2117 1742 2164 commotum
1775 2118 1881 2177 est,
1917 2109 2032 2165 sive

431 2201 707 2258 sublatum
753 2202 1004 2257 liminare
1031 2201 1266 2272 Templi,
1291 2212 1347 2258 et
1371 2216 1566 2258 omnes
1607 2202 1752 2258 illius
1780 2202 2034 2258 cardines

430 2295 811 2362 conciderunt,
846 2296 1069 2365 impleta
1108 2296 1414 2351 Salvatoris
1467 2298 1916 2363 comminatione,
1948 2297 2032 2351 dio

430 2390 607 2453 centis
629 2406 643 2443 :
662 2386 1005 2459 Relinquetur
1025 2390 1163 2443 vobis
1193 2390 1381 2444 domus
1408 2399 1577 2444 vestra
1594 2390 1795 2444 deserta
1812 2390 2031 2463 (Matth.

430 2495 583 2549 xxin,
613 2482 730 2544 ‘58).
783 2483 849 2537 Et
876 2498 1039 2553 quam
1083 2484 1319 2554 pulcher
1347 2485 1484 2538 ordo
1514 2484 1830 2540 verborum.
1881 2484 2037 2539 Post-

428 2587 591 2643 quam
623 2584 769 2628 terra
801 2574 1005 2642 repleta
1051 2582 1139 2629 est
1179 2575 1352 2644 gloria
1396 2574 1613 2630 Domini
1652 2574 1915 2640 Sabaoth,
1942 2574 2038 2630 Ju-

432 2664 677 2721 dznorum
703 2665 993 2735 Templum
1020 2664 1302 2734 impletum
1324 2675 1409 2720 est
1428 2667 1746 2736 ignorantia:
1771 2668 2032 2734 tenebris,

434 2767 491 2815 et
518 2757 777 2829 caligine,
799 2770 855 2812 et
885 2759 1050 2826 fumo,
1079 2757 1173 2826 qui
1200 2758 1392 2812 noxius
1418 2769 1499 2814 est
1529 2759 1725 2813 oculis.
1759 2758 1856 2814 Vel
1885 2770 2038 2814 certe

435 2866 536 2922 per
584 2850 791 2905 fumum
844 2850 1052 2919 Templi
1113 2859 1450 2907 monstratur
1501 2852 1834 2907 incendium.
1884 2853 2040 2907 Prius

437 2946 583 3002 enim
605 2944 963 3015 Evangelium
987 2945 1283 3001 Salvator-is
1310 2946 1362 3000 in
1388 2956 1502 3001 toto
1525 2947 1659 3003 orbe
1687 2947 2036 3017 praedicatum

436 3049 541 3105 est,
559 3047 617 3094 et
638 3050 760 3109 post
779 3041 1135 3112 quadraginta
1158 3041 1299 3097 duos
1322 3058 1495 3097 annos
1514 3042 1815 3098 Dominicae
1834 3044 2041 3113 passio-

436 3130 546 3198 nis,
578 3142 735 3202 capta
778 3131 1106 3201 Jerusalem,
1131 3133 1529 3205 Templtnnque
1566 3151 1890 3191 succensum
1931 3143 2035 3190 est.

2130 1938 2311 1980 autem
2355 1930 2566 1994 putant.
2597 1920 2737 1975 duos
2792 1933 2915 1975 esse
2959 1916 3272 1987 Scrapliitn,
3306 1915 3431 1987 quia
3461 1913 3733 1969 clamabat

2131 2020 2270 2074 alter
2300 2018 2367 2073 ad
2400 2017 2657 2081 alterum,
2679 2031 2802 2071 cum
2836 2023 2890 2069 et
2919 2014 2989 2068 de
3015 2012 3266 2083 pluribus
3298 2011 3507 2081 possint
3536 2008 3734 2077 singuli

2132 2111 2371 2166 clamare
2400 2108 2466 2164 ad
2499 2107 2777 2178 singulos;
2812 2116 2867 2160 et
2902 2103 3048 2160 LXX
3075 2103 3242 2158 editio
3278 2101 3446 2172 magis
3467 2102 3737 2170 signiticet

2135 2204 2420 2274 plurimos,
2449 2203 2541 2273 qui
2575 2200 2916 2270 interpretati
2945 2206 3096 2263 sunt,
3130 2194 3411 2266 Seraphim
3453 2194 3656 2248 stabant
3683 2196 3737 2247 in

2134 2298 2353 2351 circuitu
2393 2299 2526 2369 ejus.
2557 2293 2710 2362 Quod
2759 2293 2804 2348 si
2832 2293 2901 2348 de
2937 2292 3150 2347 duobus
3197 2291 3492 2352 diceretur,
3520 2305 3629 2343 non
3680 2288 3735 2342 in

2135 2392 2390 2458 circuitu,
2425 2391 2519 2445 sed
2545 2406 2612 2444 cx
2642 2398 2874 2459 utraque
2896 2400 3048 2459 parte
3066 2388 3352 2443 dixissent.
3378 2385 3443 2440 Et
3474 2386 3581 2440 hoc
3609 2377 3740 2439 cou-

2135 2490 2286 2546 venit
2306 2486 2637 2558 Angelorum
2665 2484 3022 2550 multitudini,
3040 2500 3159 2553 qua!
3183 2483 3235 2536 in
3263 2482 3352 2536 Dei
3379 2480 3738 2547 ministerium

2137 2593 2441 2655 pri-parata
2487 2589 2589 2635 est.
2624 2577 2901 2647 Seraphim
2950 2586 3130 2632 autem
3161 2574 3355 2647 plurali
3388 2589 3619 2629 numero
3646 2587 3742 2643 ap-

2138 2678 2434 2749 pellantur.
2478 2686 2530 2728 et
2571 2672 2834 2743 singulari
2881 2669 3083 2739 Seraph
3110 2687 3129 2725 :
3180 2670 3320 2724 sicut
3360 2666 3657 2725 Cherubim.
3687 2676 3745 2722 et

2139 2768 2533 2836 Cherub.Quod
2553 2778 2733 2823 autem
2766 2764 2938 2819 altare
2958 2764 3060 2819 sub
3081 2780 3188 2833 quo
3216 2762 3412 2817 animm
3440 2773 3741 2832 martyrum

2139 2872 2283 2927 sunt,
2324 2860 2612 2917 videantur
2645 2860 2695 2913 in
2749 2857 2914 2922 ccelo,
2947 2863 3003 2911 et
3041 2855 3280 2910 Joannes
3328 2854 3382 2908 in
3412 2850 3742 2923 Apocalypsi

2140 2955 2379 3022 l0quitnr
2403 2954 2589 3026 (Apoc.
2624 2949 2699 3023 vi)
2726 2970 2738 3004 :
2773 2960 2829 3006 et
2860 2950 3101 3005 calculus
3133 2950 3238 3003 iste
3260 2947 3351 3016 qui
3379 2963 3406 2999 a
3434 2945 3567 2999 solis
3597 2941 3745 2999 LXX

2142 3048 2369 3124 ἄνθρας,
2406 3047 2458 3101 id
2502 3054 2623 3111 est,
2670 3042 3018 3098 carbunculus
3069 3049 3153 3096 est
3208 3040 3600 3109 interpretatus
3632 3035 3741 3108 (Al.

2141 3135 2555 3209 interpretatur]
2595 3144 2768 3205 potest
2811 3150 2916 3188 non
2964 3132 3256 3187 carbonem
3303 3126 3747 3199 signiﬁcare,ch

436 3223 610 3280 Judaei
650 3234 840 3295 putant
866 3226 1148 3297 Templum
1196 3227 1478 3298 impletum
1522 3228 1693 3296 fumo,
1740 3227 2042 3299 thymiama
2069 3223 2114 3285 C
2146 3247 2398 3304 primam,
2429 3241 2486 3286 ut
2514 3230 2762 3301 plerique
2791 3227 3127 3291 existimant,
3157 3225 3251 3279 scd
3282 3222 3523 3298 ἄνθρακα,
3555 3221 3608 3275 id
3642 3230 3747 3286 est,

436 3318 771 3390 signiﬁcare,
804 3319 857 3374 id
888 3330 994 3387 est,
1037 3321 1344 3389 incensum,
1368 3330 1427 3379 et
1468 3338 1564 3393 per
1604 3321 1710 3377 hoc
1741 3322 2041 3380 adventum

440 3410 640 3468 divinae
664 3412 989 3481 majestatis.

517 3504 697 3573 (Vers.
722 3504 803 3576 5.)
822 3502 892 3559 Et
912 3505 1023 3559 dixi
1046 3521 1064 3559 :
1102 3504 1193 3560 γω
1212 3506 1338 3559 mihi
1355 3508 1480 3574 quia
1505 3507 1665 3569 tacui,
1688 3509 1809 3574 quia
1830 3508 1906 3559 vir
1932 3507 2045 3576 pol-

443 3596 583 3650 lutus
614 3596 765 3649 labiis
796 3612 890 3667 ego
933 3612 1067 3660 sum,
1090 3606 1138 3649 et
1178 3596 1233 3649 in
1272 3597 1442 3650 media
1469 3598 1648 3664 pepuli
1678 3597 1878 3666 polluta
1906 3597 2046 3650 labia

445 3683 681 3739 habentis
709 3700 804 3755 ego
819 3693 844 3721 δ
870 3685 1130 3751 habitabo,
1152 3695 1200 3741 et
1228 3703 1399 3759 regem
1421 3683 1704 3741 Dominum
1729 3690 2046 3743 exercituum

447 3778 556 3833 uidi
573 3778 739 3831 oculis
754 3779 900 3831 meis.
913 3778 1268 3834 EtAbraham
1290 3788 1573 3850 postquam
1589 3781 1720 3836 vidit
1735 3781 2045 3850 Dominum,

453 3881 509 3927 et
544 3872 752 3926 audivit
799 3887 986 3927 Vocem
1021 3876 1171 3944 ejus,
1228 3883 1432 3929 terram
1465 3885 1520 3930 et
1560 3877 1801 3932 cinerem
1843 3891 1965 3931 esse
1991 3892 2050 3932 se

450 3964 584 4021 dicit
610 3962 820 4037 (Cenes.
867 3967 1024 4036 xvnt)
1059 3976 1115 4021 et
1154 3965 1319 4023 Isaias
1345 3968 1496 4039 juxta
1528 3969 1673 4025 LXX
1719 3969 2054 4038 Interpretes

452 4071 840 4128 compunctum
868 4075 929 4115 se
972 4074 1096 4115 eSSe
1128 4069 1382 4128 testatur,
1415 4078 1523 4117 non
1555 4063 1627 4118 ob
1654 4062 1757 4118 alia
1800 4063 2052 4128 crimina,

453 4150 551 4207 sed
579 4151 703 4220 quia
733 4151 874 4206 labia
901 4151 1129 4207 haberet
1155 4151 1454 4208 immttnda.
1498 4152 1655 4209 Felix
1695 4153 2053 4221 conscientia,

458 4258 581 4313 quae
613 4250 822 4297 tantum
855 4243 913 4297 in
938 4257 1194 4298 sermone
1226 4246 1498 4314 peccavit,
1526 4260 1635 4300 non
1666 4261 1766 4300 suo
1794 4246 2056 4309 vitio,sed

460 4333 729 4389 societate
757 4333 938 4404 populi
973 4335 1223 4389 habentis
1254 4337 1459 4405 polluta
1498 4337 1662 4404 labia,
1693 4352 1815 4392 cum
1839 4352 1946 4408 quo
1976 4338 2059 4392 lo-

461 4429 552 4498 qui
583 4428 888 4497 saepissime
907 4427 1223 4497 cogebatur.
1256 4429 1341 4484 Ex
1371 4446 1480 4500 quo
1507 4430 1814 4486 ostenditur
1840 4431 2058 4486 noxium

462 4534 607 4586 eSse,
630 4522 813 4576 vivere
838 4536 961 4576 cum
989 4523 1397 4591 peccatoribus:
1419 4524 1521 4590 Qui
1543 4526 1681 4579 enim
1699 4526 1861 4597 tangit
1876 4528 2060 4598 picem,

2145 3325 2531 3382 carbunculum
2562 3321 2826 3393 lapidem,
2849 3321 2940 3392 qui
2970 3321 3039 3376 ob
3056 3319 3259 3376 coloris
3286 3317 3521 3373 ﬂammei
3551 3314 3750 3370 simili-

2146 3418 2388 3474 tudinem
2434 3419 2627 3487 igucus
2655 3414 2982 3485 appellatur.
3026 3413 3103 3467 Ex
3134 3426 3242 3482 quo
3284 3409 3648 3479 intelligimus
3673 3406 3755 3461 al-

2151 3521 2266 3565 tare
2312 3510 2409 3565 Dei
2444 3509 2661 3579 plenum
2708 3521 2834 3561 esse
2873 3503 3244 3568 carbunculis,
3275 3501 3379 3556 hoc
3417 3509 3519 3566 est,
3570 3497 3752 3568 ignitis

2149 3602 2375 3660 calculis
2401 3610 2456 3656 et
2499 3600 2708 3669 prunis,
2742 3607 2957 3668 peccata
2987 3595 3361 3667 purgantibus.
3394 3591 3549 3648 Unde
3579 3590 3756 3660 scrip-

2152 3706 2264 3752 tum
2310 3695 2378 3750 de
2425 3694 2537 3748 Deo
2583 3692 2852 3762 legimus:
2883 3689 3141 3745 Carbones
3171 3687 3401 3741 succensi
3443 3693 3565 3738 sunt
3605 3684 3670 3736 ab
3698 3698 3757 3736 eo

2153 3789 2273 3863 (Ps.
2300 3804 2429 3853 xvn,
2459 3786 2539 3859 9).
2566 3787 2630 3840 Et
2667 3785 2736 3840 de
2764 3784 2885 3853 ipso
2922 3782 3154 3837 Domino
3182 3780 3401 3842 dicitur,
3434 3776 3577 3846 quod
3617 3773 3758 3845 ignis

2153 3895 2484 3939 consumens
2510 3880 2601 3934 sit.
2631 3877 2965 3933 EtSalvalor
2993 3875 3045 3929 in
3074 3872 3404 3944 Evangelia:
3429 3870 3616 3940 Ignem
3644 3869 3758 3922 veni

2154 3976 2356 4029 mittere
2385 3987 2539 4043 super
2587 3978 2775 4023 terram
2802 3967 2958 4041 (Luc.
2990 3980 3086 4031 xtl,
3118 3962 3211 4035 49)
3245 3981 3258 4018 :
3295 3975 3351 4017 ut
3373 3961 3675 4030 baptizarct
3706 3959 3757 4011 in

2157 4065 2361 4136 Spiritu
2384 4073 2595 4125 sancto,
2612 4071 2664 4116 et
2681 4060 2808 4130 igni.
2828 4055 3263 4127 Uniuscnjusque
3285 4055 3430 4109 enim
3447 4067 3586 4123 opus
3602 4050 3762 4122 quale

2159 4160 2251 4224 sit,
2300 4160 2439 4230 ignis
2470 4145 2718 4229 probabit
2753 4156 2799 4227 (l
2827 4153 2948 4209 Cor.
2980 4156 3082 4222 nt).
3122 4152 3189 4207 Et
3214 4150 3308 4222 qui
3336 4147 3630 4203 salvandns
3657 4155 3761 4210 est,

2161 4253 2241 4308 sic
2270 4250 2759 4321 sa!vabitur,quasi
2784 4264 2881 4319 per
2909 4248 3088 4317 ignem
3118 4241 3416 4298 transierit.
3446 4240 3512 4295 Et
3533 4240 3638 4293 hoc
3668 4252 3766 4294 uo-

2163 4345 2406 4413 tandum,
2452 4343 2598 4415 quod
2628 4343 2694 4397 ad
2739 4340 3055 4405 Jeremiam,
3086 4338 3173 4391 cui
3208 4336 3407 4391 dictum
3455 4341 3543 4387 est
3568 4348 3581 4386 :
3611 4329 3767 4385 Prius

2164 4454 2317 4509 quam
2347 4445 2395 4491 te
2425 4439 2713 4508 formarem
2740 4435 2794 4487 in
2839 4439 2986 4486 utero
3011 4432 3129 4485 novi
3157 4440 3225 4495 te,
3259 4436 3304 4481 et
3331 4428 3382 4481 in
3414 4426 3565 4479 vulva
3590 4424 3767 4478 matris

2168 4537 2274 4585 tua:
2299 4529 2615 4599 sanctiﬁcari
2647 4535 2696 4580 te
2730 4523 2968 4597 (Jerem.
3002 4540 3044 4589 t,
3077 4521 3174 4593 5),
3196 4519 3322 4591 quia
3351 4518 3490 4573 labia
3519 4533 3627 4570 non
3658 4516 3766 4588 95

3772 1011 3968 1203 Al

461 4614 823 4686 inquinabitur
863 4615 926 4670 ab
958 4631 1019 4670 ea
1049 4614 1218 4690 (Eccl.
1252 4633 1371 4684 xm,
1407 4618 1482 4689 l).
1514 4618 1620 4676 Sed
1665 4621 1787 4689 quin
1842 4620 1896 4675 in
1962 4621 2064 4676 He-
2092 4616 2147 4675 D
2174 4623 2407 4678 habebat
2432 4619 2730 4686 immunda,
2759 4616 2853 4672 sed
2888 4626 3098 4671 tantum
3128 4615 3372 4669 dixerat:
3402 4611 3573 4664 nescio
3604 4610 3765 4677 loqui,

463 4705 617 4763 hmo
648 4708 879 4779 legimus
912 4727 925 4763 :
970 4706 1061 4763 Va:
1088 4710 1235 4778 mihi,
1269 4713 1394 4780 quia
1421 4714 1579 4776 tacui,
1615 4714 1820 4784 plangit
1848 4729 1908 4768 se
1937 4713 2070 4768 Pro-
2165 4719 2287 4790 quia
2300 4717 2508 4790 juvenis
2528 4692 3059 4779 sum,extenilitipse
3077 4708 3338 4763 Dominus
3353 4719 3573 4759 manum
3592 4718 3766 4767 suam,

468 4800 800 4873 pheta,quia
832 4818 939 4858 non
975 4802 1139 4858 fuerit
1170 4806 1365 4875 dignus
1398 4804 1621 4860 laudare
1652 4806 1939 4860 Dominum
1972 4806 2071 4861 Sa-
2170 4821 2225 4867 et
2249 4811 2422 4879 tetigit
2450 4824 2511 4864 os
2533 4808 2673 4879 ejus,
2697 4815 2755 4863 et
2777 4807 2913 4861 dixit
2936 4823 2950 4859 :
2977 4804 3109 4859 Ecce
3135 4802 3258 4857 dedi
3278 4814 3539 4854 sermones
3562 4812 3702 4851 meos
3723 4797 3770 4848 in

465 4894 655 4960 baoth,
688 4911 812 4951 cum
849 4896 1163 4964 Seraphim,
1208 4912 1346 4967 quos
1392 4895 1682 4967 Angelicas
1729 4898 2072 4954 fortitudines
2170 4922 2227 4959 os
2258 4912 2426 4958 tuum.
2457 4901 2630 4956 Porro
2664 4900 2732 4955 ad
2772 4900 2968 4955 Isaiam
3010 4898 3102 4967 qui
3143 4896 3389 4951 dixerat:
3422 4891 3516 4947 Vir
3544 4890 3774 4960 pollutus
3966 4956 3967 4969 χ

466 4987 844 5059 intelligimus.
877 4989 995 5044 Non
1027 4990 1127 5044 fuit
1176 5001 1357 5046 autem
1400 5006 1568 5047 ausus
1616 4978 1843 5047 laudare
1892 4992 2074 5045 Domi-
2171 4996 2323 5051 labiis
2350 5010 2443 5065 ego
2463 5010 2598 5059 sum,
2631 5001 2679 5047 et
2705 4994 2759 5046 in
2790 4991 2959 5046 medio
2986 4989 3166 5060 pepuli
3194 4986 3397 5055 polluta
3424 4983 3563 5038 labia
3584 4982 3776 5035 haben—

466 5097 596 5125 mtm
634 5100 646 5125 ε
679 5083 804 5125 nnin
839 5082 978 5125 initia
1029 5082 1260 5125 hahnlmt
1318 5084 1612 5125 immunda,
1670 5085 1731 5125 Rt
1779 5095 2068 5125 nummi-nn
2177 5090 2241 5125 sic
2271 5104 2362 5125 ρηη
2408 5085 2576 5125 Imbirn
2634 5101 2741 5125 nnn
2776 5084 2867 5125 Πιιί
2902 5096 3094 5125 insanust
3125 5078 3439 5125 nnrriailtn‘-
3487 5073 3584 5125 sed
3617 5074 3778 5125 Sera-

466 5097 597 5137 num
634 5100 646 5135 :
679 5083 805 5148 quia
839 5082 980 5135 labia
1029 5082 1266 5138 habebat
1318 5084 1616 5140 immunda.
1670 5085 1737 5139 Et
1779 5095 2070 5154 propterea
2176 5090 2242 5142 tis
2271 5104 2362 5160 ego
2406 5085 2599 5152 habito,
2634 5101 2742 5140 non
2776 5084 2869 5140 Dei
2902 5096 3094 5137 manus
3125 5078 3439 5150 porrigitur,
3487 5073 3584 5129 sed
3617 5074 3778 5129 Sera-

466 5170 612 5226 labia
654 5171 885 5227 habebat
918 5173 1216 5238 immunda,
1248 5176 1370 5245 quia
1403 5191 1525 5230 cum
1551 5186 1836 5246 peceatore
1870 5178 2071 5247 populo

465 5265 813 5323 versabatur.
849 5266 944 5323 Vel
975 5276 1125 5322 certe
1157 5268 1229 5322 ita
1262 5270 1707 5340 intelligendum:
1735 5271 1870 5338 Quia
1904 5271 2068 5336 tacui,

2182 5180 2328 5251 pliim
2348 5179 2582 5234 mittitur
2600 5195 2628 5232 a
2646 5178 2783 5243 Deo,
2810 5176 2895 5231 vel
2922 5174 3070 5229 volat
3094 5171 3311 5243 propria
3334 5168 3635 5232 voluntate,
3652 5165 3780 5237 quia

2180 5271 2310 5328 huic
2347 5273 2528 5327 ol'licio
2574 5269 2915 5339 mancipatus
2944 5279 3049 5322 εει.
3096 5267 3162 5320 Et
3210 5266 3262 5320 in
3313 5277 3477 5317 manu
3506 5273 3600 5313 sua
3631 5264 3783 5313 tenet

469 5383 750 5456 Scraphim
790 5382 1074 5458 claiitantia
1116 5383 1510 5458 describuntur;
1540 5383 1633 5438 illo
1665 5387 1946 5458 (Origene)
1979 5388 2062 5442 in-

469 5451 784 5531 terpretante
834 5451 1039 5531 Filium
1074 5466 1129 5531 et
1174 5456 1436 5531 Spiritum
1473 5451 1729 5531 sanctui‘;.
1778 5451 1947 5513 nonne
1969 5475 2063 5531 ego

469 5522 829 5598 detestandam
862 5522 1235 5598 expositionem
1276 5529 1332 5581 in
1367 5527 1474 5581 duo
1498 5522 1822 5583 Testamenta
1845 5522 2063 5595 mutaui,

471 5607 577 5651 etc.
613 5596 860 5671 Maurum
896 5596 1244 5671 +Nimiruin
1272 5600 1570 5671 Oiigenes,
1618 5603 1767 5671 cujus
1807 5616 1902 5668 ego
1929 5600 2068 5653 dete-

471 5668 747 5744 standum“
767 5670 1141 5744 expositionem
1180 5669 1241 5744 in
1291 5664 1781 5744 duo_1‘estame'nta
1836 5664 2067 5744 mutavi,
2168 5672 2325 5743 juxta
2386 5664 2852 5744 plerosque'mss.
2893 5664 3143 5726 codices
3175 5664 3453 5723 Victorius
3500 5664 3795 5739 rescripsit

472 5737 929 5863 i’n‘qlgitzﬂieron.
982 5742 1144 5809 epist.
1176 5738 1276 5799 84.
1309 5740 1377 5794 ad
1406 5739 1723 5797 Pammach.
1755 5748 1809 5796 et
1837 5741 2068 5808 Ocean.,
2169 5737 2366 5813 'tetigit.
2388 5737 2404 5744 ’
2590 5737 2606 5743 ’
3685 5737 3701 5739 -
3966 5786 3967 5849 ἦ

500 5828 511 5863 Ι
619 5847 630 5861 ι
660 5842 671 5858 ο
701 5842 714 5860 ο

500 5828 630 5863 IIII“.
660 5828 714 5860 σο

2244 5318 2309 5328 ..ν
2350 5318 2524 5327 ﬂ..-”
2576 5318 2912 5339 ...κατ-πη
3097 5318 3160 5320 _-
3213 5318 3258 5320 ἣν

2244 5396 2268 5425 δ
2302 5387 2477 5443 Vatic.
2512 5401 2634 5441 cum
2663 5385 2824 5455 Vulg.
2851 5428 2865 5450 ,
2895 5400 2990 5452 ego
3010 5380 3370 5455 habiloaQttal':
3395 5390 3563 5455 porro
3585 5375 3785 5455 subsc-

2169 5469 2412 5530 qnuntur
2440 5446 2877 5529 Hieronymia’na:
2906 5446 3275 5525 expositionis
3295 5466 3359 5506 ex
3393 5446 3639 5504 Eusebio
3668 5462 3787 5502 mu-

2173 5542 2419 5586 tuantur.

2245 5599 2275 5639 δ
2304 5600 2384 5655 Ex
2427 5600 2717 5665 Hebraico,
2748 5598 2964 5660 Graeco.
2989 5598 3219 5667 ipsoque
3247 5592 3443 5667 Latino
3474 5594 3789 5666 interprete
