4008 6372
206 380 270 437 97
792 371 1447 434 COMMENTARIOBUM
1486 371 1555 430 ΙΝ
1595 369 1830 430 lSAlAM
1872 366 2303 427 PROPHETAM
2341 365 2472 422 LIB.
2512 363 2600 422 III.
2638 363 2792 422 CAP.
2836 362 2929 421 Vl.
3437 361 3504 420 9S

205 491 503 561 calculum,
520 506 680 564 quem
700 491 845 561 juxta
868 488 1012 545 LXX
1028 488 1547 555 etTheodotionem,
1566 489 1764 558 forcipe
1782 504 1800 541 :
1830 489 1880 548 A
1905 497 2049 549 esse,
2065 481 2160 537 sed
2180 478 2532 547 obedientias,
2559 477 2791 532 Domino
2811 492 2872 532 sc
2888 475 3146 532 obtulisse
3158 474 3504 531 mittendum.

203 585 355 657 juxta
377 585 708 657 Aquilam,et
724 581 1224 655 Symmachum,qni
1241 579 1561 635 llebraicum
1582 586 1710 657 sunt
1722 594 1808 633 se—
1978 573 2164 645 (Vers.
2181 573 2214 628 9
2234 570 2415 642 seqq.)
2438 570 2506 625 Et
2523 570 2656 624 dixit
2682 585 2700 624 :
2732 568 2895 634 Vade,
2918 578 2964 622 et
2985 569 3124 622 dices
3145 568 3336 637 populo
3353 566 3507 621 ltuic:

210 653 343 747 cuti,
361 653 640 751 forcipibus
663 653 1044 749 apprehendit,
1062 675 1115 731 id
1137 687 1483 745 est,un.cuu
1503 653 1804 757 (DVnPSD),
1909 666 2109 721 Audita
2156 665 2356 731 audite,
2383 674 2433 719 et
2461 664 2622 757 nolite
2662 664 2973 734 intelligere,
3004 671 3050 717 et
3085 660 3255 757 videte
3296 660 3429 725 visu,
3459 669 3510 715 et

213 784 272 830 ut
304 782 549 844 tangeret
577 789 638 828 os
669 771 875 843 cjus,et
897 770 1127 841 pristina
1155 768 1355 825 delicta
1389 755 1666 839 purgaret.
1693 766 1807 820 Ma-
1910 761 2071 815 nolite
2099 774 2433 830 cognoscere.
2488 756 2712 812 Excreca
2737 772 2828 810 cor
2860 756 3041 829 populi
3073 755 3256 826 hujus,
3285 764 3333 809 et
3360 770 3511 809 aures

212 860 325 922 nus'
351 874 553 932 autem,
601 873 656 921 et
683 880 714 920 a
745 865 858 920 Deo
897 873 953 919 et
986 863 1277 934 Seraphim
1317 861 1570 928 mittitur,
1596 866 1655 915 ut
1679 859 1811 914 Pro-
1908 854 2026 921 ejus
2057 860 2368 924 aggrava,et
2395 850 2575 904 oculos
2602 851 2714 920 ejus
2732 848 2936 916 claude,
2951 865 3016 902 ne
3044 853 3180 919 forte
3203 847 3367 902 videat
3387 864 3513 903 ocu-

212 959 373 1030 pheta
396 960 478 1015 sui
507 959 759 1030 corporis
790 958 1096 1015 membrum
1126 956 1341 1023 videns,
1372 964 1518 1010 tactu
1551 969 1658 1009 tton
1700 960 1810 1007 ter-
1910 946 1975 1000 lis
2002 948 2133 1012 suis,
2181 954 2228 1001 et
2255 946 2469 1000 auribus
2497 946 2700 1009 audiat,
2725 954 2775 999 et
2817 944 2975 1000 corde
3001 945 3284 1015 intelligat,
3312 953 3366 1000 et
3389 960 3516 999 con-

211 1062 398 1110 τεαιιη-
433 1063 681 1109 οχιθτῃο,
740 1051 973 1121 Quidam
1023 1058 1336 1105 ηοειι-οηιιῃ
1386 1046 1673 1117 forcipem,
1705 1034 2221 1164 quoyvertaturmt
2250 1051 2482 1094 sanetur.
2514 1038 2662 1095 LXX
2690 1038 2835 1094 hunc
2857 1039 3037 1094 locum
3072 1038 3147 1093 ita
3176 1037 3521 1108 interpretati

217 1144 451 1164 μιμκιη,
510 1142 983 1164 --μ---ιημᾼιεηφ
1055 1141 1155 1164 Δ---
1193 1140 1538 1164 m..-...........-
1598 1147 1784 1164 ...ιο-ι...
1914 1141 2035 1164 anno
2096 1141 2149 1164 nl
2195 1133 2530 1164 ιωσιηηιιιςοιη
2564 1132 2583 1164 1
2610 1147 2735 1164 "mm
2774 1135 2829 1164 an
2870 1130 3254 1164 Annnlnlnrllm
3301 1132 3516 1164 ΑΛΙῖΙιηα

210 1144 454 1201 calculus
503 1142 1005 1215 comprehenditur,
1050 1141 1160 1197 duo
1193 1140 1543 1197 Testamenta
1598 1130 1856 1208 putant,’
1913 1141 2060 1200 sunt,
2096 1141 2154 1187 ut
2195 1133 2532 1203 evangelista
2564 1132 2738 1187 Lucas
2774 1135 2829 1187 in
2863 1130 3254 1203 Aposmlorum
3294 1132 3518 1187 Actibus

213 1253 337 1311 quae
362 1240 506 1294 inter
540 1253 601 1294 se
630 1237 865 1307 Spiritus
888 1236 1064 1291 sancti
1096 1234 1299 1290 unione
1344 1234 1646 1290 sociantur.
1677 1230 1815 1298 Quia
1916 1225 2131 1294 posuit:
2158 1225 2389 1296 Cumque
2407 1226 2621 1280 invicem
2643 1242 2746 1279 non
2768 1233 2933 1279 essent
2960 1225 3358 1290 consentientes,
3378 1222 3522 1280 haud

215 1345 349 1386 vero
376 1329 572 1386 sedens
598 1328 860 1384 Dominus
886 1326 1272 1393 introducitur,
1287 1333 1341 1380 et
1366 1325 1564 1381 sedens
1582 1324 1634 1377 in
1658 1323 1818 1377 Tem-
1915 1317 2144 1372 dubium
2166 1318 2296 1388 quin
2328 1316 2527 1384 Judaei,
2547 1316 3114 1383 discedebant,dicente
3142 1314 3315 1370 Paulo
3361 1331 3523 1370 unum

214 1426 326 1496 pio,
362 1434 417 1481 et
446 1424 646 1479 domus
673 1423 896 1492 impleta
941 1429 1027 1476 est
1072 1419 1242 1484 fumo,
1274 1427 1334 1472 ut
1384 1416 1557 1471 Judaei
1602 1422 1817 1485 putant,
1918 1409 2165 1462 verbum:
2194 1408 2330 1472 Quia
2373 1409 2495 1463 bene
2539 1409 2770 1477 Spiritus
2809 1419 3015 1465 sanctas
3073 1408 3276 1464 locutus
3322 1418 3393 1464 est
3434 1425 3526 1479 per

214 1515 617 1588 thymiamatis;
664 1522 1068 1581 consequenter
1122 1518 1400 1581 ponuntur
1450 1516 1505 1562 et
1562 1506 1817 1574 forcipes,
1924 1497 2121 1552 Isaiam
2148 1498 2452 1569 praphetam
2476 1499 2548 1552 ad
2575 1510 2745 1567 patres
2790 1510 3016 1568 nostros,
3051 1502 3225 1555 dicens
3253 1517 3273 1555 :
3302 1499 3431 1555 vade
3459 1499 3528 1555 ad

215 1583 361 1680 quos
408 1616 464 1663 et
502 1608 557 1662 in
590 1602 916 1660 sacerdotali
967 1601 1274 1657 ministerio
1328 1599 1560 1670 legimus
1601 1595 1820 1670 (Exod.
1925 1594 2174 1665 populum
2199 1594 2380 1659 istum,
2412 1601 2458 1647 et
2479 1592 2597 1648 die:
2622 1594 2760 1648 Aure
2799 1595 3043 1658 audietis,
3067 1604 3116 1649 et
3143 1612 3247 1649 non
3272 1592 3530 1665 intellige-

216 1716 406 1755 Χιχνιι
430 1716 467 1755 1.
1815 1746 1821 1751 .

296 1716 406 1755 xvn
451 1739 467 1755 .
1815 1746 1821 1751 ,

293 1698 477 1865 (\’er)s.
509 1791 590 1864 8.)
624 1789 692 1845 Et
723 1789 898 1844 audivi
926 1803 1096 1842 vocem
1124 1784 1335 1840 Domini
1368 1782 1584 1837 dicentis
1608 1799 1626 1836 :
1659 1780 1824 1849 Quem

1925 1687 2011 1750 tis,
2043 1695 2095 1741 et
2121 1685 2349 1740 videntes
2386 1686 2641 1752 videbitis,
2671 1695 2719 1740 et
2747 1703 2849 1741 non
2876 1687 3195 1760 perspiciatis
3218 1703 3237 1753 ;
3266 1687 3533 1742 intrassa-

1926 1788 2036 1833 tum
2068 1788 2143 1833 est
2171 1779 2308 1833 enim
2352 1795 2441 1832 cor
2466 1780 2647 1850 populi
2672 1779 2851 1850 hujus,
2881 1789 2928 1834 et
2956 1782 3172 1834 auribus
3192 1782 3414 1854 graviter
3440 1797 3535 1835 au-

219 1888 445 1955 mittam,
468 1892 519 1940 et
548 1885 663 1957 quis
682 1882 772 1937 ibit
795 1878 1069 1936 nobis?Et
1097 1876 1384 1933 dixi:Ecce
1414 1892 1524 1947 ego,
1556 1876 1699 1929 mitte
1720 1890 1821 1927 me.
1851 1869 1900 1930 Β
1929 1874 2155 1939 dierunt,
2205 1883 2253 1927 et
2295 1875 2471 1928 oculos
2515 1891 2637 1929 suos
2675 1884 3126 1943 compresserunt,
3172 1892 3237 1928 ne
3286 1878 3419 1946 forte
3463 1875 3537 1929 vi-

220 1980 335 2036 Pro
364 1992 430 2033 eo
457 1975 602 2046 quod
632 1984 687 2029 et
720 1988 819 2028 nos
848 1980 905 2028 et
930 1971 1021 2026 alii
1054 1985 1248 2024 otnnes
1290 1970 1825 2046 interpretestrans-

219 2040 489 2134 tulerunt,
512 2068 681 2132 nobis,
706 2064 852 2136 quod
881 2061 1142 2119 llebraice
1170 2061 1369 2116 dicitur
1394 2073 1533 2114 uno
1557 2040 1703 2127 (1:5),
1732 2071 1828 2110 ne-

196 2159 338 2217 'scio
363 2160 490 2231 quid
514 2159 759 2213 volentes
784 2153 932 2211 LXX
956 2159 1260 2223 posuerunt
1277 2152 1345 2205 ad
1367 2151 1620 2223 populum
1644 2150 1823 2215 istum,

217 2254 367 2328 quod
398 2253 615 2324 penitus
636 2251 691 2306 in
720 2249 951 2304 llcbrtco
979 2262 1088 2301 non
1122 2245 1371 2301 habetur.
1391 2243 1621 2313 Quando
1645 2253 1826 2296 autem

218 2361 294 2403 ex
318 2345 412 2400 Dei
445 2357 674 2414 persona
698 2340 920 2406 dicitur,
953 2338 1122 2401 nobis,
1149 2337 1243 2391 illo
1267 2351 1432 2390 sensu
1458 2332 1827 2403 accipiendum

106 2486 123 2501 ,
220 2444 335 2501 est,
360 2445 559 2506 quo,et
589 2433 642 2487 in
668 2431 866 2489 Genesi
896 2430 1094 2500 legitur
1125 2448 1140 2484 :
1170 2425 1451 2480 Faciamus
1480 2424 1740 2478 hominem
1762 2421 1830 2476 ad

218 2529 524 2600 imaginem,
570 2534 618 2579 et
662 2523 1051 2579 similitudinem
1097 2527 1329 2575 nostram
1376 2515 1530 2589 (Gen.
1564 2514 1746 2584 1,26),
1776 2523 1834 2568 ut

219 2628 628 2677 Sacramentum
671 2615 878 2671 indicet
918 2613 1222 2669 Trinitatis.
1274 2608 1560 2679 Quomodo
1587 2607 1732 2663 enim
1776 2606 1831 2661 in

218 2714 528 2783 Evangelio
555 2710 804 2781 legimus,
831 2718 858 2745 δ
884 2706 1102 2763 dicente
1130 2704 1363 2760 Domino
1389 2721 1402 2756 :
1434 2701 1547 2774 Ego
1587 2709 1634 2755 et
1672 2699 1835 2755 Pater

220 2825 388 2864 unum
415 2823 593 2863 sum-us
623 2803 812 2874 (Joau.
855 2818 911 2865 ι.
936 2798 1064 2870 50);
1107 2807 1153 2853 et
1180 2814 1340 2852 unum
1369 2797 1434 2850 ad
1470 2807 1717 2850 naturam
1747 2808 1835 2849 re-

219 2902 479 2964 ferimus,
507 2914 704 2964 sumus,
751 2895 818 2951 ad
865 2907 1224 2964 personarum
1281 2888 1701 2946 diversitatem:
1733 2886 1834 2952 sic,

222 2993 471 3050 Domino
496 2992 744 3062 jubente,
770 2986 1012 3042 Trinitas
1048 2988 1303 3054 imperat.
1336 2983 1630 3050 Propterea
1657 2989 1835 3035 autem

219 3102 346 3143 non
376 3085 508 3141 dicit
547 3083 811 3139 Dominus
850 3094 1014 3151 quem
1048 3079 1128 3133 ire
1161 3075 1465 3147 praecipiat,
1495 3072 1592 3128 sed
1642 3086 1841 3141 propo-

218 3183 313 3239 nit
338 3179 688 3236 audieutibus
709 3176 1008 3246 cptionem,
1031 3181 1091 3227 ut
1118 3171 1373 3226 voluntas
1397 3167 1682 3239 praemium
1711 3178 1842 3218 con-

1927 1970 2085 2025 deant
2117 1969 2302 2036 oculis,
2338 1978 2385 2024 et
2413 1970 2628 2024 auribus
2669 1972 2914 2036 audiant,
2941 1979 2992 2025 et
3022 1970 3178 2024 corde
3218 1970 3536 2042 intelligant,

1927 2069 1972 2115 et
1996 2069 2293 2115 convertant
2334 2077 2409 2127 se,
2438 2071 2489 2114 et
2513 2076 2695 2116 sanem
2721 2061 2844 2115 illos
2876 2063 3014 2131 (Act.
3046 2077 3234 2127 xxvut,
3255 2061 3327 2118 ‘25
3347 2062 3537 2134 seqq.).

1926 2151 2047 2220 Quo
2074 2164 2257 2208 autem
2290 2153 2411 2208 hzec
2440 2153 2722 2223 prophetia
2754 2152 2978 2225 impleta
3014 2154 3087 2208 sit
3124 2161 3397 2224 tempore.
3422 2153 3541 2223 ipse

1928 2248 2224 2316 Apostolus
2247 2247 2449 2303 Paulus
2478 2249 2533 2301 in
2555 2248 3022 2319 consequentibus
3050 2249 3314 2318 loquitur:
3338 2247 3540 2303 Notum

1930 2357 2050 2414 ergo
2089 2342 2155 2395 sit
2201 2339 2363 2407 vobis,
2400 2340 2649 2410 quoniam
2686 2341 2921 2411 gentibus
2959 2341 3175 2396 missum
3212 2351 3285 2396 est
3323 2340 3422 2395 hoc
3459 2357 3543 2395 sa-

1931 2437 2103 2490 lutare
2141 2434 2274 2501 Dei,
2317 2444 2363 2489 et
2400 2434 2503 2505 ipsi
2538 2434 2751 2488 audient
2790 2432 2930 2504 (Act.
2975 2434 3271 2498 xxvnt,28
3295 2432 3340 2503 ).
3383 2432 3541 2489 Unde

1934 2538 1989 2583 et
2029 2530 2081 2582 in
2145 2526 2352 2582 eisdem
2415 2525 2807 2596 Apostolorum
2867 2526 3019 2583 Actis
3084 2526 3355 2596 legimus,
3398 2524 3543 2595 quod

1933 2617 2136 2673 Paulus
2166 2661 2180 2685 ,
2225 2626 2282 2673 et
2316 2617 2597 2673 Barnabas
2650 2616 2860 2672 Judaeis
2899 2616 3216 2674 nolentibus
3271 2617 3500 2673 credere
3524 2659 3542 2686 ,

1933 2713 2042 2785 97
2072 2711 2316 2768 dixerint
2349 2730 2363 2765 :
2403 2710 2565 2766 Vobis
2615 2711 2880 2783 oportebat
2912 2713 3141 2784 primum
3168 2711 3308 2783 loqui
3338 2710 3545 2765 verbum

1936 2807 2055 2873 Dei,
2087 2808 2178 2861 sed
2230 2805 2525 2878 quoniamb
2555 2807 2824 2879 repulistis
2880 2805 3050 2873 illud,
3100 2814 3147 2860 et
3194 2805 3545 2876 indignosvos

1928 2900 2209 2973 jndicnstis
2254 2909 2462 2954 (eterna:
2510 2899 2663 2965 vitat,
2712 2915 2825 2954 ecce
2870 2899 3216 2953 convertimur
3264 2897 3332 2951 ad
3371 2906 3546 2969 gentes

1942 2991 2081 3064 (Act.
2101 3008 2214 3060 aut,
2233 2991 2444 3064 £6,47).
2463 2992 2552 3048 Sic
2563 2994 2697 3046 enim
2710 2995 2952 3066 praecepit
2973 2993 3120 3047 nobis
3134 2992 3389 3046 Dominus
3403 3007 3422 3044 :
3440 2990 3548 3044 Po-

1940 3084 2023 3138 sui
2071 3086 2200 3138 tein
2250 3085 2415 3139 lucem
2452 3084 2710 3154 gentibus,
2747 3094 2806 3139 ut
2849 3085 2921 3139 sis
2946 3086 3000 3139 in
3030 3083 3250 3140 salutem
3292 3101 3452 3157 usque
3476 3084 3546 3138 ad

1945 3186 2229 3230 extremum
2265 3186 2415 3230 terrae
2446 3174 2760 3247 (lsai.xux,
2783 3176 2862 3247 6).
2895 3177 3040 3246 Ergo
3065 3177 3371 3234 secundum
3402 3177 3547 3234 LXX

216 3285 517 3348 sequatur.
549 3273 621 3328 Et
652 3272 921 3339 Propheta
953 3283 1058 3323 non
1098 3265 1407 3321 temeritate
1442 3272 1495 3316 ct
1528 3256 1839 3329 arrogantia
1867 3256 1912 3319 C
1946 3265 2124 3323 facilis
2162 3267 2536 3336 interpretatio
2560 3277 2667 3333 est,
2699 3268 2840 3336 quod
2871 3268 3037 3323 Isaias
3067 3268 3332 3339 propheta
3366 3270 3550 3326 Βυῃιί..

214 3367 483 3443 propria:
524 3362 875 3418 conscientiae
921 3375 981 3415 se
1027 3361 1107 3414 ire
1137 3356 1444 3428 promittit;
1484 3353 1580 3408 sed
1609 3350 1841 3405 ﬁducia:

214 3461 504 3536 quopiam
530 3465 756 3527 purgata
782 3463 911 3509 sunt
935 3453 1074 3507 labia
1104 3451 1246 3519 eius,
1278 3458 1333 3503 et
1359 3448 1540 3501 ablata
1565 3445 1845 3514 iniquitas,

212 3553 673 3619 mandatumque
690 3543 1139 3616 peccatumJErgo
1151 3552 1207 3596 et
1222 3538 1513 3607 Moses,cui
1528 3536 1739 3592 dixerat
1756 3537 1851 3589 Do-

214 3650 427 3706 minus
458 3663 471 3699 :
505 3642 658 3706 Veni,
673 3640 876 3694 mittam
901 3653 949 3692 te
972 3635 1042 3690 ad
1068 3633 1399 3688 Pharaonem
1421 3647 1595 3702 regem
1628 3628 1851 3700 AEgypti

218 3738 442 3815 (Exod.
468 3752 549 3801 ιιι,
586 3732 700 3804 10),
723 3742 778 3789 et
807 3725 913 3786 ille
932 3730 1009 3784 ait
1033 3747 1047 3785 :
1079 3726 1325 3790 Obsecro,
1352 3724 1594 3789 Domine,
1618 3736 1850 3815 nonsurn

217 3814 456 3907 dignus,
490 3827 602 3901 96
646 3824 860 3900 provide
902 3824 1065 3877 alium
1114 3837 1265 3893 quem
1314 3819 1510 3884 mittas,
1543 3818 1659 3873 sive
1711 3823 1768 3869 ttt
1795 3814 1848 3868 in

220 3930 480 3986 llebrazo
495 3926 709 3997 legitur,
728 3921 881 3975 Mitte
895 3936 1046 3992 quem
1068 3918 1323 3971 missurus
1345 3932 1395 3969 es
1417 3912 1616 3987 (Exod.
1639 3926 1717 3979 tv,
1734 3908 1847 3981 15),

224 4034 360 4078 non
387 4019 455 4073 de
478 4023 819 4085 contemptu,
840 4011 937 4067 sed
967 4010 1037 4066 de
1076 4007 1381 4063 humilitate
1405 4003 1709 4075 respondit,
1725 4002 1852 4073 quia

223 4112 388 4169 nihil
419 4109 491 4165 de
534 4105 775 4179 purgatis
804 4103 963 4159 labiis
1004 4103 1119 4156 suis
1160 4098 1427 4164 audierat,
1457 4096 1550 4167 qui
1588 4094 1736 4151 omni
1766 4108 1855 4149 sa-

225 4204 458 4278 pientia
489 4199 868 4273 Egyptiorum
909 4195 1085 4251 fuerat
1127 4193 1398 4249 eruditus.
1436 4190 1503 4245 Et
1530 4188 1697 4242 Isaias
1745 4201 1854 4241 non

225 4314 357 4357 suo
388 4294 499 4368 [ΑΙ.
539 4293 643 4367 sui]
675 4292 893 4357 merito,
926 4287 1024 4345 sed
1056 4285 1268 4341 Domini
1295 4284 1491 4355 gratia,
1525 4296 1629 4352 qua
1660 4294 1857 4351 purga-

222 4401 337 4448 tus
368 4399 475 4456 est,
501 4386 662 4443 oll'ett
689 4401 749 4441 se
779 4384 846 4439 ad
876 4379 1260 4437 ministerium.
1292 4378 1399 4433 Alii
1434 4386 1614 4431 autem
1646 4381 1853 4445 putant,

224 4483 467 4543 idcirco
509 4493 570 4535 se
598 4477 862 4534 obtulisse
901 4475 1121 4541 Isaiam,
1145 4471 1269 4543 quia
1314 4468 1620 4525 aestimabat
1657 4466 1858 4539 p0pulo

223 4587 521 4650 prospera
543 4568 835 4626 nuntianda
858 4566 985 4624 :sed
1015 4568 1138 4637 quia
1163 4560 1860 4631 audivit:Vade,dicp0pu-

1947 3376 2018 3415 no
2041 3361 2344 3429 imperante
2370 3359 2651 3429 prmdicat,
2675 3358 2802 3429 quid
2831 3360 3063 3430 populus
3091 3361 3166 3415 sit
3197 3359 3455 3416 facturus.
3488 3362 3546 3417 In

1949 3453 2222 3508 Hebraico
2272 3451 2565 3507 difﬁcultas
2594 3458 2698 3516 cst,
2745 3451 3022 3520 quomodo
3050 3452 3166 3522 ipse
3188 3453 3334 3508 Deus
3357 3452 3549 3521 pracci-

1952 3546 2066 3616 piat
2096 3544 2319 3615 populo,
2354 3554 2411 3599 ut
2468 3542 2659 3599 auditu
2711 3542 2920 3612 audiat,
2953 3553 3008 3599 et
3040 3558 3145 3599 non
3179 3544 3464 3614 intelligat,
3495 3554 3551 3601 et

1951 3642 2147 3697 videns
2175 3641 2381 3708 videat,
2434 3649 2491 3696 et
2541 3654 2647 3695 non
2676 3648 2959 3711 agnoscat,
2981 3648 3040 3697 et
3071 3650 3257 3710 postea
3288 3642 3551 3711 propheta

1951 3735 2244 3790 inducatur
2271 3735 2526 3806 loquens,
2555 3744 2609 3790 et
2656 3734 2946 3789 Dominum
2982 3741 3238 3803 precetur
3264 3741 3319 3787 et
3357 3732 3503 3788 dicat
3534 3751 3549 3789 :

1952 3827 2173 3884 Excreca
2223 3844 2311 3883 cor
2363 3827 2543 3899 pepuli
2587 3826 2766 3900 hujus,
2792 3835 2840 3881 et
2884 3843 3035 3882 aures
3079 3829 3195 3894 eius
3234 3842 3481 3900 aggrara,
3503 3836 3554 3882 et

1952 3921 2127 3976 oculos
2156 3923 2269 3994 ejus
2296 3921 2502 3985 claude,
2528 3935 2594 3973 ne
2628 3920 2762 3989 {orte
2784 3919 2950 3975 videat
2976 3918 3140 3974 oculis
3167 3920 3297 3987 suis,
3330 3927 3379 3973 et
3408 3919 3551 3972 auri-

1954 4014 2047 4069 bus
2070 4016 2269 4081 audiat,
2301 4024 2349 4069 et
2370 4013 2526 4069 corde
2554 4013 2833 4085 intelligat,
2860 4022 2910 4069 et
2939 4023 3287 4078 convertatur,
3333 4023 3380 4065 et
3401 4029 3555 4068 sane-

1955 4105 2189 4179 tur(Isa.
2214 4124 2292 4173 vr,
2311 4107 2424 4179 10).
2443 4109 2520 4161 Ac
2544 4106 2780 4177 primum
2802 4105 3062 4160 solvenda
3080 4105 3274 4160 estilla
3301 4104 3553 4173 quaestio,

1955 4217 2076 4272 quae
2131 4202 2288 4257 nobis
2338 4201 2501 4271 objici
2551 4209 2732 4271 potest
2768 4214 2981 4269 :quare
3032 4201 3313 4270 aposmlus
3358 4198 3555 4256 Paulus

1955 4310 2078 4351 eum
2120 4295 2362 4351 llebrzeis
2388 4294 2696 4363 diSputans,
2725 4292 3003 4361 nonjuxta
3038 4292 3382 4358 llehraicum,
3409 4293 3556 4362 quod

1958 4398 2165 4444 rectum
2207 4403 2330 4442 esse
2360 4394 2724 4457 cognoverat;
2748 4385 2845 4441 sed
2879 4386 3032 4456 juxta
3057 4385 3198 4441 LXX
3222 4389 3294 4441 sit
3317 4385 3563 4441 locutus?

1959 4478 2359 4548 Evangelistam
2390 4478 2592 4534 Lucam
2626 4479 2846 4535 tradunt
2876 4488 3111 4552 veteres,
3130 4478 3390 4535 Ecclesia:
3421 4486 3563 4532 trac-

1962 4578 2169 4624 tatorcs
2197 4571 2487 4624 medicina:
2512 4569 2646 4625 artis
2684 4571 2857 4627 fuisse
2894 4571 3341 4637 scientissimum,
3366 4580 3422 4625 et
3448 4585 3565 4625 ma—

225 4636 294 4727 io
328 4636 502 4721 huic:
532 4662 759 4719 Auribus
785 4636 1108 4726 audietis,“
1130 4675 1233 4713 non
1260 4656 1576 4727 intelligetis,
1601 4662 1651 4708 et
1681 4654 1859 4708 uidene
1881 4636 1936 4697 Ῑ)
1962 4661 2044 4732 gis
2089 4660 2311 4716 Grazcas
2341 4660 2551 4715 litteras
2575 4660 2746 4716 scisse
2792 4676 2953 4727 quam
3002 4662 3278 4718 llehrmas.
3316 4636 3469 4719 Unde
3510 4671 3568 4718 et

230 4770 328 4819 tes
368 4757 627 4825 videbitis,
641 4764 688 4811 et
710 4773 813 4810 non
844 4752 1159 4825 cognoscetis
1183 4751 1341 4825 (leui.
1369 4750 1542 4820 v1,9),
1569 4757 1859 4820 propterea

224 4855 296 4911 in
348 4849 837 4919 consequentibus,
866 4845 1085 4899 dicente
1133 4842 1201 4897 ad
1245 4858 1372 4897 eum
1423 4856 1556 4897 voce
1606 4838 1861 4895 Domini:

226 4943 468 5006 Clama,
506 4956 614 4997 non
650 4940 836 4995 statim
882 4937 1102 4999 clamat,
1135 4934 1227 4989 sed
1262 4934 1580 5004 interrogat,
1613 4930 1738 5003 quid
1760 4930 1867 4984 cla-

228 5036 460 5096 mabo?
492 5034 559 5090 Et
582 5033 875 5099 Jeremias,
906 5030 992 5086 cui
1023 5029 1225 5084 dictum
1258 5027 1466 5082 fuerat:
1511 5028 1699 5094 Accipe
1743 5024 1870 5078 cali-

225 5147 397 5194 cem,
433 5138 480 5182 et
499 5126 790 5199 potionabis
812 5140 982 5178 omnes
1012 5121 1293 5196 gentes,ad
1312 5136 1440 5190 quas
1465 5134 1558 5189 ego
1599 5118 1796 5170 mittant
1817 5125 1864 5170 te

224 5224 408 5299 (lar.
439 5236 568 5287 xxv,
604 5219 720 5291 15),
762 5218 993 5273 libenter
1019 5217 1291 5286 accipiens
1317 5212 1709 5282 suppliciorum
1737 5208 1865 5263 cali-

225 5333 378 5378 cem
392 5358 412 5384 ,
428 5323 489 5370 ut
511 5312 844 5369 adversariis
861 5311 1113 5380 gentibus
1135 5308 1468 5379 propinaret,
1486 5306 1862 5372 biberentquc,

226 5419 301 5470 et
328 5414 659 5472 vomerent,
685 5413 740 5459 et
766 5403 1043 5469 caderent,
1079 5409 1366 5471 postquam
1395 5398 1623 5463 audivit,
1656 5393 1806 5461 vade,
1828 5404 1875 5448 et

228 5505 501 5579 primum
516 5494 821 5567 propinabis
833 5492 1149 5559 Jerusalem,
1167 5491 1455 5562 restiondit
1473 5508 1485 5543 :
1505 5485 1763 5559 Decepisti
1779 5503 1876 5554 me,

1963 4769 2148 4809 sermo
2186 4753 2305 4824 ejus
2353 4762 2460 4807 tam
2509 4752 2565 4807 in
2625 4751 2962 4823 Evangelio,
3015 4770 3175 4824 quam
3229 4754 3285 4809 in
3336 4754 3564 4808 Actibus

1965 4847 2377 4918 Apostolorum,
2412 4844 2464 4901 id
2494 4854 2609 4914 est,
2644 4844 2698 4902 in
2729 4857 2960 4917 utroque
2991 4846 3267 4902 volumine
3296 4845 3569 4917 comptior

1965 4950 2074 5004 est,
2117 4948 2173 4994 et
2220 4939 2537 4995 saecularem
2586 4938 2798 4995 redolet
2840 4937 3231 5009 eloquentiam,
3287 4943 3568 5011 magisque

1969 5032 2297 5088 testimoniis
2324 5032 2532 5107 Graecis
2576 5032 2751 5088 utitur
2777 5049 2939 5105 quam
2981 5032 3246 5090 llcbrazis.
3280 5033 3569 5092 Matthtcus

1971 5136 2147 5182 autem
2178 5140 2232 5182 et
2257 5125 2520 5192 Joannes,
2548 5140 2776 5195 quorum
2799 5128 2936 5184 alter
2966 5127 3218 5195 Hebraro,
3259 5130 3400 5185 alter
3420 5129 3573 5185 lira:-

1973 5233 2038 5274 co
2066 5233 2320 5274 sermone
2356 5218 2653 5287 Evangelia
2684 5227 3003 5286 texuerunt,
3031 5220 3344 5277 testimonia
3371 5220 3440 5275 de
3466 5221 3574 5277 lle-

1974 5308 2162 5364 braico
2190 5309 2503 5379 proferunt,
2547 5317 2609 5363 ut
2646 5317 2732 5365 est
2783 5311 2916 5367 illud
2950 5331 2964 5367 :
2999 5311 3084 5368 Ea:
3137 5310 3344 5382 Egypto
3405 5312 3579 5365 vocavi

1978 5401 2148 5472 [ilium
2171 5417 2341 5455 meum
2369 5400 2516 5471 (Ose.
2547 5417 2611 5469 ιι,
2648 5404 2728 5472 1).
2761 5405 2829 5459 Et
2856 5424 2868 5458 :
2899 5405 3160 5471 Quoniam
3192 5401 3463 5455 Nazareus
3489 5419 3581 5456 vo-

1979 5491 2183 5547 cabitur
2206 5490 2423 5560 (Matth.
2455 5507 2515 5557 ιι,
2556 5492 2673 5564 Ξὸ).
2707 5494 2774 5546 Et
2807 5510 2821 5545 :
2851 5491 3102 5545 Flumina
3142 5488 3207 5542 de
3260 5502 3435 5545 ventre
3465 5494 3583 5564 ejus

224 5593 518 5657 Domine,
552 5598 601 5643 et
622 5587 867 5656 deceptus
887 5602 1002 5641 sum
1022 5583 1508 5655 (Jer.xx,7).lla:c
1526 5581 1880 5636 Hebraeorum
1984 5587 2148 5656 ﬂuent
2202 5599 2353 5647 aqua
2381 5586 2507 5638 vivae
2553 5583 2734 5655 (Joun.
2780 5599 2876 5645 vn,
2903 5582 3020 5653 '58).
3073 5584 3183 5639 Et:
3218 5579 3483 5640 Videbunt
3530 5587 3587 5641 in

221 5682 588 5758 observatio
609 5692 714 5740 est.
740 5678 1013 5737 Caeterum
1041 5694 1140 5735 nos
1162 5678 1394 5735 dicimus
1426 5690 1537 5731 non
1567 5674 1888 5731 temeritatis
1987 5692 2138 5749 quem
2159 5685 2571 5747 compunserunt
2593 5673 2779 5744 (Zach.
2808 5689 2904 5742 xu,
2929 5676 3032 5743 to;
3063 5676 3228 5731 Joan.
3253 5686 3367 5743 xix,
3396 5675 3512 5752 37),
3536 5687 3593 5735 et

1491 5797 1520 5810 κ

322 5930 389 5995 ιβ
400 5912 594 5969 Vatia.
627 5908 846 5980 legimus
873 5905 1123 5963 dicentem
1151 5904 1454 5963 Dominum.

1997 5968 2005 5975 ,
2067 5904 2093 5945 δ
2129 5904 2404 5963 Victorius
2432 5901 2652 5975 praefert
2678 5903 2949 5975 repellitis,
2970 5912 3039 5962 et
3072 5896 3362 5984 judicatis,
