4008 6296
486 233 588 306 ια
1178 287 1180 289 .
1744 239 1803 295 s.
1845 233 2115 296 EUSEBII
2155 227 2538 296 tuaaonvm

3695 217 3804 292 too

492 369 691 416 caetera
721 360 803 414 his
831 358 1043 414 similia.
1077 354 1227 411 Pauli
1257 367 1477 425 quoque
1499 351 1707 407 ideirco
1737 351 1802 406 ad
1831 352 2090 408 Hebraeos
2117 359 2169 419 Α
2195 353 2492 426 pauitantia
2529 351 2663 406 enim
2691 360 2811 404 sunt
2837 347 3160 416 donationes,
3209 355 3254 402 et
3281 348 3478 404 uacatio
3495 346 3616 402 Dei.
3648 347 3804 404 Sicut

496 453 749 522 l'lpistolae
776 449 1188 514 contradicitur,
1236 446 1378 517 quod
1437 445 1503 500 ad
1555 445 1816 500 Hebraeos
1847 447 2096 502 scribens

493 556 674 601 utatur
707 544 1029 598 testimooiis
1060 558 1182 613 qute
1223 542 1278 596 in
1310 539 1555 595 Hebraeis
1583 538 1954 594 voluminibus
1984 555 2096 595 non

492 637 778 693 habentur.
829 636 985 705 Quod
1040 637 1084 691 si
1131 634 1331 704 aliquis
1377 633 1602 700 dixerit,
1639 633 1897 688 Hebrmos
1927 633 2098 688 libros

490 741 674 800 postea
723 745 756 786 a
805 730 1015 784 ludatis
1073 744 1195 783 esse
1246 727 1470 782 lalsatos
1503 765 1518 791 ,
1576 725 1762 780 audiat
1807 727 2094 796 Urigrnem

488 821 618 890 quid
663 822 716 877 in
743 832 939 876 octavo
989 819 1268 874 volumine
1310 819 1761 888 lixplanationnm
1793 818 1944 872 Isaiae
1970 818 2096 873 huic

485 915 820 983 respondeat
849 913 1285 984 qumsﬁunculee,
1313 912 1456 982 quod
1489 926 1779 980 numquam
1811 911 2093 978 Dominus,

483 1017 539 1065 et
567 1007 838 1078 Apostoli,
863 1008 955 1077 qui
987 1017 1188 1062 caetera
1236 1008 1467 1061 crimina
1518 1015 1757 1076 arguunt
1806 1007 1859 1060 in
1891 1006 2095 1060 Scribis

487 1111 544 1158 et
589 1103 910 1168 Pbarismis,
939 1103 1006 1157 de
1041 1104 1144 1158 hoc
1173 1103 1426 1168 crimine,
1456 1101 1602 1173 quod
1625 1111 1745 1157 erat
1773 1101 2092 1165 maximum,

491 1195 868 1251 reticuisseut.
897 1195 992 1251 Sin
1023 1207 1206 1250 autem
1248 1197 1486 1250 dixerim
1518 1204 1637 1264 post
1667 1195 1966 1248 adventum
1991 1193 2098 1246 Do-

489 1288 626 1343 mini
674 1289 998 1354 Salvatoris,
1052 1301 1108 1344 et
1138 1289 1577 1359 praedicationum
1608 1289 1995 1358 Apostolorum
2030 1285 2097 1339 li-

489 1381 624 1436 bros
650 1382 903 1436 llehrzaos
926 1381 1092 1436 fuisse
1119 1379 1361 1446 falsatos,
1410 1380 1738 1434 cachinnum
1770 1389 1959 1434 tenere
1982 1375 2096 1449 98

493 1489 600 1527 non
649 1483 860 1542 potero,
902 1484 962 1528 ut
997 1473 1282 1538 Salvator,
1315 1483 1372 1528 et
1411 1473 1811 1542 Evangelistte,
1842 1479 1899 1526 et
1948 1471 2094 1539 Apo-

490 1567 615 1623 stoli
643 1566 713 1621 ita
750 1566 1057 1621 testimonia
1085 1567 1431 1636 protulerint,
1465 1578 1521 1622 ut
1544 1566 1723 1621 Judaei
1772 1576 1960 1635 postea
1987 1563 2090 1618 lal-

491 1661 667 1716 saturi
689 1671 868 1716 erant.
901 1661 976 1716 De
1008 1662 1264 1730 praesenti
1291 1671 1472 1715 autem
1510 1660 1628 1715 loco
1673 1659 1776 1714 hoc
1803 1657 2090 1714 dicendum

2199 449 2333 502 enim
2362 463 2470 510 vos,
2497 445 2688 516 inquit,
2722 441 3005 513 aliquando
3032 458 3135 496 non
3177 442 3469 496 credidistis
3497 441 3630 507 Deo,
3663 458 3804 496 nunc

2195 539 2307 612 99
2333 549 2503 593 autem
2539 539 2663 592 estis
2702 537 3112 591 misericordiam
3143 537 3428 602 consecuti,
3464 544 3676 608 prapter
3713 553 3803 591 eo--

2197 649 2312 685 rum
2343 630 2756 686 incredulitatem
2786 646 2804 684 :
2831 630 2904 682 sic
2937 639 2984 684 et
3028 629 3114 683 isti
3169 644 3307 683 nunc
3337 644 3439 682 non
3466 625 3802 682 crediderunt

2197 727 2250 780 in
2286 735 2506 779 vestram
2553 718 2983 790 misericordiam,
3041 731 3097 778 ut
3143 731 3192 776 et
3235 723 3338 792 ipsi
3388 721 3800 778 misericordiam

2196 831 2592 890 consequantur.
2619 819 2883 874 Conclusit
2911 818 3049 872 enim
3073 814 3212 872 Deus
3237 817 3411 871 omnia
3448 815 3541 870 sub
3566 825 3796 886 peccato,

2195 923 2252 966 ut
2280 913 2512 967 omnibus
2558 913 2882 966 misereatur.
2919 910 3064 979 Ergo
3120 919 3334 964 nonest
3355 907 3649 964 crudelitas
3681 907 3796 974 Dei,

2192 1006 2292 1062 sed
2350 1006 2732 1061 misericordia
2780 1013 2942 1060 unam
2986 1002 3166 1075 perire
3206 1010 3446 1075 gentem,
3497 1015 3550 1058 ut
3607 1017 3800 1060 omnes

2193 1099 2360 1154 salva:
2387 1100 2518 1154 Ilant
2539 1116 2552 1153 :
2575 1098 2889 1154 Iudaeorum
2923 1106 3132 1168 partem
3169 1111 3275 1152 non
3300 1096 3506 1161 videre,
3533 1105 3592 1151 ut
3621 1097 3798 1154 omnis

2197 1192 2429 1246 mundus
2451 1192 2696 1260 aspiciat.
2733 1191 2890 1247 Unde
2919 1199 2975 1247 et
3014 1190 3129 1261 ipse
3177 1188 3443 1244 Dominus
3477 1190 3527 1244 in
3554 1188 3800 1261 Evange-

2197 1285 2270 1339 lio
2317 1291 2718 1340 sacramentum
2756 1284 2886 1338 caeci
2946 1301 2972 1334 ιι
3021 1283 3329 1348 nativitate,
3381 1283 3474 1351 qui
3518 1289 3800 1352 receperat

2194 1379 2403 1444 oeulos,
2436 1377 2600 1432 vertit
2625 1376 2692 1431 ad
2725 1375 3134 1446 Tropologiam,
3165 1384 3220 1430 et
3245 1373 3379 1430 dicit
3404 1391 3418 1427 :
3443 1371 3512 1428 In
3533 1373 3798 1446 judicium

2196 1487 2290 1541 ego
2311 1471 2428 1526 ueni
2454 1472 2507 1524 in
2531 1471 2664 1524 hunc
2695 1469 2967 1536 mundum,
3009 1478 3064 1522 ut
3093 1468 3320 1523 videntes
3343 1483 3443 1522 non
3469 1468 3692 1532 rideant,
3755 1473 3799 1521 et

2196 1581 2299 1616 non
2330 1564 2557 1616 videntes
2587 1563 2795 1616 videant
2823 1559 3006 1632 (Joan.
3061 1577 3137 1626 ιι,
3166 1561 3282 1630 59).
3335 1559 3400 1614 Et
3443 1559 3496 1614 in
3525 1559 3632 1614 alio
3681 1558 3798 1614 loco

2193 1653 2417 1710 Simeon
2461 1654 2709 1725 loquitur
2741 1671 2757 1708 :
2790 1653 2922 1707 Ecce
2950 1654 3030 1706 hic
3063 1653 3263 1722 positus
3301 1663 3374 1708 est
3425 1653 3477 1707 in
3505 1653 3714 1706 ruinam
3754 1662 3796 1705 et

486 1768 592 1823 est,
628 1757 825 1810 frustra
869 1770 970 1810 nos
1016 1755 1082 1809 ad
1114 1755 1259 1810 LXX
1286 1755 1704 1810 translationem
1771 1754 2089 1823 confugere,
2122 1749 2170 1810 B
2197 1748 2249 1800 in
2285 1749 2711 1802 resurrectionem
2738 1747 3023 1802 multorum
3056 1747 3211 1820 (Luc.
3241 1762 3301 1809 ιι,
3327 1746 3439 1818 δι).
3477 1746 3588 1802 Illis
3617 1745 3799 1818 itaque

486 1863 555 1903 ne
584 1848 960 1912 blasphemnm
993 1848 1245 1903 videatur
1266 1863 1391 1902 esse
1414 1847 1559 1916 quod
1591 1849 1736 1912 iuxta
1769 1845 2092 1900 llebraicum

489 1941 688 1997 dicitur
716 1959 729 1992 :
765 1941 963 1994 Auditu
1001 1941 1197 2006 audite,
1234 1950 1278 1994 et
1323 1939 1482 1994 nolite
1515 1939 1806 2007 intelligere
1837 1954 1855 1992 :
1881 1945 1929 1991 et
1956 1937 2095 1990 uide-

489 2042 538 2086 te
584 2033 853 2098 visionent,
910 2041 958 2086 et
1013 2033 1174 2086 nolite
1230 2048 1570 2102 cognoscere,
1627 2046 1753 2086 cum
1784 2030 2096 2100 hujusmodi

487 2123 820 2190 testimonia,
856 2124 1018 2178 etiam
1053 2125 1104 2178 in
1135 2122 1277 2178 LXX
1307 2122 1704 2191 luterpretibus
1732 2125 2090 2192 reperiamus,

493 2224 552 2269 ut
582 2224 664 2270 est
694 2215 824 2270 illud
857 2216 911 2270 iu
946 2216 1140 2270 Exodo
1170 2215 1315 2286 quod
1347 2215 1413 2270 ad
1462 2214 1800 2270 Pharaonem
1853 2213 2092 2269 dicitur:

487 2306 777 2374 Propterea
835 2309 1076 2363 suscitavi
1125 2319 1193 2372 to,
1230 2317 1284 2360 ut
1339 2305 1612 2362 ostendam
1657 2307 1710 2359 in
1756 2315 1807 2360 te
1856 2307 2098 2359 uirtutem

484 2419 647 2458 meam
680 2403 878 2475 (Exod.
910 2419 987 2468 ιιι,
1013 2403 1126 2474 16).
1160 2403 1216 2459 Si
1247 2411 1428 2457 autem
1463 2402 1580 2471 ipse
1609 2401 1910 2467 suscitavit,
1933 2409 1987 2454 et
2015 2399 2096 2452 in-

491 2494 707 2548 duravit
736 2509 832 2548 cor
876 2495 1178 2549 Pharaonis
1206 2509 1276 2547 ne
1306 2493 1557 2548 crederet
1594 2509 1606 2545 :
1635 2501 1689 2546 et
1718 2491 1788 2546 (le
1809 2490 1932 2546 aliis
1960 2489 2097 2545 dici-

485 2597 574 2642 tur
605 2605 619 2640 :
651 2586 810 2641 Dedit
841 2589 913 2642 eis
943 2586 1090 2641 Deus
1141 2587 1382 2658 spiritum
1423 2586 1860 2658 conpunctionis,
1893 2586 2092 2651 oculos,

481 2691 540 2736 ut
567 2697 669 2735 non
713 2683 940 2744 uideant,
972 2689 1018 2736 et
1073 2696 1247 2748 aures,
1281 2691 1338 2734 ut
1383 2697 1485 2734 non
1539 2679 1754 2735 audiant
1801 2678 1981 2752 (Rom.
2016 2693 2089 2746 χι,

482 2772 564 2844 8);
593 2783 646 2828 et
679 2774 732 2828 in
788 2773 1021 2827 Psalmis
1053 2790 1067 2827 :
1099 2770 1220 2826 Fiat
1276 2789 1450 2827 mensa
1498 2789 1674 2826 eorum
1717 2773 1771 2826 in
1830 2775 2091 2844 laqueum,

480 2874 528 2919 et
556 2865 612 2917 in
639 2865 946 2934 captionem,
976 2873 1022 2918 et
1053 2866 1106 2918 in
1134 2865 1461 2928 scandalum,
1494 2873 1543 2918 et
1567 2865 1620 2918 in
1645 2864 2040 2920 retributionem
2072 2882 2090 2916 .-

482 2956 820 3012 obscurentur
865 2958 1002 3012 oculi
1055 2974 1232 3012 eorum
1261 2975 1325 3012 ne
1366 2959 1588 3025 videant,
1623 2969 1673 3013 et
1725 2958 1882 3013 dorsa
1913 2974 2092 3014 eorum

477 3066 678 3120 semper
705 3053 920 3105 incurva
949 3049 1067 3122 (Ps.
1109 3067 1302 3119 vattt,
1336 3051 1428 3117 25,
1461 3049 1557 3123 24)
1591 3070 1603 3106 :
1631 3067 1737 3107 non
1765 3063 1892 3108 sunt
1925 3054 2000 3108 illi
2035 3055 2088 3108 in

2199 1855 2307 1895 non
2335 1839 2670 1902 videntibus,
2718 1855 2819 1894 nos
2849 1839 3096 1894 videmus
3124 1855 3138 1893 :
3171 1841 3278 1894 illis
3321 1839 3668 1904 cadentibus,
3700 1856 3798 1895 nos

2195 1932 2557 2004 resurgimus.
2597 1934 2753 1999 Quod
2778 1932 3092 2004 intelligens
3123 1931 3394 2002 Propheta
3441 1933 3802 2004 quodammo-

2194 2028 2264 2083 do
2287 2027 2413 2083 aliis
2437 2029 2621 2084 verbis
2649 2029 2785 2084 dicit
2818 2047 2830 2082 :
2855 2029 2900 2084 0
2933 2029 3184 2096 Domine,
3216 2028 3468 2099 prcecipis
3501 2027 3628 2083 mihi
3658 2027 3802 2100 loqui

2195 2123 2396 2193 populo
2425 2122 2760 2184 Iudaeorum,
2817 2131 2878 2176 ut
2924 2122 3166 2188 audiant,
3224 2131 3276 2177 et
3325 2137 3434 2177 non
3485 2121 3799 2191 intelligant

2194 2216 2560 2283 Salvatorem,
2601 2225 2655 2270 ct
2704 2214 2926 2270 videant
2970 2230 3118 2281 eum,
3168 2224 3221 2269 et
3275 2225 3383 2270 non
3443 2223 3798 2284 cognoscant.

2195 2306 2251 2363 Si
2281 2308 2360 2360 vis
2386 2307 2596 2376 impleri
2616 2306 2919 2375 iussionem
2941 2315 3111 2373 tuam,
3140 2315 3193 2361 ct
3217 2316 3390 2361 totum
3420 2305 3618 2361 salvari
3643 2321 3798 2360 mun-

2195 2398 2346 2465 dum,
2381 2398 2524 2470 quod
2549 2407 2606 2454 et
2626 2409 2730 2470 ego
2755 2398 2872 2455 ﬁeri
2912 2399 3187 2466 desidero,
3226 2408 3279 2453 tu
3342 2413 3552 2454 excmca
3582 2413 3679 2453 cor
3707 2412 3803 2468 po-

2195 2497 2306 2564 puli
2365 2495 2522 2566 hujus
2562 2504 2616 2550 et
2665 2507 2828 2550 aures
2877 2509 3150 2566 aggrava,
3208 2499 3264 2550 et
3318 2495 3506 2550 oculos
3552 2493 3750 2549 claude
3782 2537 3798 2563 ,

2196 2601 2265 2640 ne
2320 2587 2646 2656 intelligunt,
2709 2601 2779 2642 ne
2827 2586 3095 2654 audiant,
3158 2600 3224 2640 ne
3281 2584 3522 2640 videant.
3563 2584 3622 2639 Si
3653 2583 3800 2638 enim

2195 2679 2273 2734 illi
2339 2677 2617 2746 viderint,
2670 2689 2725 2734 et
2775 2678 3024 2734 conversi
3085 2678 3342 2745 fuerint,
3399 2685 3455 2732 et
3504 2675 3796 2732 intellexe-

2193 2773 2323 2840 rint,
2357 2782 2410 2829 et
2435 2774 2609 2828 sanati
2643 2775 2862 2840 fuerint,
2899 2784 3042 2829 totus
3068 2771 3303 2828 mundus
3335 2787 3440 2826 non
3464 2771 3694 2841 recipiet
3715 2785 3802 2827 sa-

2194 2863 2442 2920 nitatem.
2477 2865 2552 2920 Ex
2583 2881 2692 2938 quo
2736 2866 3241 2932 :mimadvertinms,
3266 2863 3513 2935 quamvis
3544 2875 3710 2934 grave
3732 2864 3802 2918 sit

2195 2970 2503 3029 peccatum,
2556 2961 2602 3015 si
2660 2960 2782 3030 quis
2832 2968 3204 3025 convertatur,
3239 2973 3363 3013 eum
3405 2969 3565 3027 posse
3596 2955 3797 3011 sanari.

2192 3053 2477 3123 Simulque
2517 3064 2574 3110 ct
2601 3055 2702 3111 hoc
2734 3055 3140 3126 intelligendum
3168 3053 3312 3126 quod
3344 3067 3440 3123 pro
3472 3049 3802 3123 magnitudi-

480 3145 638 3214 culpa
681 3144 771 3214 qui
803 3159 911 3198 non
944 3143 1170 3210 vident;
1232 3143 1328 3200 sed
1360 3143 1452 3199 ille
1483 3143 1572 3214 qui
1623 3144 1771 3200 dedit
1808 3145 1998 3200 oculos
2019 3143 2088 3200 ad
2115 3139 2159 3202 C
2195 3166 2262 3206 ne
2297 3151 2521 3206 sceleris
2552 3153 2714 3207 etiam
2765 3149 3082 3221 poenitentia
3139 3150 3350 3220 indigni
3389 3149 3617 3217 jutlicati
3665 3148 3798 3203 sint.

477 3255 587 3294 non
639 3239 950 3295 videndum.
1007 3239 1152 3309 Ergo
1213 3250 1268 3294 et
1316 3239 1522 3310 absque
1576 3239 1681 3294 hoc
1727 3240 2086 3306 testimonio,

477 3333 624 3404 quod
690 3348 834 3389 nunc
907 3349 1166 3389 conamur
1233 3349 1510 3404 exponere
1553 3375 1566 3398 ,
1641 3343 1828 3389 manet
1888 3333 2082 3390 eadem

467 3428 696 3499 quaestio
747 3429 802 3482 in
856 3427 1152 3491 Ecclesiis,
1206 3436 1262 3480 et
1316 3434 1411 3480 aut
1456 3441 1582 3480 cum
1643 3427 1744 3480 ista
1793 3426 2084 3482 solventur

475 3528 531 3574 et
583 3531 818 3585 creterra,
882 3527 979 3574 aut
1029 3534 1153 3574 cum
1219 3518 1431 3570 caeteris
1479 3526 1534 3570 et
1608 3515 1723 3571 huic
1785 3515 2085 3570 indi~solu~

476 3609 600 3665 bilis
660 3610 789 3664 erit.
835 3609 1038 3664 Locum
1097 3610 1258 3662 istum
1307 3608 1499 3662 beatus
1554 3607 1834 3676 apostolus
1889 3607 2086 3664 Paulus

476 3705 693 3774 plenius
722 3703 963 3772 eXplicat
985 3701 1050 3757 ad
1094 3701 1391 3767 Romanos,
1428 3710 1482 3755 et
1508 3699 1652 3770 quod
1683 3699 1774 3755 ille
1802 3717 1943 3771 pene
1972 3710 2084 3756 tota

474 3798 704 3867 epistola
732 3806 1054 3866 prosecutus
1091 3805 1197 3861 est,
1232 3809 1331 3850 nos
1367 3795 1700 3863 superﬂuum
1755 3794 2006 3860 facimus,
2037 3795 2085 3850 si

476 3889 816 3945 voluerimus
848 3889 998 3944 brevi
1031 3903 1284 3944 sermone
1312 3887 1801 3957 comprehendere.
1844 3887 1988 3942 Dicit
2025 3903 2086 3944 e-

475 3982 586 4037 nim
616 3990 740 4051 post
763 3981 930 4037 multa
967 4001 980 4034 :
1023 3979 1290 4035 Conclusit
1320 3977 1464 4034 Dens
1517 3980 1690 4032 omnia
1715 3987 1738 4016 ι
1764 3979 1816 4032 in
1844 3980 2084 4034 incredu-

480 4076 640 4143 litate,
674 4086 732 4130 ut
787 4075 1024 4130 omnibus
1081 4077 1383 4128 misereatur
1411 4069 1581 4144 (Rom.
1634 4087 1709 4137 st,
1739 4069 1854 4142 52).
1898 4070 2088 4126 Admi-

477 4184 718 4237 rausque
776 4169 988 4222 Domini
1015 4175 1361 4223 sacramenta
1416 4161 1717 4219 intulit:0
1769 4164 2085 4234 profundunt

477 4260 778 4312 divitiarum
801 4260 1090 4328 sapientia,
1123 4268 1171 4312 et
1201 4257 1427 4311 scientia
1479 4256 1594 4322 Dei,
1644 4272 1798 4326 quam
1828 4257 2086 4312 inscruta-

477 4350 603 4404 bilia
619 4350 823 4421 judicia
851 4353 999 4422 ejus,
1040 4361 1088 4404 et
1129 4348 1504 4419 iuvestigabiles
1535 4347 1651 4419 (Al.
1694 4349 2082 4423 ininvestigabi-

475 4444 572 4517 les]
601 4446 696 4500 uite
734 4449 866 4518 ejus.
908 4447 973 4499 Et
1016 4445 1210 4500 iterum
1245 4443 1314 4499 de
1351 4443 1664 4498 Judtcorum
1698 4445 2081 4501 incredulitate

2190 3244 2310 3315 Ipso
2343 3245 2570 3300 Domino
2625 3245 2839 3301 dicente
2892 3243 2959 3300 ad
3011 3245 3362 3300 Jerusalem:
3401 3243 3614 3310 Quoties
3663 3241 3801 3296 uolui

2187 3353 2497 3410 congregare
2539 3336 2676 3400 ﬁlios
2726 3347 2862 3404 tuos,
2905 3337 3037 3390 sicut
3087 3335 3289 3408 gallina
3339 3336 3513 3407 pullos
3560 3339 3654 3390 sub
3684 3335 3796 3388 alas

2186 3446 2330 3493 suas,
2363 3439 2409 3483 et
2440 3430 2657 3484 noluisti
2687 3427 2904 3501 (Matth.
2930 3445 3083 3497 χχιιι,
3105 3428 3219 3500 ³57).
3300 3420 3310 3438 ’

2261 3522 2444 3594 (Vers.
2482 3521 2700 3592 Ηοιὸ.)
2734 3520 2801 3576 Εῑ
2837 3522 2966 3589 dixi,
3003 3539 3260 3594 usquequo
3281 3518 3498 3578 Domine
3519 3522 3608 3578 ?et
3641 3523 3792 3592 dixit,

2189 3611 2349 3666 donec
2371 3612 2669 3667 desolentnr
2685 3614 2914 3668 ciritates
2936 3615 3122 3685 absque
3166 3615 3468 3683 habitatore,
3522 3626 3570 3670 et
3616 3617 3797 3671 domus

2185 3705 2296 3759 sine
2350 3703 2666 3770 hominibus,
2705 3717 2750 3760 et
2771 3716 2908 3760 terra
2939 3707 3264 3776 relinquatur
3294 3705 3516 3760 deserta.
3546 3705 3616 3760 Ει
3645 3707 3798 3778 longe

2187 3794 2338 3866 [adet
2363 3793 2621 3851 Dominus
2659 3798 2911 3860 homines,
2962 3807 3007 3852 et
3047 3797 3478 3868 mnltiplicabitur
3507 3813 3623 3868 quia
3653 3799 3798 3852 dere-

2187 3890 2307 3943 licta
2347 3894 2517 3960 fuerat
2541 3891 2597 3944 in
2626 3892 2796 3946 medio
2839 3900 3010 3946 terrm.
3043 3890 3111 3945 Et
3139 3890 3313 3945 adhuc
3351 3892 3402 3945 in
3434 3904 3496 3945 ea
3522 3892 3624 3946 erit
3660 3891 3797 3945 deci-

2189 3983 2366 4048 ntatio,
2389 3992 2435 4036 et
2464 3997 2670 4038 rursum
2693 3986 2790 4039 erit
2819 3985 2870 4038 in
2903 3984 3358 4056 deprtedationem,
3403 3985 3534 4039 sicut
3575 3983 3798 4038 terebin-

2186 4074 2324 4142 thus,
2355 4086 2403 4132 et
2429 4078 2559 4131 sicut
2589 4093 2808 4150 quercus
2833 4095 2947 4148 qua!
2985 4079 3203 4147 proiecit
3231 4081 3432 4152 fructus
3472 4091 3628 4148 suos,
3669 4095 3794 4132 san-

2187 4179 2322 4224 ctum
2349 4188 2517 4226 semen
2539 4173 2630 4226 erit
2653 4171 2793 4243 quod
2821 4171 3016 4226 steterit
3049 4172 3101 4224 in
3136 4188 3218 4226 ea.
3249 4171 3473 4226 Dicente
3510 4171 3744 4226 Domino
3775 4186 3791 4225 :

2187 4263 2351 4328 Vade,
2384 4275 2438 4319 et
2463 4264 2548 4318 dic
2574 4264 2931 4335 populohu‘ic,
2969 4264 3112 4335 quod
3141 4264 3328 4320 audiat
3359 4271 3416 4318 et
3444 4273 3552 4318 non
3579 4263 3788 4328 audiat,

2187 4355 2364 4411 videat
2384 4367 2438 4412 et
2463 4357 2620 4428 ιοο
2647 4372 2752 4413 non
2780 4358 2980 4412 videat.
3011 4357 3220 4413 Idcirco
3248 4366 3425 4412 autem
3458 4367 3559 4412 nec
3585 4356 3792 4423 audiat,

2186 4463 2286 4503 nec
2302 4448 2500 4503 videat:
2515 4452 2638 4520 quia
2656 4462 2763 4504 non
2781 4450 2852 4502 sit
2869 4450 3252 4506 intellecturus
3263 4450 3430 4505 verba
3445 4447 3793 4515 Domini,uec

477 4536 765 4605 disiiutans
789 4539 867 4591 ait
899 4555 912 4591 :
944 4536 1218 4608 Numquid
1245 4537 1319 4591 sic
1342 4548 1706 4607 peccauerunt,
1741 4548 1795 4592 ut
1816 4538 2086 4594 caderent?
2109 4529 2166 4592 D
2191 4542 2308 4612 ejus
2337 4557 2502 4612 opera
2533 4545 2852 4614 cogniturus
2881 4587 2895 4613 ,
2928 4555 2984 4601 et
3012 4547 3270 4615 quoniam
3299 4546 3634 4600 incrassatus
3666 4555 3750 4600 est
3775 4585 3791 4612 ,

476 4631 643 4697 absit;
666 4632 756 4686 sed
783 4631 997 4686 illorum
1021 4633 1208 4686 delicto
1254 4632 1400 4686 salus
1427 4634 1652 4702 gentium
1676 4633 1819 4702 ﬁeret
1840 4634 1909 4686 ad
1925 4649 2085 4688 armu-

473 4724 690 4781 landum
717 4743 802 4780 eos
822 4725 998 4796 (Rom.
1031 4742 1105 4792 χι,
1137 4726 1246 4792 Η).
1280 4725 1347 4780 Et
1369 4735 1494 4794 post
1515 4725 1787 4779 modicum
1820 4742 1832 4777 :
1861 4725 1922 4779 Si
1949 4727 2084 4779 enim

475 4817 694 4890 abjectio
745 4836 924 4873 eorum
970 4817 1331 4874 reconciliatio
1378 4817 1585 4882 mundi,
1635 4833 1752 4885 qua?
1800 4821 2084 4890 assumptio

474 4912 691 4964 eorum?
718 4927 886 4964 nonne
905 4912 1006 4964 vita
1023 4927 1087 4965 ea:
1117 4912 1382 4966 mortuis?
1409 4910 1478 4964 Et
1497 4910 1692 4965 iterum
1728 4928 1742 4964 :
1777 4907 1918 4966 Nolo
1941 4913 2076 4966 enim

473 5019 561 5058 vos
592 5005 851 5073 ignorare.
884 5008 1093 5073 fratres,
1124 5005 1426 5075 mysterium
1453 5005 1573 5072 hoc,
1622 5014 1680 5058 ut
1722 5019 1827 5059 non
1856 5006 1966 5060 sitis
1987 5023 2076 5060 vo-

477 5098 786 5167 bismetipsis
818 5097 1120 5168 prudentes,
1160 5100 1284 5168 quia
1307 5101 1517 5154 recitas
1548 5117 1620 5156 ea:
1646 5110 1793 5171 parte
1818 5103 1954 5174 facta
2003 5112 2076 5157 est

469 5191 523 5246 in
554 5191 746 5256 Israel,
802 5192 964 5245 donec
1009 5191 1278 5260 plenitudo
1321 5194 1548 5262 gentium
1591 5194 1828 5257 introeat,
1869 5204 1924 5250 et
1955 5206 2077 5250 tunc

471 5285 637 5338 omnis
669 5280 839 5338 Israel
879 5284 1051 5338 salvus
1081 5285 1196 5354 ﬁat.
1225 5284 1292 5338 Et
1333 5293 1449 5354 post
1479 5286 1752 5354 muluium
1787 5287 1966 5358 (Rom.
1997 5304 2070 5356 ιι,

469 5375 581 5445 25);
611 5375 778 5431 Juxta
827 5374 1169 5451 Evangelium
1215 5377 1423 5448 quidem
1469 5377 1669 5432 inimici
1693 5391 1908 5450 propter
1959 5395 2070 5446 vos,

461 5473 618 5541 juxta
661 5470 962 5528 electionem
995 5483 1168 5528 autem
1198 5473 1376 5528 dilecti
1401 5480 1613 5544 propter
1630 5481 1806 5543 patres
1835 5489 1852 5527 :
1881 5473 2072 5544 absque

547 5678 800 5743 aVatic.,
859 5675 1032 5730 omnia
1067 5673 1160 5728 sub
1215 5683 1438 5740 peccato,
1489 5682 1568 5738 ut,
1610 5682 1742 5740 etc.,
1794 5670 2064 5728 renitente

470 5743 661 5810 Graeco
694 5756 863 5817 testu,
895 5749 1120 5817 ipsoque
1147 5743 1371 5815 Vulgato
1403 5744 1716 5815 interprete.

2192 4647 2244 4691 et
2289 4636 2547 4691 dilatatus
2571 4678 2586 4702 ,
2617 4648 2670 4691 et
2703 4637 2903 4694 oblitus
2949 4637 3230 4696 Creatoris
3271 4639 3352 4696 sui
3379 4636 3563 4711 (Deut.
3594 4642 3790 4712 sum).

2192 4727 2218 4766 δ
2242 4727 2513 4799 Propheta
2545 4730 2863 4800 reSpondet,
2899 4741 2953 4788 et
2983 4735 3180 4804 quaerit
3201 4730 3464 4788 sollicitus
3492 4727 3563 4788 de
3591 4732 3791 4804 populo

2191 4836 2325 4876 suo:
2359 4819 2672 4892 Usquequo,
2699 4821 2949 4890 Domine,
2985 4824 3101 4879 haec
3131 4825 3398 4880 sententia
3424 4823 3787 4895 permanebit,

2184 4927 2240 4971 ut
2272 4916 2496 4972 audiens
2526 4932 2633 4972 non
2680 4919 2900 4985 audiat,
2945 4919 3244 4989 vidensque
3277 4935 3382 4974 non
3425 4919 3645 4974 videat?
3688 4915 3789 4974 Cui

2183 5010 2464 5081 respondit
2497 5011 2788 5080 Dominus,
2823 5012 3027 5068 tamdiu
3059 5028 3164 5066 non
3195 5012 3396 5076 audiet,
3421 5021 3475 5068 et
3501 5020 3608 5066 nan
3639 5011 3792 5068 vide-

2185 5105 2262 5160 bi‘t
2292 5148 2304 5171 ,
2332 5115 2386 5161 et
2415 5116 2748 5162 cuca-catum
2775 5105 2998 5161 habebit
3038 5114 3134 5160 cor
3160 5147 3174 5172 ,
3201 5104 3376 5161 donec
3403 5104 3658 5160 civitates
3686 5102 3789 5159 Ju-

2183 5197 2335 5264 dazzr,
2366 5198 2699 5268 Vespasiano
2730 5199 2960 5269 Titoque
2989 5199 3373 5268 pugnantibus,
3409 5199 3633 5268 penitus
3657 5198 3789 5253 sub-

2184 5298 2484 5354 vertantur,
2511 5289 2563 5344 in
2595 5298 2801 5344 tantum
2835 5298 2892 5344 tit
2919 5305 2988 5346 ne
3016 5305 3212 5347 nomen
3244 5290 3534 5362 pristinum
3557 5289 3790 5361 quidem

2181 5391 2497 5451 permaneat
2523 5426 2536 5450 ,
2568 5393 2622 5440 et
2651 5383 2844 5439 domus
2873 5384 2918 5439 si
2949 5400 3069 5456 qua:
3100 5387 3502 5452 remanserint,
3535 5386 3660 5444 sine
3683 5383 3794 5440 ha-

2180 5473 2416 5530 bitatore
2445 5475 2555 5532 sitit
2577 5519 2591 5543 ,
2626 5483 2682 5533 et
2712 5486 2853 5532 terra
2886 5477 3168 5552 redigatur
3213 5480 3264 5534 in
3307 5471 3656 5536 solitudinem
3683 5494 3698 5546 ;
3731 5481 3791 5535 et

2246 5671 2417 5751 {Duo
2449 5691 2604 5751 mss,
2628 5686 2911 5751 prapterea
2935 5677 3214 5751 respondit.
3257 5677 3381 5735 llaec
3417 5693 3548 5735 vero
3579 5694 3646 5736 cx
3674 5679 3791 5738 Eu-

2179 5744 2354 5815 scbio,
2373 5747 2469 5802 sed
2505 5744 2749 5816 pluribus
2775 5744 3174 5808 adiuuantur.
