4008 6286
485 244 590 302 105

1713 241 1773 298 S.
1817 240 2088 299 EUSEBII
2126 240 2508 299 HIERONYMI

3689 243 3800 302 104

487 357 730 428 egredere
764 356 816 410 in
849 371 1119 410 occursum
1167 355 1364 422 Achaz,
1399 361 1454 409 tu
1493 365 1540 410 et
1577 357 1667 426 qui
1703 357 1980 413 derelictus
2009 369 2080 412 est
2109 363 2157 421 Α
2187 361 2270 416 rio
2292 361 2646 431 subjugarent
2672 379 2686 416 :
2717 369 2774 415 et
2813 368 3247 431 superponerent
3288 359 3337 415 ei
3384 373 3570 431 regem
3615 359 3792 415 ﬁlium

487 450 651 504 Jasub
681 451 823 518 ﬁlius
853 461 988 514 tuus,
1021 449 1091 502 ad
1135 460 1420 505 extremum
1458 465 1605 521 aqua:
1643 450 1824 504 ductus
1873 452 2087 522 piscina:

487 544 786 612 superioris,
808 544 860 596 in
892 543 972 596 ria
999 543 1111 613 agri
1145 543 1383 612 fullonis.
1409 542 1476 596 Et
1500 542 1639 596 dices
1667 543 1735 596 ad
1759 559 1878 597 eum
1904 560 1923 598 :
1959 543 2087 597 Vide

487 647 541 690 ut
571 634 745 698 sileas,
775 632 882 687 noli
914 635 1112 699 timere,
1141 645 1190 688 et
1217 651 1308 688 cor
1350 644 1494 688 tuum
1541 651 1607 687 ne
1637 634 1875 704 formidet
1897 652 1928 686 a
1954 635 2086 688 dua-

486 729 578 783 bus
599 728 777 782 caudis
801 729 1040 782 titionum
1071 728 1446 798 fumigantium
1471 728 1715 794 istorum,
1746 728 1800 781 in
1828 728 1907 781 ira
1935 731 2084 796 furo-

483 824 553 877 ris
579 822 764 886 thsitt,
799 831 845 875 et
883 822 1078 892 Syriae,
1121 832 1167 875 et
1199 820 1296 890 ﬁlii
1340 820 1614 886 Romelite,
1647 838 1705 875 eo
1749 822 1888 892 quod
1919 821 2087 874 consi-

485 918 616 971 lium
647 917 822 969 inierit
849 928 1029 969 contra
1049 925 1095 969 te
1117 914 1273 986 Syria
1303 917 1602 988 pessimum,
1637 913 1914 983 Epitraim,
1947 926 1992 968 et
2023 917 2085 986 ﬁ-

482 1010 581 1064 lius
612 1007 881 1074 Romeliw,
901 1007 1124 1062 dicentes
1148 1024 1166 1062 :
1197 1009 1545 1062 Ascendamus
1570 1008 1638 1061 ad
1659 1009 1877 1074 ludam,
1901 1018 1945 1062 et
1975 1026 2089 1062 sus-

482 1100 698 1155 citemus
745 1117 882 1164 eum,
933 1109 981 1154 et
1019 1099 1296 1154 evellamus
1340 1118 1456 1154 eum
1500 1101 1567 1153 ad
1594 1118 1708 1166 nos,
1741 1111 1789 1154 et
1832 1116 2087 1170 ponamus

481 1211 652 1267 regem
683 1194 736 1246 in
759 1193 926 1247 medio
953 1196 1066 1264 ejus
1093 1193 1264 1263 ﬁlium
1288 1191 1495 1248 Tabeel.
1522 1192 1654 1247 Htec
1682 1192 1806 1246 dicit
1836 1191 2087 1246 Dominus

490 1284 648 1349 Deus,
681 1303 784 1339 non
811 1285 988 1348 stabit,
1030 1294 1078 1338 et
1119 1301 1221 1337 non
1251 1285 1346 1337 erit
1392 1284 1556 1349 istud,
1592 1283 1683 1337 sed
1713 1293 1869 1352 caput
1912 1283 2088 1353 Syria:

486 1379 771 1433 Damascus
795 1388 841 1433 et
868 1388 1024 1447 caput
1058 1377 1303 1432 Damasci
1337 1377 1518 1444 Rasin,
1542 1386 1586 1430 et
1615 1377 1793 1431 adhuc
1821 1379 2086 1448 sexaginta

484 1481 537 1526 et
582 1472 806 1542 quinque
840 1471 995 1544 103
1023 1472 1167 1536 anni,
1197 1482 1242 1524 el
1265 1470 1460 1525 desinet
1487 1469 1739 1540 Ephraim
1765 1486 1874 1525 esse
1917 1487 2086 1541 popu-

485 1562 588 1618 lus.
607 1561 674 1616 Et
688 1576 842 1629 caput
868 1563 1121 1630 Ephraim
1148 1563 1478 1630 Samaria,et
1491 1572 1646 1634 caput
1669 1562 1924 1618 Samaria’
1946 1564 2086 1630 ﬁlius

484 1654 754 1710 Rontelta’.
788 1655 848 1711 Si
877 1673 980 1710 non
1001 1655 1348 1721 credideritis,
1378 1672 1481 1708 non
1513 1654 1895 1725 permanebitis.
1919 1653 2088 1708 Jasub

2190 453 2414 519 'l'abccl,
2448 455 2538 524 qtti
2580 454 2970 524 interpretatur
3013 453 3175 508 bonus
3207 451 3372 518 Deus,
3406 461 3465 506 ut
3492 451 3577 507 vel
3608 451 3794 506 [tomi-

2190 546 2449 601 nem'ltoc
2481 547 2728 613 nomine,
2757 548 2841 601 vel
2868 547 3072 601 idolum
3095 546 3556 602 demonstrarent.
3582 545 3792 603 Tamen

2191 639 2306 694 lucc
2330 639 2464 695 dicit
2493 639 2754 694 Dominus
2789 639 2948 712 ιω
2977 639 3122 695 Deus
3152 657 3165 694 :
3193 639 3310 694 Non
3334 637 3498 694 stabit
3523 637 3628 694 hoc
3652 652 3791 693 con-

2188 730 2392 794 silium,
2437 731 2532 786 scd
2565 731 2786 787 interim
2833 733 2994 787 modo
3029 744 3190 799 caput
3217 731 3388 803 Syria:
3417 730 3634 786 urbium
3677 731 3784 786 erit

2192 825 2509 890 Damascus,
2542 833 2596 880 et
2626 827 2678 879 in
2726 826 2838 896 ipsa
2869 825 3158 896 metropoli
3191 825 3456 879 Damasco
3497 823 3792 894 imperabit

2190 918 2376 972 Rasin.
2411 919 2582 974 Porro
2631 919 2685 972 in
2723 919 2982 988 Epltraim
3025 927 3252 989 propter
3278 917 3568 972 Jeroboam
3615 916 3790 972 ﬁlium

2187 1009 2425 1077 Nabatlt,
2459 1011 2548 1081 qui
2582 1013 2791 1080 primus
2814 1010 3060 1081 regnavit
3091 1011 3160 1066 de
3186 1009 3469 1081 Ephraim,
3495 1011 3598 1065 erit
3627 1019 3791 1080 caput

2188 1103 2457 1169 Samaria,
2485 1102 2589 1158 hoc
2616 1112 2721 1168 est,
2767 1103 2916 1174 regia
2954 1104 3152 1158 domus
3181 1104 3232 1157 in
3266 1103 3398 1158 urbe
3427 1102 3704 1166 Samaria,
3737 1111 3792 1158 et

2189 1196 2448 1251 Samaria:
2470 1205 2633 1266 caput
2671 1197 2775 1250 erit
2819 1196 2960 1250 ﬁlius
2991 1195 3276 1259 Romelite,
3318 1195 3368 1249 id
3403 1203 3510 1259 est,
3537 1194 3790 1250 Pbacce:

2189 1305 2415 1360 regnum
2435 1299 2615 1344 autem
2639 1289 2830 1346 decem
2855 1290 3114 1353 tribuum,
3135 1289 3185 1343 id
3204 1298 3308 1354 est,
3328 1287 3507 1358 populi
3531 1288 3789 1356 Epltraint

2191 1392 2315 1454 post
2339 1385 2618 1454 sexaginta
2643 1395 2696 1440 et
2733 1385 2976 1454 quinque
3000 1398 3172 1439 annos
3195 1398 3319 1438 esse
3351 1383 3608 1438 cessabit.
3635 1382 3786 1450 Quod

2189 1479 2290 1533 nisi
2319 1479 2634 1549 diligentius
2657 1480 3018 1543 attendamus,
3046 1492 3193 1535 Stare
3216 1494 3325 1533 non
3352 1479 3577 1549 poterit.
3596 1489 3621 1516 α
3652 1480 3790 1532 Duo.

2191 1572 2406 1626 decimo
2428 1572 2572 1626 enim
2600 1588 2747 1627 anno
2771 1573 2954 1629 Achaz
2984 1573 3081 1628 ﬁlii
3105 1573 3353 1628 Joatham
3380 1575 3431 1627 in
3462 1572 3604 1628 tribu
3627 1571 3788 1638 Juda,

2192 1671 2440 1734 regnavit
2465 1665 2604 1720 Osee
2635 1681 2799 1736 super
2829 1666 3153 1732 Samariam,
3181 1675 3236 1720 et
3266 1680 3413 1720 nono
3436 1680 3581 1720 anno
3614 1665 3788 1734 impe-

484 1749 830 1816 ﬁliuslsaiaz,
861 1751 951 1820 qui
991 1749 1382 1819 interpretatur
1410 1748 1642 1817 reliquus
1673 1761 1834 1819 atque
1867 1764 2082 1802 cont-er-
2116 1759 2161 1818 Β
2191 1759 2256 1814 τῆξ
2296 1760 2379 1814 sui
2426 1766 2616 1828 captus
2643 1771 2728 1815 est
2775 1760 2865 1833 (IV
2903 1761 3031 1834 Reg.
3088 1758 3244 1831 μνη).
3295 1759 3564 1829 Regnavit
3609 1769 3789 1814 autem

483 1852 612 1909 tens,
646 1844 698 1897 in
727 1851 916 1914 typum
951 1844 1131 1912 populi
1160 1842 1322 1908 Juda,
1355 1843 1445 1913 qui
1477 1850 1597 1896 erat
1624 1842 1692 1896 de
1720 1841 1952 1896 duorutu
1997 1857 2083 1896 re-

484 1951 613 2006 gum
661 1934 914 1990 manibus
963 1934 1306 1998 liberandus,
1335 1934 1559 2003 jubetttr
1595 1934 1781 2003 egredi
1821 1949 1942 1988 cum
1987 1950 2080 2003 pa-

483 2038 673 2092 rente,
698 2037 752 2081 et
783 2041 1076 2081 occurrere
1109 2025 1291 2080 Achaz
1321 2025 1434 2094 regi
1462 2024 1620 2080 .ludte
1668 2025 1720 2079 itt
1755 2026 1874 2078 loco
1901 2039 2081 2095 aquae-

485 2120 680 2176 dnctus
714 2120 939 2189 piscina:
988 2119 1309 2187 superioris,
1354 2119 1406 2172 in
1437 2118 1520 2172 via
1562 2119 1677 2188 agri
1714 2117 1958 2182 fullonis,
1993 2117 2082 2173 ubi

484 2225 673 2282 postea
725 2213 916 2268 lecturi
945 2227 1157 2279 sumus,
1200 2213 1303 2268 sub
1339 2212 1572 2268 Ezecbia
1604 2228 1732 2284 rege
1769 2211 1904 2268 Juda
1936 2224 2082 2268 stare

482 2303 811 2370 Rabsacem,
845 2317 900 2359 et
930 2321 994 2360 ex
1031 2314 1303 2374 prmcepto
1334 2305 1711 2360 Sennacherib
1742 2305 1887 2375 regis
1919 2305 2083 2374 Assy-

481 2397 686 2451 riorum
718 2396 814 2452 Dei
862 2397 1121 2468 pOpqum
1174 2397 1576 2466 blaSpltemare.
1615 2397 1670 2450 lu
1699 2412 1860 2467 quem
1903 2397 2081 2451 locum

479 2490 690 2559 egressi
731 2499 879 2556 sunt,
913 2491 1063 2544 missi
1107 2490 1176 2543 ab
1211 2490 1438 2544 Ezecltia
1491 2490 1772 2559 principes
1817 2490 2080 2556 civitatis,

483 2599 622 2653 quos
672 2585 724 2638 in
766 2583 976 2654 Regum
1028 2583 1306 2637 volumine
1359 2583 1608 2654 legimus.
1653 2583 2086 2655 Praecipitnrque

481 2676 667 2731 Achaz
702 2675 788 2747 (IV
826 2675 954 2748 Reg.
991 2677 1168 2744 xvttt),
1197 2677 1447 2746 quamvis
1478 2675 1644 2746 impio
1689 2679 1825 2746 regi,
1862 2685 2084 2747 propter

483 2769 704 2824 Domini
756 2768 1211 2834 misericordiam,
1259 2778 1318 2823 ut
1368 2780 1492 2838 agat
1535 2770 1848 2834 silentium,
1889 2782 2083 2826 etnon

481 2872 778 2928 terreatur,
826 2877 1003 2933 neque
1035 2861 1292 2916 formidet
1332 2877 1428 2916 cor
1458 2863 1602 2932 ejus,
1638 2876 1834 2932 putans
1865 2877 1924 2918 se
1957 2878 2081 2933 pas-

482 2974 670 3014 surum
716 2957 914 3012 similia
953 2973 1074 3026 qua:
1127 2959 1282 3028 prius
1312 2957 1672 3012 sustinuerat.
1708 2959 1852 3012 Duas
1902 2967 2082 3014 autem

483 3056 685 3110 caudas
719 3054 994 3117 titionum,
1024 3052 1075 3107 id
1101 3063 1204 3118 est,
1231 3053 1460 3108 torrium
1488 3052 1892 3124 l'nmigantium,
1927 3062 2084 3109 vocat

2186 1852 2368 1906 Acltaz
2389 1867 2556 1922 super
2581 1851 2774 1907 .ludam
2805 1854 2960 1908 annis
2979 1853 3218 1909 sedecim
3245 1853 3338 1924 (IV
3362 1853 3490 1924 Reg.
3516 1855 3651 1924 ιη),
3671 1859 3791 1922 post

2186 1945 2341 2015 cujus
2364 1955 2594 2001 mortem
2624 1947 2858 2014 septimo
2887 1962 3033 2000 anno
3065 1945 3285 2014 imperii
3313 1945 3397 2000 Sui
3429 1943 3456 1984 δ
3490 1957 3684 2014 captus
3710 1953 3792 2001 est

2187 2037 2354 2105 Osee,
2401 2045 2456 2092 et
2496 2037 2776 2092 destructa
2818 2037 3084 2104 Samaria,
3113 2038 3402 2108 omnisque
3434 2038 3670 2108 populus
3709 2048 3791 2094 est

2187 2129 2537 2185 transductus
2569 2131 2620 2184 itt
2655 2130 2839 2185 Medos
2868 2148 2880 2182 :
2915 2131 2988 2184 ita
3021 2138 3079 2182 ttt
3105 2131 3149 2184 si
3179 2130 3516 2184 voluerimus
3547 2131 3791 2185 sedecim

2187 2237 2360 2277 annos
2417 2224 2622 2289 Acbaz,
2663 2232 2718 2278 et
2751 2231 2960 2294 septem
3005 2224 3144 2278 Osee
3197 2239 3427 2294 ponere,
3478 2223 3790 2279 efﬁciantur

2187 2317 2316 2371 anni
2349 2316 2536 2386 viginti
2573 2325 2708 2382 tres,
2743 2325 2838 2369 aut
2869 2326 2925 2370 ut
2949 2317 3206 2380 multum,
3238 2316 3428 2386 viginti
3462 2326 3482 2354 (ε
3518 2328 3789 2386 quatuor;

2187 2420 2242 2467 et
2274 2411 2365 2466 ubi
2397 2420 2558 2466 erunt
2605 2411 2908 2480 seXagittta,
2953 2423 3007 2465 et
3040 2411 3281 2480 quinque
3311 2409 3459 2473 anni,
3494 2411 3545 2463 in
3594 2409 3791 2478 quibus

2188 2519 2414 2574 regnum
2446 2503 2610 2559 Israel
2630 2503 2828 2558 dicitur
2848 2502 3185 2557 ﬁniendum?
3217 2502 3384 2572 Igitur
3406 2500 3620 2556 Hebrtei
3649 2501 3791 2557 hunc

2189 2595 2370 2653 locum
2420 2595 2492 2648 ita
2531 2596 2866 2659 edisserunt,
2921 2605 2976 2650 ut
3009 2598 3175 2649 Amos
3213 2595 3302 2663 qui
3343 2593 3443 2648 sub
3479 2593 3608 2648 Ozia
3647 2595 3793 2662 cepit

2189 2689 2543 2759 prophetare,
2573 2687 2790 2759 quando
2816 2699 2870 2742 et
2911 2687 3081 2741 Isaias
3129 2685 3429 2757 prophetiae
3457 2702 3568 2740 suae
3601 2686 3792 2741 habuit

2189 2780 2497 2846 exordium,
2540 2781 2750 2848 primus
2782 2781 3195 2851 propltetaverit
3224 2789 3415 2834 contra
3451 2779 3617 2834 Israel
3640 2822 3655 2844 ,
3704 2781 3792 2834 di-

2189 2891 2318 2930 cens
2349 2895 2364 2930 :
2399 2874 2567 2929 Israel
2613 2885 2787 2929 autem
2835 2877 3069 2946 captivus
3122 2874 3338 2927 ducetur
3388 2874 3452 2927 de
3507 2885 3645 2927 terra
3695 2891 3793 2928 sua

2192 2966 2371 3039 (Amos
2401 2983 2495 3032 vn,
2552 2967 2634 3034 II,
2685 2968 2796 3038 17).
2827 2966 3038 3021 Titulus
3087 2982 3306 3036 quoque
3338 2965 3640 3036 prophetiae
3673 2966 3790 3036 ejus

2191 3068 2381 3116 contra
2413 3061 2716 3116 Samariam
2740 3061 2811 3113 sit
2837 3077 2849 3112 :
2884 3070 2936 3114 et
2967 3060 3298 3129 prOpItetare
3326 3061 3555 3126 carperit
3584 3059 3636 3112 in
3671 3060 3792 3113 die-

489 3150 658 3205 Rasin
706 3165 888 3220 regem
935 3149 1133 3221 Syrim,
1163 3157 1216 3203 et
1244 3148 1456 3204 Pltacee
1505 3150 1674 3202 ﬁlium
1707 3147 1970 3202 Rontelitn
1997 3165 2082 3204 rc-
2113 3159 2157 3222 ρ
2189 3155 2292 3209 bus
2319 3153 2465 3210 Ozite
2494 3154 2638 3224 regis
2665 3153 2801 3208 Juda
2845 3163 2972 3207 ante
2999 3154 3137 3206 duos
3166 3166 3341 3206 annos
3382 3161 3542 3206 tet-rte
3581 3162 3786 3219 motus,

481 3261 604 3317 gem
623 3245 910 3312 Samarim,
931 3260 997 3300 eo
1021 3245 1168 3315 quod
1193 3245 1244 3298 in
1275 3245 1380 3298 illis
1406 3245 1616 3298 tinnitum
1638 3245 1952 3314 sitregnum
1981 3243 2084 3314 Sy~

480 3339 599 3404 rite,
625 3337 677 3393 id
705 3349 812 3403 est,
844 3337 1116 3405 Damasci,
1171 3346 1229 3391 et
1272 3351 1498 3407 regnum
1544 3335 1832 3404 Samarire,
1882 3334 1936 3390 id
1974 3345 2080 3402 est,

480 3430 666 3486 decem
719 3430 1000 3494 tribuum,
1055 3444 1178 3499 quae
1229 3428 1338 3482 alio
1394 3428 1618 3482 nomine
1666 3428 2084 3497 appellabantur

480 3521 761 3589 Ephraim.
811 3522 1092 3590 Scriptum
1136 3528 1222 3574 est
1264 3520 1410 3573 enim
1467 3518 1554 3587 (IV
1607 3518 1736 3589 Reg.
1770 3518 1887 3589 xvt)
1936 3520 2081 3589 quod

485 3611 1048 3681 Tlteglatltpbalassar
1079 3625 1172 3666 rex
1205 3611 1576 3680 Assyriorum,
1611 3613 1714 3664 sub
1745 3626 1872 3680 rege
1902 3611 2083 3666 Acltaz

483 3705 802 3762 ascenderit
848 3705 904 3758 in
955 3705 1317 3769 Damascum,
1375 3714 1431 3758 et
1479 3703 1781 3757 vastaverit
1831 3719 1972 3771 eam,
2029 3715 2083 3760 et

484 3799 836 3855 transtulerit
862 3797 1204 3853 habitatores
1243 3797 1364 3868 ejus
1394 3796 1690 3868 Cyrettem,
1719 3810 1766 3851 et
1794 3795 1958 3851 Rasin
2003 3797 2084 3851 itt-

484 3892 806 3950 terl'eccrit:
839 3901 896 3948 et
933 3891 1077 3962 qttod
1112 3892 1411 3948 tetenderit
1458 3891 1684 3946 insidias
1729 3891 1941 3946 Pltacee
1969 3890 2083 3946 ﬁlio

483 3989 771 4055 Romelim,
801 3989 942 4044 Osee
975 3987 1116 4042 ﬁlius
1145 3987 1268 4052 Ela,
1291 3997 1348 4042 et
1377 3987 1712 4058 percusserit
1737 4003 1883 4054 eum,
1917 3996 1969 4043 et
2003 3988 2084 4041 in-

483 4083 784 4146 terlecerit.
809 4093 865 4137 et
891 4079 1205 4152 regnaverit
1237 4095 1334 4150 pro
1375 4079 1471 4134 illo
1502 4079 1555 4134 in
1600 4079 1768 4134 Israel
1791 4081 1946 4134 annis
1984 4094 2084 4134 no-

485 4194 604 4233 vem
635 4195 648 4230 :
681 4185 739 4231 et
768 4176 914 4246 quod
948 4175 1534 4231 veneritSalmanasar
1561 4188 1655 4227 rex
1689 4176 1881 4238 Assur,
1906 4183 1961 4228 et
1981 4175 2079 4228 ob-

485 4267 695 4324 sederit
717 4267 1020 4320 Samariam
1040 4307 1054 4326 .
1083 4281 1205 4336 quae
1222 4281 1367 4322 nunc
1392 4265 1622 4322 Sebaste
1643 4275 1889 4332 vocatur,
1911 4267 2082 4323 tribus

484 4363 678 4418 annis:
712 4370 772 4416 et
801 4374 945 4415 nono
971 4374 1115 4415 anno
1139 4360 1290 4431 regni
1319 4361 1460 4416 Osee
1486 4361 1696 4428 ceperit
1732 4376 1850 4416 eam
1873 4405 1886 4423 ,
1923 4362 2077 4416 vinc-

481 4467 710 4528 tumque
757 4458 899 4513 Osee
955 4457 1008 4513 in
1058 4472 1337 4514 carcerem
1386 4456 1622 4524 ntiserit,
1647 4469 1703 4514 et
1743 4457 2077 4513 transtulerit

2186 3261 2347 3314 quem
2398 3247 2584 3298 volunt
2633 3259 2698 3300 eo
2748 3254 2993 3312 tempore
3035 3244 3320 3308 accidisse,
3351 3259 3458 3314 quo
3505 3243 3787 3314 ingressus

2185 3339 2345 3394 Ozias
2377 3341 2428 3393 in
2455 3339 2740 3409 Templum
2765 3339 2886 3406 Dei,
2913 3340 3014 3394 sibi
3053 3339 3416 3394 sacerdotium
3441 3338 3785 3407 vendicabat,

2184 3441 2240 3487 et
2270 3441 2412 3486 terra
2447 3447 2703 3502 percussa
2735 3440 2840 3496 est,
2868 3443 2922 3486 et
2949 3433 3169 3486 cineres
3206 3431 3400 3486 altaris
3436 3431 3599 3486 eﬁ‘usi
3638 3441 3784 3498 sunt,

2186 3538 2238 3580 et
2270 3526 2387 3592 ipse
2409 3541 2504 3579 rex
2538 3539 2830 3595 percussus
2859 3533 2943 3580 est
2968 3526 3117 3594 lepra
3139 3524 3201 3592 (ll
3236 3523 3360 3578 Par.
3392 3523 3566 3595 xxvn).
3587 3524 3789 3579 Volunt

2184 3627 2364 3672 autem
2381 3633 2579 3671 annttm
2599 3616 2766 3673 fuisse
2782 3619 3100 3689 vigesimum
3121 3618 3368 3683 quintum
3384 3616 3550 3683 Ozia‘,
3567 3618 3787 3688 quando

2187 3710 2301 3765 bare
2328 3710 2664 3779 acciderunt,
2695 3711 2850 3781 cujus
2881 3711 3079 3782 reliqui
3113 3713 3238 3764 anni
3263 3720 3390 3764 sunt
3420 3709 3614 3780 viginti
3661 3726 3785 3781 sep«

2186 3815 2318 3862 tem.
2345 3804 2508 3860 Ozias
2549 3806 2694 3860 enim
2729 3805 2980 3874 regnavit
3005 3819 3178 3858 annos
3217 3801 3611 3873 quinquaginta
3647 3802 3785 3859 duos

2185 3899 2277 3973 (IV
2309 3899 2436 3970 Reg.
2472 3900 2585 3969 xv),
2622 3908 2746 3970 post
2785 3915 2908 3952 eum
2936 3897 3453 3968 rt‘gnavitJoatltam
3491 3896 3640 3952 ﬁlius
3667 3903 3784 3968 ejus

2182 3995 2342 4048 annis
2373 3992 2636 4061 sedecim,
2683 4003 2738 4048 ct
2777 3992 2935 4063 hujus
2968 3993 3118 4046 ﬁlius
3145 3992 3326 4047 Acbaz
3367 3993 3524 4047 annis
3555 3993 3680 4048 aliis
3703 4007 3788 4048 se-

2183 4085 2359 4140 decim
2385 4103 2396 4136 :
2418 4095 2540 4156 post
2558 4102 2718 4156 quem
2747 4087 2995 4154 regnavit
3025 4086 3310 4153 Ezechias,
3334 4085 3489 4156 cujus
3511 4099 3666 4141 sexto
3694 4089 3786 4142 iut-

2184 4179 2325 4250 perii
2355 4194 2498 4232 anno
2530 4189 2686 4247 capta
2716 4179 2962 4234 Samaria
3005 4186 3109 4243 cst,
3141 4186 3303 4247 atque
3347 4178 3418 4231 ita
3443 4177 3583 4232 efﬁci
3621 4179 3784 4234 simul

2183 4287 2356 4326 annos
2381 4273 2668 4343 sexaginta
2689 4271 2930 4342 quinque
2951 4271 3045 4344 (lV
3078 4272 3204 4343 Reg.
3231 4270 3360 4341 xvt).
3384 4269 3510 4326 Haec
3535 4286 3634 4340 per
3661 4288 3783 4342 pro-

2183 4363 2400 4434 phetam
2425 4363 2658 4417 Domino
2689 4362 3043 4433 praedicente,
3071 4373 3122 4414 et
3147 4361 3327 4416 Acltaz
3350 4371 3405 4416 et
3435 4362 3672 4431 populus
3702 4365 3783 4416 lu-

2184 4465 2302 4510 tura
2335 4471 2440 4511 non
2478 4453 2736 4511 credidit.
2773 4453 2927 4509 Unde
2959 4453 3308 4524 subjungitur
3337 4472 3350 4508 :
3383 4451 3445 4508 Si
3478 4469 3580 4506 non
3607 4454 3780 4507 credi-

479 4551 649 4606 Israel
679 4553 730 4605 in
763 4550 1042 4623 Assyrios,
1096 4551 1444 4621 posueritth
1494 4564 1592 4605 eos
1622 4551 1674 4604 in
1705 4550 1883 4611 llalla,
1930 4558 1986 4604 et
2022 4549 2075 4603 itt
2110 4554 2155 4614 D
2183 4549 2379 4613 deritis,
2410 4566 2512 4602 non
2553 4548 2936 4620 permanebitis,
2968 4559 3025 4601 ut
3065 4545 3426 4620 Symmachus
3471 4547 3776 4614 transtulit,

478 4645 663 4702 Habor
700 4645 853 4716 juxta
906 4643 1129 4699 ﬂuvium
1155 4644 1360 4701 Gazam
1394 4644 1448 4698 in
1472 4644 1805 4705 civitatibus,
1835 4643 1973 4709 sive,
2019 4652 2078 4697 ttt

476 4737 828 4810 Septuaginta
899 4738 1328 4801 transtulerunt,
1390 4740 1444 4790 in
1499 4735 1753 4790 montibus
1805 4734 2076 4789 Medorum

478 4830 568 4902 (IV
601 4831 729 4902 Reg.
773 4828 927 4900 xvu).
958 4830 1218 4898 Quamvis
1249 4829 1397 4884 enim
1443 4827 1667 4882 inierint
1696 4826 1989 4879 consilium
2019 4825 2072 4879 bi

475 4923 584 4978 duo
616 4937 772 4991 reges
803 4921 1050 4989 pessimi,
1083 4932 1140 4975 ut
1169 4919 1534 4976 ascenderent
1563 4919 1629 4973 ad
1660 4917 1889 4984 Judam,
1919 4918 2073 4987 cujus

475 5014 630 5084 regio
662 5013 714 5067 in
739 5012 1014 5066 montibus
1039 5013 1148 5066 sita
1177 5023 1282 5078 est,
1317 5021 1372 5068 et
1397 5011 1723 5066 suscitarent
1747 5025 1871 5065 eum
1891 5009 2072 5080 quies-

473 5114 713 5170 centem,
737 5114 792 5159 et
823 5103 1225 5172 quodammodo
1251 5103 1638 5168 dormientem,
1661 5117 1871 5172 suoque
1898 5101 2071 5172 impe-

544 5235 570 5263 ιι
605 5220 948 5283 Duodecimo,
977 5227 1084 5273 etc.
1115 5218 1481 5287 Quamplures
1507 5232 1635 5273 mss.
1663 5218 1883 5273 codices
1919 5216 2062 5270 anti-

469 5296 717 5370 quissimi
753 5294 954 5370 legunt,
991 5290 1389 5370 Quartodecimo
1417 5290 1554 5370 enim
1583 5306 1741 5370 anno.
1787 5289 1943 5370 ﬁnde
1975 5305 2063 5370 er-

470 5360 564 5426 ror
601 5367 863 5424 editnottis
912 5364 1243 5418 Erasmianm
1270 5377 1431 5431 quam
1480 5360 1758 5416 Marianos
1787 5361 2064 5416 Victorius

471 5440 777 5504 castigavit.
822 5434 1093 5490 Maurum.
1123 5464 1194 5476 --
1226 5434 1402 5488 Vatic.
1455 5433 1752 5504 pluresque
1779 5433 1871 5487 alti
1902 5447 2068 5500 penes

471 5510 720 5566 Martiali.
759 5521 920 5573 m~s.,
955 5507 1385 5574 Quartodecimo,
1413 5520 1574 5576 quem
1612 5520 1856 5560 errorem
1887 5505 2069 5559 Victo-

483 5583 598 5639 rius
627 5580 871 5633 sustulit.

545 5651 575 5692 ι)
601 5650 880 5706 lnterserit
903 5648 1176 5703 Victorius
1195 5648 1449 5713 obsessus,
1482 5658 1528 5701 et
1558 5662 1714 5712 nono,
1745 5654 1805 5699 ut
1826 5660 1948 5700 cum
1974 5644 2071 5699 tri-

473 5724 579 5786 bus
605 5721 766 5778 annis
786 5721 1034 5777 obsessio
1049 5719 1348 5786 duraverit,
1378 5732 1487 5774 non
1514 5733 1624 5774 uno
1652 5717 1955 5788 eodemque
1982 5716 2078 5772 ob-

2182 4639 2233 4694 id
2263 4651 2366 4703 est,
2397 4650 2454 4692 et
2479 4654 2578 4693 vos
2615 4639 2770 4710 105
2801 4653 2906 4693 non
2943 4639 3335 4706 permanebitis
3364 4640 3416 4692 in
3449 4654 3626 4710 regno
3652 4655 3781 4696 ves-

2185 4741 2288 4798 tro,
2311 4731 2406 4786 sed
2431 4731 2482 4784 in
2508 4731 2873 4799 captivitatem
2901 4730 3201 4796 ducemini,
3231 4730 3562 4785 sustinentes
3585 4745 3777 4785 eorum

2183 4839 2392 4894 pinnas,
2427 4838 2656 4892 quorum
2680 4823 2873 4877 imitati
2902 4823 3036 4879 estis
3069 4822 3467 4877 inﬁdelitatem.
3503 4821 3602 4876 Vel
3630 4833 3780 4878 certe

2175 4917 2324 4987 juxta
2355 4915 2522 4978 LXX,
2543 4932 2645 4970 non
2671 4916 2993 4986 intelligetis.
3022 4915 3089 4970 Et.
3117 4924 3202 4970 est
3232 4929 3430 4970 sensus
3456 4931 3471 4968 ε
3496 4915 3622 4983 quia
3656 4931 3779 4984 qua:

2179 5010 2443 5065 Dominus
2491 5010 2623 5065 dicit
2673 5009 2876 5075 futura,
2909 5026 3016 5064 non
3052 5009 3304 5076 creditis,
3359 5008 3777 5077 intelligentiam

2177 5118 2286 5158 non
2315 5103 2607 5159 habebitis.
2632 5103 2758 5158 Haec
2778 5103 2928 5173 juxta
2953 5102 3235 5157 historiam
3262 5101 3582 5158 dixerimus.
3600 5099 3781 5159 Caste-

2169 5232 2354 5273 sessus
2377 5219 2653 5272 diceretur
2675 5227 2731 5270 et
2759 5226 2969 5284 captus.

2243 5300 2262 5326 ε
2305 5291 2378 5343 lle
2403 5293 2725 5362 suoritcrum
2756 5287 3032 5362 Victorius
3055 5289 3301 5362 reposuit
3338 5289 3520 5362 viginti
3547 5289 3781 5362 quinque

2169 5376 2238 5417 ex
2268 5376 2334 5415 eo
2382 5361 2525 5432 quod
2574 5362 2857 5432 siinovetn
2907 5359 3035 5414 anui
3094 5360 3256 5432 Osee,
3304 5359 3522 5432 quando
3559 5360 3778 5432 scilicet

2170 5445 2363 5500 captus
2402 5431 2520 5494 est,
2579 5431 2847 5485 addantur
2894 5432 3050 5485 anuis
3110 5431 3348 5486 sedecim
3401 5431 3584 5485 Acltaz
3642 5431 3778 5499 (hoc

2175 5513 2258 5558 est
2286 5503 2332 5557 si
2360 5503 2768 5557 consideremus
2792 5517 2898 5554 non
2927 5502 3146 5572 quando
3177 5503 3454 5572 obsessus.
3479 5504 3576 5556 sed
3603 5518 3781 5569 quan-

2175 5575 2246 5702 go
2276 5582 2468 5701 (iaptus
2500 5575 2599 5630 luit
2625 5572 2790 5646 Osee)
2817 5571 3133 5632 necessario
3155 5571 3350 5644 viginti
3381 5573 3629 5644 quinque
3655 5575 3783 5633 exi-

2217 5661 2284 5701 un
2337 5661 2485 5701 antu.

2217 5653 2313 5701 unt
2337 5645 2485 5701 anui.
