4008 6380
182 408 278 466 105
743 399 1397 463 COMMENTARIORUM
1436 399 1504 457 IN
1545 397 1780 456 ISAIAM
1819 393 2252 454 PROPHETAM
2292 394 2424 453 LIB.
2468 394 2556 452 Ill.
2597 393 2750 452 CAP.
2797 393 2909 450 VII.
3372 397 3477 456 {06

182 539 294 579 rum
319 521 479 594 juxta
502 530 734 592 emptam
767 521 1122 591 tropologiam
1151 514 1611 574 considerandum
1659 522 1766 580 est,
1796 518 1845 580 Α
1875 526 1942 566 an
1968 521 2025 566 ut
2049 511 2368 581 aperiantur
2386 509 2716 576 eteli?Quod
2739 519 3033 582 utrumque
3053 511 3119 566 ad
3142 519 3324 585 typum
3349 527 3475 584 per-

182 620 326 690 quod
349 618 518 688 impio
547 619 659 687 regi
693 616 854 670 Isaias
878 615 1135 685 iubeatur
1157 610 1684 678 occurrere,exiens
1706 606 1776 663 de
1874 605 2013 662 tinet
2036 606 2230 661 mortis
2254 605 2472 658 Domini
2501 613 2558 660 et
2580 606 2930 660 ascensionis
2957 623 2970 656 :
2997 605 3102 672 Qui
3121 607 3251 660 enim
3267 607 3480 662 descen-

187 711 307 767 loco
337 725 458 776 suo,
495 726 602 765 non
635 709 687 764 in
714 707 986 778 principio
1029 706 1405 777 aquazductus,
1437 701 1532 758 sed
1576 702 1630 756 in
1676 712 1774 756 ες·
1878 699 1977 767 dit,
2005 701 2116 770 ipse
2136 709 2207 754 est
2232 698 2320 770 qui
2347 711 2396 752 et
2425 699 2656 753 ascendit
2678 699 2898 772 (Ephes.
2919 715 2992 767 tv,
3023 699 3138 771 10).
3165 700 3229 754 Ει
3252 699 3304 754 in
3334 703 3476 771 Apo-

188 805 374 859 tremis
399 783 600 858 ﬁnibus
630 801 852 872 piscium
878 799 1210 870 superioris,
1239 813 1358 869 qua:
1392 804 1513 852 erat
1555 795 1607 850 in
1647 807 1780 864 agro
1877 791 2272 864 stololegirnus
2294 809 2306 846 :
2329 791 2409 847 Ne
2429 791 2625 848 diaeris
2655 793 2710 846 in
2741 793 2895 847 corde
2921 803 3031 860 tuo,
3063 794 3179 862 quis
3203 793 3231 831 δ
3254 795 3482 849 ascendit

186 894 420 960 fullonis,
444 894 532 949 ubi
561 893 754 950 sordes
773 901 829 948 et
857 892 1089 947 maculae
1109 891 1498 960 purgabantur.
1520 885 1779 954 Quamvis
1878 887 1931 939 in
1960 885 2146 939 caelum
2173 886 2198 939 7
2222 885 2320 939 hoc
2366 894 2442 939 est
2472 884 2736 940 Christum
2762 884 3036 941 deducere.
3072 887 3196 954 Aut,
3253 890 3365 959 quis
3391 889 3484 943 dc-

185 989 324 1045 enim
353 988 540 1045 Achaz
569 995 827 1058 regnaret
855 1001 1021 1057 super
1049 985 1242 1042 Judam
1269 1001 1282 1036 :
1319 994 1498 1039 tamen
1525 981 1649 1052 quia
1679 980 1782 1036 im-
1878 976 2077 1030 scendit
2119 976 2176 1030 in
2212 975 2456 1047 abyssum
2477 977 2505 1030 .’
2533 975 2632 1030 hoc
2653 985 2727 1030 est
2766 975 3030 1031 Christum
3055 979 3120 1031 de
3160 980 3374 1035 mortuis
3399 997 3484 1034 re-

186 1081 304 1154 pius
327 1091 467 1150 erat,
492 1081 546 1136 in
578 1079 881 1148 superioris
904 1079 1129 1150 piscina:
1161 1075 1422 1132 extremis
1449 1075 1646 1129 ﬁnibus
1666 1087 1782 1128 mo-
1883 1071 2070 1126 ducere
2093 1070 2276 1142 (Rom.
2308 1087 2363 1133 x,
2397 1069 2546 1142 6,7).
2578 1071 2646 1126 Et
2672 1071 2727 1126 in
2757 1071 2866 1126 alio
2898 1059 3020 1126 loco
3047 1073 3115 1127 de
3131 1070 3350 1128 Christo
3371 1074 3484 1129 dis-

186 1176 426 1232 rabatur.
476 1175 621 1246 Ergo
650 1175 792 1229 Dens
820 1188 928 1228 non
958 1181 1067 1228 tam
1096 1174 1239 1243 regis
1277 1170 1590 1236 miseretur,
1620 1181 1781 1238 quem
1885 1166 2231 1238 putaus,ait:
2257 1165 2721 1234 Quwsitlatitudo,
2743 1175 2790 1220 et
2821 1166 3484 1237 longitudo,etexcelsum,

190 1267 471 1340 indignum
515 1266 819 1322 aestimabat
859 1264 1064 1330 salute,
1097 1278 1260 1333 quam
1292 1260 1476 1333 populi
1506 1259 1611 1314 sui.
1642 1258 1787 1314 Duas
1885 1269 1932 1315 et
1970 1261 2288 1329 profundum
2332 1261 2756 1333 supereminentis
2808 1261 3032 1315 scientia:
3083 1269 3130 1316 et
3194 1261 3489 1316 dilectionis

187 1371 365 1417 autem
399 1358 602 1415 caudas
643 1359 873 1412 torrium
905 1355 1309 1425 fumigautium,
1355 1362 1415 1406 ut
1463 1353 1617 1421 prius
1644 1349 1787 1405 dixi-
1889 1352 2324 1422 Christi(Ephes.
2351 1353 2550 1420 "1,18).
2575 1353 2688 1408 Hoc
2714 1362 2977 1422 quantum
2996 1352 3062 1407 ad
3077 1354 3340 1425 mysticos
3367 1369 3492 1425 per-

189 1469 331 1519 mus,
381 1461 541 1506 vocat
584 1450 910 1521 sapientiam
958 1447 1312 1512 s:rcularem,
1362 1443 1792 1511 lueretieumque
1891 1446 2032 1500 tinet
2057 1446 2692 1502 intellectus.Ca:ternm
2727 1459 2780 1502 et
2807 1450 2984 1504 Moses
3013 1451 3227 1518 accepit
3252 1450 3405 1520 signa
3429 1449 3496 1505 de

190 1561 533 1610 sermonem,
582 1559 813 1614 quorum
869 1539 993 1595 ﬁnis
1040 1539 1256 1594 exustio
1301 1547 1406 1592 est.
1450 1535 1552 1604 Qui
1592 1535 1794 1590 frustra
1895 1546 2067 1604 terra,
2103 1538 2172 1594 de
2198 1539 2401 1609 quibus
2432 1541 2484 1594 iu
2516 1540 2754 1595 Psalmis
2783 1541 3053 1611 legimus:
3091 1541 3238 1596 Misit
3272 1543 3421 1614 signa
3447 1551 3496 1597 et

191 1637 437 1692 inierunt
465 1634 778 1696 consilium,
811 1642 871 1686 ut
898 1629 1262 1685 ascenderent
1288 1639 1475 1682 contra
1503 1625 1724 1688 Judam,
1743 1631 1799 1678 et
1897 1631 2142 1702 prodigia
2169 1632 2224 1685 in
2254 1633 2428 1687 medio
2451 1634 2550 1700 tui,
2574 1633 3184 1705 {Egypte-(Ps.cxxxtv,
3206 1634 3283 1707 9),
3309 1650 3495 1700 ranas,

192 1731 352 1804 quasi
388 1729 758 1797 negligentem
788 1734 843 1781 et
868 1723 1230 1779 dormientem
1263 1728 1540 1789 caperent,
1584 1727 1639 1772 et
1685 1716 1775 1771 sui:

1918 1734 2158 1793 ocustas,
2215 1727 2485 1798 ciuiphes,
2518 1737 2574 1782 et
2603 1729 2967 1800 coenomyiam
3001 1745 3016 1793 ;
3049 1727 3120 1782 de
3146 1728 3289 1782 εαειο
3318 1735 3501 1784 autem

195 1822 483 1881 erroribus
498 1819 836 1889 cupularent,
863 1825 1240 1887 ponerentqne
1263 1829 1428 1883 super
1454 1828 1579 1867 eum
1612 1825 1795 1881 regem
1897 1820 2219 1891 grandinem
2253 1829 2314 1876 et
2337 1821 2517 1890 ignem
2550 1829 2607 1877 et
2635 1822 2796 1876 trium
2836 1822 3050 1877 dierum
3083 1821 3360 1875 tenebras.
3388 1821 3505 1891 Ego

196 1916 371 1971 ﬁlium
399 1913 625 1976 Taheel,
657 1911 761 1966 hoc
791 1919 896 1972 εει,
949 1909 1135 1962 bonum
1167 1907 1349 1961 Deum.
1386 1904 1622 1974 Uterque
1648 1902 1794 1959 enim
1827 1907 1876 1968 Β
1904 1929 2032 1968 ret”-
2059 1921 2116 1968 ει
2141 1913 2457 1976 Ezechiam,
2481 1913 2704 1984 quando
2755 1913 2838 1967 sol
2861 1913 3049 1968 decem
3105 1926 3395 1980 regressus
3425 1921 3512 1967 εει

203 2008 560 2066 adversarius
594 2005 734 2076 apud
768 2021 826 2060 se
852 2003 1166 2070 veritatem,
1193 2001 1335 2072 apud
1359 2017 1418 2055 se
1443 2000 1676 2055 aestimat
1700 2013 1792 2067 op-
1904 2005 2086 2071 lineis,
2119 2005 2339 2077 signum
2391 2007 2675 2075 accepisse
2719 2005 2789 2061 de
2843 2006 2982 2061 caelo
3014 2004 3104 2075 (IV
3135 2004 3266 2074 Reg.
3295 2005 3385 2075 xx)
3418 2013 3513 2061 τοι

197 2103 392 2160 timam
420 2116 548 2158 esse
578 2100 907 2156 doctrinam.
938 2087 1188 2168 Denique
1208 2097 1452 2152 Marcion
1485 2093 1799 2161 haereticus,
1903 2097 2089 2152 Jesum
2122 2097 2294 2153 ﬁlium
2328 2097 2478 2153 Nave
2509 2099 2561 2153 in
2590 2098 2816 2154 Gabaon
2845 2108 2900 2154 et
2931 2098 3197 2164 llaialon,
3233 2097 3514 2153 stantibus

199 2195 335 2251 boni
370 2195 463 2249 Dei
498 2193 690 2258 lilium,
722 2193 826 2246 hoc
855 2199 960 2256 est,
992 2191 1241 2253 alterius,
1283 2197 1440 2260 putat
1469 2201 1592 2242 esse
1619 2185 1805 2242 Chris-
1908 2192 2026 2248 sole
2048 2202 2103 2248 et
2131 2192 2258 2247 luna
2292 2191 2486 2265 (Iosue
2516 2193 2602 2264 x).
2644 2193 2898 2266 Plerique
2951 2203 3166 2266 putant,
3201 2194 3422 2250 Saulem
3449 2196 3516 2249 si-

201 2298 343 2354 tum,
379 2298 432 2343 et
459 2303 565 2343 non
592 2287 749 2358 justi,
781 2289 940 2357 cujus
981 2287 1266 2354 Propheta:
1297 2294 1455 2349 sunt;
1491 2297 1651 2352 quem
1675 2297 1804 2336 san-
1910 2301 2077 2357 gnum
2127 2287 2407 2356 accepisse
2432 2287 2501 2342 de
2548 2297 2714 2353 terra,
2748 2299 2803 2344 et
2859 2289 2926 2344 de
2958 2290 3232 2360 profundo
3289 2290 3511 2356 inferni,

201 2382 540 2455 guinarium,
598 2379 878 2435 crudelem
932 2388 987 2432 et
1025 2377 1268 2448 judicem
1307 2386 1487 2432 vocat.
1532 2375 1658 2430 llaec
1700 2374 1810 2430 illis
1913 2379 2132 2448 quando
2157 2379 2471 2435 Samuelem
2505 2395 2605 2449 per
2651 2381 3054 2436 incantationes
3085 2390 3142 2437 et
3169 2392 3317 2436 artes
3348 2383 3519 2451 inagi-

203 2476 547 2540 dicentibus,
593 2473 860 2529 Dominus
910 2473 1296 2536 comminatur,
1347 2469 1489 2540 quod
1543 2484 1648 2524 non
1702 2476 1812 2524 stet
1916 2485 2010 2526 cas
2033 2473 2187 2526 visus
2215 2482 2302 2527 est
2332 2473 3118 2547 suscitasse(llleg.xxviii).
3148 2475 3522 2531 SedetJonas

207 2570 505 2626 consilium
541 2568 810 2637 ipsorum,
833 2565 930 2622 sed
958 2565 1175 2621 interim
1208 2579 1352 2619 nunc
1377 2563 1630 2635 quamdiu
1658 2578 1814 2618 mun-
1920 2562 2180 2634 propheta
2197 2564 2266 2617 de
2281 2563 2503 2635 abysso,
2530 2578 2583 2619 et
2601 2565 2668 2618 de
2687 2565 2957 2634 profundo
2971 2569 3239 2621 acutortis
3269 2567 3522 2622 faucibus

207 2662 318 2719 dus
347 2661 452 2717 iSIe
494 2669 625 2725 stat,
654 2669 711 2715 et
741 2675 802 2714 ea
831 2675 950 2730 qua:
983 2657 1166 2713 n‘tundi
1197 2667 1324 2712 sunt
1356 2659 1407 2712 in
1436 2659 1550 2712 suis
1592 2656 1810 2720 ﬁnibus,
1927 2655 2213 2723 liberatus,
2242 2657 2458 2726 sigutttn
2489 2656 2644 2712 dedit
2669 2668 2724 2713 et
2753 2661 2960 2728 accepit
2995 2661 3189 2714 inferni
3217 2659 3407 2732 (laute
3431 2661 3520 2733 ιι).

209 2765 272 2812 ει
297 2755 351 2810 iu
382 2755 498 2808 suis
525 2753 752 2808 urbibus
781 2751 1149 2806 dominentur.
1179 2747 1312 2805 Cum
1345 2759 1524 2805 autem
1555 2763 1814 2804 consum-
1924 2747 2051 2819 Legi
2087 2750 2140 2804 in
2170 2751 2456 2818 cujusdam
2504 2751 2934 2806 Commentariis
2988 2752 3142 2825 107
3167 2754 3312 2808 hunc
3343 2754 3520 2810 locum

212 2847 478 2906 [nationis
505 2857 720 2918 tempus
744 2846 1049 2912 advenerit,
1085 2846 1190 2900 hoc
1215 2853 1320 2907 est,
1350 2844 1632 2915 sexaginta
1661 2845 1822 2912 quin-
1925 2857 2022 2914 per
2047 2843 2364 2912 allegoriam
2391 2853 2769 2911 extenuatum,
2803 2856 2859 2900 ut
2907 2847 3233 2917 prolundum
3266 2858 3321 2904 et
3348 2851 3528 2906 excel-

214 2954 332 3012 que
361 2939 512 3004 anni,
558 2948 616 2994 et
662 2947 771 2992 tam
807 2937 992 2992 mundi
1036 2951 1124 2992 res
1160 2951 1284 3007 quae
1331 2939 1384 2989 in
1413 2950 1508 2990 sex
1557 2943 1583 2971 ει
1629 2934 1824 2990 diebus
1927 2950 2045 2990 sum
2068 2939 2291 2996 αἰσθητὰ
2317 2942 2544 2998 εινοητὰ
2573 2940 2929 3010 intelligeret,
2961 2959 3083 3010 quae
3113 2958 3214 2999 nos
3239 2959 3532 3013 possumus

214 3032 387 3088 facta:
438 3041 584 3096 sunt,
640 3047 804 3101 quam
847 3030 1030 3085 omnia
1062 3046 1183 3100 quae
1222 3029 1290 3083 ad
1340 3032 1580 3098 quinque
1633 3041 1828 3083 sensus
1929 3031 2192 3085 sensibilia
2211 3032 2890 3106 dicere,etinte!lingitio,
2914 3051 3145 3104 quorum
3174 3039 3408 3092 alterum
3441 3054 3529 3094 re-

216 3127 522 3196 pertinent,
557 3126 716 3180 ﬁnem
747 3125 1085 3191 acceperint,
1135 3135 1264 3178 tunc
1293 3125 1544 3177 universa
1572 3137 1695 3179 esse
1717 3123 1828 3177 sol-
1933 3123 2113 3177 fertur
2142 3124 2208 3178 ad
2239 3140 2456 3191 sensus,
2486 3127 2720 3180 alterum
2753 3127 2819 3181 ad
2869 3140 3102 3184 mentem
3130 3143 3183 3185 et
3234 3133 3530 3188 rationem.

216 3218 431 3284 venda,
482 3234 602 3290 qua:
652 3218 890 3288 gentiles
939 3228 994 3273 et
1041 3216 1283 3271 ha-rctici
1322 3215 1503 3270 futura
1557 3231 1666 3270 non
1709 3229 1832 3270 cre-
1935 3217 2216 3286 Virginem
2244 3228 2460 3287 quoque
2516 3219 2907 3286 interpretatur
2938 3225 3199 3291 animam,
3231 3242 3351 3297 qum
3383 3227 3532 3280 nulla

211 3311 385 3377 dunt,
433 3320 490 3364 et
539 3320 764 3381 propter
813 3309 1190 3366 inﬁdelitatem
1237 3323 1346 3365 non
1375 3309 1684 3380 intelligunt
1709 3324 1833 3378 qua:
1861 3299 1908 3363 C
1939 3309 2148 3380 peccati
2171 3319 2429 3378 corrupta
2453 3320 2538 3365 est
2563 3312 2897 3366 conscientia
2921 3353 2936 3380 ,
2957 3324 3010 3368 et
3039 3326 3218 3385 potest
3242 3320 3310 3373 de
3333 3334 3391 3372 se
3418 3319 3532 3371 lim-

211 3403 516 3460 dicunlur.
1937 3403 2180 3467 manuel,
2214 3403 2483 3457 nobiscum
2519 3403 2706 3472 Deum,
2741 3406 2792 3459 id
2819 3417 2927 3471 est,
2963 3423 3291 3478 pra-sentem
3325 3412 3417 3466 Dei
3447 3427 3542 3481 ge-

304 3494 496 3568 (Vers.
530 3495 622 3561 10,
656 3494 770 3564 il.)
805 3492 871 3547 Et
897 3492 1088 3566 adjecit
1111 3491 1366 3547 Dominus
1396 3493 1535 3564 loqui
1556 3495 1626 3548 ad
1654 3493 1833 3548 Achaz
1939 3509 2140 3550 nerare
2191 3509 2524 3550 sermonem.
2549 3497 2656 3552 Sed
2692 3513 2793 3551 nos
2824 3498 2997 3554 elixas
3028 3501 3150 3572 agni
3206 3518 3402 3557 carnes
3434 3519 3540 3557 non

212 3595 409 3650 dicens
439 3607 459 3645 :
483 3589 614 3645 Pete
635 3589 727 3642 tibi
754 3589 960 3658 signum
980 3604 1012 3640 a
1042 3586 1268 3641 Domino
1293 3586 1401 3642 Deo
1435 3597 1522 3641 tuo
1542 3589 1595 3642 in
1624 3589 1840 3658 prafun-
1941 3586 2283 3643 comedimus
2313 3585 2510 3658 (Exod.
2545 3588 2663 3659 xu),
2699 3605 2889 3645 verum
2921 3607 3094 3659 assas,
3128 3605 3183 3648 et
3208 3611 3328 3663 qua-
3357 3595 3408 3648 in
3443 3612 3539 3649 tto-

215 3691 360 3744 dum
388 3684 600 3755 inferni,
618 3683 726 3737 sive
741 3684 794 3736 in
818 3680 1078 3736 excelsum
1103 3679 1395 3747 supra.Qui
1418 3682 1568 3748 prius
1585 3696 1682 3749 per
1716 3695 1841 3751 pro-
1942 3681 2026 3735 bis
2056 3680 2270 3751 possint
2323 3696 2516 3737 omnes
2564 3686 2910 3752 voluptatum
2957 3686 3165 3743 siccare
3192 3689 3436 3759 pituitas,
3471 3707 3540 3744 ne

218 3781 461 3853 phetant
491 3774 877 3847 locuttis106
905 3772 1170 3828 luet-atad
1200 3773 1382 3828 Achaz
1406 3791 1418 3825 :
1440 3771 1564 3826 Vide
1578 3782 1633 3827 ut
1659 3773 1838 3840 sileas,
1941 3785 2345 3830 sacramentum
2379 3774 2503 3830 fidei
2536 3788 2761 3844 nostrae,
2792 3778 2921 3835 dum
2957 3781 3077 3852 plus
3106 3783 3348 3854 sapimus
3378 3800 3537 3856 quam

221 3871 349 3928 noti
370 3872 644 3930 timere.et
673 3875 873 3922 caetera
897 3883 909 3919 :
935 3865 1030 3920 illo
1059 3879 1170 3919 non
1199 3864 1481 3931 credente,
1508 3873 1567 3920 et
1586 3865 1709 3920 ideo
1730 3879 1840 3920 non
1944 3877 2163 3940 oportet
2185 3882 2401 3936 sapere,
2422 3870 2784 3941 negligamus.

233 3963 618 4035 intelligente,
665 3961 782 4028 ipse
827 3960 1069 4030 loquitur
1098 3959 1166 4014 ad
1198 3957 1380 4014 Achaz
1413 3967 1514 4013 :ut
1537 3960 1845 4014 saltemau-
2018 3961 2201 4032 (Vers.
2239 3961 2357 4032 12.)
2390 3961 2458 4016 Et
2514 3962 2649 4017 dixit
2679 3965 2853 4020 Achaz
2903 3982 2921 4021 :
2956 3964 3079 4021 Non
3126 3978 3315 4037 petant,
3346 3981 3396 4025 et
3441 3989 3543 4026 non

225 4059 500 4115 ctoritate
519 4053 732 4111 Domini
758 4055 978 4109 territus
994 4053 1260 4124 suscipiat
1278 4068 1400 4124 quae
1419 4051 1845 4118 dicuntur.Quia
1948 4057 2150 4111 tentabo
2180 4055 2482 4111 Dominum.
2507 4055 2625 4112 Non
2655 4069 2678 4095 ο
2708 4058 3042 4115 humilitatis
3089 4070 3195 4129 est,
3228 4063 3324 4116 scd
3351 4079 3548 4134 super.

226 4151 367 4213 tibi.
394 4146 590 4220 inquit.
621 4147 840 4203 videtur
869 4161 992 4203 esse
1017 4146 1264 4212 difﬁcile,
1290 4146 1438 4216 quod
1467 4161 1629 4217 regna
1653 4155 1850 4216 poten-
1949 4147 2076 4209 bim,
2119 4147 2261 4216 quod
2299 4163 2412 4202 non
2464 4148 2587 4201 vult
2616 4148 2834 4219 signum
2882 4165 2911 4203 a
2957 4149 3189 4204 Domino
3243 4152 3545 4220 postulare.

228 4243 465 4299 tissima
498 4241 646 4296 brevi
675 4249 929 4309 tempore
981 4237 1223 4294 ﬁnienda
1256 4248 1404 4304 sunt,
1433 4248 1491 4294 et
1514 4249 1568 4294 tu
1595 4253 1719 4293 cum
1754 4253 1850 4310 po—
1951 4239 2289 4312 Quamquam
2305 4240 2450 4295 enim
2466 4241 2732 4308 scriptum
2757 4241 2828 4294 sit
2851 4243 2904 4295 in
2933 4240 3359 4298 Denteronomio
3383 4260 3396 4297 :
3424 4242 3548 4299 Non

234 4335 390 4408 pulo
444 4343 538 4388 tuo
579 4333 646 4388 de
696 4346 898 4403 magno
945 4330 1192 4401 periculo
1243 4329 1532 4396 libereris;
1577 4340 1702 4401 pete
1753 4329 1851 4385 tibi
1955 4336 2171 4390 tentabis
2204 4334 2489 4390 Dominum
2535 4332 2704 4388 Deum
2729 4345 2875 4388 tuum
2906 4333 3087 4408 (Deut.
3112 4351 3185 4402 vt,
3220 4335 3334 4408 56),
3368 4347 3420 4393 ct
3448 4337 3552 4393 hoc

228 4430 495 4501 signum,
514 4441 854 4497 nequaquam
877 4425 946 4480 ab
977 4424 1416 4494 idolis,quorum
1435 4437 1626 4478 errore
1653 4423 1854 4478 retine-
1955 4438 2146 4484 contra
2169 4427 2444 4483 diabolum
2462 4427 2715 4482 Salvator
2741 4442 2872 4484 usus
2899 4431 2968 4483 sit
2989 4429 3302 4486 testimonio
3332 4431 3551 4499 (Matth.

227 4526 356 4588 ris,
377 4522 472 4577 sed
502 4537 533 4576 a
562 4522 792 4576 Domino
823 4520 934 4576 Deo
957 4529 1050 4574 tuo
1076 4518 1171 4590 qui
1204 4517 1302 4571 tibi
1331 4516 1599 4571 auxilium
1632 4515 1856 4585 pollice-
1957 4519 2034 4591 tv)
2071 4537 2086 4572 :
2115 4528 2298 4573 tamen
2323 4519 2509 4587 jussus
2539 4529 2601 4572 ut
2631 4527 2861 4588 peteret,
2895 4520 3206 4576 obedientia
3239 4521 3430 4576 debuit
3461 4540 3553 4578 ex-

166 4650 176 4655 -
231 4627 309 4673 tu
323 4631 371 4680 r,
387 4622 444 4669 et
469 4615 644 4682 ipsum
669 4612 886 4683 signum
915 4609 1159 4680 optionis
1177 4619 1284 4664 tuae
1298 4617 1386 4664 est
1408 4607 1549 4661 unde
1580 4607 1852 4676 postules,
1961 4613 2113 4681 plere
2133 4611 2808 4679 pmceptum,prazsertim
2825 4627 2948 4666 cum
2973 4623 3030 4666 et
3049 4613 3271 4668 Gedeon
3291 4629 3344 4670 ει
3364 4616 3558 4672 lllauue

229 4709 377 4766 sive
407 4705 475 4761 de
515 4703 810 4774 profundo,
860 4703 979 4758 sive
1027 4701 1094 4756 de
1139 4701 1381 4756 excelso.
1414 4699 1567 4769 Quod
1595 4714 1718 4754 cum
1751 4699 1855 4755 soli
1884 4688 1934 4748 D
1961 4704 2174 4773 signum
2191 4701 2448 4770 petierint
2472 4711 2524 4755 et
2545 4700 3560 4775 acceperiut(Judic.vtetxtu).Quam-

227 4797 614 4871 Septuaginta
647 4797 911 4861 dixerint,
945 4796 1130 4850 catteri
1157 4795 1307 4864 juxta
1340 4794 1666 4849 llebraicum
1699 4792 1868 4864 sigui-
1963 4811 2126 4868 quam
2152 4794 2308 4866 juxta
2342 4793 2552 4849 Hebraei
2583 4795 2856 4848 sermonis
2902 4797 3335 4863 ambiguitatem,
3371 4801 3422 4851 in
3455 4816 3564 4867 quo

235 4895 526 4953 ﬁcantius
551 4889 1056 4954 transtulerunt,de
1073 4887 1336 4960 profundo
1359 4887 1568 4958 inferni.
1586 4888 1730 4958 Ergo
1753 4887 1866 4942 sic-
1966 4889 2232 4959 scriptum
2257 4899 2340 4943 est
2369 4902 2474 4944 υιο
2501 4903 2700 4944 susse
2719 4883 2744 4923 ί¹
2773 4901 2969 4941 annum
2996 4886 3136 4957 (mro
3161 4899 3246 4947 me
3265 4899 3412 4950 nam
3426 4873 3567 4961 δέη),

232 4997 318 5044 ιιι
354 4983 680 5056 profundunt
731 4983 1004 5038 infernum
1032 4981 1333 5051 signiﬁcat;
1365 4982 1435 5037 ita
1457 4983 1736 5039 excelsum
1768 4997 1863 5036 su-
1968 4993 2232 5036 etomnes
2271 4981 2526 5034 similiter
2566 4979 2983 5044 transtulerunt,
3011 4995 3113 5032 non
3153 4981 3354 5035 lt’tttubo
3385 4982 3568 5037 Domi-

230 5095 363 5154 pra
396 5076 571 5132 eteius
619 5075 929 5146 intelligere
958 5074 1225 5129 debemus
1253 5092 1265 5125 :
1297 5082 1356 5128 ut
1403 5091 1525 5129 eum
1553 5075 1621 5129 de
1652 5073 1870 5128 inferno
1901 5141 1904 5144 ἢ
1970 5091 2115 5139 num,
2135 5073 2307 5144 possit
2337 5073 2578 5141 legi,non
2606 5071 2848 5126 exaltabo
2867 5069 3166 5126 Dominum.
3187 5075 3571 5133 Sciebatenim

227 5175 386 5232 sive
407 5169 476 5225 de
505 5168 727 5225 excelso
753 5169 970 5238 signum
1000 5165 1514 5236 acceperis,eredas
1538 5166 1722 5219 futura
1751 5181 1870 5235 quae
1978 5183 2074 5223 rex
2109 5168 2308 5234 impius
2367 5164 2514 5234 quod
2547 5165 2590 5218 si
2624 5166 2838 5234 signum
2871 5177 3105 5235 peteret,
3141 5181 3462 5240 accepturus
3489 5187 3576 5226 es-

230 5265 409 5326 dixi.
442 5262 558 5326 Vis,
591 5263 790 5333 inquit,
823 5271 880 5314 nt
910 5259 1190 5316 St-indatnr
1221 5269 1389 5322 terra,
1424 5269 1477 5314 et
1504 5255 1697 5328 grandi
1727 5257 1870 5312 hiatu
1979 5268 2085 5324 set,
2113 5267 2168 5313 et
2187 5254 2592 5326 gloriﬁcarctur
2632 5256 2914 5312 Dominus.
2949 5257 3096 5328 Ergo
3125 5261 3278 5328 quasi
3305 5263 3576 5317 idolorum

231 5357 436 5421 inferi
472 5364 720 5427 pateant,
768 5355 861 5425 qui
894 5354 945 5409 in
985 5354 1152 5410 corde
1193 5361 1357 5410 teme
1397 5367 1522 5410 esse
1569 5350 1828 5406 dicuntur
1857 5372 1869 5408 :
1979 5352 2176 5416 enitor,
2199 5347 2293 5418 qui
2326 5348 2377 5400 in
2405 5346 2664 5405 omnibus
2694 5348 2908 5419 angulis
2928 5349 3228 5418 platearum
3260 5362 3316 5404 et
3345 5353 3397 5405 in
3427 5365 3585 5404 mon-

332 5509 368 5537 τι
404 5496 588 5551 Malim
611 5493 894 5565 exVatic.,
917 5510 1032 5565 qua:
1053 5493 1106 5548 in
1125 5509 1216 5547 sea:
1242 5492 1384 5546 mille
1405 5488 1720 5565 annis‘facta
1742 5496 1882 5565 sunt;
1989 5482 2460 5565 Ancoratotqn‘od
2484 5480 2939 5565 factnmPasiliu‘s
2967 5490 3138 5562 putat,
3156 5493 3225 5565 ne
3246 5483 3588 5565 mandatum,

233 5549 507 5632 videtur?
527 5549 677 5622 enim
707 5565 776 5620 de
804 5549 1156 5626 ﬁue'rerum,
1190 5579 1313 5634 qua:
1344 5579 1373 5617 a
1410 5549 1615 5634 mundo
1637 5549 1878 5634 condito,
1987 5574 2089 5634 non
2110 5549 2636 5634 tentabisRomt'num
2682 5553 2850 5634 Deum
2899 5551 3318 5634 tuumOyiolaret.
3347 5549 3597 5634 Cnoson;

232 5622 424 5705 ἐξ]ψίήᾶ
456 5654 633 5706 usque
652 5637 921 5706 temporis
941 5639 1094 5706 iacta:
1114 5622 1240 5688 sun't
1266 5637 1419 5706 juxta
1433 5631 1754 5687 Graecorum
1778 5622 1890 5682 cal-
1989 5630 2133 5706 tiunt
2177 5637 2310 5677 vero
2341 5622 2680 5706 Hieronyiuo
2708 5622 2960 5690 plerique
2992 5623 3107 5688 alii,
3142 5631 3198 5674 et
3247 5634 3368 5673 cum
3397 5623 3594 5690 primis

233 5699 439 5776 Bolus
466 5699 635 5780 vulgo
658 5699 935 5780 acceptos,
962 5699 1284 5780 disserere:
1654 5769 1709 5780 Α,
1994 5699 2351 5780 1169990309!
2378 5699 2708 5780 fmgﬁ‘iigL
2729 5779 2741 5780 γ
2801 5759 2900 5780 __.,

335 5761 374 5828 ί)
442 5761 609 5838 Juxta
667 5761 935 5834 Gra'cnnt'
979 5776 1298 5834 ἀναϐήσεται
1363 5779 1448 5832 καὶ
1513 5769 1892 5834 καταϐήσεται,

2068 5767 2100 5844 (ξ
2129 5768 2187 5822 1η
2223 5767 2560 5844 ιιειπίευελιι
2590 5761 2768 5828 vides,
2797 5761 3068 5821 articulus
3117 5771 3334 5844 quiaque
3385 5771 3471 5821 nn
3495 5767 3602 5832 θυι,

236 5830 954 5924 “scenda—retdescendet.
1125 5830 1143 5924 ξ
1225 5830 1232 5832 ⁷
1286 5830 1305 5924 ί
1486 5913 1526 5924 κ
1571 5914 1582 5924 _
1630 5910 1644 5924 _
1743 5908 1756 5919 ,
1786 5922 1819 5924 Α

1743 5908 1756 5919 ,
1848 5830 1887 5920 θ’
2001 5839 2239 5901 additur,
2271 5847 2434 5905 quem
2460 5830 2827 5904 Hieronymus
2854 5831 3255 5899 praetermittit.

335 5909 385 5974 ί
403 5909 674 5984 Attamen
706 5919 1034 5974 humilitatis
1065 5917 1236 5973 fuisse
1262 5915 1456 5972 statuit
1486 5909 1827 5984 Epiphanius
1848 5909 1904 5963 in

667 6013 945 6074 Panos.
994 6007 1231 6072 XXIV.
2990 6002 3033 6066 ιι
