4008 6306
223 274 329 332 100

793 266 1450 332 COMMENTARIORUM
1491 266 1558 326 IN
1599 265 1836 332 IBMAM
1877 268 2307 328 PROPl-IETAM
2348 270 2476 328 LIB.
2519 268 2608 329 lll.
2649 268 2805 328 CAP.
2853 271 2958 328 Vll.

3431 271 3535 330 HO

224 390 394 443 rirutn
440 389 629 455 totum,
664 387 749 471 qui
793 388 1060 443 concubuit
1095 389 1212 442 cum
1265 403 1349 454 ea,
1401 395 1446 441 et
1487 386 1673 456 puella:
1703 387 1834 442 nihil
1860 383 1907 446 Α
1937 394 2183 456 pretatur
2199 388 2425 454 relictus,
2461 386 2576 443 sive
2605 399 2921 454 conuertens,
2959 386 3241 444 Judaicum
3273 389 3531 458 populum

227 482 431 552 facietis
461 497 480 536 :
507 499 609 536 non
638 491 714 536 est
751 481 1141 536 adolescentqu
1161 490 1424 552 peccatum
1454 481 1654 534 mortis.
1689 479 1825 546 Quia

227 571 484 641 quomoda
505 573 548 625 εἰ
571 573 681 642 quis
701 573 754 626 in
777 572 976 626 insidiis
1001 581 1240 641 tmurgat
1271 580 1448 626 contra
1475 571 1634 642 ιιθ
1658 571 1832 639 prori-

227 679 371 718 snum
399 680 569 730 suum,
609 672 658 717 et
699 664 966 733 interﬁciat
997 679 1224 718 ammam
1279 667 1410 736 ejus,
1444 663 1516 716 sic
1549 664 1645 716 hoc
1677 679 1831 733 nego-

227 757 360 809 tium
402 754 610 811 accidit.
644 755 711 810 In
751 772 876 828 agro
925 757 1115 810 inuenit
1171 772 1285 810 eam
1313 772 1331 808 :
1363 756 1602 810 clamauit
1650 753 1824 827 puella

221 847 554 918 desponsata,
585 857 633 902 et
664 865 764 902 non
796 855 870 902 est
907 849 1142 904 inventus
1163 848 1250 917 qui
1275 848 1618 902 auxiliaretur
1644 848 1711 902 ci.
1758 848 1829 901 Et

225 939 278 995 in
307 939 515 1010 Regum
539 941 813 997 volumine
839 941 1059 1010 legimus
1075 940 1168 1011 (Ill
1191 939 1320 1012 Reg.
1337 939 1399 1011 ι),
1424 939 1569 1010 quod
1595 941 1825 1006 quaesie-

219 1031 330 1086 rint
363 1031 598 1102 puellam
633 1031 892 1101 virginem
925 1031 1143 1098 nomine
1169 1031 1400 1102 Abisag,
1430 1042 1484 1089 et
1513 1031 1828 1087 introduxe-

222 1125 338 1180 rint
364 1129 432 1180 ad
457 1141 661 1195 regem,
690 1142 808 1196 quae
833 1125 1100 1181 dormiret
1133 1140 1256 1180 cum
1285 1141 1372 1191 eo,
1398 1136 1454 1181 ct
1475 1126 1682 1181 foveret
1706 1140 1829 1180 eum

223 1227 281 1274 et
299 1219 606 1290 eratpuella
632 1220 857 1288 pulchra
890 1218 1074 1282 nimis,
1099 1228 1156 1273 et
1183 1219 1535 1274 lttittisll‘abal
1559 1217 1632 1284 ei,
1657 1225 1711 1270 ct
1736 1231 1828 1271 rex

225 1328 336 1368 non
362 1313 621 1384 cognovit
641 1327 784 1368 eam.
817 1312 1084 1381 Quodque
1115 1311 1362 1380 sequitur
1395 1328 1407 1361 :
1441 1309 1506 1363 Et
1532 1310 1832 1363 vocabisno-

199 1390 338 1460 'men
357 1408 480 1478 ejus
508 1402 841 1470 Emmanuel,
863 1415 916 1458 et
947 1402 1090 1458 LXX
1133 1413 1182 1457 et
1205 1412 1318 1460 tres
1347 1403 1542 1470 reliqui
1586 1401 1836 1458 similiter

224 1497 646 1563 transtulerunt,
673 1511 775 1572 pro
803 1511 912 1566 quo
945 1495 996 1550 in
1027 1495 1284 1550 Matthaco
1311 1495 1570 1564 scriptum
1613 1501 1715 1558 est,
1749 1509 1837 1546 vo-

221 1589 417 1644 cabunt
451 1605 468 1640 :
493 1589 635 1658 quod
657 1589 708 1642 in
727 1587 957 1642 ilebrmo
981 1601 1084 1642 non
1114 1586 1368 1642 habetur.
1395 1586 1539 1656 Ergo
1570 1586 1673 1641 iste
1703 1601 1835 1656 puer

218 1682 321 1754 qui
363 1691 620 1736 nascetur
658 1698 725 1737 ex
773 1678 1008 1751 Virgine,
1053 1696 1086 1735 ο
1131 1680 1328 1736 domus
1367 1680 1531 1734 David
1559 1721 1572 1746 ,
1629 1693 1775 1733 nunc
1800 1694 1829 1733 a

1933 478 2225 548 signiticet,
2243 477 2336 547 qui
2364 479 2582 534 relictus
2623 491 2728 545 est,
2761 489 2818 534 et
2851 489 3033 548 postea
3064 495 3398 534 reversurus.
3431 481 3530 538 Se-

1935 572 2170 628 cundum
2201 581 2407 636 autem,
2433 572 2488 627 id
2516 582 2619 640 est,
2651 572 3050 638 Emmanuel,ct
3079 555 3336 628 nobiscum
3363 571 3524 641 Deus,

1934 664 2179 734 gentium
2209 665 2577 727 vocationem,
2613 674 2895 733 postquam
2929 663 3164 728 Vctbum
3189 679 3314 720 caro
3335 650 3530 722 factum

1933 766 2041 820 est,
2074 765 2129 811 et
2155 755 2420 812 habitavit
2448 757 2502 809 in
2529 755 2706 810 nobis.

2005 846 2200 919 (Vers.
2241 847 2372 917 15.)
2412 846 2667 918 Butyrum
2688 855 2736 900 et
2759 847 2861 901 mel
2887 848 3135 915 comedet,
3171 857 3227 901 ut
3277 849 3406 903 sciat
3453 866 3532 904 re-

1932 941 2149 1012 probare
2167 940 2358 996 malum
2376 987 2389 1009 ,
2408 952 2452 996 et
2475 943 2663 1014 eligere
2690 942 2900 996 bonum.
2926 941 3032 996 Pro
3057 959 3164 1012 quo
3187 942 3332 997 LXX
3353 952 3536 1001 trans-

1929 1034 2204 1098 tulerunt,
2242 1044 2513 1105 antequam
2541 1037 2672 1090 sciat
2701 1051 2720 1090 :
2743 1035 2999 1105 quodque
3028 1036 3295 1106 sequitur,
3335 1048 3357 1077 ο
3385 1054 3537 1092 assu-

1931 1144 2076 1184 mere
2095 1126 2312 1194 malum,
2341 1129 2394 1184 in
2420 1128 2686 1184 Hebraico
2703 1145 2807 1184 non
2833 1129 3082 1186 habetur.
3108 1129 3177 1183 Et
3196 1138 3279 1185 est
3299 1144 3493 1184 sensus
3519 1149 3530 1182 :

1933 1216 1976 1274 Ο
2003 1219 2202 1278 Domus
2245 1220 2430 1285 David,
2477 1223 2562 1276 cui
2597 1222 2690 1280 Dei
2713 1236 2972 1276 sermone
2997 1220 3326 1290 praccipitur,
3352 1230 3410 1275 ut
3439 1236 3535 1274 vo-

1936 1325 2055 1376 ces,
2096 1311 2149 1364 id
2190 1323 2294 1377 est,
2336 1313 2576 1379 invoces,
2622 1313 2675 1367 in
2713 1315 2959 1382 periculo
2995 1314 3290 1369 constituta
3331 1330 3537 1370 nomen

1943 1402 2335 1470 Emmanuelis,
2365 1405 2420 1460 id
2451 1415 2557 1468 est,
2591 1406 2871 1464 nobiscum
2905 1406 3001 1472 Dei
3028 1424 3045 1473 ;
3075 1423 3185 1462 non
3215 1409 3435 1466 mireris
3463 1407 3538 1463 ad

1935 1495 2016 1551 rei
2047 1496 2359 1560 novitatem,
2394 1497 2440 1551 si
2477 1497 2641 1567 Virgo
2671 1497 2838 1564 Deum
2871 1501 3068 1570 pariat,
3099 1501 3189 1569 qui
3211 1512 3414 1556 tantam
3440 1502 3534 1557 ha-

1934 1586 2063 1642 beat
2091 1595 2441 1655 potestatem,
2477 1599 2533 1644 ut
2566 1590 2732 1645 multo
2761 1602 2882 1660 post
2913 1601 3162 1660 tempore
3191 1595 3526 1661 nasciturus,

1939 1686 1992 1733 te
2024 1694 2167 1734 nunc
2196 1679 2394 1736 liberet
2421 1680 2741 1747 invocatus;
2779 1682 2898 1750 ipse
2934 1693 3023 1740 est
3053 1683 3196 1738 enim
3243 1685 3335 1754 qui
3382 1685 3531 1740 visus

222 1783 281 1831 te
308 1775 620 1846 appelletur
645 1773 976 1838 Emmanuel,
1006 1773 1057 1828 id
1083 1783 1186 1839 est,
1218 1774 1486 1828 nobiscum
1516 1773 1824 1843 Deus,quia
1855 1771 1903 1832 B
1929 1781 2015 1827 est
2066 1772 2368 1839 Abraham,
2411 1781 2468 1828 et
2515 1774 2733 1838 locutus
2777 1783 2862 1830 est
2904 1789 3025 1830 cum
3057 1775 3230 1830 Mose.
3263 1776 3450 1830 Dicam
3482 1786 3535 1830 et

217 1868 391 1924 rebus
419 1868 551 1937 ipsis
598 1867 857 1936 probabis
885 1882 914 1920 a
943 1866 1156 1924 duobus
1181 1866 1416 1921 inimicis
1443 1865 1666 1936 regibus
1697 1865 1830 1919 libe-

219 1968 363 2025 rata,
401 1960 568 2014 Deum
597 1968 648 2014 te
688 1959 892 2014 habere
925 1967 1252 2027 praisentem
1287 1975 1300 2011 :
1330 1958 1485 2027 ctqni
1517 1966 1699 2025 postea
1731 1971 1828 2012 vo-

225 2052 439 2108 cabitur
466 2051 645 2119 Jesus,
671 2051 721 2105 id
753 2061 858 2117 est,
904 2050 1169 2117 Saluator,
1222 2064 1289 2104 co
1327 2048 1468 2118 quod
1509 2049 1824 2104 universum

229 2143 510 2198 hominum
531 2158 700 2213 genus
729 2141 1037 2197 salvaturus
1065 2142 1155 2207 sit,
1188 2155 1330 2196 nunc
1361 2157 1388 2191 a
1423 2149 1472 2194 te
1503 2141 1828 2194 Emmanue-

221 2236 294 2292 lis
311 2236 618 2307 appelletur
666 2235 956 2290 vocabulo.
1000 2233 1242 2290 Verbum
1277 2242 1300 2270 ³
1329 2248 1562 2289 εΛιιΑτιιι
1597 2231 1822 2314 (nmp),

223 2328 367 2399 quod
399 2343 588 2383 omnes
618 2327 954 2398 interpretati
978 2335 1109 2384 sunt
1139 2327 1376 2393 vocabis,
1417 2335 1594 2396 potest
1626 2325 1828 2381 intelli-

224 2421 276 2492 gi
303 2430 357 2484 et
384 2419 578 2475 rocabit
603 2437 615 2473 :
646 2419 795 2486 quod
826 2421 940 2486 ipsa
976 2419 1183 2474 scilicet
1211 2417 1377 2486 Virgo
1401 2435 1521 2488 quae
1546 2417 1825 2487 concipiet

223 2527 278 2574 et
310 2519 504 2588 pariet,
535 2519 634 2574 hoc
680 2518 956 2574 Christum
997 2518 1335 2588 appellatum
1368 2519 1439 2572 sit
1470 2517 1710 2573 nomine.
1766 2516 1822 2572 In

224 2612 414 2668 multis
447 2612 772 2668 testimoniis
804 2629 924 2686 qua:
959 2613 1321 2683 Evangelistzc
1366 2612 1446 2667 vel
1476 2613 1721 2682 Apostoli
1751 2612 1821 2667 de

212 2702 378 2758 .libris
397 2705 673 2760 veteribus
688 2715 1124 2775 assumpserunt.
1142 2705 1411 2762 curiosius
1428 2705 1818 2760 attendendum

226 2807 347 2866 est,
388 2813 493 2854 non
539 2815 635 2854 eos
666 2799 956 2856 verborum
1007 2799 1257 2854 ordinem
1308 2808 1524 2855 secutos
1551 2813 1695 2862 esse,
1721 2798 1821 2854 sed

225 2905 469 2946 sensum.
515 2890 671 2948 Unde
710 2901 766 2946 et
795 2891 848 2946 in
877 2890 1132 2962 praesenti
1165 2892 1282 2945 loco
1305 2934 1318 2953 ,
1353 2905 1452 2960 pro
1483 2891 1732 2959 concipiet
1773 2892 1827 2944 in

225 2993 401 3050 utero,
451 2983 739 3038 Mattbzeus
775 2983 980 3054 posuit,
1006 2983 1058 3036 in
1096 2980 1287 3036 uterob
1313 2981 1511 3036 habebit
1540 2980 1753 3053 (Matth.
1782 2997 1823 3048 t,

213 3075 248 3142 1
261 3073 319 3146 5)
348 3093 361 3129 :
392 3086 444 3130 et
475 3090 571 3144 pro
602 3076 824 3140 vocabis,
844 3076 1115 3129 vocabunt.
1141 3072 1355 3129 Hebrtei
1378 3073 1482 3130 hoc
1503 3073 1571 3128 de
1587 3073 1822 3128 Ezechia

1931 1865 2081 1920 aliud
2109 1867 2433 1930 mirabilius.
2467 1865 2493 1904 ά
2526 1884 2595 1922 ne
2614 1885 2738 1926 eum
2767 1879 2927 1938 putes
2959 1871 3012 1924 in
3033 1870 3409 1938 phantasmate
3431 1887 3530 1926 na-

1931 1959 2224 2024 sciturum,
2263 1959 2404 2014 cibis
2453 1968 2638 2016 utetur
2680 1961 2946 2024 infantiae,
2990 1961 3246 2033 butyrum
3277 1964 3536 2020 comedet

1931 2061 1986 2106 et
2017 2052 2118 2106 lac.
2151 2052 2216 2107 Et
2242 2052 2366 2107 licet
2395 2055 2560 2108 multa
2597 2063 2714 2123 post
2745 2056 2940 2110 saecula
2977 2055 3044 2110 de
3074 2072 3140 2112 eo
3181 2056 3528 2127 Evangelista

1933 2153 2165 2200 tesletur
2201 2164 2215 2200 :
2249 2145 2387 2199 Puer
2423 2157 2598 2201 autem
2625 2146 2922 2216 proﬁciebat
2956 2148 3208 2219 sapientia
3227 2158 3277 2203 et
3301 2161 3459 2204 wtate
3488 2160 3534 2204 et

1931 2239 2101 2309 gratia
2137 2240 2277 2307 apud
2317 2238 2486 2294 Deum
2541 2250 2589 2293 et
2625 2239 2858 2296 homines
2888 2241 3042 2312 (Luc.
3077 2258 3137 2308 tt,
3169 2242 3291 2313 5‘2):
3326 2254 3382 2297 et
3431 2244 3534 2300 hoc

1933 2331 2165 2397 dicatur,
2207 2343 2264 2386 ut
2291 2334 2494 2390 veritas
2519 2333 2739 2388 humani
2768 2335 3021 2404 corporis
3043 2337 3377 2404 approbetur
3407 2356 3423 2393 :
3456 2347 3535 2391 ta-

1933 2441 2058 2480 men
2117 2427 2295 2481 adhuc
2341 2427 2536 2496 pannis
2579 2427 2875 2492 involutus,
2929 2437 2986 2482 et
3013 2427 3212 2497 butyro
3245 2439 3440 2497 pastus
3470 2447 3536 2486 ac

1928 2521 2112 2586 melle,
2147 2520 2370 2578 habe-bit
2397 2519 2528 2576 boni
2554 2521 2797 2590 malique
2822 2520 3109 2590 judicium,
3149 2531 3205 2575 ut
3232 2524 3537 2592 reprobatis

1921 2614 2087 2678 mala,
2120 2613 2291 2683 eligat
2318 2613 2485 2668 bona.
2521 2611 2639 2667 Non
2669 2613 2816 2683 quod
2844 2613 2947 2669 hoc
2973 2613 3186 2680 fecerit,
3220 2628 3314 2669 aut
3342 2632 3534 2684 repro-

1933 2706 2166 2770 baverit,
2205 2706 2287 2762 vel
2315 2705 2581 2775 elegerit;
2627 2706 2724 2762 sed
2757 2708 2898 2777 quod
2927 2709 3120 2764 scierit
3147 2708 3446 2777 reprobate
3485 2719 3540 2766 et

1929 2797 2162 2868 eligere,
2199 2809 2256 2852 ut
2277 2812 2375 2868 per
2405 2797 2523 2853 bsrc
2555 2799 2726 2854 verba
2755 2815 3068 2868 noscamus,
3119 2801 3403 2856 infantiam
3444 2801 3540 2856 hu-

1932 2893 2080 2947 mani
2113 2893 2362 2962 corporis
2415 2892 2612 2947 divina:
2652 2908 2759 2948 non
2799 2895 3192 2964 pi'a'judicasse
3229 2897 3534 2965 sapientiae.

1935 2983 2181 3052 Denique
2199 2985 2466 3052 iacentem
2485 2983 2538 3042 in
2559 2985 2828 3053 tn-tesepio
2848 2986 3038 3055 .«lngeli
3062 2989 3372 3056 pastoribus
3393 3005 3536 3044 nun-

1939 3074 2079 3129 tiant
2113 3074 2288 3143 :Magi
2310 3074 2633 3132 adorantde
2657 3076 2884 3132 Ur-ien-te
2916 3080 3216 3144 venientes,
3253 3094 3393 3150 quos
3434 3081 3539 3134 uli-

216 3166 336 3222 lilio
359 3166 539 3232 Achaz
559 3166 1252 3236 prephetariarbitrantur,
1272 3166 1414 3236 quod
1439 3167 1557 3234 ipso
1588 3180 1831 3235 regnan-
1857 3163 1906 3230 C
1939 3183 2046 3238 que
2082 3166 2301 3221 electos
2333 3180 2456 3219 esse
2477 3165 2812 3221 credendum
2841 3178 2945 3223 est.
2981 3171 3136 3240 [12
3162 3169 3225 3224 Et
3253 3187 3284 3224 e
3314 3182 3537 3225 contra-

221 3267 282 3314 ιθ
321 3259 392 3311 sit
423 3266 582 3326 capta
612 3258 886 3312 Samaria:
919 3258 1063 3326 quod
1093 3259 1316 3310 omnino
1348 3257 1562 3325 probari
1587 3273 1693 3311 non
1728 3273 1823 3323 po-

1929 3261 2019 3313 rio
2037 3255 2308 3323 Herodes,
2335 3255 2541 3311 Scribat
2561 3271 2624 3310 ac
2651 3255 2907 3316 Pharisaei
2930 3261 3292 3328 reprobantur
3313 3261 3536 3332 (Matth.

221 3356 360 3406 test.
392 3347 676 3418 Siquidem
706 3347 907 3422 Achaz,
937 3346 1082 3402 illius
1111 3345 1379 3413 Joatbatn,
1408 3348 1833 3416 regnavitsuper
1927 3350 2020 3421 ιι),
2045 3350 2166 3419 quis
2223 3363 2319 3418 pro
2363 3364 2472 3406 uno
2515 3348 2722 3404 infante
2773 3351 2940 3404 multa
2985 3351 3336 3420 parvulorum
3371 3351 3539 3405 millia

217 3440 425 3500 Judam
475 3449 531 3496 et
558 3439 861 3495 Jerusalem
893 3440 1049 3494 annis
1087 3439 1324 3494 sedecim
1372 3439 1459 3508 (ιν
1493 3437 1622 3510 Reg.
1671 3439 1825 3508 xvi):

214 3535 312 3590 cui
343 3533 613 3588 successit
637 3531 694 3585 in
729 3547 955 3602 regnum
999 3531 1146 3586 ﬁlius
1175 3531 1294 3600 ejus
1333 3529 1621 3596 Ezechias,
1656 3546 1829 3588 annos

203 3638 385 3696 status
416 3625 605 3696 viginti
650 3625 911 3695 quinque,
953 3632 1010 3678 et
1063 3621 1305 3693 regnavit
1349 3639 1514 3692 super
1541 3622 1734 3679 Judam
1774 3632 1829 3679 et

213 3718 528 3776 Jerusalem
551 3720 712 3774 annis
735 3718 922 3789 viginti
943 3733 1162 3774 novem.
1181 3717 1462 3784 Quomodo
1479 3733 1630 3789 ergo,
1661 3729 1718 3774 ut
1733 3719 1827 3774 de-

207 3831 344 3882 mus
367 3815 543 3884 primo
569 3829 714 3870 anno
742 3812 922 3869 Achaz
962 3813 1099 3869 hanc
1133 3811 1199 3866 ad
1231 3828 1352 3868 cum
1377 3812 1572 3868 factam
1592 3814 1825 3882 prophe-

222 3909 377 3970 tiam,
405 3907 474 3963 de
493 3908 736 3963 Ezechitn
760 3916 1026 3977 conceptu
1069 3907 1263 3961 dicitur
1283 3917 1335 3962 et
1361 3908 1662 3974 nativitate,
1695 3924 1817 3964 cum

214 4013 292 4054 eo
323 4007 570 4066 tempore
607 4001 760 4070 ιιι
785 4014 891 4069 quo
917 4013 1146 4069 regnare
1167 4000 1333 4069 coepit
1359 4002 1556 4064 Achaz,
1586 4001 1822 4070 jamno-

217 4104 350 4146 .vem
379 4088 640 4160 Ezechias
669 4098 817 4145 esset
847 4091 1256 4155 annorum,nisi
1290 4091 1428 4147 forte
1449 4102 1658 4148 sextum
1689 4093 1827 4151 Eze-

224 4179 366 4237 cltitc
395 4180 545 4250 regni
573 4197 798 4248 annum,
831 4198 939 4252 quo
967 4192 1049 4238 est
1075 4192 1232 4252 capta
1255 4183 1519 4247 Samaria,
1546 4184 1825 4242 infantiam

222 4273 342 4343 ejus
374 4273 634 4343 appellari
664 4274 868 4341 dicant,
917 4289 1022 4330 non
1051 4275 1247 4340 artatis,
1289 4276 1385 4331 sed
1417 4278 1650 4347 imperii.
1670 4279 1824 4347 Quod

222 4376 476 4421 coactum
517 4380 639 4420 esse
665 4373 827 4436 atque
850 4366 1164 4433 violentum,
1190 4367 1352 4422 etiam
1379 4368 1628 4424 etstultis
1657 4377 1821 4440 patet.

207 4459 460 4528 Quidam
494 4459 562 4515 de
589 4461 788 4515 nostris
812 4460 1002 4517 Isaiam
1037 4461 1359 4532 prophetam
1391 4461 1528 4517 duos
1561 4461 1703 4518 ﬁlios
1731 4463 1828 4518 ha-

1915 3477 1922 3489 ι
1947 3441 2315 3496 trucidarunt.

2008 3534 2024 3603 (
2049 3533 2199 3586 νει-ε.
2240 3530 2363 3601 16.)
2410 3530 2568 3585 Prius
2593 3532 2731 3586 enim
2759 3548 2917 3602 quam
2942 3535 3074 3588 sciat
3098 3549 3232 3602 puer
3263 3533 3538 3604 reprobate

1923 3621 2127 3678 malum
2163 3632 2212 3680 et
2243 3621 2430 3693 eligere
2455 3622 2666 3687 bonum,
2700 3622 3081 3693 derelinquetur
3111 3634 3270 3691 terra,
3301 3643 3458 3694 quant
3476 3638 3532 3680 tu

1935 3717 2228 3785 detestaris,
2243 3734 2276 3771 a
2301 3716 2665 3787 facieduarum
2687 3732 2871 3786 regunt
2901 3734 3137 3774 suorum.
3164 3719 3332 3775 Sexto
3349 3721 3527 3790 impe-

1935 3813 2003 3866 rii
2035 3827 2178 3866 anno
2210 3810 2456 3866 Ezechitc
2479 3821 2563 3866 est
2591 3812 2659 3865 ab
2687 3811 2925 3882 Assytiis
2954 3822 3111 3880 capta
3144 3813 3387 3868 Samaria
3420 3814 3534 3884 (IV

1933 3905 2065 3979 Reg.
2096 3904 2273 3975 xviri),
2304 3905 2459 3964 idest
2487 3905 2764 3962 tricesimo
2787 3906 2964 3974 prmio
2983 3906 3316 3962 amomtatis
3334 3907 3530 3975 ipsius.

1923 3997 2018 4055 Sic
2046 3999 2227 4068 itaque
2257 3997 2362 4053 iste
2387 3998 2479 4067 qui
2505 3998 2838 4060 nasciturus,
2867 3996 2953 4050 vel
2969 3996 3041 4051 de
3066 3995 3312 4066 Virgine,
3343 4004 3401 4050 ut
3429 4013 3531 4054 nos

1923 4092 2246 4161 probamus,
2285 4089 2369 4145 vel
2406 4089 2477 4145 de
2505 4088 2939 4152 adolescetdnla,
2993 4095 3050 4140 ut
3079 4086 3255 4142 Judaei
3296 4088 3487 4148 volunt
3513 4133 3528 4155 ,

1938 4183 2192 4255 butyrum
2236 4192 2291 4236 et
2331 4181 2438 4236 mel
2483 4179 2757 4243 comedet,
2791 4186 2848 4234 et
2879 4186 2987 4234 tam
3023 4177 3290 4248 parvulus
3315 4181 3438 4244 erit,
3477 4192 3536 4235 ut

1931 4279 2132 4334 malum
2170 4291 2203 4329 -a
2230 4273 2708 4331 bonodiscernere
2731 4281 2988 4343 nequeat,
3031 4280 3088 4327 et
3123 4281 3412 4342 antequam
3438 4273 3530 4329 ille

1929 4376 2145 4438 tempus
2173 4366 2485 4436 egrediatur
2515 4365 2776 4430 infantia),
2804 4374 2946 4418 terra
2978 4363 3151 4433 Syriae.
3185 4375 3240 4421 et
3270 4365 3532 4421 Samaria:

1935 4459 2199 4515 vastando
2224 4457 2294 4512 ab
2317 4458 2555 4526 Assyriis
2584 4458 2658 4511 sit
2691 4473 2704 4508 :
2737 4456 3099 4524 respondeant
3135 4456 3373 4524 Hebraei,
3399 4474 3534 4528 quo-

229 4551 421 4608 bnisse
451 4552 752 4618 contendit,
778 4551 946 4608 Jasub
965 4564 1016 4608 et
1046 4553 1362 4624 Emmanuel
1395 4573 1408 4610 :
1434 4555 1821 4616 etEmmanuel
1849 4551 1910 4614 ,Β
1935 4553 2098 4609 modo
2129 4549 2394 4605 Ezechias
2425 4549 2643 4618 triginta
2668 4557 2722 4602 et
2745 4563 2853 4602 uno
2879 4549 3039 4603 annis
3065 4549 3362 4604 infantulus
3394 4566 3533 4620 pra:-

223 4641 296 4698 de
328 4643 672 4714 prephetissa
709 4659 875 4705 uxore
901 4646 1019 4715 ejus
1041 4661 1162 4703 esse
1183 4657 1521 4717 generatum,
1560 4649 1612 4705 in
1636 4659 1822 4721 typum

223 4734 768 4793 DominiSalvatoris
792 4746 884 4810 :_ut
905 4737 1064 4814 Iprior
1099 4738 1239 4796 tilius
1266 4736 1450 4807 Jasub,
1475 4738 1621 4810 quod
1669 4739 1834 4797 inter-

302 4939 327 4968 ι
361 4928 592 4984 Verbum
621 4928 858 4986 Carathi.
891 4930 1093 4988 Omnes
1122 4932 1518 4988 mssrcodices
1547 4931 1722 4988 Latini
1751 4933 1828 4989 le-

219 5009 366 5072 ἐιηιί
399 5011 458 5056 ιιι
499 5001 772 5056 edidimus
820 5017 1087 5065 CABA'I'HI,
1128 5003 1179 5054 in
1213 5003 1384 5071 prima
1433 5019 1687 5072 persona.
1721 5004 1828 5060 Sed

225 5077 336 5127 hoc
365 5073 452 5127 vel
475 5088 635 5128 error
681 5083 762 5127 est
790 5074 1135 5128 librariorum
1173 5085 1444 5136 veterum,
1479 5075 1563 5127 vel
1599 5075 1828 5130 iibertas

211 5146 551 5215 Hier-anymi
569 5146 661 5214 qui
684 5160 841 5200 more
863 5144 1122 5216 Syrorum
1147 5146 1361 5215 tegebat
1389 5146 1476 5197 ind
1503 5145 1556 5196 in
1585 5147 1826 5216 secunda

223 5213 492 5282 feniinina
523 5213 783 5286 singulari
810 5213 1234 5288 (imiter-iturum.
1266 5222 1445 5299 inm;
1465 5213 1703 5280 cat'athi,
1733 5233 1829 5283 pro

223 5311 394 5387 I'tN'lp
435 5305 635 5360 caratlt.
679 5305 831 5372 Quod
861 5308 1076 5376 quidem
1109 5317 1286 5376 potest
1320 5308 1556 5376 intelligi
1608 5307 1828 5375 vocabit,

223 5410 291 5469 ut
318 5401 579 5452 observat
619 5397 758 5452 idem
797 5399 1180 5469 Hieronymus,
1221 5418 1326 5454 non
1362 5402 1510 5464 iuxta
1552 5398 1831 5453 Gramma-

222 5468 454 5534 riualem
493 5469 790 5537 πενὺθικιηη
817 5468 1036 5524 suum
1066 5488 1079 5535 ;
1113 5471 1211 5526 sed
1242 5473 1400 5537 juxta
1425 5469 1833 5538 phtpltclalem,

126 5548 128 5551 '
215 5541 322 5612 qui
341 5539 716 5606 advirginem
743 5543 1046 5608 parituram
1071 5545 1319 5612 respicit.
1349 5540 1631 5594 Mittunt.

297 5637 332 5722 ξ’
375 5637 553 5722 ριήῴςῖ
584 5657 795 5722 (lituique
826 5640 1027 5722 vulgati
1057 5629 1210 5722 aadd
1247 5635 1676 5722 ΝΩνὶΤῴῐηΨ..
1715 5641 1834 5708 ἕξει,

225 5707 588 5786 habebimain
597 5707 695 5786 etsi
712 5707 1054 5786 'n'tss.'plures
1071 5707 1308 5786 λήψεται,
1321 5707 1557 5786 gregna.
1573 5707 1842 5786 ferrei-04

227 5787 426 5840 cabuut
452 5791 504 5841 "et
521 5782 748 5851 Vulgata
763 5793 815 5837 et
839 5779 1722 5853 pleriqueex'Latin‘is,Cra-eisque
1745 5779 1842 5836 Pa-

1943 4645 2180 4709 dicetur,
2215 4649 2272 4696 ct
2295 4649 2402 4694 tam
2437 4639 2585 4694 rudis
2613 4636 2815 4701 mtatis,
2833 4645 2891 4691 ut
2918 4639 3047 4704 mel,
3069 4649 3123 4693 et
3152 4639 3409 4710 butyrum
3437 4655 3529 4695 co-

1944 4737 2192 4799 medens,
2246 4733 2396 4805 juxta
2435 4731 2753 4788 Niniviticos
2799 4742 3024 4798 pueros,
3067 4744 3173 4786 nec
3225 4730 3529 4801 sinistram,

1936 4935 2108 4992 tribus
2124 4933 2535 4999 praelecuntNel
2549 4974 2562 4987 .
2579 4931 2692 4986 Hal.
2709 4931 2929 4984 vocabit.
2945 4930 3246 5001 Cyprianus
3260 4937 3522 4995 vocabitis.

2017 5018 2037 5045 ε
2088 5005 2264 5060 Vatic.
2294 5003 2533 5076 quodque
2563 5004 2810 5076 sequitur,
2843 5004 3122 5076 reprobate
3151 5004 3365 5076 "talum,
3389 5023 3516 5076 etc"

1939 5077 2105 5139 falso;
2130 5067 2372 5147 estcnitn
2398 5067 2537 5141 apud
2562 5067 2700 5147 LXX
2717 5073 3054 5147 ggppals’abm,
3079 5067 3369 5147 prmetigere
3391 5067 3523 5135 hoc;

1933 5164 2042 5215 que
2067 5146 2292 5216 proprie
2315 5147 2590 5216 esthund
2621 5146 2673 5197 in
2717 5143 2949 5216 uelint-,0
2995 5161 3099 5198 mm
3137 5144 3323 5198 haberi
3373 5161 3524 5205 notat

1933 5215 2164 5276 “iam...
2189 5217 2302 5290 sive
2329 5215 2660 5270 verbi.an
2680 5215 3044 5283 signiﬁcatum
3063 5229 3306 5269 nonesse
3338 5221 3525 5290 eligere

1935 5291 2028 5344 sed
2049 5285 2340 5357 rcprobare.

2009 5357 2032 5394 ιι
2067 5348 2254 5411 Greece
2296 5356 2426 5409 dicit
2465 5355 2729 5408 Eusebius
2769 5369 2779 5402 :
2813 5348 2942 5404 Οὔτε
2974 5359 3046 5418 τῷ
3086 5348 3245 5402 δοκεῖν
3283 5351 3436 5410 ἔσται
3467 5361 3526 5414 τὸ

1937 5429 2210 5504 γινόμενον.
2254 5427 2358 5481 ἀλλ’
2379 5427 2576 5483 ἀληθῶς
2615 5418 2859 5504 rotati???
2898 5420 3144 5504 ιξιιςιομενεζ
3165 5419 3418 5504 γέχνησιγ,
3461 5432 3530 5490 ὡς

1937 5487 2235 5570 {tuumtuum
2255 5499 2448 5574 νηίτίῳν
2467 5501 2642 5567 τροφῇ,
2653 5487 2892 5574 ρουτύρῳ
2912 5489 3040 5574 λέγει
3060 5490 3147 5574 ueloci
3162 5487 3330 5572 ’μέλιτι
3345 5493 3534 5561 ὁμοίως

1941 5579 2054 5631 τοῖς
2082 5567 2275 5626 λοιποῖς
2310 5559 2540 5641 βρέφεσὶ.
2568 5559 2746 5614 ’Τοῦτο
2776 5561 2866 5625 μὲν
2902 5559 2988 5644 oin
3011 5559 3359 5648 dﬁpéngtvou;
3384 5559 3451 5624 '75
3481 5559 3536 5626 δί

1952 5681 2003 5701 υ,
2075 5681 2302 5698 vnn-"vs
2355 5681 2505 5689 νη--ν
2579 5681 2702 5687 ν---η
2844 5681 2848 5682 ν
2921 5681 2930 5682 ί
3334 5681 3378 5692 η.
3402 5681 3414 5701 ε,
3461 5681 3540 5695 ιι...

1935 5681 2066 5788 ,πὲἰν
2627 5681 2930 5774 rigosz
2959 5697 3173 5771 πονηρὰ,
3208 5695 3465 5766 ἔθ’-λέξεται
3489 5712 3543 5764 τὸ

1937 5777 2270 5854 auditumst!
2299 5779 2361 5833 τὰ
2579 5839 2583 5841 _
