4008 6294
500 271 597 326 iii

1749 264 1807 320 S.
1850 262 2119 320 EUSEBII
2156 259 2535 317 HIERONYMI

3698 258 3806 316 ΗΞ.

495 403 601 442 nec
628 386 924 451 dexteram,
957 383 1008 437 id
1034 390 1140 443 est.
1165 394 1267 435 nec
1298 378 1520 440 malum.
1565 391 1667 433 nec
1696 377 1896 432 bonum
1929 391 2096 432 nove—
2121 384 2175 445 Α
2198 374 2484 445 Εεγρίὶοε
2509 379 2667 426 vocat
2691 379 2915 441 propter
2941 372 3129 427 sordes
3148 370 3490 438 idololatrias,
3521 379 3578 426 et
3605 371 3806 426 imbel-

498 483 594 535 rit.
622 480 866 534 Relatum
897 487 1079 531 autem
1121 475 1189 530 ad
1230 471 1563 538 Emmanuel,
1591 471 1733 540 quod
1766 473 2096 542 interpreta-

498 583 608 640 tttr,
641 574 895 626 nobiscum
929 568 1092 635 Deus,
1128 568 1345 624 facilem
1401 565 1620 622 habebit
1655 564 2089 633 intelligentiam.

498 664 650 732 Quod
677 662 741 715 ad
782 662 1104 733 mysterium
1138 669 1194 715 et
1241 659 1652 713 invocationem
1694 657 1930 711 nominis
1976 656 2095 725 ejus

496 769 635 813 terra
669 755 861 828 Syrize,
888 766 938 809 et
960 753 1249 818 Samarim,
1285 752 1514 822 Assyrio
1555 760 1876 820 superante,
1914 759 2097 804 vaste-

495 849 897 906 turzetdomus
927 847 1101 901 David
1132 847 1398 901 liberetur
1425 862 1453 898 a
1478 845 1694 901 duobus
1713 845 1933 917 regibus
1955 858 2095 914 quos

496 941 712 1002 metuit.
737 939 903 994 Rasiu
935 938 1213 1000 videlicet,
1235 947 1290 993 et
1310 937 1545 994 Phacee.

569 1033 766 1105 (Vers.
793 1032 880 1085 17.
913 1032 931 1101 )
972 1031 1207 1085 Adducet
1242 1029 1500 1084 Dominus
1549 1046 1705 1100 super
1735 1038 1804 1095 te,
1863 1038 1912 1083 et
1941 1045 2096 1098 super

495 1125 748 1199 populum
767 1136 932 1189 tuum,
961 1135 1006 1180 et
1031 1142 1187 1197 super
1215 1125 1426 1179 domum
1456 1125 1620 1193 patris
1642 1126 1715 1177 tui
1737 1124 1848 1176 dies
1872 1123 1960 1192 qui
1992 1139 2095 1175 non

497 1227 745 1272 venerunt
777 1235 808 1270 a
839 1217 1015 1271 diebus
1058 1217 1410 1288 separationis
1443 1214 1697 1282 Ephraim
1721 1234 1750 1267 ιι
1779 1214 1944 1281 Juda,
1980 1230 2097 1267 cum

493 1327 616 1381 rege
651 1310 1000 1379 Assyriorum.
1045 1309 1220 1362 Locus
1260 1310 1360 1362 iSIe
1398 1324 1491 1376 per
1521 1308 1856 1379 hyperbaton
1913 1308 2097 1376 legen-

502 1401 604 1458 dus
631 1410 732 1456 est.
761 1401 1004 1472 Denique
1034 1411 1088 1455 et
1119 1415 1218 1454 nos
1243 1402 1412 1455 secuti
1441 1400 1757 1455 llebraicam
1783 1399 2093 1464 veritatem,

495 1497 570 1551 ita
602 1512 723 1551 eum
753 1496 1095 1565 interpretati
1125 1511 1312 1549 sumus
1334 1493 1407 1549 :0
1435 1494 1629 1547 domus
1662 1494 1849 1560 David,
1883 1487 2096 1548 auscul-

499 1601 550 1644 ta
581 1606 700 1660 qua:
732 1590 875 1654 dico,
907 1598 964 1642 ut
994 1588 1406 1657 derelinquatur
1448 1599 1590 1642 terra
1619 1587 1792 1658 Syria:
1821 1597 1875 1642 et
1897 1586 2095 1642 Sama-

494 1686 592 1740 ria:
621 1702 647 1736 a
680 1683 818 1738 faeie
843 1699 1024 1753 regum
1051 1682 1306 1746 duorum,
1363 1697 1498 1752 quos
1531 1690 1587 1734 tu
1616 1682 2098 1736 vehementissime

2202 468 2305 523 lem
2348 466 2605 536 populum
2639 482 2651 518 :
2692 473 2748 520 et
2775 480 2931 534 apem
2965 467 3239 537 Assyrios,
3273 481 3502 536 quorum
3535 466 3629 521 illo
3660 473 3802 520 tent-

2199 573 2332 628 pore
2365 557 2802 628 potentissimum
2833 572 3062 628 regnum
3091 567 3230 622 erat,
3261 569 3313 613 et
3337 557 3404 612 ad
3438 557 3582 612 bella
3616 572 3802 628 prom-

2205 653 2513 721 ptissimum
2552 670 2564 704 :
2598 651 2684 706 vel
2727 652 2797 705 ob
2834 652 2908 718 id,
2950 653 3073 721 quia
3105 652 3283 707 omnis
3337 666 3505 720 prope
3547 651 3802 723 Assyrio-

2197 759 2318 798 rum
2359 754 2412 798 et
2442 743 2679 799 Persidis
2710 745 2859 814 regio
2900 758 3060 798 usum
3114 744 3351 800 habebat
3393 743 3736 813 sagittarum.
3770 741 3798 781 δ

2199 834 2265 889 Hi
2298 834 2463 905 igitur
2493 845 2548 891 et
2579 851 2771 890 omnes
2816 836 3061 902 venient,
3112 845 3168 891 et
3209 837 3554 906 occupabunt
3600 847 3796 892 terram

2199 935 2344 982 tuam
2376 930 2430 981 in
2476 926 2808 982 torrentibus
2835 927 3080 993 vallium,
3112 939 3169 984 et
3197 929 3449 984 cavernis
3497 938 3796 999 petrarttm,

2199 1032 2250 1076 et
2283 1022 2335 1075 in
2368 1022 2621 1076 onmibus
2647 1023 2880 1088 frutetis,
2913 1034 2964 1078 et
2997 1022 3380 1091 foraminibus,
3406 1025 3682 1095 lignisque
3705 1040 3799 1081 ne-

2199 1115 2458 1169 morosis.
2494 1115 2621 1170 Hmc
2663 1125 2841 1170 autem
2883 1131 2979 1185 per
3019 1117 3391 1187 metaphoram
3427 1118 3713 1186 dicuntur,
3746 1128 3801 1175 ut

2199 1208 2324 1277 quia
2352 1208 2521 1263 semcl
2553 1223 2789 1277 muscas,
2818 1217 2874 1264 et
2902 1224 3032 1280 apes
3054 1210 3457 1277 nominaverat,
3491 1213 3798 1268 translatio-

2200 1315 2324 1354 nem
2355 1312 2598 1356 servaret
2630 1302 2680 1356 in
2721 1303 2968 1371 reliquis.
3001 1303 3272 1374 Legamus
3311 1304 3517 1375 Regum
3543 1317 3595 1360 et
3637 1305 3798 1361 Para-

2199 1393 2516 1464 lipomeuon
2542 1396 2731 1463 libros,
2779 1395 2938 1468 ιιά.
2967 1405 3023 1451 et
3054 1400 3395 1452 inveniemus
3429 1399 3498 1452 ab
3529 1398 3798 1471 Egyptiis

2200 1503 2399 1543 caesum
2439 1499 2688 1544 sanctum
2722 1506 2902 1562 regem
2961 1491 3190 1560 Josiam,
3238 1501 3292 1548 et
3328 1495 3586 1564 populum
3639 1494 3799 1550 Israel

2200 1583 2453 1650 potestati
2497 1581 2769 1653 Egyplim
2823 1584 3169 1655 subjugatum
3223 1584 3315 1657 (IV
3367 1585 3498 1656 Reg.
3552 1603 3713 1653 xxnt;
3760 1586 3797 1642 ll

2200 1673 2332 1729 Par.
2377 1674 2585 1745 xxxv):
2619 1676 2688 1729 ita
2739 1683 2802 1730 ut
2853 1691 3035 1746 regem
3090 1677 3200 1732 illis
3229 1679 3606 1734 constitueret.
3668 1681 3732 1734 Et
3777 1691 3796 1718 ε

493 1777 819 1834 reformidas
851 1795 864 1829 :
895 1776 1130 1830 adducet
1157 1776 1415 1829 Dominus
1430 1775 1547 1828 dies
1570 1789 1732 1843 super
1757 1785 1828 1836 te,
1856 1781 1912 1828 et
1931 1789 2096 1841 super
2124 1782 2170 1843 Β
2203 1777 2324 1837 post
2355 1782 2459 1822 non
2502 1769 2728 1822 multum
2765 1772 3057 1838 temporis,
3113 1771 3262 1826 venit
3301 1772 3800 1829 Nabuchodomsor

495 1871 718 1926 domum
759 1863 929 1936 patris
961 1869 1038 1920 tui
1066 1867 1254 1930 David,
1283 1880 1423 1934 quos
1453 1880 1745 1934 numquam
1772 1863 2006 1917 habuisti
2031 1879 2097 1918 ex

497 1980 566 2019 eo
601 1973 846 2030 tempore
873 1975 980 2030 quo
1009 1961 1199 2015 decem
1228 1960 1401 2013 tribus
1427 1974 1455 2012 a
1480 1959 1690 2013 duabus
1720 1959 1965 2013 tribubus
2009 1975 2098 2013 se-

487 2069 693 2128 paratae
723 2064 1181 2123 sunt,etregnum
1208 2054 1260 2106 in
1292 2051 1537 2108 Samaria
1563 2052 1764 2106 habere
1790 2061 2092 2122 carperent.

490 2151 746 2207 Adducet
768 2157 949 2202 autem
980 2149 1116 2202 istos
1146 2146 1282 2209 dies,
1315 2146 1368 2200 id
1392 2154 1504 2207 est.
1541 2155 1786 2216 tempora
1810 2161 1932 2199 cum
1965 2161 2097 2217 rege

492 2245 871 2315 Δςκγτὶοιηιπι,
907 2249 964 2294 ut
993 2240 1101 2294 illis
1143 2238 1413 2308 superatis
1461 2248 1626 2308 atque
1685 2239 1987 2302 subversis,
2039 2248 2094 2292 tu

494 2333 871 2391 Emmanuelis
926 2333 1214 2401 praesentia
1251 2331 1526 2384 libereris.
1565 2328 1706 2382 LXX
1742 2331 1888 2384 hunc
1917 2330 2094 2383 locum

487 2428 566 2482 ita
621 2433 946 2480 verterunt:
981 2424 1211 2477 Adducet
1262 2421 1515 2475 Dominus
1561 2422 1717 2494 113
1758 2439 1912 2492 super
1946 2433 2013 2486 te,
2049 2432 2094 2476 et

484 2537 638 2590 super
673 2518 922 2590 populum
951 2527 1114 2581 tuum,
1146 2527 1195 2568 et
1243 2533 1398 2582 super
1427 2517 1637 2568 domum
1665 2516 1828 2586 patris
1853 2517 1928 2569 tui
1960 2517 2088 2583 dies,

490 2613 579 2684 qtti
609 2613 829 2666 necdum
870 2618 1138 2667 venerunt.
1182 2625 1246 2662 ex
1273 2625 1377 2679 qua
1405 2609 1487 2662 die
1529 2608 1742 2662 abstulit
1781 2607 2038 2677 Ephraim
2064 2627 2096 2662 a

492 2703 636 2758 Juda
657 2719 828 2774 regem
859 2701 1205 2771 Assyriorum.
1241 2699 1395 2765 Quod
1434 2713 1592 2768 quem
1623 2715 1843 2754 sensum
1878 2702 2093 2765 haheat,

489 2796 632 2850 seire
675 2811 783 2848 non
828 2808 1142 2862 possumus,
1194 2793 1294 2845 nisi
1328 2793 1466 2846 forte
1511 2794 1614 2845 huc
1653 2793 1945 2848 dicendum
1987 2802 2093 2859 est,

495 2887 639 2959 qttod
674 2897 1021 2954 peccatorum
1055 2899 1275 2939 suorum
1308 2885 1681 2955 magnitudine
1721 2886 2012 2955 Ephraim,
2042 2885 2093 2939 id

494 2992 602 3047 est,
635 2980 882 3036 Samaria
917 2977 1150 3046 primum
1200 2978 1265 3032 ad
1309 2993 1368 3033 se
1390 2979 1741 3050 Assyriorum
1775 2979 1965 3034 fecerit
1995 2980 2097 3034 im-

495 3081 680 3142 petum
721 3071 1021 3127 declinare.
1061 3072 1235 3124 Aliter
1272 3088 1286 3121 :
1321 3071 1544 3125 interim
1585 3087 1727 3125 nunc
1782 3072 1892 3125 duo
1933 3087 2092 3142 reges

2201 1875 2324 1914 cum
2359 1861 2745 1916 innumerabili
2771 1861 3118 1918 multitudine
3150 1862 3495 1929 bellatorum,
3536 1873 3801 1936 captaque

2200 1954 2526 2022 Jerusalem,
2558 1966 2612 2009 et
2643 1957 2859 2010 leeris
2884 1955 3083 2010 Judzea:
3113 1957 3339 2012 urbibus
3365 1956 3581 2024 dirutis,
3613 1960 3799 2014 incen-

2202 2046 2281 2100 dit
2303 2046 2613 2116 Templum,
2649 2058 2701 2101 et
2733 2046 3068 2102 habitatores
3094 2045 3349 2120 Assyrias
3390 2048 3570 2118 posuit
3603 2050 3657 2104 in
3704 2048 3799 2105 Ju-

2201 2140 2315 2197 dtea
2349 2141 2441 2211 (IV
2475 2143 2607 2215 Reg.
2652 2150 2825 2208 xxrv).

2275 2235 2458 2308 (Vers.
2499 2235 2619 2306 20.)
2659 2236 2725 2291 In
2756 2239 2838 2292 die
2867 2238 2962 2292 illa
3003 2241 3151 2292 rodet
3185 2239 3437 2294 Dominus
3464 2242 3518 2295 in
3550 2241 3800 2296 novacula

2198 2332 2480 2394 conducta,
2512 2332 2566 2383 in
2595 2331 2671 2384 Itis
2701 2333 2789 2402 qui
2833 2343 2975 2385 trans
3011 2335 3200 2402 ﬂumen
3230 2345 3371 2400 sunt,
3401 2336 3454 2388 in
3482 2352 3600 2406 rege
3646 2336 3802 2407 Assyc

2199 2425 2420 2486 riorum,
2455 2435 2631 2493 caput,
2660 2433 2706 2477 et
2752 2423 2887 2496 pilos
2913 2428 3121 2497 pedum,
3156 2438 3201 2480 et
3252 2427 3463 2481 barbam
3491 2429 3801 2483 universam.

2201 2515 2328 2569 H.t-c
2343 2517 2560 2586 quidam
2589 2526 2778 2584 potam
2798 2519 2866 2573 de
2890 2519 3131 2590 Assyriis
3161 2520 3497 2590 pr0phetari,
3530 2524 3623 2591 qui
3656 2523 3802 2578 mille

2203 2611 2463 2665 trecentis
2492 2613 2671 2679 annis,
2719 2622 3009 2682 antequam
3055 2614 3357 2670 Jerusalem
3395 2616 3797 2684 subverterent,

2201 2703 2587 2775 regnumAsiue
2610 2706 2941 2778 Egyptique
2964 2718 3015 2762 et
3047 2708 3230 2780 Libyae
3253 2710 3637 2779 possederunt,
3663 2711 3804 2777 quod

2201 2812 2230 2850 a
2259 2797 2426 2851 Medis
2452 2797 2741 2868 Persisque
2773 2798 3027 2854 vincendi
3051 2799 3179 2868 sint,
3216 2809 3272 2855 et
3294 2816 3482 2857 eorum
3516 2801 3801 2868 imperium

2202 2887 2622 2944 destruendum.
2656 2891 2764 2945 Alii
2807 2907 2936 2946 vero
2967 2887 3323 2957 arbitrantur,
3356 2893 3500 2964 quod
3535 2906 3690 2950 trans
3711 2896 3807 2950 llu-

2203 2997 2326 3036 nten
2359 2983 2688 3053 Euphratem
2717 2986 2844 3039 caesi
2878 2987 2988 3040 sint
3017 2986 3280 3060 Egyptii.
3318 2987 3429 3043 Nos
3473 3003 3659 3046 autem
3714 3008 3808 3045 no-

2200 3076 2448 3129 vaculam
2483 3077 2740 3133 mercede
2758 3079 3106 3147 conductam,
3145 3081 3319 3150 ipsum
3345 3082 3681 3138 arbitrantur
3707 3084 3807 3139 As-

493 3168 658 3220 ltasin
683 3175 736 3221 et
760 3165 988 3230 Phaeee,
1015 3164 1107 3234 qui
1135 3174 1186 3218 te
1209 3163 1482 3228 obsident,
1511 3171 1568 3217 et
1590 3175 1803 3218 vastare
1817 3163 2100 3228 festinant,
2129 3171 2174 3233 (ζ
2208 3168 2411 3237 syrium
2431 3211 2443 3232 ,
2489 3183 2650 3237 quem
2690 3169 2744 3222 in
2775 3169 3012 3225 Jeremia
3049 3172 3120 3226 ob
3158 3171 3420 3228 ultionem
3463 3176 3645 3242 populi
3683 3190 3807 3244 pec-

494 3259 645 3315 hrevi
678 3267 928 3327 tempore
951 3257 1340 3312 subterteutur
1371 3273 1384 3309 :
1419 3267 1524 3310 tua:
1550 3266 1734 3312 autem
1774 3257 2096 3312 vastationis

492 3366 707 3424 tempus
751 3350 883 3405 illud
936 3351 1216 3415 adveniet,
1271 3349 1511 3419 quando,
1555 3350 1699 3420 quod
1743 3367 2038 3422 numquam
2068 3358 2094 3387 ιι

493 3459 837 3514 speraveras.
865 3445 1033 3498 immo
1061 3458 1354 3510 numquam
1389 3453 1682 3505 metueras,
1711 3443 1973 3513 Assyrius
2003 3458 2097 3497 ve-

500 3539 662 3592 nerit.
685 3537 792 3592 Per
812 3551 932 3605 qua:
955 3534 1138 3595 docet,
1171 3533 1356 3585 domui
1390 3533 1583 3596 David,
1639 3548 1746 3586 non
1791 3533 2010 3604 Syriam
2043 3543 2099 3588 et

496 3629 826 3688 Samariam,
859 3625 956 3678 sed
988 3625 1243 3694 Assyrios
1272 3640 1397 3679 esse
1438 3625 1784 3680 metuendos.
1832 3625 2098 3681 Praesenti

498 3733 630 3789 ergo
653 3717 941 3773 formidine
973 3717 1190 3784 liberat,
1223 3717 1369 3773 etde
1399 3716 1584 3773 futuro
1605 3728 1851 3790 tempore
1871 3723 2097 3777 commi-

508 3822 688 3866 natur.

575 3905 756 3978 (Vers.
795 3903 880 3967 i8,
918 3901 1032 3974 19).
1069 3901 1138 3955 Et
1164 3903 1263 3957 erit
1292 3902 1347 3956 in
1375 3903 1459 3956 die
1487 3903 1601 3968 illa,
1635 3905 1864 3961 sibilabit
1910 3907 2096 3963 Domi-

499 4013 595 4050 nus
621 4010 829 4056 muscw.
861 4010 976 4065 qua:
1009 4004 1084 4048 est
1118 3993 1173 4046 in
1210 4003 1437 4048 extremo
1467 3996 1745 4062 [luminum
1774 3997 2016 4070 Afgypti.
2049 4011 2098 4057 et

499 4087 586 4157 api
606 4101 720 4156 qua:
764 4095 839 4138 est
883 4085 938 4137 in
985 4093 1123 4137 terra
1153 4082 1318 4136 Assur
1347 4099 1365 4136 :
1391 4093 1436 4138 et
1465 4085 1688 4149 venient,
1714 4097 1759 4140 et
1789 4089 2100 4157 requiescent

501 4194 674 4232 omnes
704 4178 758 4230 in
785 4176 1098 4229 torrentibus
1121 4174 1359 4240 vallium,
1389 4190 1436 4230 et
1461 4178 1514 4230 in
1547 4180 1779 4233 cavernis
1810 4190 2093 4251 petrarum,

503 4280 550 4322 et
581 4271 635 4323 in
676 4268 910 4322 omnibus
955 4267 1194 4336 frutetis,
1244 4276 1292 4320 et
1339 4268 1394 4321 in
1436 4270 1688 4324 universis
1730 4274 2095 4343 foraminibus.

501 4366 636 4422 Cum
662 4367 824 4420 fuerit.
851 4365 1082 4419 duorum
1118 4380 1308 4435 regum
1343 4375 1484 4421 terra
1517 4366 1766 4439 deserta,
1801 4373 2096 4431 Damascus

501 4469 556 4514 et
581 4457 846 4524 Samaria,
895 4473 1055 4528 quam
1110 4466 1166 4512 tu
1214 4474 1358 4513 nunc
1404 4460 1691 4518 detestaris
1739 4473 1796 4520 et
1849 4471 2092 4526 metuis:

2198 3260 2420 3325 caloris,
2457 3262 2620 3316 etiam
2653 3263 2961 3317 columbam
3003 3280 3154 3319 suam
3189 3274 3344 3319 vocat
3391 3264 3609 3336 (Jerem.
3645 3268 3802 3338 xxv).

2199 3354 2444 3425 Denique
2473 3366 2527 3410 et
2553 3356 2605 3410 in
2639 3358 2849 3411 visione
2878 3357 3007 3428 Tyri
3041 3358 3254 3431 (Ezeclt.
3292 3375 3490 3425 xxvtu,
3516 3360 3643 3426 29),
3679 3361 3803 3429 quia

2198 3447 2251 3501 in
2275 3449 2626 3503 exstruendis
2659 3450 3075 3518 munitionibus,
3109 3462 3160 3505 et
3189 3467 3382 3522 aggere
3405 3454 3803 3516 comportando

2199 3538 2705 3596 Nabuchodonosor
2728 3543 3020 3610 plurimum
3049 3543 3406 3613 laboraverat,
3431 3553 3484 3598 et
3502 3544 3614 3599 illis
3631 3545 3806 3600 classe

2198 3631 2556 3702 fugientibus,
2611 3632 2791 3689 fuerat
2844 3635 3101 3691 mercede
3150 3637 3414 3705 privatus,
3459 3635 3586 3691 data
3630 3647 3717 3692 est
3753 3638 3802 3691 ei

2201 3724 2473 3795 {Egyptus
2505 3741 2603 3794 pro
2635 3728 2888 3783 mercede
2927 3739 2981 3784 et
3029 3729 3218 3785 labore
3247 3744 3367 3784 suo.
3400 3728 3546 3798 Ergo
3594 3731 3649 3784 in
3702 3730 3804 3785 ista

2199 3819 2464 3873 novacula
2493 3818 2827 3889 acutissima,
2871 3829 2928 3877 et
2977 3823 3030 3877 in
3081 3824 3183 3891 his,
3219 3826 3310 3894 qui
3357 3824 3606 3879 habitant
3653 3837 3803 3880 trans

2200 3908 2405 3965 ﬂutueu
2440 3911 2796 3982 Euphratem,
2831 3915 2886 3968 in
2910 3930 3038 3985 rege
3060 3915 3313 3972 videlicet
3338 3916 3583 3989 Assyrio,
3611 3933 3805 3972 omnes

2200 4002 2430 4074 capillos
2475 4013 2531 4058 et
2582 4006 2723 4075 pilos
2766 4007 2936 4062 totius
2965 4010 3214 4078 corporis
3258 4025 3286 4063 a
3319 4010 3498 4080 capite
3531 4027 3707 4078 usque
3735 4010 3802 4066 ad

2199 4095 2366 4164 pedes
2393 4095 2758 4169 decoremque
2798 4099 3004 4166 barbae,
3039 4101 3186 4170 quod
3232 4102 3511 4157 virilitatis
3541 4103 3800 4159 indicium

2199 4199 2302 4255 est,
2335 4190 2488 4246 radet
2521 4191 2786 4247 Dominus
2813 4193 2883 4248 de
2908 4192 3116 4262 Iudaea,
3166 4203 3224 4250 ut
3253 4195 3388 4251 nihil
3423 4195 3478 4251 in
3514 4196 3602 4252 ilia
3639 4198 3798 4267 forte,

2198 4281 2330 4337 nihil
2357 4283 2640 4352 pulchrum
2672 4285 2935 4350 resideat,
2972 4286 3069 4342 sed
3101 4286 3430 4343 effeminatis
3458 4287 3800 4355 hominibus,

2197 4374 2368 4432 immo
2399 4379 2784 4449 ignominiosis
2814 4381 3139 4438 mulieribus
3168 4394 3576 4452 comparentur.

2269 4469 2453 4538 (Vers.
2486 4473 2549 4526 2|
2571 4517 2585 4539 ,
2621 4473 2802 4544 seqq.)
2835 4473 2904 4530 Et
2935 4479 3034 4531 erit
3060 4479 3112 4532 in
3142 4479 3227 4532 die
3254 4477 3381 4541 illa,
3415 4481 3608 4533 nutriet
3653 4480 3804 4535 homo

504 4562 630 4607 tunc
657 4551 892 4607 adducet
936 4552 1219 4618 Dominus,
1251 4568 1285 4607 ο
1328 4552 1521 4610 domus
1566 4555 1723 4620 Juda,
1755 4575 1921 4631 super
1959 4572 2010 4619 te
2040 4573 2094 4619 et
2119 4574 2174 4635 D
2197 4577 2402 4617 vaccam
2435 4565 2614 4631 boum,
2647 4576 2694 4620 et
2726 4567 2856 4622 duas
2887 4585 3023 4636 oves,
3057 4579 3104 4624 et
3135 4587 3244 4643 pra:
3271 4572 3503 4626 ubertate
3533 4574 3684 4629 lactis
3715 4591 3803 4629 co-

495 4646 753 4717 pnpulutn
782 4656 929 4699 tuum
959 4645 1099 4708 dies,
1134 4659 1271 4716 quos
1302 4662 1593 4718 numquam
1639 4660 1764 4705 ante
1811 4653 2012 4720 vidisti,
2038 4665 2095 4710 et

499 4755 679 4810 regem
725 4737 1099 4810 Assyriorum.
1158 4737 1381 4793 Frustra
1430 4740 1591 4809 igitur
1633 4746 1920 4811 prmsentia
1976 4763 2090 4804 me-

499 4831 626 4896 tuis,
656 4833 952 4886 semiustos
981 4841 1183 4897 torres,
1207 4841 1260 4884 et
1287 4831 1468 4900 ignem
1495 4832 1716 4902 penitus
1747 4851 1856 4890 non
1889 4837 2093 4894 haben—

500 4931 580 4976 tes
628 4939 641 4973 :
683 4923 825 4976 scire
855 4922 1000 4976 enim
1055 4921 1244 4986 debes,
1277 4922 1423 4992 quod
1477 4923 1639 4977 sibilo
1683 4939 1782 4980 suo
1834 4927 2095 4986 Dominus

499 5027 716 5068 muscas
764 5011 1005 5082 Egypti,
1055 5021 1110 5066 et
1152 5012 1432 5068 ﬂuminum
1479 5014 1618 5084 ejus,
1676 5015 1817 5073 haud
1869 5019 2090 5077 dubium

492 5107 624 5178 quin
656 5115 861 5174 septem
893 5104 1164 5182 διωρυχὰς
1195 5106 1301 5160 Nili
1334 5109 1634 5178 signiticet,
1668 5121 1959 5169 vocaturus
1979 5115 2088 5172 sit:

489 5207 545 5255 et
574 5211 768 5268 apem,
809 5212 930 5266 qua:
975 5207 1059 5251 est
1099 5196 1154 5250 in
1211 5206 1355 5252 terra
1405 5199 1595 5255 Assur.
1648 5201 1860 5261 Muscas
1905 5217 2085 5264 autem

557 5434 583 5462 ι
625 5422 799 5477 Voces
823 5435 1138 5493 speraveras,
1189 5419 1348 5493 immo
1379 5433 1656 5487 numquam
1700 5422 1903 5480 Victor.
1955 5442 2088 5483 suo-

486 5511 604 5548 rum
634 5491 881 5568 codicum
915 5491 1361 5568 ope_expunxit.u
1398 5493 1472 5544 uti
1507 5493 1833 5561 superfluas.
1886 5500 2088 5568 quippe

485 5579 606 5636 cum
630 5567 698 5636 tle
730 5565 914 5636 futuro
945 5561 1086 5636 [nillil
1109 5572 1286 5614 metus
1311 5562 1546 5636 dicatur.
1579 5579 1684 5618 non
1715 5583 1860 5636 spes.

558 5633 585 5672 ι)
628 5634 800 5688 Vatic.
835 5632 972 5686 Hinc
1003 5633 1160 5700 igitur
1188 5647 1364 5684 omnes
1394 5635 1614 5700 veniant.

559 5714 579 5741 ε
623 5703 814 5785 Ha’ttsil
852 5719 916 5785 ex
963 5698 1114 5785 Ilisce
1155 5701 1376 5785 Eusebii
1411 5718 1424 5754 :
1456 5698 1557 5785 EE!"
1589 5709 1700 5785 oin:
1731 5710 1803 5770 εἰς
1832 5711 2031 5785 μακρὰν
2059 5712 2085 5766 ὁ

481 5781 580 5833 τῶν
617 5773 938 5829 Βαϐυλωνίων
966 5772 1212 5842 βασιλεὺς
1258 5771 1702 5853 Ναϐουχοδονόσορ
1750 5771 1846 5834 σὺῦ
1892 5771 2085 5856 μέγάλῃ

2201 4655 2366 4709 medet
2397 4658 2636 4728 butyrum
2668 4676 2686 4712 :
2719 4660 2958 4734 butyrum
2979 4651 3176 4719 enimet
3205 4666 3304 4720 mel
3336 4668 3666 4723 manducabit
3694 4686 3802 4722 ont-

2201 4751 2302 4812 nis,
2334 4753 2423 4821 qui
2454 4753 2660 4807 relictus
2689 4757 2847 4826 fuerit
2879 4758 2932 4811 in
2963 4760 3131 4814 medio
3169 4769 3337 4816 terrte.
3382 4759 3452 4814 Et
3491 4763 3586 4816 erit
3637 4765 3689 4817 in
3718 4764 3802 4819 die

2200 4844 2316 4910 illa,
2350 4849 2516 4901 ontnis
2560 4847 2704 4904 locus
2735 4851 2820 4906 ubi
2859 4854 3050 4924 fuerint
3081 4855 3224 4909 mille
3260 4857 3384 4910 vites
3431 4857 3575 4911 mille
3615 4875 3801 4932 argen-

2200 4939 2316 5004 teis,
2352 4948 2398 4994 et
2437 4941 2489 4993 in
2517 4943 2716 5008 spinas,
2765 4953 2810 4998 et
2850 4947 2902 4999 in
2946 4962 3122 5016 vepres
3155 4957 3324 5001 erunt.
3359 4947 3489 5002 Cum
3517 4951 3722 5020 sagittis
3749 4961 3800 5004 et

2197 5045 2323 5084 arcu
2353 5031 2704 5104 ingredientur
2734 5035 2856 5090 illuc
2889 5054 2908 5090 :
2938 5053 3111 5104 vepres
3141 5042 3298 5101 enim.
3351 5049 3397 5095 et
3438 5043 3604 5114 spina:
3651 5052 3799 5097 erunt

2196 5122 2249 5174 in
2281 5127 2516 5179 universa
2545 5133 2702 5180 terra.
2730 5126 2796 5180 Et
2825 5145 2998 5184 omnes
3029 5143 3222 5186 montes
3246 5133 3337 5204 qui
3365 5135 3420 5186 in
3447 5136 3660 5188 sarculo
3684 5150 3799 5188 sar-

2195 5214 2418 5281 rientur,
2451 5233 2554 5270 non
2583 5219 2742 5272 veniet
2775 5220 2903 5274 illuc
2932 5229 3095 5276 terror
3124 5225 3395 5295 spinarum
3435 5236 3482 5278 et
3515 5227 3749 5296 veprium
3776 5241 3799 5280 :

2193 5436 2442 5515 ςτρατεξις
2471 5434 2958 5515 δνγάμειὶπελθὼν,
2987 5449 3077 5502 τὴν
3113 5446 3205 5515 μὲν
3232 5443 3377 5515 πόλιν
3407 5446 3567 5515 αὐτὴν
3608 5448 3665 5501 ἐκ
3698 5448 3801 5515 βά·

2193 5448 2442 5508 στρατιάς
2471 5448 2685 5511 δυνάμει
2711 5448 2958 5501 ἐπελθὼν,
2987 5449 3077 5502 τὴν
3113 5448 3205 5515 μὲν
3232 5448 3377 5499 πόλιν
3407 5448 3567 5504 αὐτὴν
3608 5448 3665 5501 ἐκ
3751 5450 3801 5485 '-

2192 5504 2323 5588 ςρων
2351 5502 2446 5588 εἶξε
2464 5510 2594 5588 ..τὸν
2620 5513 2741 5564 νεὼν
2771 5513 3126 5588 πυρπᾳλήσᾳς.
3146 5515 3218 5588 Δ’1ῖό
3256 5513 3309 5569 δὲ
3342 5519 3453 5588 πᾶ(
3484 5513 3629 5579 ἔθνος
3659 5448 3802 5582 ig:-

2191 5571 2683 5651 dpanwdtaa’tpuvoc,
2717 5586 2801 5637 καὶ
2820 5571 2912 5644 τ’ὰς
2932 5571 3112 5646 λοίπάξ
3139 5585 3347 5645 δηὼσας
3373 5585 3567 5649 πόλεις.
3601 5571 3802 5645 ἶΑσῖστιι-

2194 5649 2337 5735 plan;
2372 5649 2639 5729 οἰκήτὸρας
2673 5661 2766 5735 τῇς
2813 5654 3073 5735 ’ξρυδαὶωη
3115 5657 3396 5735 nutrimus
3429 5660 3636 5735 χώραϐο
3688 5659 3803 5715 sed

2191 5727 2245 5767 et
2272 5724 2554 5785 superiora
2580 5738 2644 5778 ex
2682 5724 2919 5782 Eusebio
2949 5727 3112 5797 patilo
3142 5727 3376 5782 diVersis
3406 5724 3664 5784 séuéibus
3697 5746 3799 5788 ex-

2188 5800 2373 5856 pressa
2398 5801 2542 5847 sunt.
