4008 6366
223 320 329 377 II3

781 318 1433 378 COMMENTARIORUM
1473 318 1540 376 IN
1580 319 1817 378 ISAIAM
1859 321 2283 379 PROPHETAM
2321 298 2453 381 LID.
2494 323 2582 380 lli.
2625 325 2780 382 CAP.
2824 325 2960 383 VIII.

3416 331 3516 388 Ili

222 449 268 492 et
301 440 398 493 erit
429 439 481 491 in
511 455 702 509 pascua
731 438 887 503 bovis,
921 448 967 491 et
1009 439 1060 491 in
1105 438 1546 493 conculcationem
1590 441 1813 510 pecoris.
1845 443 1893 503 Α
1922 451 2040 497 ctos
2070 441 2238 497 corde
2267 439 2439 510 (Psal.
2471 443 2551 514 ι).
2575 443 2731 512 Quod
2754 446 2800 499 si
2829 446 3044 514 quando
3067 449 3336 506 voluerint
3355 451 3520 509 altius

227 529 358 585 Post
387 531 786 587 subversionem
827 531 980 603 115
1001 531 1327 600 Jerusalem,
1362 542 1420 589 et
1447 534 1816 604 captivitatem

226 625 434 695 populi,
469 635 524 679 et
555 623 764 694 Templi
798 626 1135 693 inCendium,
1173 625 1531 684 Nabuzardan
1564 628 1818 700 princeps

225 719 448 786 milllitl),
485 735 645 790 quem
679 719 817 775 LXX
852 725 1229 802 ἀρχιμάγειρον
1263 734 1481 793 vocant,
1519 741 1717 796 paucos
1748 725 1816 780 de

221 810 456 880 populo,
491 821 547 866 et
573 827 671 867 eos
701 827 967 884 pauperes
997 816 1289 885 dereliquit
1317 817 1370 871 in
1405 827 1545 872 terra
1566 862 1580 886 ,
1615 818 1708 888 qui
1740 818 1818 872 vi-

221 918 350 958 ueas
380 912 436 958 et
465 920 628 974 agros
675 907 938 962 colerent.
995 908 1241 979 Denique
1289 909 1576 978 Godolias,
1613 913 1705 982 qui
1738 913 1817 967 eis

219 995 544 1064 prepositus
573 1009 692 1052 erat
721 999 789 1054 de
820 1000 971 1070 regio
1014 1017 1213 1070 genere
1261 1004 1510 1070 relictus,
1567 1003 1818 1060 hortatur

218 1098 273 1142 et
303 1088 431 1142 dicit
468 1106 483 1144 :
518 1088 696 1145 Nolite
738 1093 919 1146 timere
960 1091 1233 1148 Chaldaeos
1266 1111 1284 1148 .'
1315 1093 1542 1150 habitate
1572 1097 1623 1149 in
1655 1103 1812 1162 terra,

220 1191 267 1236 et
295 1185 480 1238 sentite
508 1188 616 1253 regi
654 1184 962 1256 Babylonis,
997 1197 1041 1240 et
1083 1188 1207 1242 bene
1239 1191 1334 1242 erit
1372 1191 1512 1243 vobis
1546 1188 1649 1259 (IV
1683 1188 1815 1263 Reg.

219 1288 343 1340 xxv,
377 1273 494 1336 24).
531 1275 586 1330 ltt
618 1276 708 1332 die
739 1278 905 1348 igitur
937 1279 1049 1343 illa,
1084 1279 1190 1334 hoc
1220 1290 1325 1346 est,
1361 1282 1414 1335 in
1445 1281 1541 1335 illo
1573 1290 1820 1352 tempore

216 1381 339 1421 cum
388 1367 598 1423 fuerint
641 1385 835 1424 omnes
883 1385 1018 1441 opes
1082 1371 1398 1426 .ludtcorutn
1447 1373 1720 1427 translatae
1767 1375 1822 1429 in

216 1459 565 1528 Chaldtcatn,
608 1472 759 1518 tanta
801 1464 1042 1519 solitudo
1074 1464 1182 1519 erit
1216 1465 1268 1520 in
1313 1475 1454 1521 terra
1502 1465 1734 1535 .lndtezc,
1770 1477 1825 1523 et

218 1563 330 1609 tam
377 1556 722 1612 incredibilis
764 1558 1023 1622 vastitas,
1078 1568 1135 1612 ut
1186 1574 1524 1629 nequaquam
1577 1571 1820 1615 armenta

217 1646 384 1703 boum
417 1647 686 1716 habeant,
720 1665 819 1706 nec
859 1666 1054 1721 greges
1102 1653 1318 1719 ovium,
1358 1653 1500 1708 sicut
1537 1654 1688 1722 prius
1727 1655 1822 1708 ha-

218 1739 354 1794 bere
383 1751 781 1796 consueverant
813 1760 826 1794 :
860 1745 957 1797 sed
1009 1745 1096 1798 vix
1136 1759 1296 1799 rarus
1337 1745 1610 1800 habitator
1649 1761 1816 1800 unam

1921 537 2197 609 quippiam
2225 551 2438 608 sapere,
2469 549 2518 592 et
2556 539 2723 592 nimio
2753 539 2938 595 labore
2960 541 3217 598 sudantes
3239 546 3306 600 de
3333 545 3520 617 Scrip-

1922 629 2060 684 turis
2103 630 2309 684 sanctis
2339 630 2631 700 mysticum
2663 630 2869 698 aliquid
2916 633 3168 690 invenire
3198 653 3211 688 :
3246 637 3521 692 nihilomi-

1921 737 2020 778 nus
2049 721 2232 793 fruges
2259 737 2364 777 non
2395 722 2618 778 aderant
2645 724 2938 792 doctrinae,
2972 729 3067 783 sed
3096 729 3350 799 vepribus
3370 747 3520 786 cotu-

1922 816 2170 887 pleantur
2201 825 2255 870 et
2302 816 2509 885 Spinis,
2544 834 2666 886 qua:
2697 818 2950 874 oriuntur
2983 820 3036 873 in
3073 823 3328 878 manibus
3358 823 3517 879 ebrii.

1921 911 1988 966 Et
2038 927 2375 982 nequaquam
2409 923 2552 967 terra
2585 927 2776 968 eorum
2808 923 2970 984 atque
3013 914 3287 982 doctrina,
3319 921 3390 971 ab
3422 918 3522 974 ho-

1921 1003 2159 1058 minibus
2181 1046 2196 1069 ,
2241 1005 2600 1060 rationalibus
2649 1005 3016 1062 animantibus
3051 1026 3065 1061 :
3099 1007 3196 1062 sed
3227 1024 3256 1063 a
3303 1010 3477 1066 bobus
3504 1054 3518 1076 ,

1921 1113 2152 1168 quorum
2187 1097 2332 1153 Deus
2362 1113 2549 1152 curam
2585 1115 2691 1153 non
2727 1098 2926 1168 habet,
2959 1109 3016 1155 et
3042 1115 3072 1154 a
3103 1101 3280 1156 brutis
3307 1105 3518 1159 anima~

1925 1189 2068 1245 libus
2100 1191 2470 1246 conculcetur.

1996 1281 2152 1352 (Cap.
2203 1281 2344 1337 VIII.
2373 1313 2442 1323 --
2474 1283 2636 1339 Vers.
2686 1286 2834 1353 1-4.)
2884 1285 2954 1339 Ει
2985 1287 3119 1342 dixit
3165 1287 3424 1344 Dominus
3449 1292 3519 1345 ad

1926 1389 2006 1427 me
2036 1390 2053 1426 :
2085 1361 2246 1428 Sume
2274 1375 2363 1427 tibi
2387 1375 2577 1428 librum
2614 1377 2894 1447 grandem,
2937 1388 2986 1434 et
3013 1381 3178 1434 scribe
3202 1382 3259 1434 in
3297 1399 3357 1436 eo
3381 1383 3519 1454 stle

1927 1467 2171 1533 hominis,
2205 1467 2443 1522 velociter
2469 1469 2638 1538 spolia
2669 1471 2901 1539 detrahe,
2925 1474 3026 1527 cito
3048 1475 3305 1543 praedura.
3331 1473 3399 1528 Et
3423 1476 3523 1529 ad-

1926 1557 2072 1612 hibui
2100 1557 2226 1611 mihi
2253 1568 2402 1614 testes
2431 1560 2644 1628 ﬁdeles,
2669 1560 2696 1600 h
2742 1562 2786 1617 U
2794 1566 2923 1618 riam
2966 1566 3314 1628 sacerdotem,
3342 1577 3390 1621 et
3417 1565 3521 1620 Za-

1924 1651 2155 1706 chariam
2185 1651 2352 1721 ﬁlium
2377 1653 2668 1716 Barac/tite,
2697 1665 2742 1708 et
2770 1658 2960 1709 accessi
3003 1657 3069 1710 ad
3118 1656 3517 1729 prophetissam,

1923 1753 1970 1799 et
2001 1745 2252 1817 concepit,
2284 1755 2333 1800 et
2353 1747 2552 1817 peperit
2582 1747 2769 1816 ﬁlium.
2793 1746 2857 1800 Et
2881 1747 3012 1801 dixit
3038 1745 3296 1801 Dominus
3313 1749 3380 1801 ad
3404 1765 3482 1802 me
3503 1766 3523 1803 :

213 1846 435 1887 vaccam
469 1835 675 1888 nutrire
709 1835 900 1903 possit,
954 1845 1009 1890 et
1055 1835 1192 1891 duas
1222 1853 1384 1904 oves;
1418 1853 1522 1893 non
1554 1839 1622 1893 ad
1655 1854 1813 1894 aran-
1848 1839 1895 1898 B
1932 1835 2068 1890 Voca
2096 1854 2282 1890 nomen
2335 1841 2472 1910 ejus,
2525 1839 2788 1904 accelera,
2847 1841 3016 1910 spolio
3062 1838 3303 1904 detrahe,
3338 1841 3527 1909 festina

209 1926 362 1988 dum,
396 1927 492 1982 sed
524 1927 592 1981 ad
624 1929 827 1992 cibum,
861 1937 1023 1999 atque
1051 1932 1306 1986 vestitum
1341 1930 1515 2001 lactis,
1550 1948 1614 1988 ac
1643 1933 1815 1990 velle-

211 2019 311 2074 ris.
346 2019 576 2090 Propter
608 2021 846 2091 inopiam
887 2024 1089 2094 quippe
1119 2024 1410 2093 frumenti,
1446 2039 1501 2083 et
1548 2029 1813 2094 omnium,

216 2128 342 2183 qua:
375 2123 517 2168 terra
549 2115 719 2185 gignit
748 2116 814 2170 ad
845 2118 1270 2186 comedendum,
1307 2121 1445 2175 lacte
1493 2137 1557 2176 ac
1594 2123 1815 2192 butyro,

213 2218 269 2263 et
300 2209 502 2278 agresti
534 2211 698 2266 melle
729 2223 1041 2268 vescenlur.
1067 2212 1332 2284 Quodque
1361 2215 1436 2269 ait
1468 2232 1480 2268 :
1516 2213 1638 2270 Praz
1668 2215 1816 2269 uber-

208 2310 319 2355 tate
349 2302 496 2357 lactis
526 2305 755 2358 comedet
772 2307 1031 2376 butyrum,
1061 2309 1164 2361 hoc
1185 2307 1480 2379 signiﬁcat,
1505 2309 1651 2380 quod
1671 2324 1816 2365 terra

205 2400 482 2452 cultorum
524 2401 746 2454 raritate
781 2399 1014 2455 fertilior
1044 2400 1144 2468 sit,
1191 2413 1244 2456 et
1285 2403 1455 2473 magis
1504 2413 1631 2473 apta
1689 2417 1816 2472 pas-

205 2491 352 2544 cuis.
395 2490 450 2544 In
485 2491 578 2545 illo
612 2503 852 2561 tempore
883 2509 994 2562 pra:
1026 2493 1305 2549 hominum
1339 2495 1629 2565 paucitate,
1665 2504 1814 2550 tanta

204 2584 314 2639 erit
347 2583 456 2638 vini
491 2585 669 2655 inepia
701 2585 934 2641 desertis
959 2587 1152 2654 tineis,
1175 2604 1292 2657 qua:
1324 2597 1470 2642 metu
1504 2587 1686 2642 llOSlIli
1719 2602 1817 2643 ne~

205 2692 483 2746 quaquam
521 2678 886 2747 putabuntur,
925 2687 986 2734 ut
1014 2681 1241 2750 singula:
1272 2680 1410 2736 vites
1439 2680 1592 2734 sielis
1622 2692 1816 2751 argen-

208 2765 322 2820 teis
353 2767 578 2837 singulis
609 2769 695 2823 vix
728 2781 1000 2824 emantnr.
1036 2769 1096 2824 In
1127 2785 1321 2841 vepres
1352 2771 1497 2825 enim
1531 2781 1586 2826 et
1617 2772 1668 2824 in
1702 2771 1816 2840 spi-

207 2873 320 2913 nas
351 2863 526 2915 omnis
558 2871 703 2916 terra
748 2863 1025 2933 redigetur
1061 2880 1074 2915 :
1111 2871 1367 2932 tantaque
1407 2863 1510 2916 erit
1550 2861 1815 2930 formido,

203 2951 413 3023 ubique
441 2954 793 3008 saevientibus
822 2953 1046 3024 gladiis,
1080 2964 1140 3008 ut
1168 2954 1375 3024 absque
1405 2969 1536 3008 arcu
1570 2963 1624 3008 et
1652 2955 1820 3022 sagit-

201 3045 280 3099 tis
311 3047 494 3100 nullus
524 3062 683 3100 suum
715 3062 904 3116 agrum
939 3047 1176 3101 invisere
1205 3046 1424 3112 audeat,
1458 3057 1511 3100 et
1542 3044 1818 3100 derelictis

196 3141 615 3210 campestribus
644 3140 803 3206 locis,
833 3141 901 3195 ad
935 3148 1188 3195 montana
1230 3139 1586 3211 confugiant,
1637 3140 1819 3208 ibique

1923 1930 2152 2000 praedari
2195 1947 2212 1983 :
2255 1931 2376 2000 quia
2421 1941 2699 2001 antequam
2751 1933 2879 1986 sciat
2927 1949 3053 2004 puer
3096 1950 3279 1988 vocare
3325 1943 3526 2006 patrem

1922 2039 2096 2086 suum,
2129 2031 2177 2077 et
2208 2031 2425 2077 matrem
2455 2040 2624 2087 suam,
2655 2028 2925 2094 auferetur
2968 2026 3220 2096 fortitudo
3254 2024 3519 2093 Damasci,

1922 2126 1970 2170 et
2002 2117 2171 2188 spolia
2205 2117 2463 2172 Samaria:
2491 2134 2663 2172 coram
2692 2134 2813 2188 rege
2860 2120 3210 2189 Assyriorum.
3246 2118 3390 2174 LXX
3425 2133 3523 2188 pro

1922 2207 2064 2262 libro
2092 2209 2307 2277 grandi,
2343 2209 2686 2278 interpretati
2718 2219 2845 2264 sunt
2875 2209 3064 2263 librum
3094 2227 3300 2276 nouum,
3333 2225 3381 2265 et
3410 2227 3526 2264 ma-

1922 2317 2100 2374 gnum.
2130 2303 2192 2355 Et
2213 2317 2309 2367 pro
2322 2317 2390 2358 e0
2406 2302 2549 2371 quod
2576 2304 2627 2356 in
2646 2301 3143 2367 Ilebrmoh2tbetttr,
3161 2302 3378 2357 adhibui
3399 2304 3525 2356 mihi

1923 2404 2073 2449 testes
2105 2395 2315 2463 ﬁdeles,
2340 2396 2602 2450 dixerunt
2629 2415 2642 2449 :
2671 2397 2816 2450 adest
2844 2397 3012 2461 enim,
3041 2405 3086 2448 et
3120 2405 3270 2451 testes
3294 2401 3379 2466 [ac
3400 2395 3529 2452 mihi

1920 2488 2100 2558 ﬁdeles
2123 2487 2376 2544 homines.
2405 2490 2473 2544 Et
2495 2506 2591 2560 pro
2614 2489 2745 2545 Uria
2760 2489 3063 2556 Sacerdote,
3081 2499 3288 2543 tantum
3313 2487 3518 2555 lirium,

1920 2590 2119 2638 caetera
2170 2583 2446 2639 similiter.
2507 2583 2742 2639 Primum
2777 2585 3045 2654 PrOpbeta
3096 2583 3296 2639 ntis~us
3325 2593 3410 2639 est
3454 2583 3522 2638 ad

1920 2675 2103 2731 Achaz
2158 2676 2296 2748 (Isa.
2336 2677 2468 2747 vn),
2513 2688 2568 2732 ut
2611 2679 2659 2732 ei
2704 2677 3025 2747 prmdiceret
3065 2692 3188 2747 qua:
3245 2678 3528 2746 Scriptura

1918 2782 2313 2825 Commemorat
2337 2789 2350 2824 :
2377 2787 2486 2842 quo
2512 2769 2700 2826 audire
2729 2771 2970 2836 nolente,
2998 2771 3115 2840 ipse
3147 2771 3520 2836 DominusJo-

1921 2862 2104 2930 quitur
2129 2863 2195 2915 ad
2224 2861 2405 2917 Achaz
2425 2903 2441 2928 ,
2471 2873 2524 2917 et
2555 2863 2812 2932 praecepit
2835 2864 2906 2928 ei,
2929 2873 2985 2917 ut
3017 2871 3164 2930 petat
3184 2863 3284 2917 sibi
3300 2863 3515 2932 signum

1922 2954 1975 3006 in
2020 2951 2342 3021 profundum
2363 2994 2379 3018 ,
2431 2953 2543 3007 sive
2575 2956 2625 3006 in
2659 2955 2954 3010 excelsum.
2986 2956 3103 3022 Quo
3133 2954 3521 3026 respondente,

1925 3042 2048 3096 Non
2075 3053 2262 3114 petam,
2321 3055 2367 3098 et
2396 3059 2498 3096 non
2520 3045 2722 3099 tentobo
2774 3045 3046 3099 Dominum
3076 3062 3094 3099 :
3127 3046 3354 3102 dimisso
3395 3061 3525 3116 rege

1924 3137 2111 3205 impio,
2142 3135 2209 3189 ad
2234 3134 2454 3188 domum
2482 3133 2643 3188 David
2663 3134 2757 3188 Dei
2789 3137 2952 3189 verba
2983 3147 3286 3204 vertuntur,
3321 3146 3375 3192 et
3400 3151 3527 3206 pro-

195 3231 802 3289 loeorumdiliicultate
827 3233 1149 3296 muniti,vix
1168 3247 1394 3301 asperos
1412 3240 1626 3286 montes
1653 3247 1816 3285 manu
1847 3221 1893 3284 C
1926 3228 2162 3283 mittitur
2196 3227 2246 3282 ei
2290 3227 2456 3297 Virgo
2508 3226 2749 3295 paritura
2804 3226 2994 3293 lilium,
3030 3227 3186 3297 cujus
3214 3243 3410 3283 nomen
3457 3229 3531 3284 sit

198 3324 434 3380 fodiant
467 3337 481 3376 :
513 3322 638 3392 quia
672 3323 860 3384 boves.
894 3335 1102 3387 aratra,
1131 3335 1186 3377 et
1217 3338 1467 3377 vomeres
1518 3338 1622 3377 non
1655 3322 1823 3378 habe-

194 3420 372 3475 bunt.
407 3416 595 3473 Sicubi
618 3432 749 3488 ergo
778 3432 934 3472 rarus
964 3419 1140 3471 cultor
1167 3418 1219 3472 in
1252 3417 1526 3472 montibus
1554 3416 1662 3471 luet
1678 3417 1714 3470 it
1742 3417 1822 3471 iu-

198 3520 433 3576 ventus,
469 3511 596 3566 inde
625 3512 789 3566 vitam
843 3512 1210 3567 miserabilem
1259 3511 1664 3566 sustentabunt.
1699 3509 1821 3566 Cte-

201 3618 326 3661 tera
356 3614 541 3659 autem
578 3605 840 3674 patebunt
870 3605 1107 3675 pascuis,
1142 3613 1198 3659 et
1224 3604 1432 3675 absque
1455 3604 1563 3658 ullo
1589 3607 1824 3658 custode

201 3713 234 3752 a
270 3697 446 3752 brutis
474 3697 841 3752 animantibus
874 3697 1358 3753 conculcabuntur.
1391 3697 1517 3751 Haec
1549 3705 1672 3766 post
1691 3709 1823 3764 cap-

204 3793 480 3847 tivitatem
508 3793 687 3847 solere
718 3793 868 3857 ﬁeri,
902 3795 1105 3846 utinam
1145 3793 1513 3847 nesciremus!
1565 3792 1633 3846 At
1677 3806 1821 3846 nunc

202 3899 412 3956 magna
447 3900 571 3952 pars
595 3893 621 3922 α
654 3883 881 3939 Romani
912 3885 1060 3939 orbis
1087 3884 1362 3954 quondam
1390 3883 1592 3938 .Iudtcac
1621 3882 1821 3936 similis

201 3988 337 4034 est:
373 3977 518 4045 quod
559 3976 768 4047 absque
798 3977 876 4031 ira
911 3976 1009 4031 Dei
1055 3975 1254 4031 factum
1285 3991 1392 4030 non
1423 3985 1695 4043 putamus,
1728 3975 1821 4044 qui

203 4087 559 4140 nequaquam
587 4083 958 4142 contemptum
993 4073 1074 4126 sui
1107 4087 1202 4142 per
1233 4074 1484 4143 Assyrios
1511 4071 1814 4138 ulciscitur,

202 4176 268 4219 et
297 4162 616 4226 Chaldaeos;
648 4165 741 4219 sed
778 4181 873 4234 per
901 4165 1048 4219 feras
1076 4175 1290 4233 gentes,
1325 4176 1380 4219 et
1418 4164 1688 4234 quondam
1719 4180 1819 4216 no-

203 4259 302 4314 bis
327 4258 633 4328 inettguitas
653 4300 666 4324 ,
697 4274 924 4329 quarum
957 4268 1008 4313 et
1058 4259 1240 4312 vultus
1269 4267 1323 4311 et
1349 4273 1530 4310 sermo
1559 4256 1824 4311 terribilis

203 4367 327 4419 ρει,
358 4362 415 4408 et
463 4352 727 4407 femineas
768 4354 1079 4423 incisasque
1121 4351 1289 4406 facies
1320 4350 1667 4420 praeferentes
1694 4349 1823 4422 (Go-

203 4448 333 4503 thos
363 4449 610 4519 intelligit
640 4449 728 4518 qui
758 4447 1008 4501 rodebant
1037 4445 1302 4513 barbam),
1349 4444 1507 4516 116
1553 4444 1820 4512 virorum,

202 4551 273 4597 et
303 4543 442 4595 bene
478 4540 824 4593 barbatorum
855 4539 1114 4609 fugientia
1151 4549 1298 4608 terga
1339 4535 1684 4591 confodiunt.
1721 4535 1826 4590 Le-

1928 3319 2260 3383 Emmanuel,
2294 3319 2396 3374 hoc
2451 3327 2553 3383 est,
2609 3319 2871 3372 nobiscum
2907 3320 3063 3391 117
3123 3319 3284 3376 Deus.
3329 3322 3432 3388 Qui
3481 3323 3530 3376 si

1928 3411 2129 3466 crebro
2189 3408 2348 3464 fuerit
2403 3410 2719 3477 invocatus,
2776 3411 3024 3467 Samaria
3071 3411 3420 3466 subvertatur
3473 3423 3532 3467 et

1929 3503 2086 3575 Syria
2121 3502 2509 3558 :suhvertatur
2546 3512 2725 3558 autem
2779 3519 2808 3556 a
2851 3520 2979 3574 rege
3021 3503 3402 3576 Assyriorum,
3438 3507 3536 3573 qui

1927 3604 1982 3651 et
2008 3596 2182 3666 ipsum
2212 3594 2404 3650 Judam
2449 3605 2636 3664 postea
2677 3605 2932 3663 captttrus
2978 3596 3088 3662 sit;
3139 3598 3210 3650 ita
3243 3605 3299 3650 ut
3343 3597 3523 3654 omnis

1927 3699 2071 3744 terra
2104 3687 2304 3743 Jttdtcte
2345 3698 2592 3742 vertatur
2621 3688 2674 3742 in
2705 3689 3074 3745 solitudinem.
3111 3688 3345 3744 Ilnrsum
3391 3705 3525 3761 ergo

1925 3783 2028 3836 sub
2049 3783 2153 3835 alia
2181 3781 2349 3852 figura
2383 3790 2568 3851 partus
2591 3782 2920 3838 describitur
2960 3783 3264 3854 virginalis.
3296 3783 3363 3839 Et
3387 3785 3527 3840 dixit

1926 3874 2193 3930 Dominus
2230 3873 2298 3929 ad
2328 3873 2680 3944 PrOphetam,
2713 3887 2768 3929 ut
2811 3891 3153 3946 nequaquam
3207 3877 3260 3931 in
3296 3877 3526 3946 p0pulos

1927 3968 2168 4037 proferat
2197 3983 2352 4024 nova:
2377 3969 2679 4022 nativitatis
2707 3983 2990 4034 arcanum,
3023 3969 3119 4023 sed
3167 3968 3373 4023 scribat
3403 3982 3525 4022 eam

1926 4063 1981 4116 in
2017 4063 2122 4116 isto
2153 4062 2342 4132 grandi
2374 4046 2676 4128 volumine,
2703 4061 2846 4131 quod
2872 4076 3015 4115 nunc
3044 4061 3295 4131 legimus.
3333 4060 3530 4131 thuo

1926 4153 1997 4209 sit
2025 4155 2350 4220 mirabilius,
2385 4154 2638 4209 humanis
2671 4154 2872 4217 verbis,
2905 4164 2963 4209 et
3001 4153 3171 4224 stylo,
3201 4169 3309 4223 quo
3349 4153 3527 4210 homi-

1926 4262 2022 4302 nes
2073 4249 2316 4302 scribere
2357 4255 2782 4312 consuevet-uut,
2831 4245 2923 4300 Dei
2987 4254 3326 4302 sacramenta
3373 4262 3527 4303 com-

1929 4339 2253 4408 prehendat.
2281 4340 2419 4404 Quid
2455 4348 2541 4394 est
2570 4350 2754 4393 autem
2789 4339 2923 4393 illttd
2961 4340 3104 4409 quod
3134 4340 3392 4396 scribitur
3421 4339 3526 4394 htt-

1928 4447 2088 4486 mano
2116 4431 2303 4502 stylo?
2355 4429 2419 4485 Ut
2470 4447 2604 4498 puer
2645 4439 2804 4484 natus
2851 4432 3115 4487 velociter
3143 4433 3317 4503 spolia
3345 4433 3532 4488 detra-

1929 4522 2044 4588 hat,
2078 4531 2134 4576 et
2160 4523 2271 4575 cito
2301 4520 2595 4590 prmdetur,
2628 4523 2734 4574 hoc
2763 4529 2870 4584 est,
2904 4539 2972 4577 ne
2999 4524 3141 4578 ultra
3183 4524 3422 4594 patiatur
3447 4539 3534 4580 reo

200 4636 367 4706 gisse
391 4648 478 4688 me
507 4633 630 4687 novi
682 4633 733 4686 in
763 4632 847 4686 Itis
880 4631 1013 4686 locis
1044 4631 1361 4686 latissimam
1391 4637 1448 4684 et
1475 4627 1822 4683 inextricabi-

1932 4631 2100 4687 gnare
2125 4614 2402 4668 diabolum
2437 4630 2449 4666 :
2495 4627 2597 4666 nec
2626 4612 2809 4666 mittat
2834 4612 3074 4682 Angelos
3095 4657 3110 4678 ,
3147 4630 3249 4669 nec
3290 4615 3532 4684 Prophe-

201 4726 324 4781 letn
359 4724 723 4794 tropologiam
758 4740 770 4776 :
803 4723 947 4794 quod
977 4723 1262 4786 universa,
1303 4736 1422 4789 quae
1449 4721 1606 4790 juxta
1656 4718 1828 4772 histo-

202 4817 357 4872 riam
386 4815 777 4875 disseruitnus,
835 4811 1200 4883 Spirilualiter
1247 4809 1450 4864 .lndteis
1503 4807 1828 4873 acciderint,

200 4907 311 4963 vix
339 4920 506 4960 unam
540 4903 870 4959 habentibus
897 4918 1113 4957 vaccam
1154 4909 1209 4954 et
1261 4900 1397 4953 duas
1425 4914 1588 4964 oves,
1625 4898 1828 4952 munda

202 5000 482 5056 videlicet
506 4998 762 5053 animalia
794 5014 808 5051 :
841 5005 903 5051 ut
946 5009 1285 5066 nequaquam
1333 4992 1506 5047 solido
1545 4989 1690 5050 cibo,
1731 4987 1830 5043 sed

199 5099 364 5153 lacte
395 5093 712 5148 nutriantur
737 5090 1003 5154 infantiae,
1035 5100 1088 5143 et
1117 5086 1413 5143 comedant
1443 5084 1604 5139 mella
1636 5081 1832 5136 verbo-

201 5205 368 5255 rum,
402 5203 524 5257 quae
553 5185 820 5240 distillant
843 5185 912 5241 de
941 5185 1099 5240 labiis
1130 5182 1377 5238 mulieris
1413 5176 1750 5239 meretricis;
1779 5188 1833 5234 et

200 5282 412 5337 vinum
446 5296 552 5333 non
582 5278 836 5343 habeant,
873 5277 1015 5348 quod
1041 5277 1281 5331 laetiﬁcat
1305 5289 1404 5330 cor
1430 5270 1670 5326 hominis
1696 5286 1709 5322 :
1739 5269 1832 5324 sed

199 5375 410 5432 omnia
440 5386 630 5427 eorum
663 5384 826 5440 opera
855 5369 1170 5439 redigantur
1198 5370 1254 5422 in
1282 5367 1490 5436 spinas,
1547 5373 1607 5417 ttt
1648 5360 1836 5418 vulne-

202 5473 423 5524 rentur
451 5464 522 5518 ab
547 5461 898 5522 adversariis.
931 5461 1022 5530 qui
1053 5461 1370 5528 percutiunt
1396 5457 1450 5509 in
1484 5455 1720 5510 obscuro
1751 5469 1837 5508 re-

293 5617 326 5643 α
373 5604 459 5658 Ex
493 5600 672 5656 Vatic.
709 5599 929 5669 partim,
953 5609 1009 5652 et
1033 5597 1229 5667 partim
1260 5612 1325 5669 es
1351 5591 1570 5663 ingenio
1599 5591 1848 5669 restitui-

217 5691 369 5738 mtts
402 5673 639 5728 Romani
667 5660 825 5736 orbis,
860 5660 959 5738 pro
989 5660 1097 5739 quo
1123 5677 1281 5721 antea
1313 5660 1665 5720 incommodo
1692 5675 1853 5714 sensu

204 5747 522 5810 obtinebat
547 5743 804 5798 Romana:
833 5741 998 5795 urbis.

293 5797 563 5874 {vt—iant
605 5812 946 5867 sacerdotem.
981 5809 1161 5867 Editio
1183 5804 1509 5864 Erasmiana
1535 5801 1735 5856 retinet
1763 5797 1864 5853 Za-

1933 4718 2051 4770 tas;
2082 4707 2178 4762 sed
2209 4707 2275 4761 ad
2306 4705 2596 4760 salvandus
2618 4711 2900 4758 creaturas
2925 4719 3053 4758 suas
3077 4706 3193 4774 ipse
3213 4705 3531 4762 descendat.

1932 4799 2084 4855 Facit
2107 4817 2237 4870 ergo
2264 4799 2536 4867 Propheta
2566 4799 2709 4866 quod
2740 4798 2951 4867 jussum
2978 4805 3081 4862 est,
3107 4805 3160 4850 et
3185 4795 3404 4852 adhibet
3429 4796 3536 4856 sibi

1933 4893 2074 4949 duos
2102 4904 2268 4949 testes
2294 4892 2503 4960 ﬁdeles,
2537 4891 2717 4947 Uriam
2742 4889 3106 4955 sacerdotem,
3140 4891 3230 4960 qui
3261 4889 3392 4961 legis
3407 4890 3539 4948 doc-

1935 4993 2020 5039 tor
2064 4993 2168 5049 est,
2202 4985 2418 5038 dicente
2463 4981 2726 5038 Malacltia
2755 5001 2772 5036 ι
2826 4980 2989 5037 Labia
3028 4981 3312 5037 sacerdotis
3359 4992 3538 5039 custo-

1937 5080 2077 5133 dient
2102 5078 2394 5139 scientiam,
2427 5086 2474 5130 et
2521 5075 2684 5145 legem
2724 5077 2984 5144 requirent
3027 5095 3089 5132 ea:
3115 5094 3204 5132 ore
3247 5080 3390 5148 ejus,
3417 5079 3543 5150 quia

1942 5173 2168 5244 Angefus
2210 5168 2421 5220 Domini
2446 5170 2765 5222 exercituum
2794 5180 2870 5222 est
2926 5171 2946 5242 (
2972 5169 3204 5226 Matach.
3236 5185 3309 5236 ll,
3344 5171 3401 5244 7)
3430 5191 3444 5228 :
3487 5182 3546 5228 et

1942 5263 2256 5318 Zachariam
2283 5261 2448 5315 lilium
2483 5261 2781 5325 Barachiaa,
2815 5277 2975 5328 quem
2994 5261 3325 5329 Pr0phetatn
3349 5263 3542 5329 fuisse,

1943 5359 2167 5413 dubium
2202 5371 2310 5410 non
2341 5365 2443 5410 est.
2478 5355 2770 5425 Legimus,
2807 5353 2953 5420 quod
3010 5364 3277 5422 regnante
3337 5353 3545 5426 Acltaz,

1945 5463 1967 5491 ο
1992 5451 2152 5508 Urias
2185 5447 2444 5504 sacerdos
2461 5448 2626 5500 fuerit
2649 5441 2866 5510 Templi
2895 5439 3112 5498 Domini
3138 5446 3207 5515 (4
3235 5444 3367 5518 Reg.
3403 5445 3497 5518 IV)
3530 5465 3546 5505 :

1957 5590 2188 5644 τιιιη-ξιηη
2208 5600 2305 5655 pro
2321 5582 2524 5655 Uriam.
2541 5580 2600 5655 In
2624 5575 3566 5655 aliquotantiquissimiscodicibus

1969 5676 2102 5716 mss.
2134 5647 2422 5727 legebatur
2452 5651 2740 5727 Zacharias
2774 5647 2944 5727 prima
2976 5663 3145 5706 nim.“
3174 5652 3439 5727 scriptus;
3469 5657 3569 5712 sed

1976 5716 2362 5787 emendatores
2393 5725 2748 5778 restituerunt
2790 5716 2934 5772 Uria:
2965 5733 3196 5778 nomen,
3262 5716 3534 5781 Μλιιτηη,

2048 5813 2069 5839 ε
2108 5799 2168 5855 In
2198 5797 2369 5855 Vatic.
2403 5788 2868 5866 quemadmodum
2905 5796 2960 5841 et
2992 5789 3057 5847 in
3091 5793 3216 5853 aliis
3250 5797 3570 5863 quihusdam
