4008 6308
524 309 546 365 1
566 310 628 365 l5
1800 298 1864 357 5.
1907 296 2172 359 EUSEBII
2212 297 2593 359 illulUNYlll
3728 298 3832 358 HO

522 425 610 481 cui
643 424 899 495 praecepit
927 422 1132 486 Achas,
1162 428 1222 474 ut
1244 420 1417 476 altare
1437 420 1620 479 simile
1644 419 1836 476 altaris
1864 419 2114 477 Damasci
2141 423 2196 484 Α
2219 421 2410 485 adhuc,
2442 421 2617 475 diem
2638 436 2657 475 ι
2690 418 2799 473 Pro
2824 434 2885 474 eo
2910 418 3049 486 quod
3076 418 3262 492 abjecil
3286 416 3511 488 populus
3542 416 3641 472 iste
3666 431 3834 487 aquas

519 516 746 572 faceret.
782 517 845 569 Et
877 514 1098 569 Diorum
1131 522 1317 569 narrat
1340 513 1480 569 liber
1508 512 1576 586 (ll
1600 512 1731 568 Par.
1763 512 1939 586 suis),
1968 513 2116 584 quod
2220 515 2514 585 Siloe,qute
2538 514 2729 567 uadum
2750 526 2867 567 cuin
2895 511 3133 567 silentio:
3153 519 3203 569 et
3230 515 3509 581 assumpsit
3529 509 3701 578 magis
3726 505 3834 563 Ra.

521 606 782 664 Ezechias
809 607 951 661 illius
980 605 1163 663 Acbaz
1188 604 1470 677 quaesierit
1509 606 1793 662 Dominum
1837 607 1894 662 in
1923 606 2117 664 diebus

521 704 798 759 Zacharim
826 701 1025 758 eruditi
1056 702 1110 758 in
1148 701 1348 757 timore
1379 701 1493 756 Dei.
1527 701 1789 756 Exhibuit
1822 710 2004 757 autem
2054 715 2119 758 se

515 797 684 853 Isaias
709 798 931 867 dignum
960 795 1151 865 spiritu
1180 795 1509 866 prophetali,
1537 803 1597 861 et
1619 795 1850 866 prtebuit
1877 795 2115 866 prophe-
2144 842 2145 847 η

515 890 687 952 tisste,
721 888 909 954 idest,
939 886 1171 958 Spiritui
1202 894 1418 953 sancto,
1441 888 1532 957 qui
1561 901 1819 943 sermone
1851 886 2117 943 Hebraico

516 990 750 1037 vocatur
775 996 976 1051 genere
1002 980 1264 1036 feminino
1295 996 1401 1037 una
1428 979 1563 1054 (rm)
1586 1020 1601 1047 ,
1632 981 1783 1050 juxta
1813 981 1942 1035 illud
1970 980 2115 1051 quod

513 1078 783 1146 scriptum
809 1086 897 1131 est
929 1088 944 1129 t
976 1076 1220 1130 Accedite
1245 1075 1316 1129 ad
1352 1075 1652 1141 Dominum,
1676 1085 1724 1130 et
1747 1075 2118 1137 illuminautini

514 1166 634 1239 (Ps.
670 1182 863 1233 χχχιιι,
904 1166 982 1236 6).
1018 1166 1226 1237 Spiritu
1265 1168 1447 1238 itaque
1477 1177 1669 1222 sancto
1708 1176 2004 1237 conceptus
2032 1174 2119 1223 est

512 1259 802 1313 Dominus.
839 1258 909 1313 Bt
948 1258 1075 1315 licet
1103 1260 1371 1313 humanus
1418 1273 1602 1313 sermo
1650 1256 1953 1314 nativitatis
1996 1257 2115 1329 eius

517 1361 753 1422 nequeat
780 1352 1056 1422 explicare
1080 1352 1340 1424 mysteria
1369 1368 1385 1405 :
1416 1360 1596 1409 tamen
1617 1351 1836 1408 Gabriel
1869 1351 1973 1422 ipsi
2001 1352 2120 1408 Vir-

514 1444 629 1513 gini
660 1445 920 1515 loquitur,
954 1460 1076 1517 quia
1113 1446 1364 1515 concepit
1390 1463 1405 1501 :
1434 1445 1671 1516 Spiritus
1700 1456 1915 1501 sanctus
1948 1446 2115 1501 ueniet

516 1552 674 1607 super
701 1546 771 1605 te,
797 1548 845 1591 et
867 1538 1032 1592 uirtus
1056 1537 1308 1592 Altissimi
1336 1537 1659 1593 obumbrobit
1684 1538 1775 1592 tibi
1794 1554 1814 1591 :
1843 1550 2117 1610 propterea

515 1633 655 1703 quod
699 1640 939 1686 nascetur
986 1647 1052 1687 es
1098 1640 1149 1687 te
1174 1641 1434 1698 sanctum,
1479 1633 1744 1687 vocabitur
1797 1629 1969 1688 Filius
2020 1632 2115 1687 Del

513 1726 665 1796 (Luc.
700 1740 740 1793 ι,
770 1726 888 1797 55).
924 1726 1155 1795 Quidam
1189 1729 1588 1798 prophetissam
1616 1734 1864 1785 sanctam
1886 1725 2112 1782 Mariam

2216 610 2319 676 sin,
2345 616 2394 662 et
2431 606 2602 676 ﬁlium
2638 606 2916 661 Rontelite:
2952 616 3161 676 propter
3182 607 3279 659 ltac
3308 620 3421 660 ecce
3453 602 3711 658 Dominus
3735 603 3832 657 ad-

2217 702 2369 758 ducet
2392 716 2545 773 super
2574 717 2663 756 eos
2693 718 2854 773 aquas
2892 701 3123 768 nuntiatis
3154 700 3313 773 fortes
3337 709 3383 754 et
3414 697 3625 761 mulus,
3659 711 3831 768 regem

2216 795 2543 866 Assyriorum
2575 803 2620 848 et
2640 810 2843 849 omnem
2872 792 3095 867 gloriam
3127 797 3241 867 ejus
3268 809 3287 849 :
3318 803 3366 848 st
3403 792 3648 847 ascendet
3675 805 3831 863 super

2217 902 2392 942 onum
2425 888 2561 941 rivos
2591 890 2726 960 ejus,
2756 896 2802 940 et
2835 887 2961 956 ﬂuet
3010 901 3167 956 super
3215 884 3481 940 uniuersae
3507 885 3656 957 ripas
3688 884 3822 953 ejus.

2221 978 2287 1035 Et
2318 981 2410 1033 ibit
2436 996 2524 1048 per
2546 979 2742 1034 Iudam
2768 980 3051 1046 inundans,
3081 989 3130 1034 et
3159 979 3413 1034 transiens
3438 990 3602 1050 usque
3628 978 3698 1033 ad
3721 975 3829 1031 col~

2218 1071 2327 1126 lum
2355 1072 2544 1137 ueniet,
2577 1081 2626 1126 et
2653 1069 2749 1126 erit
2774 1071 3010 1127 extensio
3038 1070 3244 1125 alarum
3267 1072 3380 1143 ejus
3400 1069 3621 1143 impleas
3649 1066 3828 1123 latitu-

2217 1164 2390 1219 dinem
2424 1172 2577 1219 terra
2605 1172 2726 1230 luat,
2766 1164 2926 1236 [19
2953 1179 2982 1217 ο
3028 1161 3361 1221 Emmanuel.
3384 1160 3622 1223 Dixerat
3662 1173 3827 1231 supra

2216 1259 2568 1319 attlerendam
2587 1259 2832 1313 Damasci
2857 1257 3259 1325 fortitudinem,
3282 1267 3339 1315 ct
3361 1258 3535 1327 spolia
3560 1256 3824 1313 Samaria

2216 1351 2271 1407 in
2300 1362 2601 1421 conspectu
2632 1353 2778 1422 regis
2801 1351 3170 1422 Assyriorum,
3201 1360 3259 1405 et
3284 1350 3421 1405 duos
3443 1363 3625 1421 reges,
3660 1350 3825 1422 Assy-

2217 1445 2303 1499 rio
2334 1453 2627 1515 pugnante,
2650 1443 2985 1513 capiendos:
3017 1457 3161 1498 nune
3184 1442 3330 1498 Deus
3348 1442 3594 1513 loquitur
3609 1441 3681 1497 ad
3697 1442 3825 1498 Pro-

2219 1536 2436 1607 pbetnm
2466 1536 2786 1592 charactere
2811 1535 2978 1591 solito
3000 1535 3431 1606 Scripturarum,
3459 1549 3558 1603 per
3588 1535 3826 1590 transla-

2220 1633 2421 1687 tionem
2465 1629 2614 1686 Siloe
2653 1630 2820 1685 lontis
2869 1628 3203 1696 Jerusalem,
3242 1639 3299 1684 et
3334 1629 3548 1700 Assyrii
3584 1628 3825 1685 ﬂuminis

2217 1722 2625 1790 violentissimi,
2650 1723 2800 1793 quod
2823 1736 3041 1777 onlnem
3070 1730 3274 1777 terram
3314 1722 3485 1777 Israel
3514 1722 3634 1777 suis
3664 1721 3824 1778 inun-

510 1816 959 1885 iuterprctantlr,
982 1834 1148 1889 quam
1171 1828 1198 1857 ι
1222 1821 1510 1889 prophetiu
1541 1820 1731 1884 fuisse,
1754 1832 1862 1874 non
1890 1817 2112 1873 dubium
2149 1818 2191 1878 Β
2220 1814 2313 1871 det
2344 1815 2524 1885 aquis,
2545 1825 2598 1870 et
2620 1814 2936 1885 egrediatur
2958 1815 3106 1884 ripas
3125 1813 3290 1882 alvei,
3324 1821 3587 1883 tantoque
3618 1812 3826 1870 feratur

513 1920 640 1965 est:
682 1909 801 1978 ipsa
845 1911 990 1965 enim
1022 1911 1264 1981 loquitur
1311 1913 1365 1965 in
1414 1911 1710 1982 Euangelio
1752 1926 1766 1965 :
1800 1910 1936 1965 Ecce
1974 1913 2116 1965 enim

513 2003 702 2057 amotio
727 2003 930 2058 beatam
946 2018 1026 2059 me
1051 2003 1225 2058 dicent
1244 2018 1420 2059 omnes
1434 2004 1790 2075 generationes
1820 2018 1840 2058 :
1867 2004 2115 2071 quoniam

514 2096 640 2164 fecit
669 2094 799 2149 mlltl
822 2110 1013 2166 rituque
1054 2097 1144 2164 qui
1175 2107 1356 2166 potens
1394 2104 1471 2165 est
1501 2094 1653 2169 (Luc.
1686 2110 1705 2150 ι
1731 2135 1745 2160 ,
1778 2094 1871 2159 ιε.
1897 2094 1995 2165 49)
2014 2136 2030 2162 ,
2060 2103 2117 2151 et

514 2188 752 2257 reliqua.
789 2188 1220 2257 Prmipiturqtte
1270 2188 1633 2261 118mm,
1676 2196 1737 2242 ιιι
1775 2190 1955 2259 ipsum
1984 2200 2114 2258 pue-

514 2296 657 2346 rum,
688 2280 780 2350 qui
806 2283 957 2353 prius
980 2282 1276 2337 vocabatur
1306 2283 1651 2346 Emmanuel,
1678 2296 1825 2337 nunc
1850 2280 2112 2351 appellet,

512 2373 764 2440 accelera,
794 2375 966 2443 spolia
993 2375 1234 2443 detrahe,
1282 2375 1471 2445 festina
1499 2375 1744 2445 praeteri.
1792 2373 2114 2431 Ascendeus

512 2468 655 2522 enim
688 2466 742 2522 in
774 2469 971 2533 altum,
999 2470 1269 2537 captivam
1296 2466 1452 2523 duxit
1477 2466 1877 2539 captivitatem;
1901 2468 2116 2539 accepit

513 2557 653 2613 dona
694 2559 1008 2616 hominibus
1036 2559 1154 2631 (Ps.
1189 2574 1363 2626 exvit;
1394 2561 1589 2630 Ephes.
1621 2574 1694 2627 tv,
1736 2559 1818 2631 8).
1852 2561 1921 2615 Et
1952 2568 2111 2616 ante-

512 2668 675 2722 quam
705 2655 1001 2711 humanum
1027 2666 1229 2720 corpus
1254 2664 1605 2713 assumeret:
1640 2660 1698 2710 et
1736 2654 1889 2723 juxta
1939 2653 2114 2709 inlan-

513 2746 643 2799 tiam
676 2755 886 2813 patrem
926 2756 1145 2800 vocaret
1172 2746 1376 2809 Deum,
1407 2754 1463 2801 et
1490 2756 1718 2803 matram
1746 2746 1992 2812 Mariam,
2015 2762 2115 2802 suo

512 2836 720 2893 feretur
752 2837 997 2891 Damasci
1018 2837 1303 2906 fortitudo,
1336 2849 1391 2895 et
1418 2839 1587 2909 spolia
1610 2840 1873 2894 Samaria;
1899 2855 1999 2910 per
2026 2854 2114 2897 re.

511 2943 633 2996 gem
665 2930 1013 3001 Assyriorum
1050 2944 1063 2983 :
1097 2942 1153 2985 ut
1187 2932 1417 2986 necdum
1449 2941 1614 2987 natus
1643 2933 1899 3003 populum
1931 2946 2110 2997 suum.

514 3020 736 3073 domum
774 3021 969 3087 David,
1001 3024 1114 3076 sola
1163 3023 1510 3078 invocatione
1541 3025 1793 3079 solveret.
1844 3025 1999 3085 Urius
2032 3026 2113 3080 in-

512 3122 842 3179 tcrpretntur
869 3114 962 3168 lua:
980 3114 1188 3169 Domini
1209 3131 1228 3180 ;
1254 3114 1558 3179 Zacharias,
1592 3120 1845 3171 memoria
1866 3117 2078 3173 Domini
2091 3132 2113 3182 ς

2220 1907 2446 1977 impetu,
2499 1917 2557 1962 ut
2599 1916 2892 1979 postquam
2938 1906 3128 1965 decem
3179 1906 3421 1962 tribuum
3470 1907 3826 1977 occupaverit

2217 2011 2441 2069 terram,
2475 2000 2541 2057 ad
2578 2001 2774 2058 Judam
2807 2002 3109 2072 perveniat,
3140 2010 3191 2058 et
3227 1998 3503 2059 transiens
3529 2002 3597 2063 ad
3619 2001 3822 2058 collum

2217 2110 2389 2165 usque
2418 2095 2693 2165 pertingat
2717 2111 2732 2147 :
2764 2111 2860 2165 per
2883 2110 3003 2164 qnte
3026 2095 3263 2149 vicinam
3291 2094 3564 2164 signiﬁcat
3593 2094 3825 2163 captivi-

2218 2197 2403 2244 tatem.
2433 2188 2553 2244 Non
2583 2189 2732 2243 enim
2761 2196 2891 2243 tunc
2917 2199 3110 2259 captus
3138 2199 3223 2243 est
3250 2188 3440 2251 ludas,
3470 2189 3568 2242 sed
3610 2188 3825 2251 cunctis

2215 2281 2447 2337 duarum
2481 2281 2725 2339 tribuum
2772 2281 2998 2336 urbibus
3027 2281 3355 2351 subjugatis,
3398 2281 3515 2335 sola
3559 2282 3826 2337 remansit

2213 2375 2542 2443 Jerusalem,
2569 2390 2692 2445 quas
2720 2374 3029 2431 incredibili
3058 2376 3152 2430 Dei
3186 2374 3566 2430 misericordia
3594 2375 3820 2436 liberata

2215 2479 2321 2527 est.
2367 2470 2672 2526 Potentiam
2717 2484 2853 2540 ergo
2897 2470 3108 2542 Assyrii
3145 2479 3200 2525 et
3243 2468 3663 2525 innumerabilis
3704 2470 3821 2539 ejus

2214 2563 2514 2630 exercitus,
2535 2576 2698 2633 quam
2727 2563 2829 2618 sub
2851 2562 3091 2618 ﬂuminis
3123 2561 3481 2617 inundatione
3507 2560 3823 2630 descripse-

2215 2664 2323 2725 rat,
2367 2671 2512 2711 nunc
2557 2672 2653 2726 per
2688 2656 2850 2711 aliam
2889 2654 3133 2710 ostendit
3182 2654 3621 2720 translationem,
3669 2652 3819 2725 quad

2214 2749 2317 2805 alis
2347 2752 2481 2817 suis,
2509 2749 2562 2803 id
2584 2758 2691 2815 est,
2713 2748 2966 2815 ducibus,
2991 2757 3048 2802 et
3070 2748 3279 2803 inlinita
3304 2747 3661 2803 multitudine
3685 2761 3821 2817 ope.

2214 2841 2387 2897 ruerit
2415 2853 2618 2897 terram
2645 2841 3037 2905 Emmanuelis,
3064 2840 3167 2894 hoc
3188 2850 3293 2905 est,
3318 2838 3671 2895 defendentis
3699 2852 3819 2893 eam

2216 2933 2343 2997 Dei;
2374 2932 2471 2987 sed
2506 2941 2687 2988 tamen
2717 2946 2822 2987 non
2869 2930 3198 3001 possederit,
3230 2942 3566 2999 quamquam
3605 2925 3817 2983 Emittu-

2216 3024 2334 3080 ml
2355 3039 2385 3078 a
2411 3024 2558 3079 LXX
2586 3024 2837 3093 sequenti
2863 3021 3105 3091 capimlo
3124 3027 3431 3088 conpletur,
3459 3035 3569 3077 non
3597 3016 3816 3088 proprio

2217 3120 2455 3184 nomine,
2488 3131 2544 3172 ιιι
2566 3116 2708 3187 apud
2737 3115 2998 3172 Hebraea
3029 3125 3276 3178 vocatur,
3307 3111 3404 3171 sed
3431 3114 3815 3181 interpretato,

510 3211 567 3255 ct
621 3202 940 3271 Boraclrias,
998 3206 1284 3261 bwedictlo
1337 3206 1553 3263 Domini
1581 3225 1601 3263 :
1629 3210 1828 3279 quibus
1884 3208 2112 3266 testibus
2139 3208 2185 3272 C
2216 3213 2270 3267 id
2299 3222 2407 3277 est,
2443 3208 2708 3264 uobiscum
2743 3208 2899 3262 Deus.
2940 3204 3088 3262 Siloa
3122 3216 3303 3261 autem
3333 3202 3544 3260 lentem
3586 3217 3710 3259 esse
3747 3201 3817 3259 ad

508 3294 710 3355 Christi
744 3297 994 3352 nativitas
1024 3302 1434 3370 comprobatur.
1464 3301 1588 3373 ipse
1616 3303 1760 3358 enim
1784 3303 1837 3358 in
1866 3304 2109 3374 Evange~

508 3390 583 3443 lio
612 3380 825 3448 tiuobus
853 3394 1111 3448 euntibus
1153 3393 1210 3448 in
1244 3394 1504 3450 Emmaus
1549 3396 1703 3463 (Luc.
1753 3397 1921 3469 xxiv).
1970 3397 2106 3453 luei-

511 3481 664 3548 picns
690 3497 721 3536 s
749 3483 897 3538 Mose
919 3495 972 3539 et
994 3484 1300 3553 Prophetis,
1324 3487 1611 3542 edisserult
1635 3488 1778 3557 quod
1808 3490 1877 3544 de
1906 3503 1967 3545 se
1989 3502 2108 3549 om-

511 3571 597 3625 nia
628 3574 1068 3641 prophetassent.
1104 3578 1262 3630 Juxta
1292 3579 1677 3649 tropologiam,
1712 3583 1764 3633 in
1790 3581 1969 3635 enimn
2001 3582 2111 3637 vise

509 3665 710 3733 ginali,
739 3674 795 3720 et
837 3667 983 3721 nulla
1011 3669 1173 3723 sorde
1226 3672 1522 3739 maculata,
1553 3672 1622 3729 de
1674 3674 1878 3743 Spiritu
1918 3684 2109 3733 sancto

509 3758 609 3813 Dei
641 3773 825 3814 sermo
852 3773 1167 3830 conceptus,
1203 3763 1463 3820 velociter
1490 3766 1560 3820 de
1604 3766 1929 3823 adversariis
1954 3777 2108 3839 pote-

508 3850 743 3906 statibus
781 3852 957 3922 spolia
985 3853 1259 3919 detrahit,
1303 3866 1358 3910 et
1386 3856 1487 3913 sibi
1530 3857 1662 3914 facit
1703 3860 1957 3914 universa
1988 3874 2107 3916 ser~

507 3940 646 3997 vire.
667 3939 911 4012 Cumque
935 3960 1004 3999 es
1035 3953 1189 4015 parte
1215 3961 1357 4001 nunc
1391 3947 1599 4028 videat,
1631 3957 1685 4003 et
1709 3963 1774 4004 es
1806 3960 1957 4021 parte
1982 3964 2106 4020 pro-

504 4032 695 4099 phetat
725 4034 770 4101 (Ι
798 4033 921 4091 Cor.
951 4040 1094 4106 sui),
1126 4036 1442 4107 priusquam
1472 4044 1645 4108 possit
1666 4055 1790 4095 esse
1809 4042 2103 4112 perlectus,

506 4132 564 4178 et
595 4127 792 4181 merito
819 4141 1016 4183 vocare
1068 4128 1236 4184 Deum
1279 4130 1517 4197 Patrem,
1572 4141 1630 4186 et
1677 4143 1907 4187 matrem
1952 4148 2105 4189 suam

505 4216 786 4271 cmlestem
813 4217 1142 4283 Jerusalem,
1159 4220 1340 4275 adhuc
1366 4222 1421 4275 in
1448 4222 1668 4278 infantia
1691 4233 1749 4278 ct
1776 4226 1830 4278 in
1860 4225 2104 4293 profectu

504 4306 738 4374 positus,
772 4307 950 4362 vincet
979 4308 1357 4367 fortitudinem
1392 4314 1659 4381 Damasci,
1687 4315 1990 4373 doctrinam
2021 4320 2098 4374 vi.

505 4398 705 4456 delicet
731 4402 1017 4471 sapientia
1046 4405 1325 4460 surcularis
1351 4422 1367 4460 :
1399 4417 1454 4462 et
1482 4408 1689 4465 auferet
1715 4411 1884 4481 spolia
1908 4413 2102 4468 Sama-

501 4490 624 4557 ria,
655 4492 854 4562 quibus
880 4493 1177 4551 Ecclesium
1206 4497 1448 4555 haeretici
1487 4501 1877 4571 spoliaverunt,
1912 4504 2103 4560 dicen-

2213 3306 2428 3362 radices
2468 3307 2673 3359 montis
2701 3301 2857 3368 Sion,
2895 3301 2992 3372 qui
3024 3315 3131 3356 non
3165 3298 3387 3370 jugibus
3418 3297 3599 3369 armis,
3632 3296 3733 3353 sed
3763 3296 3818 3353 iu

2211 3401 2378 3457 certis
2408 3397 2872 3465 horisdiebusqus
2901 3394 3149 3461 ebulliat,
3181 3402 3238 3449 et
3266 3407 3364 3462 per
3390 3398 3664 3447 terrarum
3688 3405 3819 3446 cons

2211 3508 2346 3548 cava
2381 3502 2439 3548 et
2466 3500 2618 3545 antra
2648 3490 2765 3544 snsi
2812 3486 3088 3543 durissimi
3116 3500 3238 3540 cum
3272 3497 3470 3553 magno
3499 3483 3685 3541 sonitu
3720 3495 3818 3538 ve-

2213 3587 2351 3654 niat,
2382 3584 2637 3639 dubitare
2662 3596 2769 3637 non
2808 3594 3124 3651 possumus,
3161 3591 3260 3639 nos
3295 3574 3603 3646 praesertim
3634 3576 3726 3646 qui
3756 3574 3814 3635 in

2213 3677 2317 3733 bac
2363 3675 2675 3731 habitamus
2713 3672 3015 3745 provincia.
3065 3672 3161 3728 Est
3202 3679 3383 3727 autem
3426 3681 3649 3735 sensus,
3686 3668 3813 3739 quia

2213 3771 2446 3843 populus
2481 3769 2671 3825 decem
2719 3766 2959 3825 tribuum
2993 3763 3165 3835 magis
3204 3762 3374 3823 voluit
3415 3761 3582 3819 Rusio
3620 3769 3677 3816 et
3701 3759 3816 3818 lilio

2211 3860 2498 3928 Romolim,
2533 3860 2585 3916 id
2616 3867 2720 3925 est,
2754 3856 3003 3914 Damasci
3036 3866 3091 3912 et
3130 3855 3390 3913 Samaria:
3434 3853 3661 3924 regibus
3690 3868 3815 3911 csse

2209 3953 2509 4023 subjectus,
2533 3966 2698 4023 quam
2713 3951 2871 4021 stirpi
2901 3949 3092 4017 David,
3116 3962 3238 4019 quae
3251 3962 3375 4005 meo
3394 3946 3566 4015 capit
3586 3961 3815 4019 regnare

2204 4046 2431 4119 judicio,
2477 4045 2672 4101 faciam
2709 4061 2834 4100 eum
2882 4057 3227 4114 nequaquam
3268 4041 3356 4097 bis
3394 4041 3638 4112 regibus,
3674 4055 3812 4113 quos

2209 4140 2526 4210 assumpsit,
2560 4139 2658 4194 sed
2684 4139 2833 4209 regio
2861 4137 3070 4193 servire
3091 4136 3337 4206 Assyrio,
3370 4136 3531 4203 cujus
3568 4135 3811 4205 potentia

2209 4232 2530 4301 occupantis
2582 4241 2783 4287 terram
2834 4228 3132 4292 Samaria,
3175 4226 3515 4285 inundationi
3567 4226 3812 4289 muttinis

2209 4333 2576 4395 comparatur.
2629 4322 2694 4378 Et
2727 4321 2785 4376 iit
2823 4319 3160 4390 apostropha
3200 4318 3270 4375 ad
3311 4318 3662 4386 Emmanuel,
3707 4318 3809 4375 hoc

2208 4426 2315 4483 est,
2339 4416 2403 4473 ad
2434 4422 2759 4487 prmsentetn
2785 4414 2981 4481 Deum,
3005 4413 3147 4485 quod
3174 4413 3225 4468 in
3251 4422 3456 4469 tantum
3478 4428 3543 4470 se
3562 4416 3811 4475 erexerit

2207 4509 2486 4580 Assyrius,
2521 4518 2579 4563 ut
2605 4508 2768 4561 etiam
2800 4516 3000 4563 terram
3045 4504 3216 4576 ipsius
3242 4505 3438 4565 Judam
3468 4516 3703 4561 conatus
3740 4505 3814 4571 sit

502 4593 588 4641 tes
619 4603 635 4639 :
671 4585 795 4642 Non
827 4597 901 4643 est
930 4588 1075 4643 nobis
1103 4592 1273 4661 portio
1301 4593 1357 4646 in
1401 4592 1597 4662 Dauid,
1631 4610 1797 4668 neque
1823 4597 2101 4656 hereditas
2127 4606 2178 4669 Ι)
2204 4602 2509 4675 possidere.
2553 4600 2715 4659 Justa
2772 4614 3085 4671 attagogen,
3146 4598 3327 4663 omnis
3374 4598 3669 4663 hereticus
3712 4590 3809 4669 qui

501 4678 557 4732 in
580 4678 692 4746 ﬁlio
710 4677 858 4735 Iesse
878 4680 968 4754 (Ill
986 4683 1111 4755 Reg.
1140 4700 1234 4750 sit,
1257 4684 1369 4755 iii),
1398 4700 1670 4756 praesente
1694 4706 1822 4760 rege
1851 4692 1970 4761 ipso
1995 4695 2099 4748 As-

499 4773 797 4839 syriorum,
826 4775 1065 4838 diabolo,
1088 4778 1178 4846 qui
1208 4778 1290 4831 eis
1322 4791 1429 4832 non
1462 4779 1662 4846 poterit
1691 4782 1963 4836 auxiliari.
1992 4782 2037 4838 Τ
2041 4799 2102 4838 u-

500 4861 585 4915 les
614 4871 792 4917 autem
825 4863 966 4919 ﬁlios
997 4881 1103 4920 non
1131 4866 1306 4923 solum
1353 4869 1515 4925 Maria
1563 4870 1850 4941 Prophetis
1872 4913 1888 4939 ,
1935 4875 2100 4946 Virgo

497 4960 787 5021 perpetua,
801 4955 895 5010 sed
911 4965 969 5012 et
981 4967 1187 5016 sanctm
1201 4962 1461 5018 mulieres
1475 4963 1645 5033 patria
1654 4966 1798 5023 rchis
1811 4979 2093 5037 generant.

376 5081 381 5085 .
499 5043 663 5109 Sara,
692 5058 815 5117 qua:
843 5046 1237 5119 interpretatur
1263 5051 1538 5128 ἄρχουσα,
1579 5055 1632 5111 id
1660 5068 1767 5124 est,
1809 5063 2049 5135 princeps
2075 5078 2098 5121 ε

496 5144 555 5193 et
580 5135 850 5204 Rebecca,
877 5153 1001 5210 quas
1048 5141 1102 5196 in
1132 5143 1309 5214 lingua
1349 5159 1535 5203 nostra
1585 5151 1884 5218 patientiam
1915 5166 2092 5213 sonat.

572 5228 753 5300 (νοτε.
783 5228 839 5298 ὕ,
868 5234 1078 5305 ueqq.).
1119 5232 1190 5288 Et
1232 5234 1425 5307 adjecit
1449 5236 1705 5297 Dominus
1732 5242 1877 5317 loqui
1905 5247 1973 5301 ad
2014 5263 2098 5304 me

493 5362 1168 5459 msshbgixartlaqtleoﬂteste,
1200 5378 1255 5425 et
1285 5383 1455 5442 penes
1484 5368 1766 5429 Erasmum
1786 5372 2091 5459 Zacharias,

490 5450 592 5506 pro
625 5434 756 5492 Uria
781 5434 1063 5494 scribitur.

569 5516 594 5592 ς
634 5506 1139 5592 (ρειαιιι,ΡιόρΙιςιὶιιἶ
1189 5512 1447 5573 Erasmus
1497 5515 1626 5592 legit
1673 5516 1989 5592 PrOphglen,
2034 5530 2089 5591 et

490 5574 638 5663 {pira
671 5574 975 5663 ενορζιειςέ.
997 5581 1284 5663 _I_larianus
1313 5593 1493 5663 autem
1537 5574 1813 5663 Victorius
1852 5574 2090 5663 Ρνορθξέ

493 5648 569 5732 sin
591 5657 645 5732 ει
672 5646 966 5732 Prop/telis.
996 5651 1130 5732 Mss:
1153 5653 1372 5732 codices
1402 5646 1581 5732 primo
1610 5659 1729 5732 loco
1772 5646 2083 5732 Prop/terens

491 5727 549 5800 et
580 5716 974 5800 Prophetissam
996 5737 1016 5787 ;
1042 5722 1245 5800 deinde
1276 5716 1573 5800 Prophetis.
1611 5730 1758 5800 llanc
1790 5716 2079 5789 leciionem

490 5792 662 5845 secuti
730 5798 917 5844 sumus
942 5831 957 5856 ,
1017 5792 1144 5871 quia
1188 5792 1451 5853 Graecum
1496 5796 1783 5870 Prophetas
1826 5798 1918 5858 est
1951 5818 2075 5877 gen.

2202 4697 2445 4768 junxerit
2473 4693 2677 4749 auxilio
2705 4710 2805 4755 suo
2834 4695 3160 4764 sapientiam
3190 4693 3533 4761 saecularem,
3564 4704 3623 4750 et
3650 4693 3813 4759 Jeru-

2204 4788 2396 4855 salem,
2447 4786 2499 4841 id
2529 4796 2635 4851 est,
2667 4786 2970 4843 Ecclesium
2999 4786 3234 4843 voluerit
3264 4802 3604 4857 oppugnare,
3650 4786 3809 4843 dere—

2205 4880 2462 4951 linquens
2488 4893 2660 4949 aquas
2686 4877 2832 4935 Siloa
2863 4878 3028 4934 foratis
3066 4876 3247 4951 (Joau.
3280 4880 3382 4949 ts),
3414 4877 3506 4948 qui
3538 4881 3810 4948 interpre-

2203 4982 2349 5028 tatur
2370 4980 2577 5039 mtssus,
2610 4980 2668 5027 et
2690 4973 2782 5043 qui
2813 4973 2939 5029 salit
2960 4972 3016 5028 in
3038 4974 3205 5029 vitam
3234 4981 3523 5038 teternsm.
3556 4973 3807 5031 tradetur

2204 5064 2550 5137 Assyriorum
2579 5065 2815 5134 principi
2835 5064 3190 5137 130(quem
3210 5080 3432 5125 sensum
3462 5081 3722 5136 maguum
3747 5066 3805 5125 in

2205 5158 2601 5229 posterioribus
2624 5157 2814 5215 lecturi
2840 5156 3052 5229 sumus)
3085 5158 3239 5228 Cujus
3261 5157 3494 5217 traditus
3522 5156 3805 5224 potestati,

2204 5249 2261 5305 in
2299 5248 2630 5322 profundum
2666 5250 2847 5307 veniet
2880 5259 3266 5315 peccatorum.
3313 5251 3501 5308 Tantm
3532 5262 3621 5313 est
3655 5252 3809 5313 enim

2202 5379 2520 5460 masculini,
2553 5388 2802 5460 σξροφῆτις
2845 5380 3329 5460 feminini;_qt_iod
3380 5385 3436 5460 in
3481 5386 3807 5460 acc_nsatiro

2198 5465 2327 5505 casu
2357 5453 2520 5525 habet
2548 5452 2859 5524 Prophetin,
2882 5455 2967 5508 vel
2996 5452 3337 5525 Prophetida.
3378 5458 3549 5512 Porro
3576 5457 3634 5511 in
3663 5471 3804 5513 mss.

2196 5524 2604 5594 exemplaribus
2642 5535 2750 5579 eet
2797 5526 2815 5577 i
2862 5527 3175 5594 promiscue
3226 5529 3543 5582 scribuntur
3578 5569 3591 5590 .
3655 5531 3807 5585 sicut

2193 5604 2555 5650 consonantes
2572 5610 2625 5648 ιιι
2645 5601 2700 5650 et
2723 5610 2795 5661 u;
2817 5595 2964 5653 unde
2981 5596 3292 5671 Prophetem
3321 5598 3447 5681 loco
3476 5596 3802 5681 Prophetin.

2261 5765 2330 5795 ε
2372 5734 2591 5802 Notum,
2624 5738 2705 5792 sic
2746 5737 2937 5796 Grtece
2980 5739 3167 5805 βαθπί
3219 5740 3274 5802 in
3314 5670 3805 5807 nocteAeRIrtiimotlsI

2190 5815 2456 5883 προφῆτιν,
2480 5808 2877 5878 prophetissam.
