4008 6296
466 230 568 290 H9

1701 225 1759 283 5.
1804 223 2081 283 EUSEBII
2121 220 2502 280 HIERONYMI

3659 215 3768 273 120

459 350 519 406 in
549 364 658 421 quo
689 349 992 422 impingent
1012 343 1256 418 plurimi,
1276 353 1334 401 et
1347 342 1566 408 cadent,
1587 351 1646 398 et
1671 351 2050 407 conterentur,
2081 347 2128 406 Α
2161 342 2213 397 in
2239 339 2592 396 scandalum:
2627 339 2880 411 gentibus
2909 351 3090 396 autem
3109 341 3163 396 in
3188 337 3474 395 stultitiam
3500 337 3545 412 (I
3573 334 3694 393 Cor.
3725 351 3762 404 t,

463 453 926 517 peccatorumque
976 455 1200 496 suorum
1234 438 1472 494 vinculis
1522 436 1758 502 irretiti,
1791 437 2067 492 ducentur

464 539 522 593 in
552 536 952 606 captivitatem.
971 533 1117 589 Duas
1146 532 1362 599 domus,
1382 529 1625 586 Nazaraai
1645 529 1766 600 (qui
1787 530 1858 584 ita
1879 526 2068 585 Chris-

467 643 576 686 tum
605 629 903 699 recipiunt,
961 636 1021 682 ut
1067 625 1485 682 observationes
1515 624 1679 695 Legis
1709 623 1910 679 veteris
1958 636 2066 678 nou

468 729 722 782 omittant
755 724 866 796 (Al.
897 723 1174 791 amittant)
1197 720 1332 776 duas
1353 719 1588 775 familias
1614 719 2062 788 interpretantur,

463 819 706 876 Sammai
736 830 793 874 et
815 827 842 854 ι
871 815 1069 883 llellel,
1103 831 1169 870 ex
1199 815 1397 886 quibus
1425 814 1528 869 orti
1561 823 1689 868 sunt
1717 811 1746 850 ι)
1775 811 1983 868 Scriba:
2013 819 2070 866 et

468 911 756 976 Pharisaei,
789 924 1023 980 quorum
1056 901 1567 979 suscepit'scholam
1599 904 1820 969 Akibas,
1854 915 1876 942 ο
1905 918 2066 976 quem

467 1007 792 1075 magistrum
827 1003 1038 1074 Aquila:
1065 1001 1220 1074 133
1250 1001 1512 1072 proselyti
1543 1008 1822 1065 autumat,
1861 1007 1917 1054 et
1950 1007 2071 1069 post

470 1113 596 1153 eum
630 1098 799 1161 Meir,
853 1096 941 1152 cui
970 1096 1241 1152 successit
1283 1095 1532 1150 Joannan
1587 1095 1728 1150 [ilius
1757 1092 1980 1161 Zachai,
2015 1103 2070 1149 et

469 1199 594 1258 post
623 1204 747 1244 eum
801 1188 1039 1244 Eliezier
1063 1233 1077 1255 ,
1138 1197 1194 1242 et
1224 1202 1322 1258 per
1363 1187 1620 1244 ordinem
1651 1184 1676 1224 ἀ
1710 1185 1986 1256 Telphon,
2015 1195 2072 1242 ct

471 1295 691 1334 rursum
722 1279 927 1349 Joseph
957 1278 1219 1336 Galilaeus
1243 1323 1257 1347 ,
1307 1287 1365 1335 et
1394 1294 1564 1350 usque
1595 1279 1662 1334 ad
1691 1280 2069 1350 captivitatem

476 1373 781 1430 Jerusalem
812 1372 1001 1430 Josue.
1028 1373 1268 1428 Sammai
1302 1373 1466 1443 igitur
1495 1383 1550 1428 et
1580 1372 1752 1428 Helle]
1786 1388 1894 1428 non
1931 1373 2072 1428 ntul-

474 1480 531 1524 to
562 1479 584 1506 ε
620 1472 935 1540 priusquam
976 1469 1238 1523 Dominus
1283 1476 1635 1533 nasceretur,
1668 1469 1774 1522 orti
1815 1475 1943 1522 sunt
1971 1465 2072 1522 Ju-

475 1561 614 1626 dzea,
642 1576 875 1633 quorum
909 1560 1059 1632 prior
1076 1561 1362 1630 dissipator
1392 1560 1808 1629 interpretatur,
1833 1573 2074 1628 sequens

476 1657 727 1725 profanus
773 1670 791 1708 :
837 1667 904 1709 eo
936 1652 1084 1724 quod
1131 1669 1227 1722 per
1271 1651 1589 1708 traditiones
1632 1660 1689 1707 et
1733 1650 2074 1726 δευτερώσιις

2165 433 2280 506 95).
2311 434 2376 489 Et
2407 449 2659 490 rursum:
2693 432 2864 489 Israel
2881 434 3128 489 sectanda
3153 431 3317 505 legem
3344 431 3581 499 iustitia,
3617 431 3674 484 in
3692 431 3770 486 le-

2166 545 2278 600 gem
2301 528 2525 598 justitia:
2548 545 2650 582 non
2676 529 2908 599 pervenit
2936 527 3114 598 (Rom.
3145 543 3223 594 lx,
3247 525 3361 595 ⁸51).
3381 524 3602 594 Quare?
3631 524 3772 592 Quia

2167 635 2274 675 non
2305 636 2372 675 ex
2402 619 2527 686 (ide,
2562 619 2656 675 sed
2688 619 2846 690 quasi
2873 637 2942 676 ex
2970 620 3230 690 operibus
3257 620 3395 691 legis
3416 618 3773 675 oﬂ'enderunt

2169 713 2223 768 in
2255 713 2490 784 lapidem
2530 713 2874 779 olfensionis,
2906 715 3050 768 sicut
3077 715 3342 785 scriptum
3365 725 3483 769 est:
3514 710 3652 767 Ecce
3680 731 3774 785 po-

2169 822 2288 860 nam
2319 807 2370 860 in
2421 805 2552 861 Sion
2585 806 2812 873 lapidem
2848 805 3154 871 offensionis
3185 815 3232 858 et
3259 816 3456 874 petram
3499 804 3776 860 scandali:

2140 969 2141 976 κ
2169 900 2336 953 omnis
2375 901 2462 969 qui
2489 899 2651 953 credit
2691 900 2743 953 in
2782 917 2861 966 eo,
2911 916 3015 954 non
3041 899 3393 970 confundetur
3424 897 3623 970 (lbid.,
3649 899 3765 971 33).

2173 989 2320 1061 Ergo
2349 991 2441 1061 qui
2480 1005 2586 1046 non
2619 999 2951 1061 receperunt
2974 992 3389 1046 Emmanuelcm
3416 1032 3431 1058 ,
3476 992 3574 1046 sed
3605 993 3778 1047 lactus

2169 1093 2254 1139 est
2282 1084 2361 1139 eis
2388 1085 2440 1139 in
2474 1083 2705 1153 lapidem
2736 1083 3058 1141 oli‘ensiouis
3085 1094 3142 1140 et
3171 1085 3223 1138 in
3259 1094 3469 1154 petram
3496 1083 3768 1150 scandali,

2171 1185 2544 1243 conterentur,
2567 1178 2873 1248 captivique
2902 1177 3191 1233 ducentur.
3224 1176 3490 1248 Quodque
3515 1175 3626 1231 ait:
3665 1175 3775 1231 Do-

2173 1285 2285 1323 mus
2307 1279 2480 1324 autem
2504 1266 2668 1324 Iacob
2698 1271 2752 1323 in
2784 1269 2968 1340 laqueo
2996 1280 3044 1324 et
3075 1271 3128 1324 in
3157 1267 3392 1324 convalle
3421 1269 3518 1323 erit
3545 1268 3771 1323 sedenti-

2175 1363 2266 1418 bus
2293 1363 2346 1416 in
2367 1359 2660 1416 Jerusalem
2681 1404 2697 1430 ,
2728 1363 2834 1418 hoc
2864 1363 3168 1433 significat,
3218 1361 3364 1434 quod
3389 1377 3497 1416 non
3527 1359 3774 1418 habitent

2176 1459 2230 1512 in
2259 1457 2555 1522 montibus,
2591 1473 2693 1514 nec
2740 1458 2793 1512 itt
2829 1459 3064 1514 excelsis
3118 1457 3528 1528 Scripturarum
3558 1471 3781 1511 versen-

2173 1563 2262 1608 tur
2284 1552 2451 1618 locis;
2498 1551 2593 1607 sed
2622 1566 2841 1623 semper
2872 1551 3099 1607 humilia
3136 1551 3486 1621 intelligant,
3538 1549 3783 1620 peccatis

2179 1654 2400 1718 peccata
2439 1646 2735 1712 sociantes,
2768 1657 2823 1702 et
2849 1647 3019 1703 vincti
3050 1648 3261 1718 laqueis
3289 1646 3643 1703 delictorum.

472 1761 599 1803 suas
624 1747 785 1819 Legis
814 1757 1080 1818 praecepta
1110 1747 1460 1818 dissipaverit
1479 1757 1640 1817 atque
1689 1747 2071 1804 maculaverit.
2105 1730 2154 1791 Β
2256 1740 2610 1815 ιπμτετς.
2639 1741 2849 1816 16,1¹7.)
2873 1741 3004 1815 Liga
3032 1743 3348 1806 testimonia,
3373 1742 3524 1811 signa
3545 1739 3713 1814 legem
3733 1741 3786 1794 in

476 1838 542 1893 Et
575 1839 672 1894 bas
699 1855 822 1895 esse
852 1840 988 1893 duas
1019 1839 1215 1895 domus
1236 1881 1251 1904 ,
1309 1855 1432 1910 quae
1474 1838 1813 1894 Salvatorem
1848 1854 1955 1894 non
1988 1855 2076 1896 re-

480 1932 761 2001 ceperint,
805 1931 897 2001 qui
929 1930 1104 1986 lactus
1158 1933 1232 1986 sit
1273 1931 1353 1986 eis
1394 1931 1446 1986 in
1477 1931 1691 1985 ruinam
1747 1940 1804 1986 et
1847 1930 2076 1986 scanda-

2181 1835 2456 1906 discipulis
2466 1838 2614 1902 meis,
2629 1846 2676 1890 et
2697 1838 3000 1904 exspectabo
3016 1835 3315 1901 Dominum,
3328 1835 3417 1906 qui
3429 1835 3696 1888 abscondit
3708 1833 3787 1904 [a-

2181 1931 2310 1985 ciem
2325 1946 2467 1984 suam
2479 1947 2511 1982 a
2522 1931 2676 1984 domo
2688 1929 2870 1996 Iacob,
2887 1942 2935 1984 et
2948 1927 3285 2000 praestolabor
3297 1943 3430 1981 eum.
3441 1926 3554 1982 Vox
3572 1925 3789 1981 Domini

481 2023 618 2078 lum.
676 2022 838 2080 Juxta
870 2022 1046 2089 LXX,
1101 2039 1265 2078 manu
1296 2023 1423 2079 forti
1463 2025 1665 2079 restitit
1697 2023 1804 2094 (Al.
1835 2025 2082 2096 resistet)
2185 2025 2458 2096 loquentis
2477 2025 2542 2080 ad
2559 2023 3303 2095 Pr0pltetam:quia,iuquit,
3326 2021 3794 2078 lactuseSIDomi-

481 2118 718 2188 populus
743 2117 840 2172 Dei
870 2117 1162 2185 voluntati,
1203 2127 1258 2172 et
1283 2117 1415 2174 dicit
1443 2118 1625 2173 omnia
1657 2118 1791 2174 dura
1816 2133 1939 2175 esse
1961 2134 2082 2189 qua:
2186 2132 2285 2173 nus
2304 2117 2355 2172 in
2375 2117 2608 2188 lapidem
2623 2115 2941 2172 odensionis
2959 2117 3081 2172 etin
3103 2125 3309 2186 petram
3329 2112 3794 2170 scaudalidttabus

480 2210 748 2266 Dominus
779 2210 1384 2282 prmcepit,secundum
1417 2211 1552 2268 illud
1576 2211 1722 2284 quod
1746 2213 1799 2268 in
1833 2212 2081 2283 Evange-
2193 2210 2448 2266 domibus
2471 2210 2634 2266 Israel
2655 2251 2669 2274 ,
2701 2219 2756 2264 et
2793 2211 3021 2264 missum
3054 2207 3122 2264 ad
3170 2223 3229 2264 se
3262 2208 3583 2263 Emmanuel
3618 2207 3794 2262 susci-

480 2304 555 2358 lio
585 2304 816 2375 legimus
847 2323 858 2359 :
889 2301 1067 2360 Durus
1087 2315 1160 2361 est
1196 2288 1282 2359 hic
1307 2322 1496 2372 sermo,
1527 2307 1641 2378 quis
1684 2307 1871 2376 poterit
1902 2307 2088 2363 audire
2193 2318 2324 2374 pere
2356 2303 2682 2358 noluerunt:
2709 2301 2837 2374 Liga
2858 2301 3172 2357 testimonia
3195 2302 3396 2356 veteris
3417 2299 3794 2367 lnstruntenti,

483 2414 599 2452 eum
647 2395 833 2467 (Joan.
863 2413 938 2465 vt,
973 2397 1109 2470 (il)?
1157 2398 1312 2455 Unde
1341 2401 1660 2470 prmcipitur
1690 2398 1772 2453 eis
1804 2408 1863 2453 ut
1908 2397 2092 2454 Domi-
2193 2406 2248 2452 et
2275 2397 2429 2453 trade
2453 2397 2544 2452 illa
2569 2395 2856 2465 discipulis
2883 2397 3044 2464 meis,
3089 2395 3180 2467 qui
3215 2395 3571 2468 Evangeliutn
3605 2410 3798 2452 susce-

483 2506 615 2544 num
659 2488 908 2558 audiant,
941 2498 999 2544 et
1035 2491 1212 2558 ipsum
1244 2490 1424 2544 solum
1475 2489 1726 2544 timeant.
1772 2487 1830 2544 Si
1857 2489 2002 2544 enint
2034 2489 2088 2544 in
2196 2501 2419 2562 perunt,
2474 2491 2756 2562 Apostolis
2787 2491 3066 2558 videlicet,
3131 2491 3246 2546 sive
3277 2490 3600 2561 apostolicis
3647 2490 3799 2548 viris.

485 2583 605 2653 ipso
635 2582 830 2639 c0ntisi
859 2581 1097 2648 l‘uerint,
1158 2581 1438 2637 habebunt
1465 2597 1588 2637 eum
1623 2581 1676 2635 in
1709 2581 2093 2638 sanctilicatio—
2200 2583 2299 2640 Vel
2326 2595 2479 2640 certe
2510 2585 2598 2640 lex
2627 2597 2678 2640 et
2707 2584 2995 2656 prophetia
3024 2599 3198 2653 usque
3245 2582 3312 2638 ad
3357 2582 3632 2638 Joannem
3665 2584 3800 2655 lige-

487 2688 640 2738 nem,
673 2682 729 2728 et
749 2687 857 2726 non
881 2670 1188 2742 impingent
1218 2672 1376 2741 quasi
1408 2671 1462 2725 in
1482 2671 1719 2742 lapidem
1743 2672 2008 2740 scandali,
2039 2684 2096 2728 et
2197 2685 2286 2732 tur
2305 2675 2448 2746 apud
2481 2692 2576 2732 eos
2609 2675 2829 2748 (Matth.
2853 2678 2951 2748 xt),
2979 2688 3032 2731 et
3063 2676 3250 2733 clausa
3280 2675 3351 2732 sit
3372 2686 3537 2746 atque
3559 2676 3799 2744 signata,

489 2765 648 2838 quasi
677 2765 730 2820 in
765 2773 974 2835 petram
1029 2765 1223 2820 ruinae.
1280 2765 1354 2820 De
1403 2764 1506 2821 hoc
1539 2766 1658 2821 loco
1711 2776 1766 2821 et
1797 2767 2091 2835 Apostolus
2195 2781 2254 2826 ut
2283 2771 2427 2842 quod
2460 2771 2670 2841 legunt,
2695 2785 2801 2826 non
2834 2771 3165 2842 intelligant.
3183 2771 3291 2827 Pro
3315 2771 3603 2842 discipulis
3631 2771 3802 2838 enim,

495 2865 664 2918 sumit
696 2863 1092 2929 testimonium,
1125 2862 1272 2933 quod
1305 2861 1556 2918 Christus
1579 2861 1782 2918 Judzeis
1812 2862 1989 2918 lactus
2019 2863 2092 2919 sit
2188 2863 2343 2935 juxta
2374 2863 2624 2921 Hebraici
2657 2866 2930 2921 sermonis
2957 2864 3370 2936 ambiguitatem
3390 2905 3404 2930 ,
3431 2878 3728 2936 possumus
3753 2871 3809 2920 et

565 3015 591 3044 λ
613 3006 869 3062 Mendosc
899 3005 1164 3072 scriptum
1195 3004 1463 3077 hactenus
1489 3005 1579 3062 hic
1603 3014 1765 3077 atque
1795 3005 1936 3060 inl‘ra
1971 3005 2094 3060 Hil-
2121 3005 2168 3068 C
2202 3005 2579 3077 RabbiiAkiba
2625 3005 2955 3077 nominatur.
3011 3003 3103 3077 De
3130 3003 3264 3058 Meir
3295 3017 3424 3057 vero
3445 3043 3467 3077 ,
3513 3001 3658 3077 quod
3705 3017 3802 3077 no-

493 3076 584 3143 lel,
617 3089 806 3134 eontra
843 3092 975 3132 mss.
1009 3077 1193 3139 (idem.
1222 3094 1285 3132 ac
1317 3076 1574 3132 Veterum
1603 3076 1818 3148 legendi
1863 3094 2094 3142 morem,

491 3165 630 3219 quos
655 3159 869 3204 coitstat
913 3149 1190 3204 sexcentis
1243 3149 1509 3219 exemplis
1536 3153 1672 3218 proi
1707 3149 1884 3216 brevi,
1917 3165 1944 3201 e
1969 3149 2096 3203 sub-

493 3221 764 3285 stituisse,
825 3220 1054 3288 quodin
1105 3222 1419 3275 nominibus
1467 3219 1780 3274 Emmanuel
1827 3235 1926 3288 pro
1956 3219 2103 3272 Ima-

497 3237 764 3285 stttutsse,
865 3237 968 3274 ttou
1004 3238 1054 3274 Ill
1105 3237 1419 3275 nomintmts
1467 3237 1778 3274 nmmonuet
1827 3237 1926 3288 pro
1956 3237 2097 3272 rma-

497 3293 638 3358 nuel,
693 3303 750 3345 et
806 3237 1050 3346 [genitam
1096 3307 1193 3360 pro
1245 3290 1501 3352 Hinnom,
1550 3292 1778 3346 Drusius
1807 3293 2097 3357 observat,

493 3378 655 3434 quem
687 3363 912 3434 vitiosis,
961 3364 1052 3417 lib.
1086 3379 1121 3416 tt
1153 3364 1221 3416 de
1253 3365 1426 3417 tribus
1475 3363 1676 3427 Sectis,
1711 3378 1831 3432 cap.
1859 3364 1946 3418 11.
1976 3361 2101 3417 Fuit

494 3433 658 3504 porro
706 3433 910 3499 llellel,
957 3434 1071 3488 sive
1110 3434 1249 3488 Ellel
1295 3435 1510 3488 Scltolm
1556 3434 1796 3489 Jtlduicw
1845 3436 2100 3502 princeps

492 3507 633 3558 circa
666 3521 868 3560 annum
895 3505 1081 3558 mundi
1111 3521 1175 3558 ex
1208 3504 1523 3558 Judacorum
1554 3506 1872 3559 narratione
1914 3513 1969 3558 et
1991 3507 2102 3557 cal-

494 3576 620 3629 culo
648 3577 812 3635 3730.
839 3575 1179 3644 octogesimo
1205 3578 1382 3629 {etatis
1403 3591 1538 3637 sum,
1566 3584 1692 3629 ante
1714 3575 1988 3629 Christum
2014 3576 2103 3629 tri-

496 3649 723 3714 gesimo.
764 3645 1081 3699 Anditoretn
1125 3645 1309 3699 habuit
1360 3647 1539 3715 ipsum
1582 3646 1788 3708 Sumat“,
1821 3663 1981 3714 quem
2010 3658 2102 3701 Σαο

539 3717 622 3770 ἕαν
663 3726 822 3768 vocat
851 3715 1140 3782 10sepbus,
1187 3715 1383 3770 deinde
1416 3718 1468 3770 in
1504 3718 1813 3787 principatu
1836 3717 2102 3773 doctrina:

539 3738 622 3770 ταν
663 3738 822 3768 VUCHI.
851 3738 1140 3782 JUSCPIIUS,
1187 3738 1383 3770 llClllUtt
1416 3738 1468 3770 ΙΙΙ
1504 3738 1813 3787 ιιι-ιιιεψίιιιι
1836 3738 2098 3773 υυειτηιω

495 3738 704 3859 gutturis
728 3787 1008 3842 tradendae
1024 3788 1288 3854 collegam
1307 3829 1321 3853 ,
1352 3803 1416 3842 ac
1444 3788 1681 3859 denique
1701 3790 2098 3843 adversarium.

503 3855 798 3925 Utriusque
827 3860 1068 3913 ductoris
1114 3859 1317 3914 mentio
1347 3855 1605 3927 frequens
1639 3871 1722 3914 est
1762 3860 1814 3914 itt
1852 3860 2105 3914 l‘lcbraio-

498 3945 618 3983 rum
650 3931 840 3991 libris.
873 3931 924 3984 in
959 3929 1263 3985 Thaltnude
1289 3971 1306 3996 ,
1337 3933 1476 3995 apud
1511 3931 1795 3994 Zacutum,
1832 3931 1884 3985 in
1911 3928 2104 3984 Jucha-

500 4001 944 4066 sin,Abraltamo
976 4003 1080 4055 Ben
1125 4003 1274 4066 Dior,
1330 4013 1495 4073 atque
1539 4002 1682 4058 aliis.
1740 4003 2103 4073 Hieronymus

499 4086 716 4143 quoque
772 4089 960 4129 eorum
1007 4075 1278 4128 interdum
1321 4074 1624 4130 sententias
1679 4075 1900 4137 laudat,
1951 4083 2010 4127 ut
2050 4073 2102 4128 itt

505 4142 677 4214 Epist.
716 4145 840 4208 ηι,
869 4147 935 4198 ad
965 4145 1260 4214 algasmm,
1285 4156 1476 4212 quaest.
1504 4147 1591 4201 10.
1621 4156 1783 4214 atque
1812 4146 1960 4199 alibi.

573 4211 601 4250 ι’
636 4213 837 4269 Scriba:
866 4225 914 4268 et
957 4211 1235 4268 Pharisaei.
1294 4211 1369 4269 De
1421 4217 1505 4271 Itis
1559 4211 1742 4273 Sectis
1785 4217 2105 4273 Judworum

505 4287 732 4358 consule
757 4283 1369 4358 Josephurn,_lib._xvttt
1400 4287 1620 4358 Antiqq.
1653 4287 1866 4344 Judaic.
1891 4303 2012 4358 cap.
2045 4291 2100 4357 2,

505 4363 560 4408 et
593 4355 685 4428 lib.
720 4356 858 4428 unde
889 4355 1317 4428 Bellthnlait-o.
1351 4372 1473 4426 cap.
1509 4355 1597 4413 12;
1637 4359 1765 4413 Vide
1799 4355 2106 4428 etiam'epi-L

505 4425 706 4498 stolam
742 4426 1056 4498 llieronymi
1082 4427 1148 4481 ad
1176 4425 1475 4498 Algasiam,
1499 4429 1704 4498 ρειπνει.
1740 4432 1827 4498 lO,
1864 4431 1952 4486 ubi
2000 4425 2098 4486 Ju-

507 4495 752 4575 ὁποι-ψη
784 4495 1120 4575 δευτερὠσεις
1153 4495 1468 4575 insectatur,
1505 4495 1773 4558 ΜΑΒΤΙΑΝ.

580 4597 652 4608 -
675 4569 954 4642 lmtneritu
985 4580 1312 4626 succensent
1352 4570 1410 4626 S.
1441 4573 1680 4642 Doctori,
1715 4575 1896 4642 magni
1927 4575 2103 4630 nomi-

508 4641 590 4693 nis
612 4641 807 4708 critici,
825 4642 970 4714 quod
1001 4642 1241 4709 Scribas,
1265 4659 1497 4709 quorum
1522 4641 1672 4714 sa'pe
1700 4649 1749 4700 in
1775 4641 2106 4702 Veteri'l‘cs-

505 4721 745 4767 tameuto
786 4713 994 4767 mentio
1039 4725 1118 4768 est
1142 4755 1157 4778 ,
1216 4729 1244 4767 a
1277 4713 1460 4769 Samai
1491 4713 1643 4771 ortOs
1674 4719 1838 4771 dicat.
1891 4719 1959 4772 At
1995 4733 2101 4771 non

427 4806 432 4810 ·
507 4797 575 4837 eo
604 4798 766 4838 sensu
809 4784 1027 4840 Scrihas
1058 4783 1146 4839 hic
1166 4796 1323 4838 vocat
1355 4785 1606 4852 llieron.,
1634 4789 1727 4842 sed
1760 4803 1856 4841 eos
1886 4789 2106 4855 proprie

507 4863 678 4926 notat,
731 4855 823 4926 qui
850 4859 1022 4909 solam
1063 4857 1441 4926 Scripturant,
1485 4858 1701 4924 rejectis
1734 4857 2105 4912 Rabbinorum

511 4924 914 4986 traditionibus,
941 4924 1290 4992 recipientes,
1319 4927 1480 4980 aliam
1513 4942 1543 4981 a
1575 4927 2104 4984 Pliariswisdumum

511 5003 568 5048 et
613 5005 820 5066 sectam
851 4995 1253 5050 censtituebant
1281 5038 1294 5060 ,
1328 5000 1418 5066 qui
1451 5007 1506 5053 et
1536 4997 1728 5065 Karet',
1756 5001 1838 5055 vel
1871 4999 2108 5054 Karailu:

510 5067 580 5141 a_b
608 5062 881 5141 llebraico
930 5067 1097 5121 verbo
1122 5071 1235 5141 θἾΡ
1283 5062 1678 5139 nuncupantur.
1717 5062 1780 5126 Ἐ
1827 5073 2106 5127 contrario

513 5133 845 5212 Rabbaaitas
888 5147 1084 5212 vocant
1131 5133 1441 5212 Pliarisgzos
1468 5133 1552 5194 'ah
1587 5143 1759 5198 Ellcle
1786 5153 1964 5207 ortos,
2014 5145 2104 5212 qui

550 5217 778 5284 t'atterea
811 5207 1203 5284 llabhinorunt
1228 5223 1293 5262 ac
1325 5209 1546 5284 Patrum
1577 5216 1794 5284 scriptis
1827 5214 1988 5269 Iidem
2011 5207 2104 5268 a'tl-
2151 5241 2154 5244 ο

556 5278 788 5356 ιιμςιηξιιιΖ
843 5279 1459 5356 Luculetttisshttttm__in
1501 5282 1640 5356 hanc
1692 5278 1810 5341 rem
1856 5284 2106 5356 Origenis

506 5350 881 5424 testimonium
905 5362 989 5424 est
1011 5361 1170 5424 tract.
1193 5349 1266 5404 24
1289 5353 1340 5405 in
1365 5351 1697 5410 Mattltaeum.
1718 5357 1820 5424 Qui
1847 5349 2108 5412 noni-ece-

510 5419 638 5499 dunt
655 5437 700 5499 Δςι
721 5423 892 5499 littera
924 5421 1076 5499 Degis
1101 5463 1116 5489 ,
1172 5436 1372 5499 somnus
1394 5424 1668 5499 dicuntur:
1687 5419 1777 5499 qui
1805 5439 1975 5499 autent
1996 5445 2108 5483 ma-

508 5493 591 5556 ius
611 5493 813 5570 aliquid
841 5492 1161 5570 proﬁtentes,
1191 5492 1427 5548 diuidunt
1455 5498 1666 5570 seipsos,
1697 5492 1845 5570 quasi
1869 5498 2106 5554 meliores

512 5576 544 5612 a
569 5563 764 5626 multis,
793 5563 1072 5617 secundum
1095 5562 1196 5618 hoc
1225 5579 1484 5622 ΡιιΑιιιεΑει
1515 5562 1780 5626 dicuntur.

585 5642 608 5669 ο
634 5632 710 5688 De
747 5632 922 5688 Akiba
973 5635 1096 5690 vide
1147 5651 1270 5696 quae
1299 5639 1533 5693 diximus
1565 5643 1618 5696 in
1656 5659 1777 5698 can.
1824 5640 1859 5695 4
1885 5639 2103 5697 Comm.

506 5700 570 5758 in"
619 5701 991 5762 Ecclesiasten
1025 5721 1080 5774 p.
1112 5703 1250 5770 424,
1284 5717 1419 5773 not.,
1457 5709 1546 5764 ubi
1597 5722 1653 5769 et
1701 5700 1962 5766 Barakiba
1989 5754 2004 5777 ,
2050 5724 2106 5770 et

2206 3093 2327 3131 men
2357 3076 2535 3132 Vatic.
2563 3077 2767 3140 aspirat
2793 3075 2986 3140 Jleltir,
3018 3075 3142 3130 vide
3163 3091 3285 3130 cum
3311 3073 3502 3144 primis
3525 3072 3805 3130 Juchasin.

2204 3149 2472 3213 Corrupte
2504 3149 2594 3202 alii
2625 3146 2850 3210 Machir,
2881 3157 2972 3200 aut
2997 3147 3154 3201 Acltir
3181 3147 3388 3213 legunt.
3422 3144 3581 3200 Circa
3603 3162 3807 3202 annum

2201 3219 2402 3275 Christi
2433 3220 2538 3275 150
2570 3219 2805 3273 traditur
2834 3218 3058 3273 (abiisse.
3087 3218 3188 3286 Qui
3229 3218 3581 3284 subsequitur
3605 3215 3810 3272 Johan-

2205 3308 2322 3344 nam
2357 3292 2474 3345 sive
2517 3289 2826 3357 locitannn,
2858 3290 3000 3359 [ilius
3030 3288 3218 3346 Saccai
3260 3290 3337 3358 (iit
3375 3287 3547 3360 Vatic.
3587 3286 3807 3360 Zachei)

2203 3363 2403 3416 cltarus
2431 3361 2557 3417 Tito
2583 3364 2896 3430 imperat0ri
2923 3362 3052 3425 luit,
3079 3370 3218 3417 teste
3239 3361 3306 3415 Β.
3329 3359 3607 3416 Abraham
3633 3363 3688 3415 in
3713 3359 3807 3417 lib.

2202 3431 2482 3488 Cahbalte.
2531 3435 2817 3488 Proximus
2849 3431 3051 3488 Eliezer
3083 3435 3332 3487 fortassis
3360 3431 3448 3488 ille
3469 3443 3556 3486 est
3580 3473 3597 3496 ,
3647 3448 3808 3496 quem

2203 3505 2514 3563 disnutasse
2535 3505 2604 3557 de
2632 3504 2782 3558 (lrali
2812 3503 2955 3571 Lege
2981 3520 3104 3559 cum
3139 3505 3202 3558 Β.
3237 3503 3518 3560 Jncltanan
3544 3501 3811 3560 discimus

2204 3590 2270 3630 ex
2301 3575 2520 3630 Jalkntli
2550 3575 2617 3630 ad
2651 3575 2825 3630 Exod.
2859 3591 3043 3635 xxxtv.
3066 3575 3158 3629 ‘27.

2277 3644 2303 3682 ά
2337 3647 2610 3701 [laetenus
2639 3648 2904 3716 scriptum
2957 3657 3042 3703 est
3070 3644 3344 3716 Delphon.
3377 3646 3810 3703 contradicenti-

2205 3717 2307 3772 bus
2338 3734 2468 3772 mss.
2503 3725 2616 3772 tum
2646 3719 2850 3788 nostris
2875 3760 2888 3784 ,
2925 3728 3036 3773 tum
3092 3721 3290 3788 quibus
3316 3716 3433 3785 ipse
3466 3717 3811 3774 Martianmus

2207 3797 2489 3860 ususest:
2540 3793 2629 3858 qni
2680 3787 2916 3855 Telplion
2968 3787 3288 3844 coostanter
3321 3791 3530 3860 legunt.
3586 3790 3667 3844 Ad
3697 3791 3813 3845 haec

2207 3858 2449 3930 Delphon
2475 3861 2662 3914 nullus
2695 3862 2837 3926 apud
2871 3860 3090 3916 Juda-os
3113 3858 3413 3926 scriptores
3435 3863 3729 3927 reperitur,
3759 3871 3815 3916 ct

2208 3933 2474 4000 siquidem
2503 3933 2663 3987 liceat
2691 3933 2796 3986 levi
2814 3934 2982 4002 unius
3009 3933 3288 3991 litterttlte.
3312 3949 3433 4002 quae
3461 3933 3711 4002 ejusdem
3731 3943 3816 3988 est

2207 4002 2418 4072 organi.
2453 4007 2756 4058 mutatione
2782 4001 3061 4073 Tlterplion
3093 4001 3430 4065 rescribere,
3458 4001 3814 4070 quemadmo-

2208 4073 2335 4126 dum
2381 4084 2428 4126 et
2477 4075 2704 4129 Drusius
2744 4075 3082 4129 coniecerat.
3138 4075 3244 4129 iam
3290 4075 3552 4129 expedita
3586 4091 3678 4129 res
3702 4076 3810 4129 sit:

2249 4091 2335 4126 um
2381 4087 2428 4126 et
2477 4087 2704 4130 Urustus
2744 4087 3082 4137 CODJt‘cel'al,
3131 4091 3244 4137 jam
3290 4087 3552 4137 expedita
3586 4091 3678 4131 res
3702 4087 3810 4130 Sll:

2208 4091 2335 4126 unm
2381 4091 2428 4126 et
2477 4091 2704 4130 urustus
2744 4091 3082 4143 coniecerat,
3131 4091 3244 4144 3am
3290 4091 3552 4145 expedita
3586 4091 3678 4131 res
3702 4091 3810 4130 Sll:

2207 4149 2372 4228 TDTD
2400 4144 2688 4215 Thurplton
2716 4148 2936 4217 quippe,
2974 4156 3032 4201 ut
3064 4147 3236 4202 Jttdtci
3272 4149 3653 4216 proeuutiattt,
3691 4163 3814 4202 ver-

2211 4239 2462 4292 naculum
2492 4253 2688 4293 nomen
2715 4238 3039 4294 Hebraicum
3063 4249 3167 4303 est,
3201 4239 3455 4309 idemque
3478 4247 3700 4308 putatur
3728 4251 3812 4294 at-

2210 4324 2316 4391 que
2348 4310 2501 4393 illud,
2530 4311 2676 4393 quod
2706 4312 2963 4392 scribitur
2989 4309 3183 4393 Qut-ce
3205 4314 3438 4387 Τρύφων.
3467 4311 3815 4393 Atq_ue_adeo

2129 4395 2180 4454 D
2210 4380 2576 4454 opinati_sunt
2606 4383 2751 4436 docti
2792 4380 2895 4436 viri
2922 4424 2936 4445 ,
2989 4381 3133 4438 hunc
3171 4380 3347 4450 ipsum
3393 4398 3517 4438 esse
3560 4382 3814 4438 Judaeum

2207 4451 2360 4505 illum
2420 4451 2812 4523 Tryphonem,
2881 4469 3044 4523 quem
3105 4464 3297 4509 cantra
3364 4454 3591 4509 disserit
3643 4453 3807 4510 Justi-

2208 4538 2312 4577 nus
2343 4535 2549 4590 martyr
2579 4525 2631 4577 itt
2689 4524 2932 4593 Dialogo.
2982 4523 3098 4592 Qua
3139 4525 3207 4578 de
3235 4540 3292 4580 re
3325 4535 3380 4579 ttt
3415 4525 3550 4579 nihil
3583 4526 3818 4581 delinire

2207 4595 2411 4668 ausim,
2427 4594 2508 4649 sic
2527 4597 2771 4668 profecto
2796 4597 3020 4668 minime
3042 4607 3308 4666 repugnat
3328 4607 3632 4668 temporum
3651 4609 3812 4668 nota:

2212 4679 2350 4739 nam
2371 4665 2720 4739 Tryphonem
2746 4664 2938 4739 Arkiba:
2967 4664 3137 4722 fuisse
3164 4664 3455 4739 collegam,
3487 4668 3699 4724 Auctor
3717 4665 3817 4723 Ju-

2208 4735 2409 4798 chasin,
2429 4746 2485 4789 et
2510 4736 2866 4792 Maimonides
2897 4739 3153 4794 tradunt:
3184 4735 3412 4793 Altib'am
3444 4755 3574 4794 vero
3598 4741 3652 4794 itt
3687 4740 3818 4794 Bar-

2210 4807 2429 4860 cocebae
2461 4807 2736 4863 seditione
2759 4811 2962 4864 obtisse
2994 4811 3127 4864 circ.
3165 4826 3256 4864 an.
3288 4811 3496 4864 (λιι-ἱειί
3529 4813 3656 4874 HO,
3678 4823 3732 4866 et
3755 4809 3814 4867 S.

2209 4877 2483 4952 Justinum
2504 4895 2594 4932 an.
2618 4879 2721 4934 156
2741 4883 3061 4952 martyrium
3085 4882 3322 4936 subiisse
3341 4892 3680 4952 compertum
3696 4893 3814 4952 est.

2211 4949 2425 5018 Suppar
2451 4965 2665 5021 quoque
2698 4952 2761 5006 ll.
2786 4949 2998 5019 Alsium,
3031 4961 3089 5006 ut
3113 4964 3334 5007 constat
3369 4969 3434 5007 ex
3471 4949 3619 5007 ’Bava
3655 4951 3818 5008 Καιπ-

2211 5036 2316 5083 ma,
2348 5035 2469 5089 Cap.
2501 5022 2565 5089 8,
2635 5023 2726 5092 qui
2757 5023 3111 5094 subsequitur
3147 5021 3348 5094 Ioseph
3369 5023 3626 5078 Gulilwus
3674 5025 3814 5080 fuit:

2210 5106 2540 5162 quamquam
2597 5110 2694 5164 pro
2741 5093 2934 5166 Ioseph
2984 5093 3287 5166 legendum
3319 5095 3646 5156 Jose.satis
3687 5113 3817 5152 eru-

2209 5183 2319 5238 dite
2341 5186 2434 5239 alii
2457 5186 2654 5240 velint:
2674 5185 2937 5242 llebraice
2960 5188 3126 5243 etiam
3152 5197 3238 5243 est
3261 5166 3434 5247 ἡῦλη
3452 5193 3570 5246 πον.
3593 5187 3821 5246 Postre-

2212 5269 2330 5331 mus
2357 5272 2567 5331 ,_quem
2619 5257 2706 5331 hic
2736 5259 2988 5331 absolute
3028 5257 3190 5331 Josue
3241 5260 3609 5331 Hieronymus
3632 5273 3817 5327 vocat,

2213 5327 2262 5401 in
2289 5325 2598 5401 Judaéorutn
2640 5328 2793 5401 libris
2833 5329 3033 5385 dicitur
3061 5328 3227 5386 Josua
3256 5331 3350 5385 ben
3377 5325 3674 5401 Chunuuia,
3707 5325 3820 5390 dis;

2210 5395 2419 5466 ciputus
2449 5398 2728 5460 Jochanan
2753 5400 2856 5456 ben
2880 5402 3087 5457 Saccai.

2283 5477 2306 5544 ξ’
2339 5471 2511 5544 Agonis
2537 5473 2749 5527 scilicet
2778 5473 2898 5538 plus
2931 5473 3110 5529 minus
3164 5473 3407 5544 triginta,
3457 5483 3520 5529 ut
3547 5475 3817 5544 diximus.

2212 5537 2417 5617 Prioris
2447 5557 2611 5610 porro
2639 5537 2882 5617 magistri
2921 5561 3122 5600 nomen
3154 5537 3822 5617 Hiéruminterpretatur

2209 5613 2362 5681 quasi
2394 5628 2423 5667 a
2453 5618 2635 5683 anu,
2676 5616 2820 5685 quod
2848 5627 2929 5672 est
2953 5629 3185 5683 vastare,
3235 5613 3821 5687 duceretur,’alterius

2210 5715 2373 5784 paulo
2401 5715 2713 5787 violentius,
2744 5719 2901 5791 quasi
2927 5734 2958 5777 a
2983 5702 3095 5790 'm,
3122 5718 3417 5790 profanum.
3489 5759 3500 5768 .
