  <div class='ocr_page' id='page_1' title='image "/cluster/home/n/w/nwhite01/storage/ocr_20150623/24/uva.x000826571/068.png"; bbox 0 0 4008 6366; ppageno 0'>
   <div class='ocr_carea' id='block_1_1' title="bbox 161 274 3470 382">
    <p class='ocr_par' dir='ltr' id='par_1_1' title="bbox 161 274 3470 382">
     <span class='ocr_line' id='line_1_1' title="bbox 161 274 3470 382; baseline 0.008 -26"><span class='ocrx_word' id='word_1_1' title='bbox 161 299 264 358; x_wconf 78' lang='lat' dir='ltr'><strong>tat</strong></span> <span class='ocrx_word' id='word_1_2' title='bbox 723 303 1378 364; x_wconf 78' lang='lat' dir='ltr'><strong>COMMENTARIORUM</strong></span> <span class='ocrx_word' id='word_1_3' title='bbox 1419 305 1486 364; x_wconf 80' lang='lat' dir='ltr'><strong>IN</strong></span> <span class='ocrx_word' id='word_1_4' title='bbox 1525 307 1760 367; x_wconf 80' lang='lat' dir='ltr'><strong>lSAlAM</strong></span> <span class='ocrx_word' id='word_1_5' title='bbox 1801 309 2224 371; x_wconf 68' lang='lat' dir='ltr'><strong>morosum</strong></span> <span class='ocrx_word' id='word_1_6' title='bbox 2265 315 2397 372; x_wconf 83' lang='lat' dir='ltr'><strong>us.</strong></span> <span class='ocrx_word' id='word_1_7' title='bbox 2439 316 2528 374; x_wconf 88' lang='grc' dir='ltr'>ιιι.</span> <span class='ocrx_word' id='word_1_8' title='bbox 2570 317 2725 375; x_wconf 59' lang='lat' dir='ltr'><strong>cur.</strong></span> <span class='ocrx_word' id='word_1_9' title='bbox 2770 319 2907 378; x_wconf 86' lang='lat' dir='ltr'><strong>vut.</strong></span> <span class='ocrx_word' id='word_1_10' title='bbox 3367 325 3470 382; x_wconf 76' lang='lat' dir='ltr'><strong>iss</strong></span> 
     </span>
    </p>
   </div>
   <div class='ocr_carea' id='block_1_2' title="bbox 166 415 3471 509">
    <p class='ocr_par' dir='ltr' id='par_1_2' title="bbox 166 415 3471 509">
     <span class='ocr_line' id='line_1_2' title="bbox 166 415 3471 509; baseline 0.008 -39"><span class='ocrx_word' id='word_1_11' title='bbox 166 415 461 474; x_wconf 76' lang='lat' dir='ltr'><strong>doctrinas</strong></span> <span class='ocrx_word' id='word_1_12' title='bbox 504 418 873 490; x_wconf 88' lang='lat' dir='ltr'><strong>interpretari.</strong></span> <span class='ocrx_word' id='word_1_13' title='bbox 939 420 1092 478; x_wconf 86' lang='lat' dir='ltr'><strong>Unde</strong></span> <span class='ocrx_word' id='word_1_14' title='bbox 1119 421 1392 493; x_wconf 87' lang='lat' dir='ltr'><strong>Propheta</strong></span> <span class='ocrx_word' id='word_1_15' title='bbox 1435 424 1758 495; x_wconf 89' lang='lat' dir='ltr'><strong>respondit:</strong></span> <span class='ocrx_word' id='word_1_16' title='bbox 1789 432 1843 494; x_wconf 77' lang='grc' dir='ltr'><strong>Α</strong></span> <span class='ocrx_word' id='word_1_17' title='bbox 1868 427 2092 500; x_wconf 90' lang='lat' dir='ltr'><strong>deponit</strong></span> <span class='ocrx_word' id='word_1_18' title='bbox 2110 438 2352 486; x_wconf 88' lang='lat' dir='ltr'><strong>veterem</strong></span> <span class='ocrx_word' id='word_1_19' title='bbox 2381 429 2687 499; x_wconf 84' lang='lat' dir='ltr'><strong>hominem,</strong></span> <span class='ocrx_word' id='word_1_20' title='bbox 2722 436 2813 504; x_wconf 90' lang='lat' dir='ltr'><strong>qui</strong></span> <span class='ocrx_word' id='word_1_21' title='bbox 2845 436 3216 509; x_wconf 75' lang='lat' dir='ltr'><strong>corrumpitur</strong></span> <span class='ocrx_word' id='word_1_22' title='bbox 3240 439 3292 497; x_wconf 92' lang='lat' dir='ltr'><strong>in</strong></span> <span class='ocrx_word' id='word_1_23' title='bbox 3325 439 3471 497; x_wconf 86' lang='lat' dir='ltr'><strong>desi-</strong></span> 
     </span>
    </p>
   </div>
   <div class='ocr_carea' id='block_1_3' title="bbox 169 511 1765 586">
    <p class='ocr_par' dir='ltr' id='par_1_3' title="bbox 169 511 1765 586">
     <span class='ocr_line' id='line_1_3' title="bbox 169 511 1765 586; baseline 0.004 -19"><span class='ocrx_word' id='word_1_24' title='bbox 169 512 299 582; x_wconf 88' lang='lat' dir='ltr'><strong>quia</strong></span> <span class='ocrx_word' id='word_1_25' title='bbox 325 511 620 583; x_wconf 87' lang='lat' dir='ltr'><strong>Evangelio</strong></span> <span class='ocrx_word' id='word_1_26' title='bbox 647 513 997 580; x_wconf 86' lang='lat' dir='ltr'><strong>succedente,</strong></span> <span class='ocrx_word' id='word_1_27' title='bbox 1022 514 1134 571; x_wconf 87' lang='lat' dir='ltr'><strong>Lex</strong></span> <span class='ocrx_word' id='word_1_28' title='bbox 1162 515 1302 586; x_wconf 89' lang='lat' dir='ltr'><strong>apud</strong></span> <span class='ocrx_word' id='word_1_29' title='bbox 1324 514 1548 572; x_wconf 79' lang='lat' dir='ltr'><strong>Judaeos</strong></span> <span class='ocrx_word' id='word_1_30' title='bbox 1581 518 1765 574; x_wconf 87' lang='lat' dir='ltr'><strong>clausa</strong></span> 
     </span>
    </p>
   </div>
   <div class='ocr_carea' id='block_1_4' title="bbox 169 607 1762 679">
    <p class='ocr_par' dir='ltr' id='par_1_4' title="bbox 169 607 1762 679">
     <span class='ocr_line' id='line_1_4' title="bbox 169 607 1762 679; baseline 0.005 -20"><span class='ocrx_word' id='word_1_31' title='bbox 169 615 257 660; x_wconf 89' lang='lat' dir='ltr'><strong>est</strong></span> <span class='ocrx_word' id='word_1_32' title='bbox 275 615 440 676; x_wconf 87' lang='lat' dir='ltr'><strong>atque</strong></span> <span class='ocrx_word' id='word_1_33' title='bbox 469 608 679 677; x_wconf 87' lang='lat' dir='ltr'><strong>signata</strong></span> <span class='ocrx_word' id='word_1_34' title='bbox 703 650 720 672; x_wconf 89' lang='lat'><strong>,</strong></span> <span class='ocrx_word' id='word_1_35' title='bbox 751 616 805 662; x_wconf 90' lang='lat' dir='ltr'><strong>et</strong></span> <span class='ocrx_word' id='word_1_36' title='bbox 824 607 986 677; x_wconf 87' lang='lat' dir='ltr'><strong>jubes</strong></span> <span class='ocrx_word' id='word_1_37' title='bbox 1014 622 1134 663; x_wconf 89' lang='lat' dir='ltr'><strong>eam</strong></span> <span class='ocrx_word' id='word_1_38' title='bbox 1159 623 1501 679; x_wconf 85' lang='lat' dir='ltr'><strong>nequaquam</strong></span> <span class='ocrx_word' id='word_1_39' title='bbox 1535 610 1762 678; x_wconf 83' lang='lat' dir='ltr'><strong>Judaeis,</strong></span> 
     </span>
    </p>
   </div>
   <div class='ocr_carea' id='block_1_5' title="bbox 165 696 1762 771">
    <p class='ocr_par' dir='ltr' id='par_1_5' title="bbox 165 696 1762 771">
     <span class='ocr_line' id='line_1_5' title="bbox 165 696 1762 771; baseline 0.004 -20"><span class='ocrx_word' id='word_1_40' title='bbox 165 696 264 752; x_wconf 89' lang='lat' dir='ltr'><strong>sed</strong></span> <span class='ocrx_word' id='word_1_41' title='bbox 288 699 538 767; x_wconf 75' lang='lat' dir='ltr'><strong>gentibus</strong></span> <span class='ocrx_word' id='word_1_42' title='bbox 565 697 830 769; x_wconf 80' lang='lat' dir='ltr'><strong>assignari</strong></span> <span class='ocrx_word' id='word_1_43' title='bbox 859 717 873 753; x_wconf 90' lang='lat'><strong>:</strong></span> <span class='ocrx_word' id='word_1_44' title='bbox 905 698 1111 755; x_wconf 87' lang='lat' dir='ltr'><strong>idcirco</strong></span> <span class='ocrx_word' id='word_1_45' title='bbox 1129 715 1232 771; x_wconf 91' lang='lat' dir='ltr'><strong>ego</strong></span> <span class='ocrx_word' id='word_1_46' title='bbox 1261 702 1596 770; x_wconf 82' lang='lat' dir='ltr'><strong>exSpectabo</strong></span> <span class='ocrx_word' id='word_1_47' title='bbox 1632 703 1762 758; x_wconf 87' lang='lat' dir='ltr'><strong>Em-</strong></span> 
     </span>
    </p>
   </div>
   <div class='ocr_carea' id='block_1_6' title="bbox 165 789 1764 866">
    <p class='ocr_par' dir='ltr' id='par_1_6' title="bbox 165 789 1764 866">
     <span class='ocr_line' id='line_1_6' title="bbox 165 789 1764 866; baseline 0.004 -22"><span class='ocrx_word' id='word_1_48' title='bbox 165 789 476 844; x_wconf 79' lang='lat' dir='ltr'><strong>manuelem</strong></span> <span class='ocrx_word' id='word_1_49' title='bbox 504 830 519 854; x_wconf 92' lang='lat'><strong>,</strong></span> <span class='ocrx_word' id='word_1_50' title='bbox 563 805 724 861; x_wconf 89' lang='lat' dir='ltr'><strong>quem</strong></span> <span class='ocrx_word' id='word_1_51' title='bbox 754 792 1026 862; x_wconf 91' lang='lat' dir='ltr'><strong>promittis</strong></span> <span class='ocrx_word' id='word_1_52' title='bbox 1051 807 1178 849; x_wconf 89' lang='lat' dir='ltr'><strong>esse</strong></span> <span class='ocrx_word' id='word_1_53' title='bbox 1206 803 1515 861; x_wconf 88' lang='lat' dir='ltr'><strong>venturum,</strong></span> <span class='ocrx_word' id='word_1_54' title='bbox 1563 796 1630 850; x_wconf 92' lang='lat' dir='ltr'><strong>de</strong></span> <span class='ocrx_word' id='word_1_55' title='bbox 1657 811 1764 866; x_wconf 91' lang='lat' dir='ltr'><strong>quo</strong></span> 
     </span>
    </p>
   </div>
   <div class='ocr_carea' id='block_1_7' title="bbox 157 880 1766 958">
    <p class='ocr_par' dir='ltr' id='par_1_7' title="bbox 157 880 1766 958">
     <span class='ocr_line' id='line_1_7' title="bbox 157 880 1766 958; baseline 0.005 -23"><span class='ocrx_word' id='word_1_56' title='bbox 157 893 324 952; x_wconf 85' lang='lat' dir='ltr'><strong>supra</strong></span> <span class='ocrx_word' id='word_1_57' title='bbox 347 880 557 949; x_wconf 79' lang='lat' dir='ltr'><strong>dixisti,</strong></span> <span class='ocrx_word' id='word_1_58' title='bbox 581 883 730 954; x_wconf 89' lang='lat' dir='ltr'><strong>quod</strong></span> <span class='ocrx_word' id='word_1_59' title='bbox 759 883 876 953; x_wconf 88' lang='lat' dir='ltr'><strong>ipse</strong></span> <span class='ocrx_word' id='word_1_60' title='bbox 902 883 974 939; x_wconf 90' lang='lat' dir='ltr'><strong>sit</strong></span> <span class='ocrx_word' id='word_1_61' title='bbox 1000 900 1168 952; x_wconf 88' lang='lat' dir='ltr'><strong>pavor</strong></span> <span class='ocrx_word' id='word_1_62' title='bbox 1195 895 1405 951; x_wconf 85' lang='lat' dir='ltr'><strong>noster,</strong></span> <span class='ocrx_word' id='word_1_63' title='bbox 1429 897 1484 942; x_wconf 86' lang='lat' dir='ltr'><strong>et</strong></span> <span class='ocrx_word' id='word_1_64' title='bbox 1515 887 1631 958; x_wconf 90' lang='lat' dir='ltr'><strong>ipse</strong></span> <span class='ocrx_word' id='word_1_65' title='bbox 1660 899 1766 943; x_wconf 89' lang='lat' dir='ltr'><strong>ter-</strong></span> 
     </span>
    </p>
   </div>
   <div class='ocr_carea' id='block_1_8' title="bbox 162 977 1762 1054">
    <p class='ocr_par' dir='ltr' id='par_1_8' title="bbox 162 977 1762 1054">
     <span class='ocr_line' id='line_1_8' title="bbox 162 977 1762 1054; baseline 0.006 -24"><span class='ocrx_word' id='word_1_66' title='bbox 162 991 254 1030; x_wconf 90' lang='lat' dir='ltr'><strong>ror</strong></span> <span class='ocrx_word' id='word_1_67' title='bbox 277 988 488 1044; x_wconf 78' lang='lat' dir='ltr'><strong>n05ter,</strong></span> <span class='ocrx_word' id='word_1_68' title='bbox 519 987 574 1033; x_wconf 93' lang='lat' dir='ltr'><strong>et</strong></span> <span class='ocrx_word' id='word_1_69' title='bbox 598 977 754 1034; x_wconf 91' lang='lat' dir='ltr'><strong>nobis</strong></span> <span class='ocrx_word' id='word_1_70' title='bbox 789 981 860 1034; x_wconf 89' lang='lat' dir='ltr'><strong>sit</strong></span> <span class='ocrx_word' id='word_1_71' title='bbox 889 981 941 1034; x_wconf 90' lang='lat' dir='ltr'><strong>in</strong></span> <span class='ocrx_word' id='word_1_72' title='bbox 970 980 1497 1048; x_wconf 82' lang='lat' dir='ltr'><strong>sattctilicationem;</strong></span> <span class='ocrx_word' id='word_1_73' title='bbox 1532 991 1588 1038; x_wconf 90' lang='lat' dir='ltr'><strong>et</strong></span> <span class='ocrx_word' id='word_1_74' title='bbox 1618 998 1762 1054; x_wconf 72' lang='lat' dir='ltr'><strong>prte—</strong></span> 
     </span>
    </p>
   </div>
   <div class='ocr_carea' id='block_1_9' title="bbox 161 1069 1763 1144">
    <p class='ocr_par' dir='ltr' id='par_1_9' title="bbox 161 1069 1763 1144">
     <span class='ocr_line' id='line_1_9' title="bbox 161 1069 1763 1144; baseline 0.005 -20"><span class='ocrx_word' id='word_1_75' title='bbox 161 1069 406 1126; x_wconf 68' lang='lat' dir='ltr'><strong>stolstbor</strong></span> <span class='ocrx_word' id='word_1_76' title='bbox 425 1071 714 1128; x_wconf 89' lang='lat' dir='ltr'><strong>Dominum</strong></span> <span class='ocrx_word' id='word_1_77' title='bbox 728 1073 1329 1144; x_wconf 83' lang='lat' dir='ltr'><strong>quiabscouditlaciem</strong></span> <span class='ocrx_word' id='word_1_78' title='bbox 1362 1091 1514 1131; x_wconf 90' lang='lat' dir='ltr'><strong>suam</strong></span> <span class='ocrx_word' id='word_1_79' title='bbox 1545 1092 1575 1132; x_wconf 91' lang='lat' dir='ltr'><strong>a</strong></span> <span class='ocrx_word' id='word_1_80' title='bbox 1600 1076 1763 1132; x_wconf 91' lang='lat' dir='ltr'><strong>domo</strong></span> 
     </span>
    </p>
   </div>
   <div class='ocr_carea' id='block_1_10' title="bbox 160 1162 1762 1240">
    <p class='ocr_par' dir='ltr' id='par_1_10' title="bbox 160 1162 1762 1240">
     <span class='ocr_line' id='line_1_10' title="bbox 160 1162 1762 1240; baseline 0.002 -20"><span class='ocrx_word' id='word_1_81' title='bbox 160 1162 355 1232; x_wconf 86' lang='lat' dir='ltr'><strong>Jacob,</strong></span> <span class='ocrx_word' id='word_1_82' title='bbox 381 1166 482 1221; x_wconf 87' lang='lat' dir='ltr'><strong>hoc</strong></span> <span class='ocrx_word' id='word_1_83' title='bbox 510 1175 618 1233; x_wconf 92' lang='lat' dir='ltr'><strong>est,</strong></span> <span class='ocrx_word' id='word_1_84' title='bbox 644 1183 673 1221; x_wconf 93' lang='lat' dir='ltr'><strong>a</strong></span> <span class='ocrx_word' id='word_1_85' title='bbox 703 1167 932 1235; x_wconf 61' lang='lat' dir='ltr'><strong>Judasis,</strong></span> <span class='ocrx_word' id='word_1_86' title='bbox 991 1169 1117 1240; x_wconf 89' lang='lat' dir='ltr'><strong>quia</strong></span> <span class='ocrx_word' id='word_1_87' title='bbox 1142 1185 1264 1224; x_wconf 91' lang='lat' dir='ltr'><strong>eum</strong></span> <span class='ocrx_word' id='word_1_88' title='bbox 1293 1171 1542 1240; x_wconf 83' lang='lat' dir='ltr'><strong>recipere</strong></span> <span class='ocrx_word' id='word_1_89' title='bbox 1571 1171 1762 1226; x_wconf 85' lang='lat' dir='ltr'><strong>nolue-</strong></span> 
     </span>
    </p>
   </div>
   <div class='ocr_carea' id='block_1_11' title="bbox 167 1256 1764 1331">
    <p class='ocr_par' dir='ltr' id='par_1_11' title="bbox 167 1256 1764 1331">
     <span class='ocr_line' id='line_1_11' title="bbox 167 1256 1764 1331; baseline 0.002 -19"><span class='ocrx_word' id='word_1_90' title='bbox 167 1265 316 1312; x_wconf 91' lang='lat' dir='ltr'><strong>runt.</strong></span> <span class='ocrx_word' id='word_1_91' title='bbox 364 1256 510 1312; x_wconf 80' lang='lat' dir='ltr'><strong>LXX</strong></span> <span class='ocrx_word' id='word_1_92' title='bbox 542 1257 687 1315; x_wconf 88' lang='lat' dir='ltr'><strong>hunc</strong></span> <span class='ocrx_word' id='word_1_93' title='bbox 715 1259 894 1315; x_wconf 89' lang='lat' dir='ltr'><strong>locum</strong></span> <span class='ocrx_word' id='word_1_94' title='bbox 944 1261 1018 1316; x_wconf 86' lang='lat' dir='ltr'><strong>ita</strong></span> <span class='ocrx_word' id='word_1_95' title='bbox 1044 1261 1384 1331; x_wconf 84' lang='lat' dir='ltr'><strong>interpretati</strong></span> <span class='ocrx_word' id='word_1_96' title='bbox 1412 1270 1580 1317; x_wconf 89' lang='lat' dir='ltr'><strong>sunt:</strong></span> <span class='ocrx_word' id='word_1_97' title='bbox 1623 1260 1764 1316; x_wconf 87' lang='lat' dir='ltr'><strong>Tunc</strong></span> 
     </span>
    </p>
   </div>
   <div class='ocr_carea' id='block_1_12' title="bbox 162 1349 1762 1424">
    <p class='ocr_par' dir='ltr' id='par_1_12' title="bbox 162 1349 1762 1424">
     <span class='ocr_line' id='line_1_12' title="bbox 162 1349 1762 1424; baseline 0.005 -23"><span class='ocrx_word' id='word_1_98' title='bbox 162 1349 427 1413; x_wconf 76' lang='lat' dir='ltr'><strong>manifesti</strong></span> <span class='ocrx_word' id='word_1_99' title='bbox 473 1360 625 1405; x_wconf 87' lang='lat' dir='ltr'><strong>erunt</strong></span> <span class='ocrx_word' id='word_1_100' title='bbox 655 1351 744 1421; x_wconf 87' lang='lat' dir='ltr'><strong>qui</strong></span> <span class='ocrx_word' id='word_1_101' title='bbox 775 1353 1068 1424; x_wconf 78' lang='lat' dir='ltr'><strong>signantur,</strong></span> <span class='ocrx_word' id='word_1_102' title='bbox 1125 1362 1180 1406; x_wconf 89' lang='lat' dir='ltr'><strong>ut</strong></span> <span class='ocrx_word' id='word_1_103' title='bbox 1214 1369 1315 1406; x_wconf 88' lang='lat' dir='ltr'><strong>non</strong></span> <span class='ocrx_word' id='word_1_104' title='bbox 1343 1352 1544 1406; x_wconf 82' lang='lat' dir='ltr'><strong>discant</strong></span> <span class='ocrx_word' id='word_1_105' title='bbox 1581 1352 1762 1418; x_wconf 78' lang='lat' dir='ltr'><strong>legem.</strong></span> 
     </span>
    </p>
   </div>
   <div class='ocr_carea' id='block_1_13' title="bbox 163 1441 1766 1517">
    <p class='ocr_par' dir='ltr' id='par_1_13' title="bbox 163 1441 1766 1517">
     <span class='ocr_line' id='line_1_13' title="bbox 163 1441 1766 1517; baseline 0.003 -21"><span class='ocrx_word' id='word_1_106' title='bbox 163 1441 319 1510; x_wconf 84' lang='lat' dir='ltr'><strong>Quod</strong></span> <span class='ocrx_word' id='word_1_107' title='bbox 345 1441 491 1498; x_wconf 88' lang='lat' dir='ltr'><strong>hunc</strong></span> <span class='ocrx_word' id='word_1_108' title='bbox 511 1459 734 1499; x_wconf 87' lang='lat' dir='ltr'><strong>sensum</strong></span> <span class='ocrx_word' id='word_1_109' title='bbox 755 1445 941 1513; x_wconf 85' lang='lat' dir='ltr'><strong>habet,</strong></span> <span class='ocrx_word' id='word_1_110' title='bbox 960 1445 1178 1516; x_wconf 88' lang='lat' dir='ltr'><strong>quando</strong></span> <span class='ocrx_word' id='word_1_111' title='bbox 1199 1445 1500 1502; x_wconf 90' lang='lat' dir='ltr'><strong>ceciderint</strong></span> <span class='ocrx_word' id='word_1_112' title='bbox 1526 1447 1766 1517; x_wconf 90' lang='lat' dir='ltr'><strong>plurimi,</strong></span> 
     </span>
    </p>
   </div>
   <div class='ocr_carea' id='block_1_14' title="bbox 162 1535 1768 1609">
    <p class='ocr_par' dir='ltr' id='par_1_14' title="bbox 162 1535 1768 1609">
     <span class='ocr_line' id='line_1_14' title="bbox 162 1535 1768 1609; baseline 0.003 -19"><span class='ocrx_word' id='word_1_113' title='bbox 162 1543 220 1590; x_wconf 91' lang='lat' dir='ltr'><strong>et</strong></span> <span class='ocrx_word' id='word_1_114' title='bbox 246 1537 471 1590; x_wconf 87' lang='lat' dir='ltr'><strong>contriti</strong></span> <span class='ocrx_word' id='word_1_115' title='bbox 501 1535 742 1600; x_wconf 77' lang='lat' dir='ltr'><strong>fuerint,</strong></span> <span class='ocrx_word' id='word_1_116' title='bbox 799 1545 856 1592; x_wconf 90' lang='lat' dir='ltr'><strong>et</strong></span> <span class='ocrx_word' id='word_1_117' title='bbox 885 1538 1210 1609; x_wconf 89' lang='lat' dir='ltr'><strong>impegerint</strong></span> <span class='ocrx_word' id='word_1_118' title='bbox 1241 1539 1294 1594; x_wconf 93' lang='lat' dir='ltr'><strong>in</strong></span> <span class='ocrx_word' id='word_1_119' title='bbox 1327 1539 1560 1609; x_wconf 87' lang='lat' dir='ltr'><strong>lapidem</strong></span> <span class='ocrx_word' id='word_1_120' title='bbox 1599 1539 1768 1594; x_wconf 86' lang='lat' dir='ltr'><strong>oll‘en-</strong></span> 
     </span>
    </p>
   </div>
   <div class='ocr_carea' id='block_1_15' title="bbox 160 1627 1767 1700">
    <p class='ocr_par' dir='ltr' id='par_1_15' title="bbox 160 1627 1767 1700">
     <span class='ocr_line' id='line_1_15' title="bbox 160 1627 1767 1700; baseline 0.004 -18"><span class='ocrx_word' id='word_1_121' title='bbox 160 1627 365 1695; x_wconf 89' lang='lat' dir='ltr'><strong>sionis,</strong></span> <span class='ocrx_word' id='word_1_122' title='bbox 418 1638 474 1684; x_wconf 91' lang='lat' dir='ltr'><strong>et</strong></span> <span class='ocrx_word' id='word_1_123' title='bbox 514 1629 567 1684; x_wconf 93' lang='lat' dir='ltr'><strong>in</strong></span> <span class='ocrx_word' id='word_1_124' title='bbox 597 1643 804 1700; x_wconf 87' lang='lat' dir='ltr'><strong>petram</strong></span> <span class='ocrx_word' id='word_1_125' title='bbox 831 1631 1105 1700; x_wconf 91' lang='lat' dir='ltr'><strong>scandali,</strong></span> <span class='ocrx_word' id='word_1_126' title='bbox 1140 1640 1266 1687; x_wconf 91' lang='lat' dir='ltr'><strong>tunc</strong></span> <span class='ocrx_word' id='word_1_127' title='bbox 1300 1633 1570 1688; x_wconf 81' lang='lat' dir='ltr'><strong>manifesti</strong></span> <span class='ocrx_word' id='word_1_128' title='bbox 1607 1642 1767 1689; x_wconf 90' lang='lat' dir='ltr'><strong>erunt</strong></span> 
     </span>
    </p>
   </div>
   <div class='ocr_carea' id='block_1_16' title="bbox 163 1721 1766 1799">
    <p class='ocr_par' dir='ltr' id='par_1_16' title="bbox 163 1721 1766 1799">
     <span class='ocr_line' id='line_1_16' title="bbox 163 1721 1766 1799; baseline 0.005 -24"><span class='ocrx_word' id='word_1_129' title='bbox 163 1721 259 1792; x_wconf 90' lang='lat' dir='ltr'><strong>qui</strong></span> <span class='ocrx_word' id='word_1_130' title='bbox 291 1722 576 1792; x_wconf 80' lang='lat' dir='ltr'><strong>signantur</strong></span> <span class='ocrx_word' id='word_1_131' title='bbox 605 1724 659 1779; x_wconf 93' lang='lat' dir='ltr'><strong>in</strong></span> <span class='ocrx_word' id='word_1_132' title='bbox 685 1725 906 1795; x_wconf 90' lang='lat' dir='ltr'><strong>populo,</strong></span> <span class='ocrx_word' id='word_1_133' title='bbox 952 1735 1008 1780; x_wconf 92' lang='lat' dir='ltr'><strong>ut</strong></span> <span class='ocrx_word' id='word_1_134' title='bbox 1055 1741 1395 1799; x_wconf 89' lang='lat' dir='ltr'><strong>nequaquam</strong></span> <span class='ocrx_word' id='word_1_135' title='bbox 1446 1728 1659 1783; x_wconf 90' lang='lat' dir='ltr'><strong>discant</strong></span> <span class='ocrx_word' id='word_1_136' title='bbox 1688 1729 1766 1784; x_wconf 84' lang='lat' dir='ltr'><strong>le-</strong></span> 
     </span>
    </p>
   </div>
   <div class='ocr_carea' id='block_1_17' title="bbox 161 1812 1652 1890">
    <p class='ocr_par' dir='ltr' id='par_1_17' title="bbox 161 1812 1652 1890">
     <span class='ocr_line' id='line_1_17' title="bbox 161 1812 1652 1890; baseline 0.005 -23"><span class='ocrx_word' id='word_1_137' title='bbox 161 1827 290 1882; x_wconf 85' lang='lat' dir='ltr'><strong>gem</strong></span> <span class='ocrx_word' id='word_1_138' title='bbox 319 1812 518 1879; x_wconf 82' lang='lat' dir='ltr'><strong>Mosis;</strong></span> <span class='ocrx_word' id='word_1_139' title='bbox 561 1815 658 1870; x_wconf 91' lang='lat' dir='ltr'><strong>sed</strong></span> <span class='ocrx_word' id='word_1_140' title='bbox 688 1816 946 1872; x_wconf 88' lang='lat' dir='ltr'><strong>ohediant</strong></span> <span class='ocrx_word' id='word_1_141' title='bbox 987 1821 1274 1889; x_wconf 68' lang='lat' dir='ltr'><strong>praeceptis</strong></span> <span class='ocrx_word' id='word_1_142' title='bbox 1303 1821 1652 1890; x_wconf 87' lang='lat' dir='ltr'><strong>evangelicis.</strong></span> 
     </span>
    </p>
   </div>
   <div class='ocr_carea' id='block_1_18' title="bbox 233 1905 1761 1982">
    <p class='ocr_par' dir='ltr' id='par_1_18' title="bbox 233 1905 1761 1982">
     <span class='ocr_line' id='line_1_18' title="bbox 233 1905 1761 1982; baseline 0.004 -22"><span class='ocrx_word' id='word_1_143' title='bbox 233 1905 418 1974; x_wconf 83' lang='lat' dir='ltr'><strong>(Vers.</strong></span> <span class='ocrx_word' id='word_1_144' title='bbox 454 1906 567 1978; x_wconf 91' lang='grc'><strong>18.)</strong></span> <span class='ocrx_word' id='word_1_145' title='bbox 599 1907 733 1963; x_wconf 84' lang='lat' dir='ltr'><strong>Ecce</strong></span> <span class='ocrx_word' id='word_1_146' title='bbox 749 1926 841 1980; x_wconf 85' lang='lat' dir='ltr'><strong>ego</strong></span> <span class='ocrx_word' id='word_1_147' title='bbox 867 1919 916 1964; x_wconf 90' lang='lat' dir='ltr'><strong>et</strong></span> <span class='ocrx_word' id='word_1_148' title='bbox 954 1913 1103 1978; x_wconf 85' lang='lat' dir='ltr'><strong>pueri</strong></span> <span class='ocrx_word' id='word_1_149' title='bbox 1133 1913 1232 1967; x_wconf 88' lang='lat' dir='ltr'><strong>mei</strong></span> <span class='ocrx_word' id='word_1_150' title='bbox 1254 1954 1270 1979; x_wconf 97' lang='lat'><strong>,</strong></span> <span class='ocrx_word' id='word_1_151' title='bbox 1312 1930 1440 1982; x_wconf 85' lang='lat' dir='ltr'><strong>quas</strong></span> <span class='ocrx_word' id='word_1_152' title='bbox 1467 1915 1607 1967; x_wconf 83' lang='lat' dir='ltr'><strong>dedit</strong></span> <span class='ocrx_word' id='word_1_153' title='bbox 1635 1913 1761 1968; x_wconf 84' lang='lat' dir='ltr'><strong>mihi</strong></span> 
     </span>
    </p>
   </div>
   <div class='ocr_carea' id='block_1_19' title="bbox 161 1997 1760 2072">
    <p class='ocr_par' dir='ltr' id='par_1_19' title="bbox 161 1997 1760 2072">
     <span class='ocr_line' id='line_1_19' title="bbox 161 1997 1760 2072; baseline 0.005 -21"><span class='ocrx_word' id='word_1_154' title='bbox 161 1997 417 2052; x_wconf 83' lang='lat' dir='ltr'><strong>Dominus</strong></span> <span class='ocrx_word' id='word_1_155' title='bbox 464 2000 519 2052; x_wconf 89' lang='lat' dir='ltr'><strong>in</strong></span> <span class='ocrx_word' id='word_1_156' title='bbox 545 2000 695 2072; x_wconf 86' lang='lat' dir='ltr'><strong>signa</strong></span> <span class='ocrx_word' id='word_1_157' title='bbox 724 2009 879 2066; x_wconf 86' lang='lat' dir='ltr'><strong>atque</strong></span> <span class='ocrx_word' id='word_1_158' title='bbox 935 2013 1172 2070; x_wconf 86' lang='lat' dir='ltr'><strong>portenta</strong></span> <span class='ocrx_word' id='word_1_159' title='bbox 1222 2002 1458 2069; x_wconf 81' lang='lat' dir='ltr'><strong>Israelis,</strong></span> <span class='ocrx_word' id='word_1_160' title='bbox 1481 2023 1513 2058; x_wconf 92' lang='lat' dir='ltr'><strong>a</strong></span> <span class='ocrx_word' id='word_1_161' title='bbox 1535 2003 1760 2059; x_wconf 89' lang='lat' dir='ltr'><strong>Domino</strong></span> 
     </span>
    </p>
   </div>
   <div class='ocr_carea' id='block_1_20' title="bbox 159 2092 1758 2168">
    <p class='ocr_par' dir='ltr' id='par_1_20' title="bbox 159 2092 1758 2168">
     <span class='ocr_line' id='line_1_20' title="bbox 159 2092 1758 2168; baseline 0.004 -22"><span class='ocrx_word' id='word_1_162' title='bbox 159 2093 479 2146; x_wconf 73' lang='lat' dir='ltr'><strong>exercituum</strong></span> <span class='ocrx_word' id='word_1_163' title='bbox 504 2092 594 2163; x_wconf 88' lang='lat' dir='ltr'><strong>qui</strong></span> <span class='ocrx_word' id='word_1_164' title='bbox 623 2094 819 2149; x_wconf 81' lang='lat' dir='ltr'><strong>habitat</strong></span> <span class='ocrx_word' id='word_1_165' title='bbox 841 2097 896 2150; x_wconf 88' lang='lat' dir='ltr'><strong>in</strong></span> <span class='ocrx_word' id='word_1_166' title='bbox 923 2105 1095 2150; x_wconf 89' lang='lat' dir='ltr'><strong>monte</strong></span> <span class='ocrx_word' id='word_1_167' title='bbox 1125 2097 1277 2152; x_wconf 80' lang='lat' dir='ltr'><strong>Sion.</strong></span> <span class='ocrx_word' id='word_1_168' title='bbox 1309 2097 1572 2168; x_wconf 65' lang='lat' dir='ltr'><strong>Prwcepit</strong></span> <span class='ocrx_word' id='word_1_169' title='bbox 1603 2097 1758 2164; x_wconf 87' lang='lat' dir='ltr'><strong>mihi,</strong></span> 
     </span>
    </p>
   </div>
   <div class='ocr_carea' id='block_1_21' title="bbox 163 2183 1763 2259">
    <p class='ocr_par' dir='ltr' id='par_1_21' title="bbox 163 2183 1763 2259">
     <span class='ocr_line' id='line_1_21' title="bbox 163 2183 1763 2259; baseline 0.007 -21"><span class='ocrx_word' id='word_1_170' title='bbox 163 2183 241 2239; x_wconf 87' lang='lat' dir='ltr'><strong>ait</strong></span> <span class='ocrx_word' id='word_1_171' title='bbox 269 2183 560 2253; x_wconf 89' lang='lat' dir='ltr'><strong>Dominus,</strong></span> <span class='ocrx_word' id='word_1_172' title='bbox 594 2200 651 2243; x_wconf 91' lang='lat' dir='ltr'><strong>ut</strong></span> <span class='ocrx_word' id='word_1_173' title='bbox 693 2188 919 2259; x_wconf 83' lang='lat' dir='ltr'><strong>ligarem</strong></span> <span class='ocrx_word' id='word_1_174' title='bbox 967 2191 1340 2247; x_wconf 89' lang='lat' dir='ltr'><strong>testimonium</strong></span> <span class='ocrx_word' id='word_1_175' title='bbox 1369 2192 1422 2247; x_wconf 88' lang='lat' dir='ltr'><strong>in</strong></span> <span class='ocrx_word' id='word_1_176' title='bbox 1451 2192 1674 2258; x_wconf 69' lang='lat' dir='ltr'><strong>Judteis,</strong></span> <span class='ocrx_word' id='word_1_177' title='bbox 1707 2202 1763 2249; x_wconf 90' lang='lat' dir='ltr'><strong>ct</strong></span> 
     </span>
    </p>
   </div>
   <div class='ocr_carea' id='block_1_22' title="bbox 160 2279 1762 2357">
    <p class='ocr_par' dir='ltr' id='par_1_22' title="bbox 160 2279 1762 2357">
     <span class='ocr_line' id='line_1_22' title="bbox 160 2279 1762 2357; baseline 0.005 -22"><span class='ocrx_word' id='word_1_178' title='bbox 160 2280 336 2351; x_wconf 84' lang='lat' dir='ltr'><strong>legem</strong></span> <span class='ocrx_word' id='word_1_179' title='bbox 369 2279 655 2352; x_wconf 58' lang='lat' dir='ltr'><strong>discipulis</strong></span> <span class='ocrx_word' id='word_1_180' title='bbox 685 2283 804 2352; x_wconf 88' lang='lat' dir='ltr'><strong>ejus</strong></span> <span class='ocrx_word' id='word_1_181' title='bbox 839 2284 1112 2340; x_wconf 85' lang='lat' dir='ltr'><strong>traderem</strong></span> <span class='ocrx_word' id='word_1_182' title='bbox 1136 2295 1296 2355; x_wconf 86' lang='lat' dir='ltr'><strong>atque</strong></span> <span class='ocrx_word' id='word_1_183' title='bbox 1324 2287 1762 2357; x_wconf 85' lang='lat' dir='ltr'><strong>signarem,quia</strong></span> 
     </span>
    </p>
   </div>
   <div class='ocr_carea' id='block_1_23' title="bbox 159 2374 1760 2453">
    <p class='ocr_par' dir='ltr' id='par_1_23' title="bbox 159 2374 1760 2453">
     <span class='ocr_line' id='line_1_23' title="bbox 159 2374 1760 2453; baseline 0.006 -25"><span class='ocrx_word' id='word_1_184' title='bbox 159 2374 539 2432; x_wconf 86' lang='lat' dir='ltr'><strong>abscondisset</strong></span> <span class='ocrx_word' id='word_1_185' title='bbox 564 2376 759 2433; x_wconf 81' lang='lat' dir='ltr'><strong>faciem</strong></span> <span class='ocrx_word' id='word_1_186' title='bbox 789 2393 944 2434; x_wconf 89' lang='lat' dir='ltr'><strong>suam</strong></span> <span class='ocrx_word' id='word_1_187' title='bbox 971 2395 999 2433; x_wconf 90' lang='lat' dir='ltr'><strong>a</strong></span> <span class='ocrx_word' id='word_1_188' title='bbox 1020 2379 1186 2434; x_wconf 87' lang='lat' dir='ltr'><strong>domo</strong></span> <span class='ocrx_word' id='word_1_189' title='bbox 1207 2379 1378 2434; x_wconf 82' lang='lat' dir='ltr'><strong>Jacob</strong></span> <span class='ocrx_word' id='word_1_190' title='bbox 1403 2399 1417 2436; x_wconf 91' lang='lat'><strong>:</strong></span> <span class='ocrx_word' id='word_1_191' title='bbox 1448 2379 1574 2436; x_wconf 91' lang='lat' dir='ltr'><strong>ideo</strong></span> <span class='ocrx_word' id='word_1_192' title='bbox 1605 2381 1760 2453; x_wconf 73' lang='lat'><strong>125</strong></span> 
     </span>
    </p>
   </div>
   <div class='ocr_carea' id='block_1_24' title="bbox 163 2468 1763 2540">
    <p class='ocr_par' dir='ltr' id='par_1_24' title="bbox 163 2468 1763 2540">
     <span class='ocr_line' id='line_1_24' title="bbox 163 2468 1763 2540; baseline 0.004 -18"><span class='ocrx_word' id='word_1_193' title='bbox 163 2468 527 2538; x_wconf 71' lang='lat' dir='ltr'><strong>prtestolabor</strong></span> <span class='ocrx_word' id='word_1_194' title='bbox 549 2485 696 2538; x_wconf 91' lang='lat' dir='ltr'><strong>eum,</strong></span> <span class='ocrx_word' id='word_1_195' title='bbox 727 2480 780 2526; x_wconf 92' lang='lat' dir='ltr'><strong>et</strong></span> <span class='ocrx_word' id='word_1_196' title='bbox 804 2474 1138 2540; x_wconf 76' lang='lat' dir='ltr'><strong>exspectabo</strong></span> <span class='ocrx_word' id='word_1_197' title='bbox 1163 2473 1452 2529; x_wconf 90' lang='lat' dir='ltr'><strong>Dominum</strong></span> <span class='ocrx_word' id='word_1_198' title='bbox 1473 2490 1680 2538; x_wconf 89' lang='lat' dir='ltr'><strong>meum,</strong></span> <span class='ocrx_word' id='word_1_199' title='bbox 1707 2482 1763 2528; x_wconf 91' lang='lat' dir='ltr'><strong>et</strong></span> 
     </span>
    </p>
   </div>
   <div class='ocr_carea' id='block_1_25' title="bbox 162 2563 1763 2637">
    <p class='ocr_par' dir='ltr' id='par_1_25' title="bbox 162 2563 1763 2637">
     <span class='ocr_line' id='line_1_25' title="bbox 162 2563 1763 2637; baseline 0.005 -23"><span class='ocrx_word' id='word_1_200' title='bbox 162 2575 270 2616; x_wconf 89' lang='lat' dir='ltr'><strong>non</strong></span> <span class='ocrx_word' id='word_1_201' title='bbox 301 2563 474 2618; x_wconf 85' lang='lat' dir='ltr'><strong>solum</strong></span> <span class='ocrx_word' id='word_1_202' title='bbox 504 2578 626 2635; x_wconf 87' lang='lat' dir='ltr'><strong>ego,</strong></span> <span class='ocrx_word' id='word_1_203' title='bbox 656 2565 750 2620; x_wconf 87' lang='lat' dir='ltr'><strong>sed</strong></span> <span class='ocrx_word' id='word_1_204' title='bbox 779 2573 834 2620; x_wconf 91' lang='lat' dir='ltr'><strong>et</strong></span> <span class='ocrx_word' id='word_1_205' title='bbox 863 2567 1041 2636; x_wconf 90' lang='lat' dir='ltr'><strong>pueri,</strong></span> <span class='ocrx_word' id='word_1_206' title='bbox 1076 2581 1211 2637; x_wconf 89' lang='lat' dir='ltr'><strong>quos</strong></span> <span class='ocrx_word' id='word_1_207' title='bbox 1240 2566 1370 2622; x_wconf 90' lang='lat' dir='ltr'><strong>mihi</strong></span> <span class='ocrx_word' id='word_1_208' title='bbox 1398 2567 1548 2622; x_wconf 80' lang='lat' dir='ltr'><strong>dedit</strong></span> <span class='ocrx_word' id='word_1_209' title='bbox 1578 2566 1763 2622; x_wconf 83' lang='lat' dir='ltr'><strong>Domi-</strong></span> 
     </span>
    </p>
   </div>
   <div class='ocr_carea' id='block_1_26' title="bbox 161 2657 1757 2732">
    <p class='ocr_par' dir='ltr' id='par_1_26' title="bbox 161 2657 1757 2732">
     <span class='ocr_line' id='line_1_26' title="bbox 161 2657 1757 2732; baseline 0.003 -21"><span class='ocrx_word' id='word_1_210' title='bbox 161 2672 290 2724; x_wconf 86' lang='lat' dir='ltr'><strong>nus,</strong></span> <span class='ocrx_word' id='word_1_211' title='bbox 313 2657 405 2714; x_wconf 90' lang='lat' dir='ltr'><strong>alii</strong></span> <span class='ocrx_word' id='word_1_212' title='bbox 425 2658 677 2716; x_wconf 84' lang='lat' dir='ltr'><strong>videlicet</strong></span> <span class='ocrx_word' id='word_1_213' title='bbox 701 2662 981 2731; x_wconf 73' lang='lat' dir='ltr'><strong>prepheta:</strong></span> <span class='ocrx_word' id='word_1_214' title='bbox 1007 2672 1062 2717; x_wconf 91' lang='lat' dir='ltr'><strong>et</strong></span> <span class='ocrx_word' id='word_1_215' title='bbox 1093 2662 1188 2716; x_wconf 82' lang='lat' dir='ltr'><strong>ﬁlii</strong></span> <span class='ocrx_word' id='word_1_216' title='bbox 1215 2662 1634 2732; x_wconf 87' lang='lat' dir='ltr'><strong>prophetarum,</strong></span> <span class='ocrx_word' id='word_1_217' title='bbox 1665 2661 1757 2730; x_wconf 89' lang='lat' dir='ltr'><strong>qui</strong></span> 
     </span>
    </p>
   </div>
   <div class='ocr_carea' id='block_1_27' title="bbox 163 2753 1759 2824">
    <p class='ocr_par' dir='ltr' id='par_1_27' title="bbox 163 2753 1759 2824">
     <span class='ocr_line' id='line_1_27' title="bbox 163 2753 1759 2824; baseline 0.003 -20"><span class='ocrx_word' id='word_1_218' title='bbox 163 2766 272 2805; x_wconf 91' lang='lat' dir='ltr'><strong>non</strong></span> <span class='ocrx_word' id='word_1_219' title='bbox 322 2766 388 2807; x_wconf 84' lang='lat' dir='ltr'><strong>ex</strong></span> <span class='ocrx_word' id='word_1_220' title='bbox 421 2755 700 2808; x_wconf 81' lang='lat' dir='ltr'><strong>voluntate</strong></span> <span class='ocrx_word' id='word_1_221' title='bbox 744 2753 926 2808; x_wconf 86' lang='lat' dir='ltr'><strong>carnis</strong></span> <span class='ocrx_word' id='word_1_222' title='bbox 953 2763 1008 2810; x_wconf 92' lang='lat' dir='ltr'><strong>et</strong></span> <span class='ocrx_word' id='word_1_223' title='bbox 1056 2754 1377 2824; x_wconf 86' lang='lat' dir='ltr'><strong>sanguinis,</strong></span> <span class='ocrx_word' id='word_1_224' title='bbox 1429 2754 1522 2808; x_wconf 89' lang='lat' dir='ltr'><strong>sed</strong></span> <span class='ocrx_word' id='word_1_225' title='bbox 1553 2769 1623 2810; x_wconf 79' lang='lat' dir='ltr'><strong>ex</strong></span> <span class='ocrx_word' id='word_1_226' title='bbox 1649 2753 1759 2809; x_wconf 91' lang='lat' dir='ltr'><strong>Deo</strong></span> 
     </span>
    </p>
   </div>
   <div class='ocr_carea' id='block_1_28' title="bbox 163 2844 1760 2918">
    <p class='ocr_par' dir='ltr' id='par_1_28' title="bbox 163 2844 1760 2918">
     <span class='ocr_line' id='line_1_28' title="bbox 163 2844 1760 2918; baseline 0.002 -19"><span class='ocrx_word' id='word_1_227' title='bbox 163 2844 278 2899; x_wconf 84' lang='lat' dir='ltr'><strong>nati</strong></span> <span class='ocrx_word' id='word_1_228' title='bbox 326 2855 451 2901; x_wconf 89' lang='lat' dir='ltr'><strong>sunt</strong></span> <span class='ocrx_word' id='word_1_229' title='bbox 479 2845 663 2918; x_wconf 83' lang='lat' dir='ltr'><strong>(Joan.</strong></span> <span class='ocrx_word' id='word_1_230' title='bbox 689 2862 728 2908; x_wconf 87' lang='grc' dir='ltr'><strong>ι,</strong></span> <span class='ocrx_word' id='word_1_231' title='bbox 772 2845 883 2917; x_wconf 80' lang='grc'><strong>15).</strong></span> <span class='ocrx_word' id='word_1_232' title='bbox 917 2847 992 2903; x_wconf 86' lang='lat' dir='ltr'><strong>De</strong></span> <span class='ocrx_word' id='word_1_233' title='bbox 1021 2847 1220 2918; x_wconf 90' lang='lat' dir='ltr'><strong>quibus</strong></span> <span class='ocrx_word' id='word_1_234' title='bbox 1263 2857 1320 2903; x_wconf 88' lang='lat' dir='ltr'><strong>et</strong></span> <span class='ocrx_word' id='word_1_235' title='bbox 1353 2847 1649 2917; x_wconf 86' lang='lat' dir='ltr'><strong>Apostolus</strong></span> <span class='ocrx_word' id='word_1_236' title='bbox 1680 2847 1760 2902; x_wconf 91' lang='lat' dir='ltr'><strong>lo-</strong></span> 
     </span>
    </p>
   </div>
   <div class='ocr_carea' id='block_1_29' title="bbox 159 2938 1760 3013">
    <p class='ocr_par' dir='ltr' id='par_1_29' title="bbox 159 2938 1760 3013">
     <span class='ocr_line' id='line_1_29' title="bbox 159 2938 1760 3013; baseline 0.003 -22"><span class='ocrx_word' id='word_1_237' title='bbox 159 2938 468 3008; x_wconf 83' lang='lat' dir='ltr'><strong>quebatur:</strong></span> <span class='ocrx_word' id='word_1_238' title='bbox 502 2938 688 2996; x_wconf 78' lang='lat' dir='ltr'><strong>Filioli</strong></span> <span class='ocrx_word' id='word_1_239' title='bbox 727 2944 857 3010; x_wconf 88' lang='lat' dir='ltr'><strong>mei,</strong></span> <span class='ocrx_word' id='word_1_240' title='bbox 895 2959 1022 3013; x_wconf 87' lang='lat' dir='ltr'><strong>quos</strong></span> <span class='ocrx_word' id='word_1_241' title='bbox 1072 2943 1259 2996; x_wconf 88' lang='lat' dir='ltr'><strong>iterum</strong></span> <span class='ocrx_word' id='word_1_242' title='bbox 1298 2944 1554 3010; x_wconf 85' lang='lat' dir='ltr'><strong>parturio,</strong></span> <span class='ocrx_word' id='word_1_243' title='bbox 1598 2942 1760 2996; x_wconf 86' lang='lat' dir='ltr'><strong>donec</strong></span> 
     </span>
    </p>
   </div>
   <div class='ocr_carea' id='block_1_30' title="bbox 154 3029 1758 3105">
    <p class='ocr_par' dir='ltr' id='par_1_30' title="bbox 154 3029 1758 3105">
     <span class='ocr_line' id='line_1_30' title="bbox 154 3029 1758 3105; baseline 0.003 -19"><span class='ocrx_word' id='word_1_244' title='bbox 154 3029 398 3086; x_wconf 78' lang='lat' dir='ltr'><strong>Christus</strong></span> <span class='ocrx_word' id='word_1_245' title='bbox 425 3034 678 3101; x_wconf 85' lang='lat' dir='ltr'><strong>formetur</strong></span> <span class='ocrx_word' id='word_1_246' title='bbox 703 3035 757 3088; x_wconf 88' lang='lat' dir='ltr'><strong>in</strong></span> <span class='ocrx_word' id='word_1_247' title='bbox 782 3036 924 3089; x_wconf 88' lang='lat' dir='ltr'><strong>vobis</strong></span> <span class='ocrx_word' id='word_1_248' title='bbox 972 3033 1174 3104; x_wconf 83' lang='lat' dir='ltr'><strong>(Galat.</strong></span> <span class='ocrx_word' id='word_1_249' title='bbox 1203 3051 1277 3099; x_wconf 86' lang='lat' dir='ltr'><strong>tv,</strong></span> <span class='ocrx_word' id='word_1_250' title='bbox 1309 3034 1418 3105; x_wconf 89' lang='grc'><strong>19).</strong></span> <span class='ocrx_word' id='word_1_251' title='bbox 1453 3036 1551 3090; x_wconf 83' lang='lat' dir='ltr'><strong>Isti</strong></span> <span class='ocrx_word' id='word_1_252' title='bbox 1574 3046 1758 3091; x_wconf 86' lang='lat' dir='ltr'><strong>autem</strong></span> 
     </span>
    </p>
   </div>
   <div class='ocr_carea' id='block_1_31' title="bbox 156 3123 1756 3199">
    <p class='ocr_par' dir='ltr' id='par_1_31' title="bbox 156 3123 1756 3199">
     <span class='ocr_line' id='line_1_31' title="bbox 156 3123 1756 3199; baseline 0.006 -22"><span class='ocrx_word' id='word_1_253' title='bbox 156 3125 335 3192; x_wconf 71' lang='lat' dir='ltr'><strong>pueri,</strong></span> <span class='ocrx_word' id='word_1_254' title='bbox 367 3123 419 3178; x_wconf 91' lang='lat' dir='ltr'><strong>id</strong></span> <span class='ocrx_word' id='word_1_255' title='bbox 438 3136 548 3191; x_wconf 91' lang='lat' dir='ltr'><strong>est,</strong></span> <span class='ocrx_word' id='word_1_256' title='bbox 580 3126 860 3196; x_wconf 66' lang='lat' dir='ltr'><strong>propheta:</strong></span> <span class='ocrx_word' id='word_1_257' title='bbox 888 3170 902 3192; x_wconf 94' lang='lat'><strong>,</strong></span> <span class='ocrx_word' id='word_1_258' title='bbox 938 3127 988 3181; x_wconf 90' lang='lat' dir='ltr'><strong>in</strong></span> <span class='ocrx_word' id='word_1_259' title='bbox 1018 3127 1170 3199; x_wconf 86' lang='lat' dir='ltr'><strong>signa</strong></span> <span class='ocrx_word' id='word_1_260' title='bbox 1189 3128 1298 3182; x_wconf 86' lang='lat' dir='ltr'><strong>dati</strong></span> <span class='ocrx_word' id='word_1_261' title='bbox 1323 3136 1450 3182; x_wconf 92' lang='lat' dir='ltr'><strong>sunt</strong></span> <span class='ocrx_word' id='word_1_262' title='bbox 1476 3137 1534 3183; x_wconf 92' lang='lat' dir='ltr'><strong>et</strong></span> <span class='ocrx_word' id='word_1_263' title='bbox 1556 3130 1606 3184; x_wconf 92' lang='lat' dir='ltr'><strong>in</strong></span> <span class='ocrx_word' id='word_1_264' title='bbox 1637 3144 1756 3197; x_wconf 84' lang='lat' dir='ltr'><strong>por-</strong></span> 
     </span>
    </p>
   </div>
   <div class='ocr_carea' id='block_1_32' title="bbox 1872 520 3465 600">
    <p class='ocr_par' dir='ltr' id='par_1_32' title="bbox 1872 520 3465 600">
     <span class='ocr_line' id='line_1_32' title="bbox 1872 520 3465 600; baseline 0.01 -25"><span class='ocrx_word' id='word_1_265' title='bbox 1872 520 2043 576; x_wconf 88' lang='lat' dir='ltr'><strong>deriis</strong></span> <span class='ocrx_word' id='word_1_266' title='bbox 2067 520 2399 578; x_wconf 90' lang='lat' dir='ltr'><strong>seductionis</strong></span> <span class='ocrx_word' id='word_1_267' title='bbox 2421 567 2434 590; x_wconf 93' lang='lat'><strong>,</strong></span> <span class='ocrx_word' id='word_1_268' title='bbox 2495 534 2550 580; x_wconf 92' lang='lat' dir='ltr'><strong>et</strong></span> <span class='ocrx_word' id='word_1_269' title='bbox 2579 524 2824 582; x_wconf 89' lang='lat' dir='ltr'><strong>induitur</strong></span> <span class='ocrx_word' id='word_1_270' title='bbox 2855 542 3019 594; x_wconf 89' lang='lat' dir='ltr'><strong>novo,</strong></span> <span class='ocrx_word' id='word_1_271' title='bbox 3045 531 3134 600; x_wconf 90' lang='lat' dir='ltr'><strong>qui</strong></span> <span class='ocrx_word' id='word_1_272' title='bbox 3169 544 3465 591; x_wconf 86' lang='lat' dir='ltr'><strong>renovatur</strong></span> 
     </span>
    </p>
   </div>
   <div class='ocr_carea' id='block_1_33' title="bbox 1872 612 3462 688">
    <p class='ocr_par' dir='ltr' id='par_1_33' title="bbox 1872 612 3462 688">
     <span class='ocr_line' id='line_1_33' title="bbox 1872 612 3462 688; baseline 0.011 -22"><span class='ocrx_word' id='word_1_273' title='bbox 1872 612 1925 667; x_wconf 90' lang='lat' dir='ltr'><strong>in</strong></span> <span class='ocrx_word' id='word_1_274' title='bbox 1959 613 2323 685; x_wconf 87' lang='lat' dir='ltr'><strong>cognitionem</strong></span> <span class='ocrx_word' id='word_1_275' title='bbox 2347 615 2500 685; x_wconf 85' lang='lat' dir='ltr'><strong>juxta</strong></span> <span class='ocrx_word' id='word_1_276' title='bbox 2529 615 2824 688; x_wconf 85' lang='lat' dir='ltr'><strong>imaginem</strong></span> <span class='ocrx_word' id='word_1_277' title='bbox 2856 618 3155 677; x_wconf 87' lang='lat' dir='ltr'><strong>Creatoris.</strong></span> <span class='ocrx_word' id='word_1_278' title='bbox 3211 625 3462 683; x_wconf 85' lang='lat' dir='ltr'><strong>Habitare</strong></span> 
     </span>
    </p>
   </div>
   <div class='ocr_carea' id='block_1_34' title="bbox 1867 706 3459 782">
    <p class='ocr_par' dir='ltr' id='par_1_34' title="bbox 1867 706 3459 782">
     <span class='ocr_line' id='line_1_34' title="bbox 1867 706 3459 782; baseline 0.009 -24"><span class='ocrx_word' id='word_1_279' title='bbox 1867 716 2046 758; x_wconf 88' lang='lat' dir='ltr'><strong>autem</strong></span> <span class='ocrx_word' id='word_1_280' title='bbox 2097 706 2385 761; x_wconf 91' lang='lat' dir='ltr'><strong>Dominum</strong></span> <span class='ocrx_word' id='word_1_281' title='bbox 2418 708 2756 763; x_wconf 80' lang='lat' dir='ltr'><strong>exercituum</strong></span> <span class='ocrx_word' id='word_1_282' title='bbox 2791 711 2843 764; x_wconf 93' lang='lat' dir='ltr'><strong>in</strong></span> <span class='ocrx_word' id='word_1_283' title='bbox 2878 724 3067 768; x_wconf 83' lang='lat' dir='ltr'><strong>mente</strong></span> <span class='ocrx_word' id='word_1_284' title='bbox 3091 713 3222 770; x_wconf 90' lang='lat' dir='ltr'><strong>Sion</strong></span> <span class='ocrx_word' id='word_1_285' title='bbox 3249 757 3264 782; x_wconf 98' lang='lat'><strong>,</strong></span> <span class='ocrx_word' id='word_1_286' title='bbox 3317 715 3459 772; x_wconf 89' lang='lat' dir='ltr'><strong>idem</strong></span> 
     </span>
    </p>
   </div>
   <div class='ocr_carea' id='block_1_35' title="bbox 1869 798 3468 868">
    <p class='ocr_par' dir='ltr' id='par_1_35' title="bbox 1869 798 3468 868">
     <span class='ocr_line' id='line_1_35' title="bbox 1869 798 3468 868; baseline 0.008 -15"><span class='ocrx_word' id='word_1_287' title='bbox 1869 798 2160 868; x_wconf 84' lang='lat' dir='ltr'><strong>Apostolus</strong></span> <span class='ocrx_word' id='word_1_288' title='bbox 2190 800 2411 855; x_wconf 86' lang='lat' dir='ltr'><strong>scribit:</strong></span> <span class='ocrx_word' id='word_1_289' title='bbox 2440 803 2743 857; x_wconf 82' lang='lat' dir='ltr'><strong>Accessistis</strong></span> <span class='ocrx_word' id='word_1_290' title='bbox 2767 804 2838 858; x_wconf 90' lang='lat' dir='ltr'><strong>ad</strong></span> <span class='ocrx_word' id='word_1_291' title='bbox 2861 817 3085 860; x_wconf 89' lang='lat' dir='ltr'><strong>montem</strong></span> <span class='ocrx_word' id='word_1_292' title='bbox 3113 807 3246 864; x_wconf 87' lang='lat' dir='ltr'><strong>Sion</strong></span> <span class='ocrx_word' id='word_1_293' title='bbox 3270 819 3316 862; x_wconf 88' lang='lat' dir='ltr'><strong>et</strong></span> <span class='ocrx_word' id='word_1_294' title='bbox 3345 810 3468 865; x_wconf 86' lang='lat' dir='ltr'><strong>civi-</strong></span> 
     </span>
    </p>
   </div>
   <div class='ocr_carea' id='block_1_36' title="bbox 1869 889 3465 971">
    <p class='ocr_par' dir='ltr' id='par_1_36' title="bbox 1869 889 3465 971">
     <span class='ocr_line' id='line_1_36' title="bbox 1869 889 3465 971; baseline 0.008 -28"><span class='ocrx_word' id='word_1_295' title='bbox 1869 900 2022 944; x_wconf 87' lang='lat' dir='ltr'><strong>tatem</strong></span> <span class='ocrx_word' id='word_1_296' title='bbox 2051 889 2148 945; x_wconf 89' lang='lat' dir='ltr'><strong>Dei</strong></span> <span class='ocrx_word' id='word_1_297' title='bbox 2176 893 2410 959; x_wconf 79' lang='lat' dir='ltr'><strong>viventis,</strong></span> <span class='ocrx_word' id='word_1_298' title='bbox 2439 891 2733 949; x_wconf 74' lang='lat' dir='ltr'><strong>Jerusalem</strong></span> <span class='ocrx_word' id='word_1_299' title='bbox 2757 897 3009 952; x_wconf 76' lang='lat' dir='ltr'><strong>caelestem</strong></span> <span class='ocrx_word' id='word_1_300' title='bbox 3029 897 3217 970; x_wconf 78' lang='lat' dir='ltr'><strong>(Hebr.</strong></span> <span class='ocrx_word' id='word_1_301' title='bbox 3235 899 3465 971; x_wconf 48' lang='lat' dir='ltr'><strong>x1132).</strong></span> 
     </span>
    </p>
   </div>
   <div class='ocr_carea' id='block_1_37' title="bbox 1868 983 3470 1060">
    <p class='ocr_par' dir='ltr' id='par_1_37' title="bbox 1868 983 3470 1060">
     <span class='ocr_line' id='line_1_37' title="bbox 1868 983 3470 1060; baseline 0.005 -19"><span class='ocrx_word' id='word_1_302' title='bbox 1868 983 2023 1041; x_wconf 89' lang='lat' dir='ltr'><strong>Unde</strong></span> <span class='ocrx_word' id='word_1_303' title='bbox 2053 985 2222 1041; x_wconf 91' lang='lat' dir='ltr'><strong>miror</strong></span> <span class='ocrx_word' id='word_1_304' title='bbox 2244 988 2537 1057; x_wconf 87' lang='lat' dir='ltr'><strong>quemdam</strong></span> <span class='ocrx_word' id='word_1_305' title='bbox 2569 1000 2880 1044; x_wconf 89' lang='lat' dir='ltr'><strong>nostrorum</strong></span> <span class='ocrx_word' id='word_1_306' title='bbox 2899 1032 2914 1056; x_wconf 98' lang='lat'><strong>,</strong></span> <span class='ocrx_word' id='word_1_307' title='bbox 2951 1006 3149 1060; x_wconf 87' lang='lat' dir='ltr'><strong>pueros</strong></span> <span class='ocrx_word' id='word_1_308' title='bbox 3174 993 3305 1048; x_wconf 81' lang='lat' dir='ltr'><strong>istos</strong></span> <span class='ocrx_word' id='word_1_309' title='bbox 3331 994 3470 1048; x_wconf 90' lang='lat' dir='ltr'><strong>duos</strong></span> 
     </span>
    </p>
   </div>
   <div class='ocr_carea' id='block_1_38' title="bbox 1868 1079 3468 1154">
    <p class='ocr_par' dir='ltr' id='par_1_38' title="bbox 1868 1079 3468 1154">
     <span class='ocr_line' id='line_1_38' title="bbox 1868 1079 3468 1154; baseline 0.004 -20"><span class='ocrx_word' id='word_1_310' title='bbox 1868 1079 2016 1135; x_wconf 84' lang='lat' dir='ltr'><strong>Isaiae</strong></span> <span class='ocrx_word' id='word_1_311' title='bbox 2040 1079 2182 1136; x_wconf 84' lang='lat' dir='ltr'><strong>ﬁlios</strong></span> <span class='ocrx_word' id='word_1_312' title='bbox 2210 1081 2537 1151; x_wconf 86' lang='lat' dir='ltr'><strong>intelligere,</strong></span> <span class='ocrx_word' id='word_1_313' title='bbox 2568 1098 2706 1154; x_wconf 90' lang='lat' dir='ltr'><strong>quos</strong></span> <span class='ocrx_word' id='word_1_314' title='bbox 2733 1083 2801 1139; x_wconf 92' lang='lat' dir='ltr'><strong>de</strong></span> <span class='ocrx_word' id='word_1_315' title='bbox 2833 1083 3198 1154; x_wconf 76' lang='lat' dir='ltr'><strong>prophetissae</strong></span> <span class='ocrx_word' id='word_1_316' title='bbox 3219 1085 3468 1141; x_wconf 89' lang='lat' dir='ltr'><strong>mulieris</strong></span> 
     </span>
    </p>
   </div>
   <div class='ocr_carea' id='block_1_39' title="bbox 1867 1176 3468 1246">
    <p class='ocr_par' dir='ltr' id='par_1_39' title="bbox 1867 1176 3468 1246">
     <span class='ocr_line' id='line_1_39' title="bbox 1867 1176 3468 1246; baseline 0.005 -18"><span class='ocrx_word' id='word_1_317' title='bbox 1867 1176 2226 1245; x_wconf 88' lang='lat' dir='ltr'><strong>conceptione</strong></span> <span class='ocrx_word' id='word_1_318' title='bbox 2281 1177 2576 1246; x_wconf 89' lang='lat' dir='ltr'><strong>generarit,</strong></span> <span class='ocrx_word' id='word_1_319' title='bbox 2634 1177 2802 1232; x_wconf 81' lang='lat' dir='ltr'><strong>.Iasub</strong></span> <span class='ocrx_word' id='word_1_320' title='bbox 2843 1179 3111 1246; x_wconf 91' lang='lat' dir='ltr'><strong>videlicet,</strong></span> <span class='ocrx_word' id='word_1_321' title='bbox 3168 1189 3224 1235; x_wconf 90' lang='lat' dir='ltr'><strong>et</strong></span> <span class='ocrx_word' id='word_1_322' title='bbox 3250 1180 3468 1236; x_wconf 84' lang='lat' dir='ltr'><strong>Etnma-</strong></span> 
     </span>
    </p>
   </div>
   <div class='ocr_carea' id='block_1_40' title="bbox 1869 1269 3467 1344">
    <p class='ocr_par' dir='ltr' id='par_1_40' title="bbox 1869 1269 3467 1344">
     <span class='ocr_line' id='line_1_40' title="bbox 1869 1269 3467 1344; baseline 0.003 -22"><span class='ocrx_word' id='word_1_323' title='bbox 1869 1269 2038 1322; x_wconf 85' lang='lat' dir='ltr'><strong>nuel:</strong></span> <span class='ocrx_word' id='word_1_324' title='bbox 2087 1283 2319 1339; x_wconf 89' lang='lat' dir='ltr'><strong>quorum</strong></span> <span class='ocrx_word' id='word_1_325' title='bbox 2369 1271 2519 1340; x_wconf 90' lang='lat' dir='ltr'><strong>prior</strong></span> <span class='ocrx_word' id='word_1_326' title='bbox 2566 1269 2619 1324; x_wconf 90' lang='lat' dir='ltr'><strong>in</strong></span> <span class='ocrx_word' id='word_1_327' title='bbox 2651 1270 2959 1340; x_wconf 78' lang='lat' dir='ltr'><strong>abjectione</strong></span> <span class='ocrx_word' id='word_1_328' title='bbox 3004 1273 3204 1341; x_wconf 87' lang='lat' dir='ltr'><strong>prioris</strong></span> <span class='ocrx_word' id='word_1_329' title='bbox 3252 1273 3467 1344; x_wconf 90' lang='lat' dir='ltr'><strong>populi,</strong></span> 
     </span>
    </p>
   </div>
   <div class='ocr_carea' id='block_1_41' title="bbox 1875 1360 3460 1435">
    <p class='ocr_par' dir='ltr' id='par_1_41' title="bbox 1875 1360 3460 1435">
     <span class='ocr_line' id='line_1_41' title="bbox 1875 1360 3460 1435; baseline 0.004 -20"><span class='ocrx_word' id='word_1_330' title='bbox 1875 1360 2034 1431; x_wconf 72' lang='lat'><strong>126</strong></span> <span class='ocrx_word' id='word_1_331' title='bbox 2055 1375 2296 1432; x_wconf 87' lang='lat' dir='ltr'><strong>sequens</strong></span> <span class='ocrx_word' id='word_1_332' title='bbox 2322 1362 2376 1415; x_wconf 91' lang='lat' dir='ltr'><strong>in</strong></span> <span class='ocrx_word' id='word_1_333' title='bbox 2403 1364 2776 1431; x_wconf 85' lang='lat' dir='ltr'><strong>assumptione</strong></span> <span class='ocrx_word' id='word_1_334' title='bbox 2813 1366 3058 1435; x_wconf 90' lang='lat' dir='ltr'><strong>gentium</strong></span> <span class='ocrx_word' id='word_1_335' title='bbox 3092 1365 3460 1435; x_wconf 55' lang='lat' dir='ltr'><strong>praecesserit.</strong></span> 
     </span>
    </p>
   </div>
   <div class='ocr_carea' id='block_1_42' title="bbox 1869 1454 3459 1530">
    <p class='ocr_par' dir='ltr' id='par_1_42' title="bbox 1869 1454 3459 1530">
     <span class='ocr_line' id='line_1_42' title="bbox 1869 1454 3459 1530; baseline 0.003 -22"><span class='ocrx_word' id='word_1_336' title='bbox 1869 1454 2025 1522; x_wconf 85' lang='lat' dir='ltr'><strong>Quod</strong></span> <span class='ocrx_word' id='word_1_337' title='bbox 2054 1455 2145 1525; x_wconf 90' lang='lat' dir='ltr'><strong>qui</strong></span> <span class='ocrx_word' id='word_1_338' title='bbox 2179 1455 2388 1525; x_wconf 86' lang='lat' dir='ltr'><strong>recipit,</strong></span> <span class='ocrx_word' id='word_1_339' title='bbox 2441 1467 2842 1526; x_wconf 88' lang='lat' dir='ltr'><strong>consequenter</strong></span> <span class='ocrx_word' id='word_1_340' title='bbox 2865 1470 2919 1514; x_wconf 92' lang='lat' dir='ltr'><strong>et</strong></span> <span class='ocrx_word' id='word_1_341' title='bbox 2967 1458 3107 1514; x_wconf 89' lang='lat' dir='ltr'><strong>Osee</strong></span> <span class='ocrx_word' id='word_1_342' title='bbox 3140 1457 3459 1530; x_wconf 85' lang='lat' dir='ltr'><strong>prephetam</strong></span> 
     </span>
    </p>
   </div>
   <div class='ocr_carea' id='block_1_43' title="bbox 1869 1549 3178 1608">
    <p class='ocr_par' dir='ltr' id='par_1_43' title="bbox 1869 1549 3178 1608">
     <span class='ocr_line' id='line_1_43' title="bbox 1869 1549 3178 1608; baseline 0.002 -4"><span class='ocrx_word' id='word_1_343' title='bbox 1869 1563 1999 1604; x_wconf 86' lang='lat' dir='ltr'><strong>vere</strong></span> <span class='ocrx_word' id='word_1_344' title='bbox 2027 1549 2369 1604; x_wconf 84' lang='lat' dir='ltr'><strong>meretricem</strong></span> <span class='ocrx_word' id='word_1_345' title='bbox 2394 1565 2620 1606; x_wconf 86' lang='lat' dir='ltr'><strong>uxorem</strong></span> <span class='ocrx_word' id='word_1_346' title='bbox 2647 1551 2898 1608; x_wconf 90' lang='lat' dir='ltr'><strong>habuisse</strong></span> <span class='ocrx_word' id='word_1_347' title='bbox 2923 1552 3178 1608; x_wconf 81' lang='lat' dir='ltr'><strong>ﬁrmabit.</strong></span> 
     </span>
    </p>
   </div>
   <div class='ocr_carea' id='block_1_44' title="bbox 1942 1641 3452 1718">
    <p class='ocr_par' dir='ltr' id='par_1_44' title="bbox 1942 1641 3452 1718">
     <span class='ocr_line' id='line_1_44' title="bbox 1942 1641 3452 1718; baseline 0.004 -24"><span class='ocrx_word' id='word_1_348' title='bbox 1942 1641 2122 1712; x_wconf 85' lang='lat' dir='ltr'><strong>(Vers.</strong></span> <span class='ocrx_word' id='word_1_349' title='bbox 2155 1641 2222 1696; x_wconf 86' lang='grc'><strong>19</strong></span> <span class='ocrx_word' id='word_1_350' title='bbox 2249 1641 2431 1714; x_wconf 78' lang='lat' dir='ltr'><strong>seqq.)</strong></span> <span class='ocrx_word' id='word_1_351' title='bbox 2464 1641 2534 1697; x_wconf 85' lang='lat' dir='ltr'><strong>Et</strong></span> <span class='ocrx_word' id='word_1_352' title='bbox 2561 1661 2675 1697; x_wconf 89' lang='lat' dir='ltr'><strong>cum</strong></span> <span class='ocrx_word' id='word_1_353' title='bbox 2701 1645 2924 1699; x_wconf 75' lang='lat' dir='ltr'><strong>dixerint</strong></span> <span class='ocrx_word' id='word_1_354' title='bbox 2953 1645 3020 1700; x_wconf 86' lang='lat' dir='ltr'><strong>ad</strong></span> <span class='ocrx_word' id='word_1_355' title='bbox 3051 1662 3156 1707; x_wconf 85' lang='lat' dir='ltr'><strong>vos,</strong></span> <span class='ocrx_word' id='word_1_356' title='bbox 3179 1647 3396 1718; x_wconf 75' lang='lat' dir='ltr'><strong>qua-rite</strong></span> <span class='ocrx_word' id='word_1_357' title='bbox 3420 1664 3452 1700; x_wconf 87' lang='lat' dir='ltr'><strong>a</strong></span> 
     </span>
    </p>
   </div>
   <div class='ocr_carea' id='block_1_45' title="bbox 1873 1734 3464 1807">
    <p class='ocr_par' dir='ltr' id='par_1_45' title="bbox 1873 1734 3464 1807">
     <span class='ocr_line' id='line_1_45' title="bbox 1873 1734 3464 1807; baseline 0.004 -20"><span class='ocrx_word' id='word_1_358' title='bbox 1873 1734 2196 1807; x_wconf 73' lang='lat' dir='ltr'><strong>Pythonibus</strong></span> <span class='ocrx_word' id='word_1_359' title='bbox 2222 1745 2269 1790; x_wconf 87' lang='lat' dir='ltr'><strong>et</strong></span> <span class='ocrx_word' id='word_1_360' title='bbox 2295 1754 2327 1790; x_wconf 90' lang='lat' dir='ltr'><strong>a</strong></span> <span class='ocrx_word' id='word_1_361' title='bbox 2353 1735 2564 1802; x_wconf 82' lang='lat' dir='ltr'><strong>divinis,</strong></span> <span class='ocrx_word' id='word_1_362' title='bbox 2587 1739 2674 1807; x_wconf 85' lang='lat' dir='ltr'><strong>qui</strong></span> <span class='ocrx_word' id='word_1_363' title='bbox 2699 1738 2917 1792; x_wconf 86' lang='lat' dir='ltr'><strong>strident</strong></span> <span class='ocrx_word' id='word_1_364' title='bbox 2945 1740 3002 1793; x_wconf 87' lang='lat' dir='ltr'><strong>in</strong></span> <span class='ocrx_word' id='word_1_365' title='bbox 3031 1739 3464 1795; x_wconf 80' lang='lat' dir='ltr'><strong>incantationibus</strong></span> 
     </span>
    </p>
   </div>
   <div class='ocr_carea' id='block_1_46' title="bbox 1792 1830 3467 1906">
    <p class='ocr_par' dir='ltr' id='par_1_46' title="bbox 1792 1830 3467 1906">
     <span class='ocr_line' id='line_1_46' title="bbox 1792 1830 3467 1906; baseline 0.005 -24"><span class='ocrx_word' id='word_1_366' title='bbox 1792 1836 1839 1897; x_wconf 86' lang='lat' dir='ltr'><strong>B</strong></span> <span class='ocrx_word' id='word_1_367' title='bbox 1865 1831 1991 1893; x_wconf 89' lang='lat' dir='ltr'><strong>suis,</strong></span> <span class='ocrx_word' id='word_1_368' title='bbox 2023 1833 2274 1902; x_wconf 75' lang='lat' dir='ltr'><strong>nunrquid</strong></span> <span class='ocrx_word' id='word_1_369' title='bbox 2294 1848 2397 1885; x_wconf 88' lang='lat' dir='ltr'><strong>non</strong></span> <span class='ocrx_word' id='word_1_370' title='bbox 2423 1830 2647 1903; x_wconf 83' lang='lat' dir='ltr'><strong>papulas</strong></span> <span class='ocrx_word' id='word_1_371' title='bbox 2678 1850 2709 1884; x_wconf 89' lang='lat' dir='ltr'><strong>a</strong></span> <span class='ocrx_word' id='word_1_372' title='bbox 2740 1831 2849 1886; x_wconf 91' lang='lat' dir='ltr'><strong>Deo</strong></span> <span class='ocrx_word' id='word_1_373' title='bbox 2877 1849 2973 1886; x_wconf 85' lang='lat' dir='ltr'><strong>suo</strong></span> <span class='ocrx_word' id='word_1_374' title='bbox 2993 1833 3210 1903; x_wconf 83' lang='lat' dir='ltr'><strong>requirit</strong></span> <span class='ocrx_word' id='word_1_375' title='bbox 3232 1849 3327 1906; x_wconf 88' lang='lat' dir='ltr'><strong>pro</strong></span> <span class='ocrx_word' id='word_1_376' title='bbox 3346 1835 3467 1890; x_wconf 84' lang='lat' dir='ltr'><strong>vivis</strong></span> 
     </span>
    </p>
   </div>
   <div class='ocr_carea' id='block_1_47' title="bbox 1862 1925 3472 1994">
    <p class='ocr_par' dir='ltr' id='par_1_47' title="bbox 1862 1925 3472 1994">
     <span class='ocr_line' id='line_1_47' title="bbox 1862 1925 3472 1994; baseline 0.003 -18"><span class='ocrx_word' id='word_1_377' title='bbox 1862 1940 1894 1976; x_wconf 92' lang='lat' dir='ltr'><strong>a</strong></span> <span class='ocrx_word' id='word_1_378' title='bbox 1925 1927 2187 1980; x_wconf 86' lang='lat' dir='ltr'><strong>mortuis?</strong></span> <span class='ocrx_word' id='word_1_379' title='bbox 2215 1925 2298 1977; x_wconf 82' lang='lat' dir='ltr'><strong>Ad</strong></span> <span class='ocrx_word' id='word_1_380' title='bbox 2325 1925 2488 1994; x_wconf 85' lang='lat' dir='ltr'><strong>legem</strong></span> <span class='ocrx_word' id='word_1_381' title='bbox 2533 1926 2699 1994; x_wconf 78' lang='lat' dir='ltr'><strong>ntagis</strong></span> <span class='ocrx_word' id='word_1_382' title='bbox 2739 1935 2789 1979; x_wconf 87' lang='lat' dir='ltr'><strong>et</strong></span> <span class='ocrx_word' id='word_1_383' title='bbox 2825 1925 2895 1980; x_wconf 90' lang='lat' dir='ltr'><strong>ad</strong></span> <span class='ocrx_word' id='word_1_384' title='bbox 2922 1926 3292 1980; x_wconf 78' lang='lat' dir='ltr'><strong>testimonium.</strong></span> <span class='ocrx_word' id='word_1_385' title='bbox 3321 1926 3472 1992; x_wconf 86' lang='lat' dir='ltr'><strong>Quod</strong></span> 
     </span>
    </p>
   </div>
   <div class='ocr_carea' id='block_1_48' title="bbox 1861 2015 3468 2084">
    <p class='ocr_par' dir='ltr' id='par_1_48' title="bbox 1861 2015 3468 2084">
     <span class='ocr_line' id='line_1_48' title="bbox 1861 2015 3468 2084; baseline 0.001 -14"><span class='ocrx_word' id='word_1_386' title='bbox 1861 2017 1908 2070; x_wconf 84' lang='lat' dir='ltr'><strong>si</strong></span> <span class='ocrx_word' id='word_1_387' title='bbox 1936 2032 2040 2069; x_wconf 86' lang='lat' dir='ltr'><strong>non</strong></span> <span class='ocrx_word' id='word_1_388' title='bbox 2067 2015 2296 2071; x_wconf 75' lang='lat' dir='ltr'><strong>dixerint</strong></span> <span class='ocrx_word' id='word_1_389' title='bbox 2319 2018 2478 2084; x_wconf 74' lang='lat' dir='ltr'><strong>juxta</strong></span> <span class='ocrx_word' id='word_1_390' title='bbox 2506 2015 2715 2070; x_wconf 86' lang='lat' dir='ltr'><strong>verbum</strong></span> <span class='ocrx_word' id='word_1_391' title='bbox 2750 2016 2876 2084; x_wconf 86' lang='lat' dir='ltr'><strong>hoc,</strong></span> <span class='ocrx_word' id='word_1_392' title='bbox 2918 2033 3022 2071; x_wconf 90' lang='lat' dir='ltr'><strong>non</strong></span> <span class='ocrx_word' id='word_1_393' title='bbox 3055 2017 3131 2072; x_wconf 88' lang='lat' dir='ltr'><strong>eis</strong></span> <span class='ocrx_word' id='word_1_394' title='bbox 3162 2017 3259 2070; x_wconf 90' lang='lat' dir='ltr'><strong>erit</strong></span> <span class='ocrx_word' id='word_1_395' title='bbox 3299 2028 3468 2072; x_wconf 83' lang='lat' dir='ltr'><strong>matu-</strong></span> 
     </span>
    </p>
   </div>
   <div class='ocr_carea' id='block_1_49' title="bbox 1863 2105 3467 2178">
    <p class='ocr_par' dir='ltr' id='par_1_49' title="bbox 1863 2105 3467 2178">
     <span class='ocr_line' id='line_1_49' title="bbox 1863 2105 3467 2178; baseline 0.002 -18"><span class='ocrx_word' id='word_1_396' title='bbox 1863 2107 1972 2161; x_wconf 89' lang='lat' dir='ltr'><strong>tina</strong></span> <span class='ocrx_word' id='word_1_397' title='bbox 1995 2109 2105 2162; x_wconf 75' lang='lat' dir='ltr'><strong>lux.</strong></span> <span class='ocrx_word' id='word_1_398' title='bbox 2129 2105 2196 2161; x_wconf 87' lang='lat' dir='ltr'><strong>Et</strong></span> <span class='ocrx_word' id='word_1_399' title='bbox 2225 2108 2464 2161; x_wconf 89' lang='lat' dir='ltr'><strong>transibit</strong></span> <span class='ocrx_word' id='word_1_400' title='bbox 2494 2124 2586 2178; x_wconf 90' lang='lat' dir='ltr'><strong>per</strong></span> <span class='ocrx_word' id='word_1_401' title='bbox 2605 2125 2718 2162; x_wconf 90' lang='lat' dir='ltr'><strong>eam</strong></span> <span class='ocrx_word' id='word_1_402' title='bbox 2744 2124 2762 2162; x_wconf 91' lang='lat'><strong>:</strong></span> <span class='ocrx_word' id='word_1_403' title='bbox 2784 2119 2988 2162; x_wconf 86' lang='lat' dir='ltr'><strong>corruet</strong></span> <span class='ocrx_word' id='word_1_404' title='bbox 3010 2152 3024 2175; x_wconf 95' lang='lat'><strong>,</strong></span> <span class='ocrx_word' id='word_1_405' title='bbox 3064 2117 3112 2162; x_wconf 91' lang='lat' dir='ltr'><strong>et</strong></span> <span class='ocrx_word' id='word_1_406' title='bbox 3147 2109 3333 2164; x_wconf 89' lang='lat' dir='ltr'><strong>esuriet</strong></span> <span class='ocrx_word' id='word_1_407' title='bbox 3365 2125 3385 2164; x_wconf 86' lang='lat'><strong>.&#39;</strong></span> <span class='ocrx_word' id='word_1_408' title='bbox 3416 2120 3467 2164; x_wconf 86' lang='lat' dir='ltr'><strong>et</strong></span> 
     </span>
    </p>
   </div>
   <div class='ocr_carea' id='block_1_50' title="bbox 1863 2198 3467 2272">
    <p class='ocr_par' dir='ltr' id='par_1_50' title="bbox 1863 2198 3467 2272">
     <span class='ocr_line' id='line_1_50' title="bbox 1863 2198 3467 2272; baseline 0.001 -19"><span class='ocrx_word' id='word_1_409' title='bbox 1863 2215 1980 2253; x_wconf 87' lang='lat' dir='ltr'><strong>cum</strong></span> <span class='ocrx_word' id='word_1_410' title='bbox 2007 2200 2270 2266; x_wconf 83' lang='lat' dir='ltr'><strong>esurierit,</strong></span> <span class='ocrx_word' id='word_1_411' title='bbox 2301 2201 2575 2262; x_wconf 84' lang='lat' dir='ltr'><strong>irascetur,</strong></span> <span class='ocrx_word' id='word_1_412' title='bbox 2600 2210 2648 2254; x_wconf 88' lang='lat' dir='ltr'><strong>et</strong></span> <span class='ocrx_word' id='word_1_413' title='bbox 2677 2198 2949 2255; x_wconf 77' lang='lat' dir='ltr'><strong>ntaledt&#39;cet</strong></span> <span class='ocrx_word' id='word_1_414' title='bbox 2977 2202 3086 2272; x_wconf 88' lang='lat' dir='ltr'><strong>regi</strong></span> <span class='ocrx_word' id='word_1_415' title='bbox 3113 2217 3238 2265; x_wconf 89' lang='lat' dir='ltr'><strong>suo,</strong></span> <span class='ocrx_word' id='word_1_416' title='bbox 3270 2211 3320 2255; x_wconf 90' lang='lat' dir='ltr'><strong>et</strong></span> <span class='ocrx_word' id='word_1_417' title='bbox 3353 2199 3467 2255; x_wconf 93' lang='lat' dir='ltr'><strong>Deo</strong></span> 
     </span>
    </p>
   </div>
   <div class='ocr_carea' id='block_1_51' title="bbox 1862 2291 3467 2362">
    <p class='ocr_par' dir='ltr' id='par_1_51' title="bbox 1862 2291 3467 2362">
     <span class='ocr_line' id='line_1_51' title="bbox 1862 2291 3467 2362; baseline 0.004 -18"><span class='ocrx_word' id='word_1_418' title='bbox 1862 2308 1978 2345; x_wconf 82' lang='lat' dir='ltr'><strong>suo.</strong></span> <span class='ocrx_word' id='word_1_419' title='bbox 2003 2291 2067 2345; x_wconf 78' lang='lat' dir='ltr'><strong>Et</strong></span> <span class='ocrx_word' id='word_1_420' title='bbox 2089 2292 2334 2355; x_wconf 85' lang='lat' dir='ltr'><strong>suspiciet</strong></span> <span class='ocrx_word' id='word_1_421' title='bbox 2364 2309 2569 2346; x_wconf 85' lang='lat' dir='ltr'><strong>sursum</strong></span> <span class='ocrx_word' id='word_1_422' title='bbox 2594 2334 2609 2358; x_wconf 96' lang='lat'><strong>,</strong></span> <span class='ocrx_word' id='word_1_423' title='bbox 2637 2303 2683 2348; x_wconf 89' lang='lat' dir='ltr'><strong>et</strong></span> <span class='ocrx_word' id='word_1_424' title='bbox 2727 2295 2795 2346; x_wconf 89' lang='lat' dir='ltr'><strong>ad</strong></span> <span class='ocrx_word' id='word_1_425' title='bbox 2837 2305 3027 2348; x_wconf 80' lang='lat' dir='ltr'><strong>(errant</strong></span> <span class='ocrx_word' id='word_1_426' title='bbox 3066 2295 3375 2362; x_wconf 86' lang='lat' dir='ltr'><strong>intuebitur,</strong></span> <span class='ocrx_word' id='word_1_427' title='bbox 3417 2305 3467 2350; x_wconf 90' lang='lat' dir='ltr'><strong>et</strong></span> 
     </span>
    </p>
   </div>
   <div class='ocr_carea' id='block_1_52' title="bbox 1862 2385 3465 2460">
    <p class='ocr_par' dir='ltr' id='par_1_52' title="bbox 1862 2385 3465 2460">
     <span class='ocr_line' id='line_1_52' title="bbox 1862 2385 3465 2460; baseline 0.001 -20"><span class='ocrx_word' id='word_1_428' title='bbox 1862 2402 1978 2440; x_wconf 88' lang='lat' dir='ltr'><strong>ecce</strong></span> <span class='ocrx_word' id='word_1_429' title='bbox 1999 2387 2264 2440; x_wconf 84' lang='lat' dir='ltr'><strong>tribulatio</strong></span> <span class='ocrx_word' id='word_1_430' title='bbox 2290 2398 2335 2440; x_wconf 88' lang='lat' dir='ltr'><strong>et</strong></span> <span class='ocrx_word' id='word_1_431' title='bbox 2364 2385 2604 2452; x_wconf 68' lang='lat' dir='ltr'><strong>tenebrae,</strong></span> <span class='ocrx_word' id='word_1_432' title='bbox 2627 2385 2920 2450; x_wconf 74' lang='lat' dir='ltr'><strong>dissrlutio,</strong></span> <span class='ocrx_word' id='word_1_433' title='bbox 2946 2388 3204 2459; x_wconf 81' lang='lat' dir='ltr'><strong>angustia,</strong></span> <span class='ocrx_word' id='word_1_434' title='bbox 3227 2397 3276 2440; x_wconf 89' lang='lat' dir='ltr'><strong>et</strong></span> <span class='ocrx_word' id='word_1_435' title='bbox 3295 2387 3465 2460; x_wconf 80' lang='lat' dir='ltr'><strong>caligo</strong></span> 
     </span>
    </p>
   </div>
   <div class='ocr_carea' id='block_1_53' title="bbox 1862 2475 3466 2548">
    <p class='ocr_par' dir='ltr' id='par_1_53' title="bbox 1862 2475 3466 2548">
     <span class='ocr_line' id='line_1_53' title="bbox 1862 2475 3466 2548; baseline 0.001 -17"><span class='ocrx_word' id='word_1_436' title='bbox 1862 2493 2168 2548; x_wconf 85' lang='lat' dir='ltr'><strong>persequens</strong></span> <span class='ocrx_word' id='word_1_437' title='bbox 2189 2493 2207 2531; x_wconf 90' lang='lat'><em>:</em></span> <span class='ocrx_word' id='word_1_438' title='bbox 2228 2487 2276 2530; x_wconf 88' lang='lat' dir='ltr'><strong>et</strong></span> <span class='ocrx_word' id='word_1_439' title='bbox 2313 2493 2416 2530; x_wconf 87' lang='lat' dir='ltr'><strong>non</strong></span> <span class='ocrx_word' id='word_1_440' title='bbox 2456 2477 2642 2546; x_wconf 86' lang='lat' dir='ltr'><strong>poterit</strong></span> <span class='ocrx_word' id='word_1_441' title='bbox 2674 2477 2880 2532; x_wconf 88' lang='lat' dir='ltr'><strong>avolare</strong></span> <span class='ocrx_word' id='word_1_442' title='bbox 2909 2475 2975 2532; x_wconf 85' lang='lat' dir='ltr'><strong>de</strong></span> <span class='ocrx_word' id='word_1_443' title='bbox 2996 2476 3237 2547; x_wconf 82' lang='lat' dir='ltr'><strong>angustia</strong></span> <span class='ocrx_word' id='word_1_444' title='bbox 3258 2493 3374 2531; x_wconf 85' lang='lat' dir='ltr'><strong>sua.</strong></span> <span class='ocrx_word' id='word_1_445' title='bbox 3405 2475 3466 2532; x_wconf 90' lang='lat' dir='ltr'><strong>Si</strong></span> 
     </span>
    </p>
   </div>
   <div class='ocr_carea' id='block_1_54' title="bbox 1864 2567 3466 2642">
    <p class='ocr_par' dir='ltr' id='par_1_54' title="bbox 1864 2567 3466 2642">
     <span class='ocr_line' id='line_1_54' title="bbox 1864 2567 3466 2642; baseline -0.001 -16"><span class='ocrx_word' id='word_1_446' title='bbox 1864 2571 2015 2628; x_wconf 75' lang='lat' dir='ltr'><strong>Isaia:</strong></span> <span class='ocrx_word' id='word_1_447' title='bbox 2049 2571 2330 2642; x_wconf 68' lang='lat' dir='ltr'><strong>propheta:</strong></span> <span class='ocrx_word' id='word_1_448' title='bbox 2369 2586 2474 2626; x_wconf 87' lang='lat' dir='ltr'><strong>vox</strong></span> <span class='ocrx_word' id='word_1_449' title='bbox 2520 2580 2638 2634; x_wconf 88' lang='lat' dir='ltr'><strong>est,</strong></span> <span class='ocrx_word' id='word_1_450' title='bbox 2669 2581 2728 2625; x_wconf 90' lang='lat' dir='ltr'><strong>ut</strong></span> <span class='ocrx_word' id='word_1_451' title='bbox 2757 2571 2932 2625; x_wconf 68' lang='lat' dir='ltr'><strong>JUdtl‘i</strong></span> <span class='ocrx_word' id='word_1_452' title='bbox 2975 2571 3251 2625; x_wconf 85' lang='lat' dir='ltr'><strong>aestimant</strong></span> <span class='ocrx_word' id='word_1_453' title='bbox 3282 2588 3295 2625; x_wconf 89' lang='lat'><strong>:</strong></span> <span class='ocrx_word' id='word_1_454' title='bbox 3329 2567 3466 2625; x_wconf 83' lang='lat' dir='ltr'><strong>Ecce</strong></span> 
     </span>
    </p>
   </div>
   <div class='ocr_carea' id='block_1_55' title="bbox 1861 2662 3463 2739">
    <p class='ocr_par' dir='ltr' id='par_1_55' title="bbox 1861 2662 3463 2739">
     <span class='ocr_line' id='line_1_55' title="bbox 1861 2662 3463 2739; baseline -0.002 -19"><span class='ocrx_word' id='word_1_455' title='bbox 1861 2683 1954 2739; x_wconf 79' lang='lat' dir='ltr'><strong>ego</strong></span> <span class='ocrx_word' id='word_1_456' title='bbox 1985 2675 2029 2719; x_wconf 89' lang='lat' dir='ltr'><strong>et</strong></span> <span class='ocrx_word' id='word_1_457' title='bbox 2049 2668 2197 2736; x_wconf 90' lang='lat' dir='ltr'><strong>pueri</strong></span> <span class='ocrx_word' id='word_1_458' title='bbox 2229 2665 2350 2728; x_wconf 87' lang='lat' dir='ltr'><strong>mei,</strong></span> <span class='ocrx_word' id='word_1_459' title='bbox 2383 2681 2509 2734; x_wconf 82' lang='lat' dir='ltr'><strong>quos</strong></span> <span class='ocrx_word' id='word_1_460' title='bbox 2545 2665 2671 2719; x_wconf 83' lang='lat' dir='ltr'><strong>mihi</strong></span> <span class='ocrx_word' id='word_1_461' title='bbox 2699 2663 2842 2718; x_wconf 86' lang='lat' dir='ltr'><strong>dedit</strong></span> <span class='ocrx_word' id='word_1_462' title='bbox 2869 2662 3129 2718; x_wconf 86' lang='lat' dir='ltr'><strong>Dominus</strong></span> <span class='ocrx_word' id='word_1_463' title='bbox 3168 2663 3221 2717; x_wconf 89' lang='lat' dir='ltr'><strong>in</strong></span> <span class='ocrx_word' id='word_1_464' title='bbox 3258 2663 3463 2736; x_wconf 83' lang='lat' dir='ltr'><strong>signum</strong></span> 
     </span>
    </p>
   </div>
   <div class='ocr_carea' id='block_1_56' title="bbox 1861 2755 3464 2827">
    <p class='ocr_par' dir='ltr' id='par_1_56' title="bbox 1861 2755 3464 2827">
     <span class='ocr_line' id='line_1_56' title="bbox 1861 2755 3464 2827; baseline -0.002 -15"><span class='ocrx_word' id='word_1_465' title='bbox 1861 2768 1909 2812; x_wconf 89' lang='lat' dir='ltr'><strong>et</strong></span> <span class='ocrx_word' id='word_1_466' title='bbox 1938 2759 1990 2811; x_wconf 87' lang='lat' dir='ltr'><strong>in</strong></span> <span class='ocrx_word' id='word_1_467' title='bbox 2019 2767 2308 2827; x_wconf 84' lang='lat' dir='ltr'><strong>portentum</strong></span> <span class='ocrx_word' id='word_1_468' title='bbox 2332 2755 2578 2822; x_wconf 85' lang='lat' dir='ltr'><strong>Israelis;</strong></span> <span class='ocrx_word' id='word_1_469' title='bbox 2610 2767 2666 2812; x_wconf 91' lang='lat' dir='ltr'><strong>et</strong></span> <span class='ocrx_word' id='word_1_470' title='bbox 2693 2757 2809 2811; x_wconf 66' lang='lat' dir='ltr'><strong>haec</strong></span> <span class='ocrx_word' id='word_1_471' title='bbox 2838 2771 2959 2827; x_wconf 74' lang='lat' dir='ltr'><strong>qua:</strong></span> <span class='ocrx_word' id='word_1_472' title='bbox 2991 2764 3316 2826; x_wconf 89' lang='lat' dir='ltr'><strong>sequuntur,</strong></span> <span class='ocrx_word' id='word_1_473' title='bbox 3350 2759 3464 2825; x_wconf 61' lang='lat' dir='ltr'><strong>ipse</strong></span> 
     </span>
    </p>
   </div>
   <div class='ocr_carea' id='block_1_57' title="bbox 1859 2844 3468 2918">
    <p class='ocr_par' dir='ltr' id='par_1_57' title="bbox 1859 2844 3468 2918">
     <span class='ocr_line' id='line_1_57' title="bbox 1859 2844 3468 2918; baseline -0.004 -14"><span class='ocrx_word' id='word_1_474' title='bbox 1859 2849 1929 2904; x_wconf 90' lang='lat' dir='ltr'><strong>ad</strong></span> <span class='ocrx_word' id='word_1_475' title='bbox 1972 2848 2275 2918; x_wconf 84' lang='lat' dir='ltr'><strong>discipulos</strong></span> <span class='ocrx_word' id='word_1_476' title='bbox 2303 2864 2432 2904; x_wconf 90' lang='lat' dir='ltr'><strong>suos</strong></span> <span class='ocrx_word' id='word_1_477' title='bbox 2460 2849 2772 2904; x_wconf 89' lang='lat' dir='ltr'><strong>credendus</strong></span> <span class='ocrx_word' id='word_1_478' title='bbox 2801 2856 2886 2903; x_wconf 87' lang='lat' dir='ltr'><strong>est</strong></span> <span class='ocrx_word' id='word_1_479' title='bbox 2912 2848 3122 2902; x_wconf 89' lang='lat' dir='ltr'><strong>dicere.</strong></span> <span class='ocrx_word' id='word_1_480' title='bbox 3147 2844 3280 2900; x_wconf 84' lang='lat' dir='ltr'><strong>Cum</strong></span> <span class='ocrx_word' id='word_1_481' title='bbox 3311 2847 3468 2899; x_wconf 71' lang='lat' dir='ltr'><strong>dixe-</strong></span> 
     </span>
    </p>
   </div>
   <div class='ocr_carea' id='block_1_58' title="bbox 1863 2937 3460 3012">
    <p class='ocr_par' dir='ltr' id='par_1_58' title="bbox 1863 2937 3460 3012">
     <span class='ocr_line' id='line_1_58' title="bbox 1863 2937 3460 3012; baseline -0.002 -16"><span class='ocrx_word' id='word_1_482' title='bbox 1863 2943 1994 3008; x_wconf 92' lang='lat' dir='ltr'><strong>rint,</strong></span> <span class='ocrx_word' id='word_1_483' title='bbox 2028 2943 2222 3012; x_wconf 87' lang='lat' dir='ltr'><strong>inquit,</strong></span> <span class='ocrx_word' id='word_1_484' title='bbox 2247 2942 2314 2996; x_wconf 83' lang='lat' dir='ltr'><strong>ad</strong></span> <span class='ocrx_word' id='word_1_485' title='bbox 2341 2957 2437 2996; x_wconf 88' lang='lat' dir='ltr'><strong>vos</strong></span> <span class='ocrx_word' id='word_1_486' title='bbox 2469 2952 2664 3011; x_wconf 89' lang='lat' dir='ltr'><strong>gentes</strong></span> <span class='ocrx_word' id='word_1_487' title='bbox 2694 2953 2748 2996; x_wconf 87' lang='lat' dir='ltr'><strong>et</strong></span> <span class='ocrx_word' id='word_1_488' title='bbox 2779 2941 2992 3010; x_wconf 85' lang='lat' dir='ltr'><strong>populi,</strong></span> <span class='ocrx_word' id='word_1_489' title='bbox 3032 2939 3102 2994; x_wconf 93' lang='lat' dir='ltr'><strong>de</strong></span> <span class='ocrx_word' id='word_1_490' title='bbox 3134 2937 3336 3009; x_wconf 86' lang='lat' dir='ltr'><strong>quibus</strong></span> <span class='ocrx_word' id='word_1_491' title='bbox 3366 2951 3460 2994; x_wconf 88' lang='lat' dir='ltr'><strong>su-</strong></span> 
     </span>
    </p>
   </div>
   <div class='ocr_carea' id='block_1_59' title="bbox 1862 3035 3463 3108">
    <p class='ocr_par' dir='ltr' id='par_1_59' title="bbox 1862 3035 3463 3108">
     <span class='ocr_line' id='line_1_59' title="bbox 1862 3035 3463 3108; baseline -0.002 -17"><span class='ocrx_word' id='word_1_492' title='bbox 1862 3052 1958 3105; x_wconf 86' lang='lat' dir='ltr'><strong>pra</strong></span> <span class='ocrx_word' id='word_1_493' title='bbox 1999 3038 2202 3092; x_wconf 92' lang='lat' dir='ltr'><strong>lectum</strong></span> <span class='ocrx_word' id='word_1_494' title='bbox 2237 3045 2324 3092; x_wconf 85' lang='lat' dir='ltr'><strong>est</strong></span> <span class='ocrx_word' id='word_1_495' title='bbox 2363 3055 2376 3090; x_wconf 89' lang='lat'><strong>:</strong></span> <span class='ocrx_word' id='word_1_496' title='bbox 2415 3035 2799 3106; x_wconf 83' lang='lat' dir='ltr'><strong>Inﬁrmamini,</strong></span> <span class='ocrx_word' id='word_1_497' title='bbox 2834 3037 3043 3108; x_wconf 80' lang='lat' dir='ltr'><strong>pepuli,</strong></span> <span class='ocrx_word' id='word_1_498' title='bbox 3074 3045 3124 3089; x_wconf 88' lang='lat' dir='ltr'><strong>et</strong></span> <span class='ocrx_word' id='word_1_499' title='bbox 3163 3035 3463 3100; x_wconf 79' lang='lat' dir='ltr'><strong>vincimini;</strong></span> 
     </span>
    </p>
   </div>
   <div class='ocr_carea' id='block_1_60' title="bbox 1861 3125 3460 3198">
    <p class='ocr_par' dir='ltr' id='par_1_60' title="bbox 1861 3125 3460 3198">
     <span class='ocr_line' id='line_1_60' title="bbox 1861 3125 3460 3198; baseline -0.002 -15"><span class='ocrx_word' id='word_1_500' title='bbox 1861 3128 1992 3198; x_wconf 88' lang='lat' dir='ltr'><strong>quid</strong></span> <span class='ocrx_word' id='word_1_501' title='bbox 2024 3128 2318 3198; x_wconf 85' lang='lat' dir='ltr'><strong>prophetas</strong></span> <span class='ocrx_word' id='word_1_502' title='bbox 2343 3129 2506 3182; x_wconf 87' lang='lat' dir='ltr'><strong>vultis</strong></span> <span class='ocrx_word' id='word_1_503' title='bbox 2536 3129 2745 3193; x_wconf 84' lang='lat' dir='ltr'><strong>audire,</strong></span> <span class='ocrx_word' id='word_1_504' title='bbox 2781 3129 2909 3196; x_wconf 90' lang='lat' dir='ltr'><strong>quid</strong></span> <span class='ocrx_word' id='word_1_505' title='bbox 2951 3127 3104 3182; x_wconf 75' lang='lat' dir='ltr'><strong>lsaite</strong></span> <span class='ocrx_word' id='word_1_506' title='bbox 3135 3127 3317 3182; x_wconf 89' lang='lat' dir='ltr'><strong>verbis</strong></span> <span class='ocrx_word' id='word_1_507' title='bbox 3359 3125 3460 3181; x_wconf 89' lang='lat' dir='ltr'><strong>de-</strong></span> 
     </span>
    </p>
   </div>
   <div class='ocr_carea' id='block_1_61' title="bbox 152 3216 3463 3291">
    <p class='ocr_par' dir='ltr' id='par_1_61' title="bbox 152 3216 3463 3291">
     <span class='ocr_line' id='line_1_61' title="bbox 152 3216 3463 3291; baseline 0 -21"><span class='ocrx_word' id='word_1_508' title='bbox 152 3225 306 3271; x_wconf 89' lang='lat' dir='ltr'><strong>tenta</strong></span> <span class='ocrx_word' id='word_1_509' title='bbox 337 3216 545 3280; x_wconf 89' lang='lat' dir='ltr'><strong>Israeli,</strong></span> <span class='ocrx_word' id='word_1_510' title='bbox 571 3217 722 3284; x_wconf 81' lang='lat' dir='ltr'><strong>juxta</strong></span> <span class='ocrx_word' id='word_1_511' title='bbox 753 3219 886 3273; x_wconf 87' lang='lat' dir='ltr'><strong>illttd</strong></span> <span class='ocrx_word' id='word_1_512' title='bbox 915 3219 1059 3290; x_wconf 91' lang='lat' dir='ltr'><strong>quod</strong></span> <span class='ocrx_word' id='word_1_513' title='bbox 1095 3221 1147 3274; x_wconf 90' lang='lat' dir='ltr'><strong>in</strong></span> <span class='ocrx_word' id='word_1_514' title='bbox 1182 3220 1463 3276; x_wconf 71' lang='lat' dir='ltr'><strong>Ezechiele</strong></span> <span class='ocrx_word' id='word_1_515' title='bbox 1494 3221 1757 3291; x_wconf 89' lang='lat' dir='ltr'><strong>legimus:</strong></span> <span class='ocrx_word' id='word_1_516' title='bbox 1787 3228 1833 3290; x_wconf 71' lang='grc' dir='ltr'><em>ε</em></span> <span class='ocrx_word' id='word_1_517' title='bbox 1866 3219 2134 3288; x_wconf 90' lang='lat' dir='ltr'><strong>cipimini,</strong></span> <span class='ocrx_word' id='word_1_518' title='bbox 2166 3229 2222 3274; x_wconf 90' lang='lat' dir='ltr'><strong>et</strong></span> <span class='ocrx_word' id='word_1_519' title='bbox 2266 3220 2417 3274; x_wconf 90' lang='lat' dir='ltr'><strong>illum</strong></span> <span class='ocrx_word' id='word_1_520' title='bbox 2452 3221 2656 3289; x_wconf 87' lang='lat' dir='ltr'><strong>putatis</strong></span> <span class='ocrx_word' id='word_1_521' title='bbox 2689 3234 2808 3288; x_wconf 79' lang='lat' dir='ltr'><strong>quae</strong></span> <span class='ocrx_word' id='word_1_522' title='bbox 2842 3231 3068 3273; x_wconf 74' lang='lat' dir='ltr'><strong>ventura</strong></span> <span class='ocrx_word' id='word_1_523' title='bbox 3105 3230 3232 3273; x_wconf 90' lang='lat' dir='ltr'><strong>sunt</strong></span> <span class='ocrx_word' id='word_1_524' title='bbox 3265 3219 3463 3272; x_wconf 87' lang='lat' dir='ltr'><strong>nosse?</strong></span> 
     </span>
    </p>
   </div>
   <div class='ocr_carea' id='block_1_62' title="bbox 149 3308 1759 3387">
    <p class='ocr_par' dir='ltr' id='par_1_62' title="bbox 149 3308 1759 3387">
     <span class='ocr_line' id='line_1_62' title="bbox 149 3308 1759 3387; baseline 0.006 -25"><span class='ocrx_word' id='word_1_525' title='bbox 149 3308 228 3363; x_wconf 85' lang='lat' dir='ltr'><strong>Et</strong></span> <span class='ocrx_word' id='word_1_526' title='bbox 261 3310 361 3362; x_wconf 82' lang='lat' dir='ltr'><strong>erit</strong></span> <span class='ocrx_word' id='word_1_527' title='bbox 395 3309 633 3364; x_wconf 73' lang='lat' dir='ltr'><strong>Ezechiel</strong></span> <span class='ocrx_word' id='word_1_528' title='bbox 658 3312 798 3366; x_wconf 85' lang='lat' dir='ltr'><strong>vobis</strong></span> <span class='ocrx_word' id='word_1_529' title='bbox 830 3314 882 3366; x_wconf 91' lang='lat' dir='ltr'><strong>in</strong></span> <span class='ocrx_word' id='word_1_530' title='bbox 911 3315 1116 3382; x_wconf 86' lang='lat' dir='ltr'><strong>signum</strong></span> <span class='ocrx_word' id='word_1_531' title='bbox 1139 3315 1355 3385; x_wconf 76' lang='lat' dir='ltr'><strong>(Ezech.</strong></span> <span class='ocrx_word' id='word_1_532' title='bbox 1388 3332 1534 3381; x_wconf 75' lang='lat' dir='ltr'><strong>xxrv,</strong></span> <span class='ocrx_word' id='word_1_533' title='bbox 1559 3317 1670 3387; x_wconf 70' lang='lat' dir='ltr'><strong>2i).</strong></span> <span class='ocrx_word' id='word_1_534' title='bbox 1703 3317 1759 3371; x_wconf 90' lang='lat' dir='ltr'><strong>In</strong></span> 
     </span>
    </p>
   </div>
   <div class='ocr_carea' id='block_1_63' title="bbox 152 3401 1763 3478">
    <p class='ocr_par' dir='ltr' id='par_1_63' title="bbox 152 3401 1763 3478">
     <span class='ocr_line' id='line_1_63' title="bbox 152 3401 1763 3478; baseline 0.005 -22"><span class='ocrx_word' id='word_1_535' title='bbox 152 3401 427 3457; x_wconf 86' lang='lat' dir='ltr'><strong>Zacharia</strong></span> <span class='ocrx_word' id='word_1_536' title='bbox 456 3419 674 3474; x_wconf 90' lang='lat' dir='ltr'><strong>quoque</strong></span> <span class='ocrx_word' id='word_1_537' title='bbox 702 3406 870 3459; x_wconf 82' lang='lat' dir='ltr'><strong>sancti</strong></span> <span class='ocrx_word' id='word_1_538' title='bbox 904 3404 1039 3472; x_wconf 87' lang='lat' dir='ltr'><strong>viri,</strong></span> <span class='ocrx_word' id='word_1_539' title='bbox 1074 3405 1567 3478; x_wconf 85' lang='lat' dir='ltr'><strong>prophetarumque</strong></span> <span class='ocrx_word' id='word_1_540' title='bbox 1597 3407 1763 3464; x_wconf 86' lang='lat' dir='ltr'><strong>disci-</strong></span> 
     </span>
    </p>
   </div>
   <div class='ocr_carea' id='block_1_64' title="bbox 150 3497 1762 3573">
    <p class='ocr_par' dir='ltr' id='par_1_64' title="bbox 150 3497 1762 3573">
     <span class='ocr_line' id='line_1_64' title="bbox 150 3497 1762 3573; baseline 0.003 -22"><span class='ocrx_word' id='word_1_541' title='bbox 150 3497 264 3569; x_wconf 89' lang='lat' dir='ltr'><strong>puli</strong></span> <span class='ocrx_word' id='word_1_542' title='bbox 295 3499 698 3573; x_wconf 82' lang='grc' dir='ltr'><strong>τερατοσκόποι,</strong></span> <span class='ocrx_word' id='word_1_543' title='bbox 724 3498 776 3553; x_wconf 88' lang='lat' dir='ltr'><strong>id</strong></span> <span class='ocrx_word' id='word_1_544' title='bbox 807 3507 912 3566; x_wconf 88' lang='lat' dir='ltr'><strong>est,</strong></span> <span class='ocrx_word' id='word_1_545' title='bbox 942 3509 1324 3570; x_wconf 87' lang='lat' dir='ltr'><strong>portentorum</strong></span> <span class='ocrx_word' id='word_1_546' title='bbox 1377 3499 1762 3571; x_wconf 87' lang='lat' dir='ltr'><strong>signorumque</strong></span> 
     </span>
    </p>
   </div>
   <div class='ocr_carea' id='block_1_65' title="bbox 154 3594 1761 3664">
    <p class='ocr_par' dir='ltr' id='par_1_65' title="bbox 154 3594 1761 3664">
     <span class='ocr_line' id='line_1_65' title="bbox 154 3594 1761 3664; baseline 0.004 -18"><span class='ocrx_word' id='word_1_547' title='bbox 154 3603 179 3628; x_wconf 73' lang='grc' dir='ltr'>τι</span> <span class='ocrx_word' id='word_1_548' title='bbox 212 3602 557 3662; x_wconf 84' lang='lat' dir='ltr'><strong>spectatores</strong></span> <span class='ocrx_word' id='word_1_549' title='bbox 575 3594 941 3662; x_wconf 83' lang='lat' dir='ltr'><strong>appellantur,</strong></span> <span class='ocrx_word' id='word_1_550' title='bbox 964 3609 1032 3650; x_wconf 88' lang='lat' dir='ltr'><strong>eo</strong></span> <span class='ocrx_word' id='word_1_551' title='bbox 1059 3595 1206 3663; x_wconf 90' lang='lat' dir='ltr'><strong>quod</strong></span> <span class='ocrx_word' id='word_1_552' title='bbox 1225 3609 1444 3663; x_wconf 90' lang='lat' dir='ltr'><strong>semper</strong></span> <span class='ocrx_word' id='word_1_553' title='bbox 1473 3595 1761 3664; x_wconf 80' lang='lat' dir='ltr'><strong>PrOphette</strong></span> 
     </span>
    </p>
   </div>
   <div class='ocr_carea' id='block_1_66' title="bbox 153 3685 1754 3760">
    <p class='ocr_par' dir='ltr' id='par_1_66' title="bbox 153 3685 1754 3760">
     <span class='ocr_line' id='line_1_66' title="bbox 153 3685 1754 3760; baseline 0.004 -23"><span class='ocrx_word' id='word_1_554' title='bbox 153 3686 210 3738; x_wconf 92' lang='lat' dir='ltr'><strong>in</strong></span> <span class='ocrx_word' id='word_1_555' title='bbox 263 3685 478 3754; x_wconf 88' lang='lat' dir='ltr'><strong>signum</strong></span> <span class='ocrx_word' id='word_1_556' title='bbox 528 3687 908 3755; x_wconf 59' lang='lat' dir='ltr'><strong>praecesserint</strong></span> <span class='ocrx_word' id='word_1_557' title='bbox 963 3687 1262 3742; x_wconf 77' lang='lat' dir='ltr'><strong>futurorum</strong></span> <span class='ocrx_word' id='word_1_558' title='bbox 1305 3687 1491 3760; x_wconf 83' lang='lat' dir='ltr'><strong>(Zach.</strong></span> <span class='ocrx_word' id='word_1_559' title='bbox 1528 3704 1607 3751; x_wconf 85' lang='grc' dir='ltr'>ιιι,</span> <span class='ocrx_word' id='word_1_560' title='bbox 1643 3689 1754 3760; x_wconf 87' lang='grc'><strong>16).</strong></span> 
     </span>
    </p>
   </div>
   <div class='ocr_carea' id='block_1_67' title="bbox 157 3777 1758 3853">
    <p class='ocr_par' dir='ltr' id='par_1_67' title="bbox 157 3777 1758 3853">
     <span class='ocr_line' id='line_1_67' title="bbox 157 3777 1758 3853; baseline 0.003 -21"><span class='ocrx_word' id='word_1_561' title='bbox 157 3777 271 3832; x_wconf 86' lang='lat' dir='ltr'><strong>Hoc</strong></span> <span class='ocrx_word' id='word_1_562' title='bbox 318 3777 536 3834; x_wconf 89' lang='lat' dir='ltr'><strong>interim</strong></span> <span class='ocrx_word' id='word_1_563' title='bbox 567 3779 720 3848; x_wconf 80' lang='lat' dir='ltr'><strong>juxta</strong></span> <span class='ocrx_word' id='word_1_564' title='bbox 765 3779 1027 3835; x_wconf 89' lang='lat' dir='ltr'><strong>litteram.</strong></span> <span class='ocrx_word' id='word_1_565' title='bbox 1067 3778 1342 3836; x_wconf 83' lang='lat' dir='ltr'><strong>Caeterum</strong></span> <span class='ocrx_word' id='word_1_566' title='bbox 1379 3781 1573 3837; x_wconf 88' lang='lat' dir='ltr'><strong>beatus</strong></span> <span class='ocrx_word' id='word_1_567' title='bbox 1614 3783 1758 3853; x_wconf 78' lang='lat' dir='ltr'><strong>Apo-</strong></span> 
     </span>
    </p>
   </div>
   <div class='ocr_carea' id='block_1_68' title="bbox 151 3869 1759 3941">
    <p class='ocr_par' dir='ltr' id='par_1_68' title="bbox 151 3869 1759 3941">
     <span class='ocr_line' id='line_1_68' title="bbox 151 3869 1759 3941; baseline 0.004 -16"><span class='ocrx_word' id='word_1_568' title='bbox 151 3869 335 3925; x_wconf 78' lang='lat' dir='ltr'><strong>Stolus</strong></span> <span class='ocrx_word' id='word_1_569' title='bbox 364 3871 417 3924; x_wconf 93' lang='lat' dir='ltr'><strong>in</strong></span> <span class='ocrx_word' id='word_1_570' title='bbox 453 3871 720 3940; x_wconf 87' lang='lat' dir='ltr'><strong>Epistola,</strong></span> <span class='ocrx_word' id='word_1_571' title='bbox 751 3887 873 3941; x_wconf 78' lang='lat' dir='ltr'><strong>quae</strong></span> <span class='ocrx_word' id='word_1_572' title='bbox 894 3872 959 3926; x_wconf 90' lang='lat' dir='ltr'><strong>ad</strong></span> <span class='ocrx_word' id='word_1_573' title='bbox 989 3872 1252 3928; x_wconf 66' lang='lat' dir='ltr'><strong>Hebraeos</strong></span> <span class='ocrx_word' id='word_1_574' title='bbox 1275 3874 1566 3940; x_wconf 89' lang='lat' dir='ltr'><strong>scribitur,</strong></span> <span class='ocrx_word' id='word_1_575' title='bbox 1598 3877 1759 3932; x_wconf 92' lang='lat' dir='ltr'><strong>docet</strong></span> 
     </span>
    </p>
   </div>
   <div class='ocr_carea' id='block_1_69' title="bbox 153 3961 1758 4040">
    <p class='ocr_par' dir='ltr' id='par_1_69' title="bbox 153 3961 1758 4040">
     <span class='ocr_line' id='line_1_69' title="bbox 153 3961 1758 4040; baseline 0.004 -25"><span class='ocrx_word' id='word_1_576' title='bbox 153 3961 310 4034; x_wconf 91' lang='lat' dir='ltr'><strong>(licet</strong></span> <span class='ocrx_word' id='word_1_577' title='bbox 337 3979 459 4019; x_wconf 90' lang='lat' dir='ltr'><strong>eam</strong></span> <span class='ocrx_word' id='word_1_578' title='bbox 483 3963 674 4019; x_wconf 89' lang='lat' dir='ltr'><strong>Latina</strong></span> <span class='ocrx_word' id='word_1_579' title='bbox 707 3965 1050 4020; x_wconf 83' lang='lat' dir='ltr'><strong>consuetudo</strong></span> <span class='ocrx_word' id='word_1_580' title='bbox 1076 3965 1220 4022; x_wconf 90' lang='lat' dir='ltr'><strong>inter</strong></span> <span class='ocrx_word' id='word_1_581' title='bbox 1245 3967 1547 4023; x_wconf 78' lang='lat' dir='ltr'><strong>Canonit-as</strong></span> <span class='ocrx_word' id='word_1_582' title='bbox 1575 3967 1758 4040; x_wconf 62' lang='lat' dir='ltr'><strong>Scrip.</strong></span> 
     </span>
    </p>
   </div>
   <div class='ocr_carea' id='block_1_70' title="bbox 153 4057 1756 4131">
    <p class='ocr_par' dir='ltr' id='par_1_70' title="bbox 153 4057 1756 4131">
     <span class='ocr_line' id='line_1_70' title="bbox 153 4057 1756 4131; baseline 0.006 -23"><span class='ocrx_word' id='word_1_583' title='bbox 153 4063 308 4109; x_wconf 89' lang='lat' dir='ltr'><strong>turas</strong></span> <span class='ocrx_word' id='word_1_584' title='bbox 335 4071 439 4110; x_wconf 91' lang='lat' dir='ltr'><strong>non</strong></span> <span class='ocrx_word' id='word_1_585' title='bbox 473 4058 721 4127; x_wconf 85' lang='lat' dir='ltr'><strong>recipiat)</strong></span> <span class='ocrx_word' id='word_1_586' title='bbox 757 4057 860 4113; x_wconf 91' lang='lat' dir='ltr'><strong>hoc</strong></span> <span class='ocrx_word' id='word_1_587' title='bbox 892 4060 1266 4114; x_wconf 83' lang='lat' dir='ltr'><strong>testimonium</strong></span> <span class='ocrx_word' id='word_1_588' title='bbox 1298 4075 1364 4116; x_wconf 90' lang='lat' dir='ltr'><strong>ex</strong></span> <span class='ocrx_word' id='word_1_589' title='bbox 1395 4076 1626 4131; x_wconf 89' lang='lat' dir='ltr'><strong>persona</strong></span> <span class='ocrx_word' id='word_1_590' title='bbox 1663 4062 1756 4118; x_wconf 88' lang='lat' dir='ltr'><strong>de-</strong></span> 
     </span>
    </p>
   </div>
   <div class='ocr_carea' id='block_1_71' title="bbox 155 4146 1754 4220">
    <p class='ocr_par' dir='ltr' id='par_1_71' title="bbox 155 4146 1754 4220">
     <span class='ocr_line' id='line_1_71' title="bbox 155 4146 1754 4220; baseline 0.004 -20"><span class='ocrx_word' id='word_1_591' title='bbox 155 4146 292 4202; x_wconf 88' lang='lat' dir='ltr'><strong>bere</strong></span> <span class='ocrx_word' id='word_1_592' title='bbox 339 4149 558 4220; x_wconf 83' lang='lat' dir='ltr'><strong>intelligi</strong></span> <span class='ocrx_word' id='word_1_593' title='bbox 615 4151 826 4206; x_wconf 90' lang='lat' dir='ltr'><strong>Domini</strong></span> <span class='ocrx_word' id='word_1_594' title='bbox 878 4151 1196 4208; x_wconf 77' lang='lat' dir='ltr'><strong>Salvatoris.</strong></span> <span class='ocrx_word' id='word_1_595' title='bbox 1257 4153 1596 4220; x_wconf 83' lang='lat' dir='ltr'><strong>Quamobrem</strong></span> <span class='ocrx_word' id='word_1_596' title='bbox 1654 4170 1754 4208; x_wconf 86' lang='lat' dir='ltr'><strong>non</strong></span> 
     </span>
    </p>
   </div>
   <div class='ocr_carea' id='block_1_72' title="bbox 151 4237 1756 4311">
    <p class='ocr_par' dir='ltr' id='par_1_72' title="bbox 151 4237 1756 4311">
     <span class='ocr_line' id='line_1_72' title="bbox 151 4237 1756 4311; baseline 0.006 -18"><span class='ocrx_word' id='word_1_597' title='bbox 151 4237 410 4294; x_wconf 79' lang='lat' dir='ltr'><strong>erubescit</strong></span> <span class='ocrx_word' id='word_1_598' title='bbox 439 4243 622 4311; x_wconf 75' lang='lat' dir='ltr'><strong>fratres</strong></span> <span class='ocrx_word' id='word_1_599' title='bbox 652 4259 739 4298; x_wconf 88' lang='lat' dir='ltr'><strong>eos</strong></span> <span class='ocrx_word' id='word_1_600' title='bbox 771 4260 985 4309; x_wconf 84' lang='lat' dir='ltr'><strong>vocare,</strong></span> <span class='ocrx_word' id='word_1_601' title='bbox 1020 4244 1194 4299; x_wconf 82' lang='lat' dir='ltr'><strong>dicens</strong></span> <span class='ocrx_word' id='word_1_602' title='bbox 1223 4262 1240 4299; x_wconf 90' lang='lat'><strong>:</strong></span> <span class='ocrx_word' id='word_1_603' title='bbox 1276 4247 1613 4301; x_wconf 78' lang='lat' dir='ltr'><strong>Annuntiabo</strong></span> <span class='ocrx_word' id='word_1_604' title='bbox 1662 4265 1756 4303; x_wconf 81' lang='lat' dir='ltr'><strong>no-</strong></span> 
     </span>
    </p>
   </div>
   <div class='ocr_carea' id='block_1_73' title="bbox 150 4335 1755 4405">
    <p class='ocr_par' dir='ltr' id='par_1_73' title="bbox 150 4335 1755 4405">
     <span class='ocr_line' id='line_1_73' title="bbox 150 4335 1755 4405; baseline 0.006 -21"><span class='ocrx_word' id='word_1_605' title='bbox 150 4347 266 4385; x_wconf 86' lang='lat' dir='ltr'><strong>men</strong></span> <span class='ocrx_word' id='word_1_606' title='bbox 298 4342 442 4386; x_wconf 89' lang='lat' dir='ltr'><strong>tuum</strong></span> <span class='ocrx_word' id='word_1_607' title='bbox 470 4336 718 4405; x_wconf 77' lang='lat' dir='ltr'><strong>fratribus</strong></span> <span class='ocrx_word' id='word_1_608' title='bbox 749 4337 875 4390; x_wconf 89' lang='lat' dir='ltr'><strong>meis</strong></span> <span class='ocrx_word' id='word_1_609' title='bbox 901 4378 916 4402; x_wconf 92' lang='lat'><strong>,</strong></span> <span class='ocrx_word' id='word_1_610' title='bbox 965 4339 1018 4390; x_wconf 87' lang='lat' dir='ltr'><strong>in</strong></span> <span class='ocrx_word' id='word_1_611' title='bbox 1049 4335 1218 4392; x_wconf 87' lang='lat' dir='ltr'><strong>medio</strong></span> <span class='ocrx_word' id='word_1_612' title='bbox 1247 4335 1500 4392; x_wconf 77' lang='lat' dir='ltr'><strong>Ecclesia:</strong></span> <span class='ocrx_word' id='word_1_613' title='bbox 1527 4337 1755 4394; x_wconf 86' lang='lat' dir='ltr'><strong>laudabo</strong></span> 
     </span>
    </p>
   </div>
   <div class='ocr_carea' id='block_1_74' title="bbox 154 4422 1754 4500">
    <p class='ocr_par' dir='ltr' id='par_1_74' title="bbox 154 4422 1754 4500">
     <span class='ocr_line' id='line_1_74' title="bbox 154 4422 1754 4500; baseline 0.006 -25"><span class='ocrx_word' id='word_1_614' title='bbox 154 4432 206 4476; x_wconf 89' lang='lat' dir='ltr'><strong>te</strong></span> <span class='ocrx_word' id='word_1_615' title='bbox 227 4422 419 4492; x_wconf 77' lang='lat' dir='ltr'><strong>(Hebr.</strong></span> <span class='ocrx_word' id='word_1_616' title='bbox 455 4439 513 4488; x_wconf 89' lang='lat' dir='ltr'><strong>tt,</strong></span> <span class='ocrx_word' id='word_1_617' title='bbox 551 4423 675 4496; x_wconf 64' lang='lat'><strong>19);</strong></span> <span class='ocrx_word' id='word_1_618' title='bbox 727 4426 792 4482; x_wconf 86' lang='lat' dir='ltr'><strong>Et</strong></span> <span class='ocrx_word' id='word_1_619' title='bbox 841 4428 1079 4482; x_wconf 90' lang='lat' dir='ltr'><strong>iterum:</strong></span> <span class='ocrx_word' id='word_1_620' title='bbox 1138 4426 1252 4500; x_wconf 86' lang='lat' dir='ltr'><strong>Ego</strong></span> <span class='ocrx_word' id='word_1_621' title='bbox 1278 4445 1366 4482; x_wconf 89' lang='lat' dir='ltr'><strong>ero</strong></span> <span class='ocrx_word' id='word_1_622' title='bbox 1409 4429 1674 4497; x_wconf 83' lang='lat' dir='ltr'><strong>confidens</strong></span> <span class='ocrx_word' id='word_1_623' title='bbox 1699 4431 1754 4484; x_wconf 86' lang='lat' dir='ltr'><strong>in</strong></span> 
     </span>
    </p>
   </div>
   <div class='ocr_carea' id='block_1_75' title="bbox 148 4515 1752 4592">
    <p class='ocr_par' dir='ltr' id='par_1_75' title="bbox 148 4515 1752 4592">
     <span class='ocr_line' id='line_1_75' title="bbox 148 4515 1752 4592; baseline 0.002 -23"><span class='ocrx_word' id='word_1_624' title='bbox 148 4532 267 4570; x_wconf 86' lang='lat' dir='ltr'><strong>eum</strong></span> <span class='ocrx_word' id='word_1_625' title='bbox 303 4515 495 4586; x_wconf 88' lang='lat' dir='ltr'><strong>(Ibid.,</strong></span> <span class='ocrx_word' id='word_1_626' title='bbox 530 4518 617 4588; x_wconf 79' lang='grc'><strong>15)</strong></span> <span class='ocrx_word' id='word_1_627' title='bbox 644 4535 659 4584; x_wconf 92' lang='grc'>;</span> <span class='ocrx_word' id='word_1_628' title='bbox 699 4529 758 4574; x_wconf 88' lang='lat' dir='ltr'><strong>et</strong></span> <span class='ocrx_word' id='word_1_629' title='bbox 801 4535 1018 4576; x_wconf 89' lang='lat' dir='ltr'><strong>rursum</strong></span> <span class='ocrx_word' id='word_1_630' title='bbox 1052 4538 1063 4573; x_wconf 90' lang='lat'><strong>:</strong></span> <span class='ocrx_word' id='word_1_631' title='bbox 1096 4518 1230 4576; x_wconf 83' lang='lat' dir='ltr'><strong>Ecce</strong></span> <span class='ocrx_word' id='word_1_632' title='bbox 1256 4537 1349 4592; x_wconf 87' lang='lat' dir='ltr'><strong>ego</strong></span> <span class='ocrx_word' id='word_1_633' title='bbox 1377 4531 1426 4575; x_wconf 86' lang='lat' dir='ltr'><strong>et</strong></span> <span class='ocrx_word' id='word_1_634' title='bbox 1457 4521 1605 4591; x_wconf 86' lang='lat' dir='ltr'><strong>pueri</strong></span> <span class='ocrx_word' id='word_1_635' title='bbox 1633 4521 1752 4588; x_wconf 88' lang='lat' dir='ltr'><strong>mei,</strong></span> 
     </span>
    </p>
   </div>
   <div class='ocr_carea' id='block_1_76' title="bbox 1863 3309 3463 3385">
    <p class='ocr_par' dir='ltr' id='par_1_76' title="bbox 1863 3309 3463 3385">
     <span class='ocr_line' id='line_1_76' title="bbox 1863 3309 3463 3385; baseline -0.003 -16"><span class='ocrx_word' id='word_1_636' title='bbox 1863 3317 2105 3382; x_wconf 57' lang='lat' dir='ltr'><strong>Quaerite</strong></span> <span class='ocrx_word' id='word_1_637' title='bbox 2129 3315 2303 3384; x_wconf 86' lang='lat' dir='ltr'><strong>magis</strong></span> <span class='ocrx_word' id='word_1_638' title='bbox 2334 3330 2364 3368; x_wconf 89' lang='lat' dir='ltr'><strong>a</strong></span> <span class='ocrx_word' id='word_1_639' title='bbox 2391 3313 2731 3385; x_wconf 86' lang='lat' dir='ltr'><strong>Pytltonibus</strong></span> <span class='ocrx_word' id='word_1_640' title='bbox 2753 3355 2766 3378; x_wconf 93' lang='lat'><strong>,</strong></span> <span class='ocrx_word' id='word_1_641' title='bbox 2802 3322 2858 3367; x_wconf 90' lang='lat' dir='ltr'><strong>et</strong></span> <span class='ocrx_word' id='word_1_642' title='bbox 2887 3327 2915 3365; x_wconf 89' lang='lat' dir='ltr'><strong>a</strong></span> <span class='ocrx_word' id='word_1_643' title='bbox 2955 3312 3150 3366; x_wconf 89' lang='lat' dir='ltr'><strong>divinis</strong></span> <span class='ocrx_word' id='word_1_644' title='bbox 3169 3353 3182 3376; x_wconf 93' lang='lat'><strong>,</strong></span> <span class='ocrx_word' id='word_1_645' title='bbox 3217 3311 3309 3377; x_wconf 88' lang='lat' dir='ltr'><strong>qui</strong></span> <span class='ocrx_word' id='word_1_646' title='bbox 3334 3309 3463 3365; x_wconf 87' lang='lat' dir='ltr'><strong>stri-</strong></span> 
     </span>
    </p>
   </div>
   <div class='ocr_carea' id='block_1_77' title="bbox 1863 3401 3462 3473">
    <p class='ocr_par' dir='ltr' id='par_1_77' title="bbox 1863 3401 3462 3473">
     <span class='ocr_line' id='line_1_77' title="bbox 1863 3401 3462 3473; baseline -0.003 -13"><span class='ocrx_word' id='word_1_647' title='bbox 1863 3407 1996 3462; x_wconf 91' lang='lat' dir='ltr'><strong>dent</strong></span> <span class='ocrx_word' id='word_1_648' title='bbox 2025 3409 2075 3460; x_wconf 91' lang='lat' dir='ltr'><strong>in</strong></span> <span class='ocrx_word' id='word_1_649' title='bbox 2117 3405 2575 3461; x_wconf 81' lang='lat' dir='ltr'><strong>incantationibus</strong></span> <span class='ocrx_word' id='word_1_650' title='bbox 2606 3406 2735 3459; x_wconf 89' lang='lat' dir='ltr'><strong>suis.</strong></span> <span class='ocrx_word' id='word_1_651' title='bbox 2765 3404 2874 3459; x_wconf 81' lang='lat' dir='ltr'><strong>Pro.</strong></span> <span class='ocrx_word' id='word_1_652' title='bbox 2897 3405 3094 3473; x_wconf 88' lang='lat' dir='ltr'><strong>quibus</strong></span> <span class='ocrx_word' id='word_1_653' title='bbox 3117 3401 3261 3458; x_wconf 74' lang='lat' dir='ltr'><strong>LXX</strong></span> <span class='ocrx_word' id='word_1_654' title='bbox 3293 3403 3462 3457; x_wconf 88' lang='lat' dir='ltr'><strong>inter-</strong></span> 
     </span>
    </p>
   </div>
   <div class='ocr_carea' id='block_1_78' title="bbox 1865 3495 3473 3572">
    <p class='ocr_par' dir='ltr' id='par_1_78' title="bbox 1865 3495 3473 3572">
     <span class='ocr_line' id='line_1_78' title="bbox 1865 3495 3473 3572; baseline -0.006 -16"><span class='ocrx_word' id='word_1_655' title='bbox 1865 3501 2060 3572; x_wconf 87' lang='lat' dir='ltr'><strong>pretati</strong></span> <span class='ocrx_word' id='word_1_656' title='bbox 2092 3512 2248 3555; x_wconf 88' lang='lat' dir='ltr'><strong>sunt:</strong></span> <span class='ocrx_word' id='word_1_657' title='bbox 2275 3501 2378 3568; x_wconf 86' lang='lat' dir='ltr'><strong>Qui</strong></span> <span class='ocrx_word' id='word_1_658' title='bbox 2400 3501 2464 3554; x_wconf 91' lang='lat' dir='ltr'><strong>de</strong></span> <span class='ocrx_word' id='word_1_659' title='bbox 2489 3509 2624 3554; x_wconf 88' lang='lat' dir='ltr'><strong>terra</strong></span> <span class='ocrx_word' id='word_1_660' title='bbox 2646 3498 2951 3570; x_wconf 82' lang='lat' dir='ltr'><strong>loquuntur,</strong></span> <span class='ocrx_word' id='word_1_661' title='bbox 2975 3498 3066 3566; x_wconf 89' lang='lat' dir='ltr'><strong>qui</strong></span> <span class='ocrx_word' id='word_1_662' title='bbox 3093 3499 3155 3550; x_wconf 80' lang='lat' dir='ltr'><strong>de</strong></span> <span class='ocrx_word' id='word_1_663' title='bbox 3174 3505 3348 3549; x_wconf 88' lang='lat' dir='ltr'><strong>ventre</strong></span> <span class='ocrx_word' id='word_1_664' title='bbox 3367 3495 3473 3548; x_wconf 81' lang='lat' dir='ltr'><strong>cla-</strong></span> 
     </span>
    </p>
   </div>
   <div class='ocr_carea' id='block_1_79' title="bbox 1862 3587 3466 3661">
    <p class='ocr_par' dir='ltr' id='par_1_79' title="bbox 1862 3587 3466 3661">
     <span class='ocr_line' id='line_1_79' title="bbox 1862 3587 3466 3661; baseline -0.005 -12"><span class='ocrx_word' id='word_1_665' title='bbox 1862 3597 2066 3649; x_wconf 87' lang='lat' dir='ltr'><strong>mitant.</strong></span> <span class='ocrx_word' id='word_1_666' title='bbox 2116 3593 2307 3648; x_wconf 86' lang='lat' dir='ltr'><strong>Omnis</strong></span> <span class='ocrx_word' id='word_1_667' title='bbox 2356 3593 2523 3659; x_wconf 89' lang='lat' dir='ltr'><strong>enim,</strong></span> <span class='ocrx_word' id='word_1_668' title='bbox 2575 3593 2668 3661; x_wconf 90' lang='lat' dir='ltr'><strong>qui</strong></span> <span class='ocrx_word' id='word_1_669' title='bbox 2717 3592 2788 3647; x_wconf 91' lang='lat' dir='ltr'><strong>de</strong></span> <span class='ocrx_word' id='word_1_670' title='bbox 2842 3601 2986 3646; x_wconf 87' lang='lat' dir='ltr'><strong>terra</strong></span> <span class='ocrx_word' id='word_1_671' title='bbox 3041 3597 3150 3654; x_wconf 87' lang='lat' dir='ltr'><strong>est,</strong></span> <span class='ocrx_word' id='word_1_672' title='bbox 3198 3587 3265 3642; x_wconf 89' lang='lat' dir='ltr'><strong>de</strong></span> <span class='ocrx_word' id='word_1_673' title='bbox 3316 3596 3466 3642; x_wconf 87' lang='lat' dir='ltr'><strong>terra</strong></span> 
     </span>
    </p>
   </div>
   <div class='ocr_carea' id='block_1_80' title="bbox 1860 3685 3467 3760">
    <p class='ocr_par' dir='ltr' id='par_1_80' title="bbox 1860 3685 3467 3760">
     <span class='ocr_line' id='line_1_80' title="bbox 1860 3685 3467 3760; baseline -0.004 -15"><span class='ocrx_word' id='word_1_674' title='bbox 1860 3689 2101 3760; x_wconf 86' lang='lat' dir='ltr'><strong>loquitur</strong></span> <span class='ocrx_word' id='word_1_675' title='bbox 2128 3685 2310 3760; x_wconf 82' lang='lat' dir='ltr'><strong>(Joau.</strong></span> <span class='ocrx_word' id='word_1_676' title='bbox 2338 3702 2420 3751; x_wconf 88' lang='grc' dir='ltr'>ιιι,</span> <span class='ocrx_word' id='word_1_677' title='bbox 2450 3687 2561 3756; x_wconf 80' lang='grc'><strong>51).</strong></span> <span class='ocrx_word' id='word_1_678' title='bbox 2589 3685 2658 3740; x_wconf 86' lang='grc' dir='ltr'>Ει</span> <span class='ocrx_word' id='word_1_679' title='bbox 2683 3685 2840 3755; x_wconf 89' lang='lat' dir='ltr'><strong>cujus</strong></span> <span class='ocrx_word' id='word_1_680' title='bbox 2869 3685 3015 3739; x_wconf 90' lang='lat' dir='ltr'><strong>Dctts</strong></span> <span class='ocrx_word' id='word_1_681' title='bbox 3045 3691 3242 3740; x_wconf 81' lang='lat' dir='ltr'><strong>venter</strong></span> <span class='ocrx_word' id='word_1_682' title='bbox 3271 3692 3378 3750; x_wconf 85' lang='lat' dir='ltr'><strong>cst,</strong></span> <span class='ocrx_word' id='word_1_683' title='bbox 3410 3692 3467 3738; x_wconf 90' lang='lat' dir='ltr'><strong>et</strong></span> 
     </span>
    </p>
   </div>
   <div class='ocr_carea' id='block_1_81' title="bbox 1858 3776 3462 3850">
    <p class='ocr_par' dir='ltr' id='par_1_81' title="bbox 1858 3776 3462 3850">
     <span class='ocr_line' id='line_1_81' title="bbox 1858 3776 3462 3850; baseline -0.002 -14"><span class='ocrx_word' id='word_1_684' title='bbox 1858 3782 2026 3850; x_wconf 82' lang='lat' dir='ltr'><strong>gloria</strong></span> <span class='ocrx_word' id='word_1_685' title='bbox 2060 3781 2112 3835; x_wconf 92' lang='lat' dir='ltr'><strong>in</strong></span> <span class='ocrx_word' id='word_1_686' title='bbox 2142 3780 2470 3835; x_wconf 77' lang='lat' dir='ltr'><strong>confusione</strong></span> <span class='ocrx_word' id='word_1_687' title='bbox 2498 3780 2618 3848; x_wconf 86' lang='lat' dir='ltr'><strong>ejus</strong></span> <span class='ocrx_word' id='word_1_688' title='bbox 2649 3780 2666 3850; x_wconf 92' lang='lat'>(</span> <span class='ocrx_word' id='word_1_689' title='bbox 2693 3777 2836 3832; x_wconf 84' lang='lat' dir='ltr'><strong>Phil.</strong></span> <span class='ocrx_word' id='word_1_690' title='bbox 2873 3793 2964 3842; x_wconf 86' lang='grc' dir='ltr'>ιιι,</span> <span class='ocrx_word' id='word_1_691' title='bbox 3001 3776 3102 3846; x_wconf 85' lang='lat' dir='ltr'><strong>l9)</strong></span> <span class='ocrx_word' id='word_1_692' title='bbox 3131 3819 3146 3842; x_wconf 92' lang='lat'><strong>,</strong></span> <span class='ocrx_word' id='word_1_693' title='bbox 3171 3776 3242 3831; x_wconf 88' lang='lat' dir='ltr'><strong>de</strong></span> <span class='ocrx_word' id='word_1_694' title='bbox 3269 3786 3462 3833; x_wconf 88' lang='lat' dir='ltr'><strong>ventre</strong></span> 
     </span>
    </p>
   </div>
   <div class='ocr_carea' id='block_1_82' title="bbox 1858 3871 3463 3941">
    <p class='ocr_par' dir='ltr' id='par_1_82' title="bbox 1858 3871 3463 3941">
     <span class='ocr_line' id='line_1_82' title="bbox 1858 3871 3463 3941; baseline -0.002 -12"><span class='ocrx_word' id='word_1_695' title='bbox 1858 3875 2095 3930; x_wconf 89' lang='lat' dir='ltr'><strong>clamare</strong></span> <span class='ocrx_word' id='word_1_696' title='bbox 2139 3872 2448 3928; x_wconf 84' lang='lat' dir='ltr'><strong>credendus</strong></span> <span class='ocrx_word' id='word_1_697' title='bbox 2484 3883 2588 3928; x_wconf 89' lang='lat' dir='ltr'><strong>est.</strong></span> <span class='ocrx_word' id='word_1_698' title='bbox 2625 3872 2734 3927; x_wconf 87' lang='lat' dir='ltr'><strong>Vos</strong></span> <span class='ocrx_word' id='word_1_699' title='bbox 2775 3871 3110 3941; x_wconf 85' lang='lat' dir='ltr'><strong>respondete</strong></span> <span class='ocrx_word' id='word_1_700' title='bbox 3142 3871 3223 3926; x_wconf 90' lang='lat' dir='ltr'><strong>eis</strong></span> <span class='ocrx_word' id='word_1_701' title='bbox 3246 3912 3261 3937; x_wconf 91' lang='lat'><strong>,</strong></span> <span class='ocrx_word' id='word_1_702' title='bbox 3294 3883 3350 3926; x_wconf 89' lang='lat' dir='ltr'><strong>ct</strong></span> <span class='ocrx_word' id='word_1_703' title='bbox 3379 3871 3463 3925; x_wconf 91' lang='lat' dir='ltr'><strong>di-</strong></span> 
     </span>
    </p>
   </div>
   <div class='ocr_carea' id='block_1_83' title="bbox 1858 3964 3461 4041">
    <p class='ocr_par' dir='ltr' id='par_1_83' title="bbox 1858 3964 3461 4041">
     <span class='ocr_line' id='line_1_83' title="bbox 1858 3964 3461 4041; baseline -0.004 -17"><span class='ocrx_word' id='word_1_704' title='bbox 1858 3970 1966 4024; x_wconf 84' lang='lat' dir='ltr'><strong>cite</strong></span> <span class='ocrx_word' id='word_1_705' title='bbox 1998 3986 2015 4024; x_wconf 91' lang='lat'><strong>:</strong></span> <span class='ocrx_word' id='word_1_706' title='bbox 2049 3967 2324 4041; x_wconf 85' lang='lat' dir='ltr'><strong>Numquid</strong></span> <span class='ocrx_word' id='word_1_707' title='bbox 2364 3984 2464 4022; x_wconf 89' lang='lat' dir='ltr'><strong>non</strong></span> <span class='ocrx_word' id='word_1_708' title='bbox 2507 3968 2731 4040; x_wconf 83' lang='lat' dir='ltr'><strong>populus</strong></span> <span class='ocrx_word' id='word_1_709' title='bbox 2768 3985 2798 4019; x_wconf 90' lang='lat' dir='ltr'><strong>a</strong></span> <span class='ocrx_word' id='word_1_710' title='bbox 2837 3965 2945 4020; x_wconf 88' lang='lat' dir='ltr'><strong>Deo</strong></span> <span class='ocrx_word' id='word_1_711' title='bbox 2980 3981 3075 4020; x_wconf 89' lang='lat' dir='ltr'><strong>suo</strong></span> <span class='ocrx_word' id='word_1_712' title='bbox 3107 3964 3324 4036; x_wconf 81' lang='lat' dir='ltr'><strong>requirit</strong></span> <span class='ocrx_word' id='word_1_713' title='bbox 3366 3981 3461 4036; x_wconf 84' lang='lat' dir='ltr'><strong>pro</strong></span> 
     </span>
    </p>
   </div>
   <div class='ocr_carea' id='block_1_84' title="bbox 1858 4053 3458 4126">
    <p class='ocr_par' dir='ltr' id='par_1_84' title="bbox 1858 4053 3458 4126">
     <span class='ocr_line' id='line_1_84' title="bbox 1858 4053 3458 4126; baseline -0.004 -12"><span class='ocrx_word' id='word_1_714' title='bbox 1858 4062 1983 4115; x_wconf 87' lang='lat' dir='ltr'><strong>vivis</strong></span> <span class='ocrx_word' id='word_1_715' title='bbox 2009 4079 2042 4114; x_wconf 90' lang='lat' dir='ltr'><strong>a</strong></span> <span class='ocrx_word' id='word_1_716' title='bbox 2071 4061 2288 4114; x_wconf 87' lang='lat' dir='ltr'><strong>mortuis</strong></span> <span class='ocrx_word' id='word_1_717' title='bbox 2312 4061 2337 4113; x_wconf 86' lang='lat'><strong><em>?</em></strong></span> <span class='ocrx_word' id='word_1_718' title='bbox 2366 4060 2422 4116; x_wconf 90' lang='lat' dir='ltr'><strong>Si</strong></span> <span class='ocrx_word' id='word_1_719' title='bbox 2457 4074 2584 4125; x_wconf 88' lang='lat' dir='ltr'><strong>vos,</strong></span> <span class='ocrx_word' id='word_1_720' title='bbox 2612 4060 2814 4126; x_wconf 89' lang='lat' dir='ltr'><strong>inquit,</strong></span> <span class='ocrx_word' id='word_1_721' title='bbox 2858 4071 2957 4126; x_wconf 86' lang='lat' dir='ltr'><strong>pro</strong></span> <span class='ocrx_word' id='word_1_722' title='bbox 2989 4057 3252 4109; x_wconf 77' lang='lat' dir='ltr'><strong>varietate</strong></span> <span class='ocrx_word' id='word_1_723' title='bbox 3283 4053 3458 4108; x_wconf 85' lang='lat' dir='ltr'><strong>idolo-</strong></span> 
     </span>
    </p>
   </div>
   <div class='ocr_carea' id='block_1_85' title="bbox 1859 4145 3461 4225">
    <p class='ocr_par' dir='ltr' id='par_1_85' title="bbox 1859 4145 3461 4225">
     <span class='ocr_line' id='line_1_85' title="bbox 1859 4145 3461 4225; baseline -0.004 -17"><span class='ocrx_word' id='word_1_724' title='bbox 1859 4171 1978 4210; x_wconf 92' lang='lat' dir='ltr'><strong>rum</strong></span> <span class='ocrx_word' id='word_1_725' title='bbox 2013 4163 2314 4209; x_wconf 83' lang='lat' dir='ltr'><strong>vestrorum</strong></span> <span class='ocrx_word' id='word_1_726' title='bbox 2339 4152 2469 4225; x_wconf 90' lang='lat' dir='ltr'><strong>(non</strong></span> <span class='ocrx_word' id='word_1_727' title='bbox 2501 4153 2646 4206; x_wconf 91' lang='lat' dir='ltr'><strong>enim</strong></span> <span class='ocrx_word' id='word_1_728' title='bbox 2682 4164 2872 4215; x_wconf 90' lang='lat' dir='ltr'><strong>unum,</strong></span> <span class='ocrx_word' id='word_1_729' title='bbox 2909 4148 3003 4202; x_wconf 87' lang='lat' dir='ltr'><strong>scd</strong></span> <span class='ocrx_word' id='word_1_730' title='bbox 3028 4148 3212 4215; x_wconf 86' lang='lat' dir='ltr'><strong>plures</strong></span> <span class='ocrx_word' id='word_1_731' title='bbox 3242 4145 3461 4202; x_wconf 89' lang='lat' dir='ltr'><strong>habetis</strong></span> 
     </span>
    </p>
   </div>
   <div class='ocr_carea' id='block_1_86' title="bbox 1857 4238 3458 4315">
    <p class='ocr_par' dir='ltr' id='par_1_86' title="bbox 1857 4238 3458 4315">
     <span class='ocr_line' id='line_1_86' title="bbox 1857 4238 3458 4315; baseline -0.003 -15"><span class='ocrx_word' id='word_1_732' title='bbox 1857 4246 2020 4315; x_wconf 89' lang='lat' dir='ltr'><strong>deos)</strong></span> <span class='ocrx_word' id='word_1_733' title='bbox 2052 4261 2148 4301; x_wconf 90' lang='lat' dir='ltr'><strong>eos</strong></span> <span class='ocrx_word' id='word_1_734' title='bbox 2191 4246 2510 4310; x_wconf 90' lang='lat' dir='ltr'><strong>consulitis,</strong></span> <span class='ocrx_word' id='word_1_735' title='bbox 2559 4259 2695 4313; x_wconf 90' lang='lat' dir='ltr'><strong>quos</strong></span> <span class='ocrx_word' id='word_1_736' title='bbox 2747 4243 2880 4298; x_wconf 89' lang='lat' dir='ltr'><strong>tleos</strong></span> <span class='ocrx_word' id='word_1_737' title='bbox 2922 4238 3306 4304; x_wconf 81' lang='lat' dir='ltr'><strong>arbitramini;</strong></span> <span class='ocrx_word' id='word_1_738' title='bbox 3339 4247 3394 4293; x_wconf 90' lang='lat' dir='ltr'><strong>et</strong></span> <span class='ocrx_word' id='word_1_739' title='bbox 3427 4256 3458 4295; x_wconf 85' lang='lat' dir='ltr'><strong>a</strong></span> 
     </span>
    </p>
   </div>
   <div class='ocr_carea' id='block_1_87' title="bbox 1859 4332 3460 4400">
    <p class='ocr_par' dir='ltr' id='par_1_87' title="bbox 1859 4332 3460 4400">
     <span class='ocr_line' id='line_1_87' title="bbox 1859 4332 3460 4400; baseline -0.004 -6"><span class='ocrx_word' id='word_1_740' title='bbox 1859 4341 2088 4394; x_wconf 84' lang='lat' dir='ltr'><strong>mortuis</strong></span> <span class='ocrx_word' id='word_1_741' title='bbox 2129 4339 2244 4393; x_wconf 91' lang='lat' dir='ltr'><strong>sive</strong></span> <span class='ocrx_word' id='word_1_742' title='bbox 2286 4349 2622 4393; x_wconf 87' lang='lat' dir='ltr'><strong>mortuorum</strong></span> <span class='ocrx_word' id='word_1_743' title='bbox 2669 4337 2951 4395; x_wconf 87' lang='lat' dir='ltr'><strong>hominum</strong></span> <span class='ocrx_word' id='word_1_744' title='bbox 2996 4332 3344 4400; x_wconf 86' lang='lat' dir='ltr'><strong>simulacris,</strong></span> <span class='ocrx_word' id='word_1_745' title='bbox 3389 4333 3460 4388; x_wconf 85' lang='lat' dir='ltr'><strong>de</strong></span> 
     </span>
    </p>
   </div>
   <div class='ocr_carea' id='block_1_88' title="bbox 1859 4427 3454 4500">
    <p class='ocr_par' dir='ltr' id='par_1_88' title="bbox 1859 4427 3454 4500">
     <span class='ocr_line' id='line_1_88' title="bbox 1859 4427 3454 4500; baseline -0.004 -16"><span class='ocrx_word' id='word_1_746' title='bbox 1859 4430 2166 4484; x_wconf 87' lang='lat' dir='ltr'><strong>viventibus</strong></span> <span class='ocrx_word' id='word_1_747' title='bbox 2196 4431 2480 4498; x_wconf 71' lang='lat' dir='ltr'><strong>qumritis:</strong></span> <span class='ocrx_word' id='word_1_748' title='bbox 2513 4441 2719 4500; x_wconf 80' lang='lat' dir='ltr'><strong>quanto</strong></span> <span class='ocrx_word' id='word_1_749' title='bbox 2758 4431 2925 4498; x_wconf 76' lang='lat' dir='ltr'><strong>magis</strong></span> <span class='ocrx_word' id='word_1_750' title='bbox 2971 4441 3070 4480; x_wconf 88' lang='lat' dir='ltr'><strong>nos</strong></span> <span class='ocrx_word' id='word_1_751' title='bbox 3113 4427 3282 4481; x_wconf 89' lang='lat' dir='ltr'><strong>Deum</strong></span> <span class='ocrx_word' id='word_1_752' title='bbox 3327 4439 3454 4478; x_wconf 78' lang='lat' dir='ltr'><strong>nos-</strong></span> 
     </span>
    </p>
   </div>
   <div class='ocr_carea' id='block_1_89' title="bbox 1861 4521 3462 4593">
    <p class='ocr_par' dir='ltr' id='par_1_89' title="bbox 1861 4521 3462 4593">
     <span class='ocr_line' id='line_1_89' title="bbox 1861 4521 3462 4593; baseline -0.001 -15"><span class='ocrx_word' id='word_1_753' title='bbox 1861 4533 2000 4578; x_wconf 89' lang='lat' dir='ltr'><strong>trtttn</strong></span> <span class='ocrx_word' id='word_1_754' title='bbox 2054 4539 2151 4593; x_wconf 91' lang='lat' dir='ltr'><strong>per</strong></span> <span class='ocrx_word' id='word_1_755' title='bbox 2206 4525 2504 4593; x_wconf 84' lang='lat' dir='ltr'><strong>prophetas</strong></span> <span class='ocrx_word' id='word_1_756' title='bbox 2547 4525 2739 4578; x_wconf 87' lang='lat' dir='ltr'><strong>audire</strong></span> <span class='ocrx_word' id='word_1_757' title='bbox 2790 4521 3098 4577; x_wconf 81' lang='lat' dir='ltr'><strong>debemus?</strong></span> <span class='ocrx_word' id='word_1_758' title='bbox 3129 4521 3298 4577; x_wconf 80' lang='lat' dir='ltr'><strong>Docet</strong></span> <span class='ocrx_word' id='word_1_759' title='bbox 3331 4539 3462 4593; x_wconf 86' lang='lat' dir='ltr'><strong>ergo</strong></span> 
     </span>
    </p>
   </div>
   <div class='ocr_carea' id='block_1_90' title="bbox 146 4609 3457 4684">
    <p class='ocr_par' dir='ltr' id='par_1_90' title="bbox 146 4609 3457 4684">
     <span class='ocr_line' id='line_1_90' title="bbox 146 4609 3457 4684; baseline 0.002 -24"><span class='ocrx_word' id='word_1_760' title='bbox 146 4623 280 4677; x_wconf 83' lang='lat' dir='ltr'><strong>quos</strong></span> <span class='ocrx_word' id='word_1_761' title='bbox 304 4609 432 4662; x_wconf 80' lang='lat' dir='ltr'><strong>mihi</strong></span> <span class='ocrx_word' id='word_1_762' title='bbox 451 4610 594 4664; x_wconf 87' lang='lat' dir='ltr'><strong>dedit</strong></span> <span class='ocrx_word' id='word_1_763' title='bbox 619 4610 775 4665; x_wconf 85' lang='lat' dir='ltr'><strong>Deus.</strong></span> <span class='ocrx_word' id='word_1_764' title='bbox 799 4611 933 4678; x_wconf 85' lang='lat' dir='ltr'><strong>Quia</strong></span> <span class='ocrx_word' id='word_1_765' title='bbox 947 4629 1067 4681; x_wconf 86' lang='lat' dir='ltr'><strong>ergo</strong></span> <span class='ocrx_word' id='word_1_766' title='bbox 1093 4616 1236 4684; x_wconf 88' lang='lat' dir='ltr'><strong>pueri</strong></span> <span class='ocrx_word' id='word_1_767' title='bbox 1251 4613 1754 4667; x_wconf 82' lang='lat' dir='ltr'><strong>communicaverunt</strong></span> <span class='ocrx_word' id='word_1_768' title='bbox 1785 4609 1835 4670; x_wconf 90' lang='lat' dir='ltr'><strong>D</strong></span> <span class='ocrx_word' id='word_1_769' title='bbox 1861 4614 2188 4684; x_wconf 87' lang='lat' dir='ltr'><strong>discipulos;</strong></span> <span class='ocrx_word' id='word_1_770' title='bbox 2217 4625 2273 4669; x_wconf 88' lang='lat' dir='ltr'><strong>et</strong></span> <span class='ocrx_word' id='word_1_771' title='bbox 2301 4613 2466 4669; x_wconf 81' lang='lat' dir='ltr'><strong>infert</strong></span> <span class='ocrx_word' id='word_1_772' title='bbox 2499 4615 2564 4668; x_wconf 84' lang='lat' dir='ltr'><strong>ad</strong></span> <span class='ocrx_word' id='word_1_773' title='bbox 2608 4615 2780 4681; x_wconf 86' lang='lat' dir='ltr'><strong>legem</strong></span> <span class='ocrx_word' id='word_1_774' title='bbox 2827 4613 2998 4680; x_wconf 87' lang='lat' dir='ltr'><strong>magis</strong></span> <span class='ocrx_word' id='word_1_775' title='bbox 3027 4622 3076 4664; x_wconf 86' lang='lat' dir='ltr'><strong>et</strong></span> <span class='ocrx_word' id='word_1_776' title='bbox 3112 4613 3178 4666; x_wconf 87' lang='lat' dir='ltr'><strong>ad</strong></span> <span class='ocrx_word' id='word_1_777' title='bbox 3213 4614 3457 4668; x_wconf 78' lang='lat' dir='ltr'><strong>teSIimo-</strong></span> 
     </span>
    </p>
   </div>
   <div class='ocr_carea' id='block_1_91' title="bbox 146 4700 1750 4778">
    <p class='ocr_par' dir='ltr' id='par_1_91' title="bbox 146 4700 1750 4778">
     <span class='ocr_line' id='line_1_91' title="bbox 146 4700 1750 4778; baseline 0.004 -27"><span class='ocrx_word' id='word_1_778' title='bbox 146 4700 296 4754; x_wconf 86' lang='lat' dir='ltr'><strong>carni</strong></span> <span class='ocrx_word' id='word_1_779' title='bbox 319 4710 364 4754; x_wconf 91' lang='lat' dir='ltr'><strong>et</strong></span> <span class='ocrx_word' id='word_1_780' title='bbox 390 4703 657 4773; x_wconf 87' lang='lat' dir='ltr'><strong>sanguini,</strong></span> <span class='ocrx_word' id='word_1_781' title='bbox 695 4714 744 4757; x_wconf 89' lang='lat' dir='ltr'><strong>et</strong></span> <span class='ocrx_word' id='word_1_782' title='bbox 773 4705 886 4770; x_wconf 85' lang='lat' dir='ltr'><strong>ipse</strong></span> <span class='ocrx_word' id='word_1_783' title='bbox 919 4704 1162 4759; x_wconf 80' lang='lat' dir='ltr'><strong>similiter</strong></span> <span class='ocrx_word' id='word_1_784' title='bbox 1186 4705 1445 4778; x_wconf 83' lang='lat' dir='ltr'><strong>particeps</strong></span> <span class='ocrx_word' id='word_1_785' title='bbox 1486 4709 1654 4775; x_wconf 89' lang='lat' dir='ltr'><strong>factus</strong></span> <span class='ocrx_word' id='word_1_786' title='bbox 1677 4715 1750 4758; x_wconf 82' lang='lat' dir='ltr'><strong>est</strong></span> 
     </span>
    </p>
   </div>
   <div class='ocr_carea' id='block_1_92' title="bbox 145 4794 1748 4867">
    <p class='ocr_par' dir='ltr' id='par_1_92' title="bbox 145 4794 1748 4867">
     <span class='ocr_line' id='line_1_92' title="bbox 145 4794 1748 4867; baseline 0.002 -20"><span class='ocrx_word' id='word_1_787' title='bbox 145 4794 440 4849; x_wconf 85' lang='lat' dir='ltr'><strong>earumdem</strong></span> <span class='ocrx_word' id='word_1_788' title='bbox 469 4797 772 4867; x_wconf 86' lang='lat' dir='ltr'><strong>passionum</strong></span> <span class='ocrx_word' id='word_1_789' title='bbox 795 4794 952 4867; x_wconf 85' lang='lat' dir='ltr'><strong>(lsai.</strong></span> <span class='ocrx_word' id='word_1_790' title='bbox 975 4811 1086 4858; x_wconf 85' lang='lat' dir='ltr'><strong>vttt,</strong></span> <span class='ocrx_word' id='word_1_791' title='bbox 1116 4796 1225 4866; x_wconf 85' lang='grc'><strong>18).</strong></span> <span class='ocrx_word' id='word_1_792' title='bbox 1255 4798 1541 4864; x_wconf 88' lang='lat' dir='ltr'><strong>Quomodo</strong></span> <span class='ocrx_word' id='word_1_793' title='bbox 1567 4807 1748 4851; x_wconf 87' lang='lat' dir='ltr'><strong>autem</strong></span> 
     </span>
    </p>
   </div>
   <div class='ocr_carea' id='block_1_93' title="bbox 147 4884 1752 4959">
    <p class='ocr_par' dir='ltr' id='par_1_93' title="bbox 147 4884 1752 4959">
     <span class='ocr_line' id='line_1_93' title="bbox 147 4884 1752 4959; baseline 0.001 -19"><span class='ocrx_word' id='word_1_794' title='bbox 147 4884 236 4941; x_wconf 86' lang='lat' dir='ltr'><strong>isti</strong></span> <span class='ocrx_word' id='word_1_795' title='bbox 269 4889 421 4956; x_wconf 89' lang='lat' dir='ltr'><strong>pueri</strong></span> <span class='ocrx_word' id='word_1_796' title='bbox 451 4889 504 4943; x_wconf 89' lang='lat' dir='ltr'><strong>in</strong></span> <span class='ocrx_word' id='word_1_797' title='bbox 534 4889 748 4959; x_wconf 86' lang='lat' dir='ltr'><strong>signum</strong></span> <span class='ocrx_word' id='word_1_798' title='bbox 782 4887 980 4944; x_wconf 78' lang='lat' dir='ltr'><strong>iuerint</strong></span> <span class='ocrx_word' id='word_1_799' title='bbox 1001 4895 1166 4957; x_wconf 87' lang='lat' dir='ltr'><strong>atque</strong></span> <span class='ocrx_word' id='word_1_800' title='bbox 1190 4900 1505 4959; x_wconf 90' lang='lat' dir='ltr'><strong>portentum</strong></span> <span class='ocrx_word' id='word_1_801' title='bbox 1535 4889 1752 4958; x_wconf 85' lang='lat' dir='ltr'><strong>sapien-</strong></span> 
     </span>
    </p>
   </div>
   <div class='ocr_carea' id='block_1_94' title="bbox 147 4979 1751 5050">
    <p class='ocr_par' dir='ltr' id='par_1_94' title="bbox 147 4979 1751 5050">
     <span class='ocr_line' id='line_1_94' title="bbox 147 4979 1751 5050; baseline 0.003 -19"><span class='ocrx_word' id='word_1_802' title='bbox 147 4979 233 5033; x_wconf 74' lang='lat' dir='ltr'><strong>tire</strong></span> <span class='ocrx_word' id='word_1_803' title='bbox 276 4981 466 5036; x_wconf 73' lang='lat' dir='ltr'><strong>saeculi</strong></span> <span class='ocrx_word' id='word_1_804' title='bbox 509 4990 566 5037; x_wconf 93' lang='lat' dir='ltr'><strong>et</strong></span> <span class='ocrx_word' id='word_1_805' title='bbox 595 4981 865 5050; x_wconf 71' lang='lat' dir='ltr'><strong>superbia:</strong></span> <span class='ocrx_word' id='word_1_806' title='bbox 896 4980 1231 5046; x_wconf 71' lang='lat' dir='ltr'><strong>Judteorum,</strong></span> <span class='ocrx_word' id='word_1_807' title='bbox 1278 4980 1420 5036; x_wconf 91' lang='lat' dir='ltr'><strong>idem</strong></span> <span class='ocrx_word' id='word_1_808' title='bbox 1451 4980 1751 5050; x_wconf 80' lang='lat' dir='ltr'><strong>Apostolus</strong></span> 
     </span>
    </p>
   </div>
   <div class='ocr_carea' id='block_1_95' title="bbox 144 5072 1742 5146">
    <p class='ocr_par' dir='ltr' id='par_1_95' title="bbox 144 5072 1742 5146">
     <span class='ocr_line' id='line_1_95' title="bbox 144 5072 1742 5146; baseline 0.003 -20"><span class='ocrx_word' id='word_1_809' title='bbox 144 5072 348 5129; x_wconf 85' lang='lat' dir='ltr'><strong>docet:</strong></span> <span class='ocrx_word' id='word_1_810' title='bbox 411 5077 504 5146; x_wconf 87' lang='lat' dir='ltr'><strong>qui</strong></span> <span class='ocrx_word' id='word_1_811' title='bbox 561 5076 793 5145; x_wconf 87' lang='lat' dir='ltr'><strong>elegisse</strong></span> <span class='ocrx_word' id='word_1_812' title='bbox 848 5074 983 5131; x_wconf 90' lang='lat' dir='ltr'><strong>dicit</strong></span> <span class='ocrx_word' id='word_1_813' title='bbox 1032 5073 1318 5128; x_wconf 88' lang='lat' dir='ltr'><strong>Dominum</strong></span> <span class='ocrx_word' id='word_1_814' title='bbox 1379 5074 1742 5142; x_wconf 88' lang='lat' dir='ltr'><strong>Salvatorem,</strong></span> 
     </span>
    </p>
   </div>
   <div class='ocr_carea' id='block_1_96' title="bbox 143 5165 1747 5235">
    <p class='ocr_par' dir='ltr' id='par_1_96' title="bbox 143 5165 1747 5235">
     <span class='ocr_line' id='line_1_96' title="bbox 143 5165 1747 5235; baseline 0.001 -14"><span class='ocrx_word' id='word_1_815' title='bbox 143 5166 305 5222; x_wconf 86' lang='lat' dir='ltr'><strong>stu!ta</strong></span> <span class='ocrx_word' id='word_1_816' title='bbox 335 5169 523 5223; x_wconf 91' lang='lat' dir='ltr'><strong>mundi</strong></span> <span class='ocrx_word' id='word_1_817' title='bbox 567 5178 624 5224; x_wconf 92' lang='lat' dir='ltr'><strong>et</strong></span> <span class='ocrx_word' id='word_1_818' title='bbox 678 5168 918 5232; x_wconf 79' lang='lat' dir='ltr'><strong>inﬁrma,</strong></span> <span class='ocrx_word' id='word_1_819' title='bbox 979 5175 1039 5222; x_wconf 91' lang='lat' dir='ltr'><strong>ut</strong></span> <span class='ocrx_word' id='word_1_820' title='bbox 1065 5165 1429 5221; x_wconf 84' lang='lat' dir='ltr'><strong>contunderet</strong></span> <span class='ocrx_word' id='word_1_821' title='bbox 1474 5165 1747 5235; x_wconf 82' lang='lat' dir='ltr'><strong>sapientes</strong></span> 
     </span>
    </p>
   </div>
   <div class='ocr_carea' id='block_1_97' title="bbox 145 5258 1750 5332">
    <p class='ocr_par' dir='ltr' id='par_1_97' title="bbox 145 5258 1750 5332">
     <span class='ocr_line' id='line_1_97' title="bbox 145 5258 1750 5332; baseline 0.002 -21"><span class='ocrx_word' id='word_1_822' title='bbox 145 5271 196 5313; x_wconf 83' lang='lat' dir='ltr'><strong>et</strong></span> <span class='ocrx_word' id='word_1_823' title='bbox 248 5261 407 5314; x_wconf 77' lang='lat' dir='ltr'><strong>tot-tia</strong></span> <span class='ocrx_word' id='word_1_824' title='bbox 460 5260 504 5332; x_wconf 95' lang='lat' dir='ltr'><strong>(l</strong></span> <span class='ocrx_word' id='word_1_825' title='bbox 545 5259 666 5316; x_wconf 83' lang='lat' dir='ltr'><strong>Cor.</strong></span> <span class='ocrx_word' id='word_1_826' title='bbox 699 5261 761 5331; x_wconf 90' lang='grc' dir='ltr'><strong>ι).</strong></span> <span class='ocrx_word' id='word_1_827' title='bbox 801 5260 955 5317; x_wconf 90' lang='lat' dir='ltr'><strong>Unde</strong></span> <span class='ocrx_word' id='word_1_828' title='bbox 984 5270 1040 5316; x_wconf 90' lang='lat' dir='ltr'><strong>et</strong></span> <span class='ocrx_word' id='word_1_829' title='bbox 1065 5259 1134 5315; x_wconf 92' lang='lat' dir='ltr'><strong>ad</strong></span> <span class='ocrx_word' id='word_1_830' title='bbox 1177 5261 1474 5330; x_wconf 85' lang='lat' dir='ltr'><strong>Apostolos</strong></span> <span class='ocrx_word' id='word_1_831' title='bbox 1502 5258 1750 5314; x_wconf 85' lang='lat' dir='ltr'><strong>Salvator</strong></span> 
     </span>
    </p>
   </div>
   <div class='ocr_carea' id='block_1_98' title="bbox 144 5351 1747 5424">
    <p class='ocr_par' dir='ltr' id='par_1_98' title="bbox 144 5351 1747 5424">
     <span class='ocr_line' id='line_1_98' title="bbox 144 5351 1747 5424; baseline 0.002 -21"><span class='ocrx_word' id='word_1_832' title='bbox 144 5351 321 5408; x_wconf 87' lang='lat' dir='ltr'><strong>aiebat</strong></span> <span class='ocrx_word' id='word_1_833' title='bbox 351 5370 364 5407; x_wconf 93' lang='lat'><strong>:</strong></span> <span class='ocrx_word' id='word_1_834' title='bbox 428 5353 550 5408; x_wconf 84' lang='lat' dir='ltr'><strong>Nisi</strong></span> <span class='ocrx_word' id='word_1_835' title='bbox 579 5356 811 5409; x_wconf 83' lang='lat' dir='ltr'><strong>conversi</strong></span> <span class='ocrx_word' id='word_1_836' title='bbox 841 5355 1044 5424; x_wconf 87' lang='lat' dir='ltr'><strong>fueritis</strong></span> <span class='ocrx_word' id='word_1_837' title='bbox 1093 5355 1242 5422; x_wconf 84' lang='lat' dir='ltr'><strong>quasi</strong></span> <span class='ocrx_word' id='word_1_838' title='bbox 1273 5370 1408 5408; x_wconf 86' lang='lat' dir='ltr'><strong>unus</strong></span> <span class='ocrx_word' id='word_1_839' title='bbox 1452 5351 1517 5406; x_wconf 89' lang='lat' dir='ltr'><strong>de</strong></span> <span class='ocrx_word' id='word_1_840' title='bbox 1554 5353 1747 5424; x_wconf 84' lang='lat' dir='ltr'><strong>pueris,</strong></span> 
     </span>
    </p>
   </div>
   <div class='ocr_carea' id='block_1_99' title="bbox 144 5443 1748 5519">
    <p class='ocr_par' dir='ltr' id='par_1_99' title="bbox 144 5443 1748 5519">
     <span class='ocr_line' id='line_1_99' title="bbox 144 5443 1748 5519; baseline 0.003 -23"><span class='ocrx_word' id='word_1_841' title='bbox 144 5459 244 5499; x_wconf 87' lang='lat' dir='ltr'><strong>non</strong></span> <span class='ocrx_word' id='word_1_842' title='bbox 269 5445 537 5500; x_wconf 88' lang='lat' dir='ltr'><strong>intrabitis</strong></span> <span class='ocrx_word' id='word_1_843' title='bbox 579 5447 633 5500; x_wconf 88' lang='lat' dir='ltr'><strong>in</strong></span> <span class='ocrx_word' id='word_1_844' title='bbox 693 5463 908 5518; x_wconf 85' lang='lat' dir='ltr'><strong>regnum</strong></span> <span class='ocrx_word' id='word_1_845' title='bbox 936 5446 1182 5502; x_wconf 69' lang='lat' dir='ltr'><strong>caelorum</strong></span> <span class='ocrx_word' id='word_1_846' title='bbox 1222 5443 1446 5519; x_wconf 79' lang='lat' dir='ltr'><strong>(Matth.</strong></span> <span class='ocrx_word' id='word_1_847' title='bbox 1479 5459 1634 5509; x_wconf 84' lang='lat' dir='ltr'><strong>xvttt,</strong></span> <span class='ocrx_word' id='word_1_848' title='bbox 1668 5446 1748 5516; x_wconf 81' lang='lat'><strong>3).</strong></span> 
     </span>
    </p>
   </div>
   <div class='ocr_carea' id='block_1_100' title="bbox 143 5533 1752 5610">
    <p class='ocr_par' dir='ltr' id='par_1_100' title="bbox 143 5533 1752 5610">
     <span class='ocr_line' id='line_1_100' title="bbox 143 5533 1752 5610; baseline 0.003 -20"><span class='ocrx_word' id='word_1_849' title='bbox 143 5533 285 5594; x_wconf 85' lang='lat' dir='ltr'><strong>Puer</strong></span> <span class='ocrx_word' id='word_1_850' title='bbox 315 5550 502 5594; x_wconf 87' lang='lat' dir='ltr'><strong>autem</strong></span> <span class='ocrx_word' id='word_1_851' title='bbox 534 5539 775 5596; x_wconf 75' lang='lat' dir='ltr'><strong>efﬁcitur</strong></span> <span class='ocrx_word' id='word_1_852' title='bbox 815 5541 939 5595; x_wconf 90' lang='lat' dir='ltr'><strong>novi</strong></span> <span class='ocrx_word' id='word_1_853' title='bbox 971 5539 1253 5610; x_wconf 87' lang='lat' dir='ltr'><strong>Evangelii</strong></span> <span class='ocrx_word' id='word_1_854' title='bbox 1280 5537 1628 5609; x_wconf 65' lang='lat' dir='ltr'><strong>praedicator,</strong></span> <span class='ocrx_word' id='word_1_855' title='bbox 1662 5541 1752 5609; x_wconf 91' lang='lat' dir='ltr'><strong>qui</strong></span> 
     </span>
    </p>
   </div>
   <div class='ocr_carea' id='block_1_101' title="bbox 145 5675 1734 5798">
    <p class='ocr_par' dir='ltr' id='par_1_101' title="bbox 145 5675 1734 5798">
     <span class='ocr_line' id='line_1_101' title="bbox 145 5675 1734 5798; baseline -0.001 -70"><span class='ocrx_word' id='word_1_856' title='bbox 145 5746 162 5798; x_wconf 58' lang='grc' dir='ltr'><strong><em>Ι</em></strong></span> <span class='ocrx_word' id='word_1_857' title='bbox 209 5675 571 5798; x_wconf 59' lang='grc' dir='ltr'>ιιΡθιρετίιιιι</span> <span class='ocrx_word' id='word_1_858' title='bbox 617 5676 820 5744; x_wconf 85' lang='lat' dir='ltr'><strong>Vatic.,</strong></span> <span class='ocrx_word' id='word_1_859' title='bbox 873 5677 1245 5748; x_wconf 88' lang='lat' dir='ltr'><strong>signorumque</strong></span> <span class='ocrx_word' id='word_1_860' title='bbox 1286 5677 1508 5745; x_wconf 87' lang='lat' dir='ltr'><strong>factores</strong></span> <span class='ocrx_word' id='word_1_861' title='bbox 1555 5675 1734 5743; x_wconf 85' lang='lat' dir='ltr'><strong>appel-</strong></span> 
     </span>
     <span class='ocr_line' id='line_1_102' title="bbox 161 5764 339 5798; baseline 0 0"><span class='ocrx_word' id='word_1_862' title='bbox 161 5765 225 5798; x_wconf 86' lang='lat' dir='ltr'><strong>an</strong></span> <span class='ocrx_word' id='word_1_863' title='bbox 251 5764 339 5798; x_wconf 85' lang='lat' dir='ltr'><strong>ur.</strong></span> 
     </span>
    </p>
   </div>
   <div class='ocr_carea' id='block_1_102' title="bbox 161 5756 1747 5891">
    <p class='ocr_par' dir='ltr' id='par_1_102' title="bbox 161 5756 1747 5891">
     <span class='ocr_line' id='line_1_103' title="bbox 161 5756 1747 5891; baseline -0.001 -19"><span class='ocrx_word' id='word_1_864' title='bbox 161 5756 372 5876; x_wconf 40' lang='lat' dir='ltr'><strong>“Tillio</strong></span> <span class='ocrx_word' id='word_1_865' title='bbox 401 5818 608 5876; x_wconf 83' lang='lat' dir='ltr'><strong>somnia</strong></span> <span class='ocrx_word' id='word_1_866' title='bbox 637 5819 926 5891; x_wconf 84' lang='lat' dir='ltr'><strong>legendum</strong></span> <span class='ocrx_word' id='word_1_867' title='bbox 955 5818 1131 5878; x_wconf 87' lang='lat' dir='ltr'><strong>omnia</strong></span> <span class='ocrx_word' id='word_1_868' title='bbox 1158 5817 1442 5876; x_wconf 84' lang='lat' dir='ltr'><strong>contendit</strong></span> <span class='ocrx_word' id='word_1_869' title='bbox 1471 5815 1747 5872; x_wconf 84' lang='lat' dir='ltr'><strong>Victorius</strong></span> 
     </span>
    </p>
   </div>
   <div class='ocr_carea' id='block_1_103' title="bbox 1858 4702 3459 4778">
    <p class='ocr_par' dir='ltr' id='par_1_103' title="bbox 1858 4702 3459 4778">
     <span class='ocr_line' id='line_1_104' title="bbox 1858 4702 3459 4778; baseline -0.003 -15"><span class='ocrx_word' id='word_1_870' title='bbox 1858 4709 2036 4764; x_wconf 90' lang='lat' dir='ltr'><strong>nium.</strong></span> <span class='ocrx_word' id='word_1_871' title='bbox 2069 4707 2124 4763; x_wconf 86' lang='lat' dir='ltr'><strong>Si</strong></span> <span class='ocrx_word' id='word_1_872' title='bbox 2155 4707 2225 4762; x_wconf 91' lang='lat' dir='ltr'><strong>de</strong></span> <span class='ocrx_word' id='word_1_873' title='bbox 2255 4708 2444 4778; x_wconf 90' lang='lat' dir='ltr'><strong>aliquo</strong></span> <span class='ocrx_word' id='word_1_874' title='bbox 2466 4747 2480 4767; x_wconf 91' lang='lat'><strong>,</strong></span> <span class='ocrx_word' id='word_1_875' title='bbox 2517 4704 2722 4774; x_wconf 91' lang='lat' dir='ltr'><strong>inquit,</strong></span> <span class='ocrx_word' id='word_1_876' title='bbox 2764 4702 3026 4757; x_wconf 84' lang='lat' dir='ltr'><strong>dubitatis</strong></span> <span class='ocrx_word' id='word_1_877' title='bbox 3047 4743 3060 4766; x_wconf 94' lang='lat'><strong>,</strong></span> <span class='ocrx_word' id='word_1_878' title='bbox 3098 4702 3294 4757; x_wconf 87' lang='lat' dir='ltr'><strong>scitote</strong></span> <span class='ocrx_word' id='word_1_879' title='bbox 3323 4707 3459 4759; x_wconf 51' lang='lat' dir='ltr'><strong>seri-</strong></span> 
     </span>
    </p>
   </div>
   <div class='ocr_carea' id='block_1_104' title="bbox 1856 4793 3498 4874">
    <p class='ocr_par' dir='ltr' id='par_1_104' title="bbox 1856 4793 3498 4874">
     <span class='ocr_line' id='line_1_105' title="bbox 1856 4793 3498 4874; baseline -0.005 -16"><span class='ocrx_word' id='word_1_880' title='bbox 1856 4811 2006 4874; x_wconf 91' lang='lat' dir='ltr'><strong>ptum</strong></span> <span class='ocrx_word' id='word_1_881' title='bbox 2042 4820 2054 4856; x_wconf 89' lang='lat'><strong>:</strong></span> <span class='ocrx_word' id='word_1_882' title='bbox 2088 4801 2316 4868; x_wconf 87' lang='lat' dir='ltr'><strong>Gentes,</strong></span> <span class='ocrx_word' id='word_1_883' title='bbox 2351 4815 2484 4871; x_wconf 88' lang='lat' dir='ltr'><strong>quas</strong></span> <span class='ocrx_word' id='word_1_884' title='bbox 2513 4797 2799 4862; x_wconf 89' lang='lat' dir='ltr'><strong>Dominus,</strong></span> <span class='ocrx_word' id='word_1_885' title='bbox 2837 4795 2980 4850; x_wconf 84' lang='lat' dir='ltr'><strong>Deus</strong></span> <span class='ocrx_word' id='word_1_886' title='bbox 3011 4803 3132 4849; x_wconf 90' lang='lat' dir='ltr'><strong>tuus</strong></span> <span class='ocrx_word' id='word_1_887' title='bbox 3167 4793 3455 4865; x_wconf 87' lang='lat' dir='ltr'><strong>disperdet</strong></span> <span class='ocrx_word' id='word_1_888' title='bbox 3493 4863 3498 4866; x_wconf 21' lang='grc' dir='ltr'>ί</span> 
     </span>
    </p>
   </div>
   <div class='ocr_carea' id='block_1_105' title="bbox 1853 4887 3454 4962">
    <p class='ocr_par' dir='ltr' id='par_1_105' title="bbox 1853 4887 3454 4962">
     <span class='ocr_line' id='line_1_106' title="bbox 1853 4887 3454 4962; baseline -0.004 -12"><span class='ocrx_word' id='word_1_889' title='bbox 1853 4913 1881 4950; x_wconf 86' lang='lat' dir='ltr'><strong>a</strong></span> <span class='ocrx_word' id='word_1_890' title='bbox 1909 4896 2044 4952; x_wconf 80' lang='lat' dir='ltr'><strong>facie</strong></span> <span class='ocrx_word' id='word_1_891' title='bbox 2074 4905 2184 4962; x_wconf 87' lang='lat' dir='ltr'><strong>tua,</strong></span> <span class='ocrx_word' id='word_1_892' title='bbox 2210 4894 2237 4934; x_wconf 63' lang='grc' dir='ltr'>δ</span> <span class='ocrx_word' id='word_1_893' title='bbox 2269 4895 2481 4951; x_wconf 90' lang='lat' dir='ltr'><strong>somnia</strong></span> <span class='ocrx_word' id='word_1_894' title='bbox 2513 4891 2740 4947; x_wconf 86' lang='lat' dir='ltr'><strong>audiunt</strong></span> <span class='ocrx_word' id='word_1_895' title='bbox 2773 4899 2826 4944; x_wconf 88' lang='lat' dir='ltr'><strong>et</strong></span> <span class='ocrx_word' id='word_1_896' title='bbox 2856 4887 3071 4944; x_wconf 82' lang='lat' dir='ltr'><strong>divinos</strong></span> <span class='ocrx_word' id='word_1_897' title='bbox 3102 4904 3114 4942; x_wconf 93' lang='lat'><strong>:</strong></span> <span class='ocrx_word' id='word_1_898' title='bbox 3147 4887 3241 4942; x_wconf 91' lang='lat' dir='ltr'><strong>tibi</strong></span> <span class='ocrx_word' id='word_1_899' title='bbox 3272 4897 3454 4944; x_wconf 87' lang='lat' dir='ltr'><strong>autem</strong></span> 
     </span>
    </p>
   </div>
   <div class='ocr_carea' id='block_1_106' title="bbox 1855 4980 3455 5056">
    <p class='ocr_par' dir='ltr' id='par_1_106' title="bbox 1855 4980 3455 5056">
     <span class='ocr_line' id='line_1_107' title="bbox 1855 4980 3455 5056; baseline -0.003 -12"><span class='ocrx_word' id='word_1_900' title='bbox 1855 5005 1960 5044; x_wconf 92' lang='lat' dir='ltr'><strong>non</strong></span> <span class='ocrx_word' id='word_1_901' title='bbox 2002 4989 2079 5044; x_wconf 87' lang='lat' dir='ltr'><strong>ita</strong></span> <span class='ocrx_word' id='word_1_902' title='bbox 2120 4988 2346 5044; x_wconf 86' lang='lat' dir='ltr'><strong>tradidit</strong></span> <span class='ocrx_word' id='word_1_903' title='bbox 2388 4986 2656 5042; x_wconf 85' lang='lat' dir='ltr'><strong>Dominus</strong></span> <span class='ocrx_word' id='word_1_904' title='bbox 2713 4984 2858 5040; x_wconf 84' lang='lat' dir='ltr'><strong>Deus</strong></span> <span class='ocrx_word' id='word_1_905' title='bbox 2914 4991 3036 5038; x_wconf 90' lang='lat' dir='ltr'><strong>tuus</strong></span> <span class='ocrx_word' id='word_1_906' title='bbox 3081 4999 3094 5036; x_wconf 94' lang='lat'><strong>:</strong></span> <span class='ocrx_word' id='word_1_907' title='bbox 3138 4980 3455 5056; x_wconf 81' lang='lat' dir='ltr'><strong>Prophetam</strong></span> 
     </span>
    </p>
   </div>
   <div class='ocr_carea' id='block_1_107' title="bbox 1863 5076 3452 5147">
    <p class='ocr_par' dir='ltr' id='par_1_107' title="bbox 1863 5076 3452 5147">
     <span class='ocr_line' id='line_1_108' title="bbox 1863 5076 3452 5147; baseline -0.002 -12"><span class='ocrx_word' id='word_1_908' title='bbox 1863 5093 1882 5120; x_wconf 73' lang='grc' dir='ltr'><strong><em>ο</em></strong></span> <span class='ocrx_word' id='word_1_909' title='bbox 1915 5081 2053 5137; x_wconf 81' lang='lat' dir='ltr'><strong>vobis</strong></span> <span class='ocrx_word' id='word_1_910' title='bbox 2075 5081 2338 5137; x_wconf 84' lang='lat' dir='ltr'><strong>suscitabit</strong></span> <span class='ocrx_word' id='word_1_911' title='bbox 2366 5079 2617 5132; x_wconf 88' lang='lat' dir='ltr'><strong>Dominus</strong></span> <span class='ocrx_word' id='word_1_912' title='bbox 2646 5077 2784 5132; x_wconf 89' lang='lat' dir='ltr'><strong>Deus</strong></span> <span class='ocrx_word' id='word_1_913' title='bbox 2807 5085 2970 5132; x_wconf 87' lang='lat' dir='ltr'><strong>vester</strong></span> <span class='ocrx_word' id='word_1_914' title='bbox 2996 5076 3060 5131; x_wconf 91' lang='lat' dir='ltr'><strong>de</strong></span> <span class='ocrx_word' id='word_1_915' title='bbox 3093 5077 3343 5147; x_wconf 79' lang='lat' dir='ltr'><strong>fratribus</strong></span> <span class='ocrx_word' id='word_1_916' title='bbox 3368 5095 3452 5132; x_wconf 86' lang='lat' dir='ltr'><strong>ve-</strong></span> 
     </span>
    </p>
   </div>
   <div class='ocr_carea' id='block_1_108' title="bbox 1851 5169 3449 5241">
    <p class='ocr_par' dir='ltr' id='par_1_108' title="bbox 1851 5169 3449 5241">
     <span class='ocr_line' id='line_1_109' title="bbox 1851 5169 3449 5241; baseline -0.002 -12"><span class='ocrx_word' id='word_1_917' title='bbox 1851 5175 1994 5240; x_wconf 79' lang='lat' dir='ltr'><strong>stris,</strong></span> <span class='ocrx_word' id='word_1_918' title='bbox 2025 5174 2154 5227; x_wconf 83' lang='lat' dir='ltr'><strong>sicut</strong></span> <span class='ocrx_word' id='word_1_919' title='bbox 2182 5189 2284 5236; x_wconf 86' lang='lat' dir='ltr'><strong>me,</strong></span> <span class='ocrx_word' id='word_1_920' title='bbox 2307 5170 2457 5226; x_wconf 88' lang='lat' dir='ltr'><strong>illum</strong></span> <span class='ocrx_word' id='word_1_921' title='bbox 2481 5171 2700 5224; x_wconf 77' lang='lat' dir='ltr'><strong>audietis</strong></span> <span class='ocrx_word' id='word_1_922' title='bbox 2730 5169 2922 5238; x_wconf 83' lang='lat' dir='ltr'><strong>(Deut.</strong></span> <span class='ocrx_word' id='word_1_923' title='bbox 2955 5186 3109 5236; x_wconf 83' lang='lat' dir='ltr'><strong>xvm,</strong></span> <span class='ocrx_word' id='word_1_924' title='bbox 3143 5169 3265 5241; x_wconf 83' lang='grc'><strong>15).</strong></span> <span class='ocrx_word' id='word_1_925' title='bbox 3300 5170 3449 5226; x_wconf 79' lang='lat' dir='ltr'><strong>Unde</strong></span> 
     </span>
    </p>
   </div>
   <div class='ocr_carea' id='block_1_109' title="bbox 1855 5261 3452 5334">
    <p class='ocr_par' dir='ltr' id='par_1_109' title="bbox 1855 5261 3452 5334">
     <span class='ocr_line' id='line_1_110' title="bbox 1855 5261 3452 5334; baseline -0.004 -13"><span class='ocrx_word' id='word_1_926' title='bbox 1855 5267 1899 5321; x_wconf 83' lang='lat' dir='ltr'><strong>si</strong></span> <span class='ocrx_word' id='word_1_927' title='bbox 1931 5264 2096 5320; x_wconf 88' lang='lat' dir='ltr'><strong>vultis</strong></span> <span class='ocrx_word' id='word_1_928' title='bbox 2125 5277 2283 5318; x_wconf 77' lang='lat' dir='ltr'><strong>nosse</strong></span> <span class='ocrx_word' id='word_1_929' title='bbox 2315 5262 2468 5334; x_wconf 70' lang='lat'><strong>127</strong></span> <span class='ocrx_word' id='word_1_930' title='bbox 2493 5280 2615 5332; x_wconf 77' lang='lat' dir='ltr'><strong>qua:</strong></span> <span class='ocrx_word' id='word_1_931' title='bbox 2641 5262 2806 5316; x_wconf 88' lang='lat' dir='ltr'><strong>dubia</strong></span> <span class='ocrx_word' id='word_1_932' title='bbox 2828 5271 2980 5328; x_wconf 89' lang='lat' dir='ltr'><strong>sunt,</strong></span> <span class='ocrx_word' id='word_1_933' title='bbox 3006 5262 3182 5331; x_wconf 86' lang='lat' dir='ltr'><strong>magis</strong></span> <span class='ocrx_word' id='word_1_934' title='bbox 3207 5276 3303 5316; x_wconf 85' lang='lat' dir='ltr'><strong>vos</strong></span> <span class='ocrx_word' id='word_1_935' title='bbox 3324 5261 3452 5331; x_wconf 88' lang='lat' dir='ltr'><strong>legi,</strong></span> 
     </span>
    </p>
   </div>
   <div class='ocr_carea' id='block_1_110' title="bbox 1855 5349 3458 5422">
    <p class='ocr_par' dir='ltr' id='par_1_110' title="bbox 1855 5349 3458 5422">
     <span class='ocr_line' id='line_1_111' title="bbox 1855 5349 3458 5422; baseline -0.005 -12"><span class='ocrx_word' id='word_1_936' title='bbox 1855 5367 1907 5410; x_wconf 91' lang='lat' dir='ltr'><strong>et</strong></span> <span class='ocrx_word' id='word_1_937' title='bbox 1938 5353 2266 5410; x_wconf 81' lang='lat' dir='ltr'><strong>testimoniis</strong></span> <span class='ocrx_word' id='word_1_938' title='bbox 2296 5353 2489 5408; x_wconf 84' lang='lat' dir='ltr'><strong>tradite</strong></span> <span class='ocrx_word' id='word_1_939' title='bbox 2513 5353 2942 5422; x_wconf 87' lang='lat' dir='ltr'><strong>Scripturarum.</strong></span> <span class='ocrx_word' id='word_1_940' title='bbox 2979 5349 3135 5417; x_wconf 86' lang='lat' dir='ltr'><strong>Quod</strong></span> <span class='ocrx_word' id='word_1_941' title='bbox 3176 5349 3222 5399; x_wconf 87' lang='lat' dir='ltr'><strong>si</strong></span> <span class='ocrx_word' id='word_1_942' title='bbox 3266 5349 3458 5402; x_wconf 82' lang='lat' dir='ltr'><strong>nolue-</strong></span> 
     </span>
    </p>
   </div>
   <div class='ocr_carea' id='block_1_111' title="bbox 1855 5439 3454 5514">
    <p class='ocr_par' dir='ltr' id='par_1_111' title="bbox 1855 5439 3454 5514">
     <span class='ocr_line' id='line_1_112' title="bbox 1855 5439 3454 5514; baseline -0.006 -13"><span class='ocrx_word' id='word_1_943' title='bbox 1855 5448 1928 5501; x_wconf 92' lang='lat' dir='ltr'><strong>rit</strong></span> <span class='ocrx_word' id='word_1_944' title='bbox 1948 5454 2126 5500; x_wconf 82' lang='lat' dir='ltr'><strong>vestra</strong></span> <span class='ocrx_word' id='word_1_945' title='bbox 2155 5446 2508 5514; x_wconf 85' lang='lat' dir='ltr'><strong>congregatio</strong></span> <span class='ocrx_word' id='word_1_946' title='bbox 2537 5443 2766 5497; x_wconf 86' lang='lat' dir='ltr'><strong>verbum</strong></span> <span class='ocrx_word' id='word_1_947' title='bbox 2801 5439 3014 5491; x_wconf 86' lang='lat' dir='ltr'><strong>Domini</strong></span> <span class='ocrx_word' id='word_1_948' title='bbox 3048 5451 3323 5508; x_wconf 63' lang='lat' dir='ltr'><strong>quaerere,</strong></span> <span class='ocrx_word' id='word_1_949' title='bbox 3348 5453 3454 5492; x_wconf 91' lang='lat' dir='ltr'><strong>non</strong></span> 
     </span>
    </p>
   </div>
   <div class='ocr_carea' id='block_1_112' title="bbox 1861 5528 3457 5593">
    <p class='ocr_par' dir='ltr' id='par_1_112' title="bbox 1861 5528 3457 5593">
     <span class='ocr_line' id='line_1_113' title="bbox 1861 5528 3457 5593; baseline -0.003 -2"><span class='ocrx_word' id='word_1_950' title='bbox 1861 5536 2084 5593; x_wconf 82' lang='lat' dir='ltr'><strong>habebit</strong></span> <span class='ocrx_word' id='word_1_951' title='bbox 2114 5535 2292 5591; x_wconf 88' lang='lat' dir='ltr'><strong>lucem</strong></span> <span class='ocrx_word' id='word_1_952' title='bbox 2327 5535 2574 5590; x_wconf 83' lang='lat' dir='ltr'><strong>veritatis</strong></span> <span class='ocrx_word' id='word_1_953' title='bbox 2599 5549 2612 5583; x_wconf 87' lang='lat'><strong>:</strong></span> <span class='ocrx_word' id='word_1_954' title='bbox 2635 5528 2734 5584; x_wconf 90' lang='lat' dir='ltr'><strong>sed</strong></span> <span class='ocrx_word' id='word_1_955' title='bbox 2760 5529 3063 5586; x_wconf 64' lang='lat' dir='ltr'><strong>versabitur</strong></span> <span class='ocrx_word' id='word_1_956' title='bbox 3086 5529 3142 5583; x_wconf 92' lang='lat' dir='ltr'><strong>in</strong></span> <span class='ocrx_word' id='word_1_957' title='bbox 3166 5542 3353 5584; x_wconf 87' lang='lat' dir='ltr'><strong>errore</strong></span> <span class='ocrx_word' id='word_1_958' title='bbox 3375 5537 3457 5587; x_wconf 81' lang='lat' dir='ltr'><strong>te-</strong></span> 
     </span>
    </p>
   </div>
   <div class='ocr_carea' id='block_1_113' title="bbox 1848 5671 2557 5732">
    <p class='ocr_par' dir='ltr' id='par_1_113' title="bbox 1848 5671 2557 5732">
     <span class='ocr_line' id='line_1_114' title="bbox 1848 5671 2557 5732; baseline -0.014 0"><span class='ocrx_word' id='word_1_959' title='bbox 1848 5691 1920 5732; x_wconf 84' lang='lat' dir='ltr'><strong>ex</strong></span> <span class='ocrx_word' id='word_1_960' title='bbox 1946 5671 2355 5730; x_wconf 89' lang='lat' dir='ltr'><strong>Deuteronomii</strong></span> <span class='ocrx_word' id='word_1_961' title='bbox 2389 5676 2557 5722; x_wconf 88' lang='lat' dir='ltr'><strong>textu.</strong></span> 
     </span>
    </p>
   </div>
   <div class='ocr_carea' id='block_1_114' title="bbox 1933 5737 2947 5811">
    <p class='ocr_par' dir='ltr' id='par_1_114' title="bbox 1933 5737 2947 5811">
     <span class='ocr_line' id='line_1_115' title="bbox 1933 5737 2947 5811; baseline -0.007 -11"><span class='ocrx_word' id='word_1_962' title='bbox 1933 5759 1953 5784; x_wconf 73' lang='grc' dir='ltr'><strong>ο</strong></span> <span class='ocrx_word' id='word_1_963' title='bbox 1984 5745 2188 5809; x_wconf 79' lang='lat' dir='ltr'><strong>Vatic.,</strong></span> <span class='ocrx_word' id='word_1_964' title='bbox 2219 5739 2532 5811; x_wconf 84' lang='lat' dir='ltr'><strong>Propltetam</strong></span> <span class='ocrx_word' id='word_1_965' title='bbox 2557 5743 2620 5794; x_wconf 90' lang='lat' dir='ltr'><strong>de</strong></span> <span class='ocrx_word' id='word_1_966' title='bbox 2650 5737 2814 5806; x_wconf 80' lang='lat' dir='ltr'><strong>vobis,</strong></span> <span class='ocrx_word' id='word_1_967' title='bbox 2838 5745 2947 5793; x_wconf 86' lang='lat' dir='ltr'><strong>etc.</strong></span> 
     </span>
    </p>
   </div>
  </div>
