4008 6340
187 350 304 417 118

791 354 1443 414 (ΞΟἏΜΕΝΤΛΒΙΟΒΗΜ
1483 350 1549 411 ΙΝ
1587 352 1826 413 ISAIAM
1865 353 2287 413 PROPHETAM
2329 354 2459 413 LIB.
2502 354 2591 413 Ill.
2633 355 2789 414 CAP.
2828 356 2923 414 IX.

3404 358 3510 421 126

184 469 352 526 labat
417 470 477 528 in
545 470 787 529 tenebris
811 513 827 539 ,
898 472 1073 529 lucem
1131 464 1349 526 videret
1374 513 1389 537 ,
1452 482 1799 541 nequaquam
1823 470 1878 534 Α
1904 469 2141 527 tionibus
2168 476 2225 527 et
2248 471 2316 529 ab
2343 468 2606 528 ﬂebraica
2624 467 2857 530 veritate
2881 474 3051 530 distet
3078 472 3299 546 Vulgata
3328 485 3503 532 trans-

192 580 454 637 parvam,
488 574 547 621 ut
570 563 797 619 aliorum
824 564 1218 636 prophetarum
1245 605 1260 630 ,
1289 562 1387 619 sed
1424 576 1678 633 magnam
1696 604 1712 629 ,
1739 567 1801 618 ut

1905 565 2057 632 latio,
2078 563 2308 637 diligens
2337 566 2514 623 lector
2538 578 2818 639 agnoscat.
2845 568 2925 624 Ad
2950 567 3129 625 lucem
3161 569 3352 639 ipsam,
3381 585 3501 642 qum

195 660 326 730 ejus
347 660 439 730 qui
471 660 524 712 in
558 658 857 728 Evangelio
888 656 1170 728 loquitur:
1200 654 1317 730 Ege
1345 670 1461 711 sum
1486 652 1581 710 luat
1615 653 1804 710 mundi
1904 658 2155 729 apparuit
2186 657 2385 729 populo
2413 657 2468 714 in
2491 659 2733 715 tenebris
2754 660 3078 729 constituto,
3104 662 3161 717 id
3180 662 3368 735 est,ad
3398 660 3504 729 Do-

196 751 385 825 (Joan.
411 764 527 815 vnt,
553 748 667 822 η).
696 749 766 805 Et
783 750 875 820 qui
901 749 1227 805 habitabant
1254 752 1309 804 in
1338 749 1560 820 regione
1586 747 1798 804 umbras

195 845 417 912 mortis,
449 844 541 898 lux
574 848 698 898 orta
730 850 817 898 est
856 842 955 898 eis.
984 841 1134 897 inter
1180 850 1410 898 mortem
1448 850 1504 897 et
1547 840 1797 896 umbram

193 935 394 993 mortis
414 977 431 1001 ,
460 935 567 990 hoc
594 948 720 990 esse
743 942 875 1005 puto
897 974 915 1002 ,
953 933 1098 1002 quod
1131 946 1281 988 mors
1307 946 1494 990 eorum
1528 939 1654 1000 est,
1702 932 1797 1004 qui

192 1043 321 1085 eum
342 1028 603 1099 operibus
629 1026 865 1083 mortuis
881 1025 946 1080 ad
964 1026 1168 1083 inferos
1192 1036 1588 1098 perrexerunt:
1609 1026 1797 1081 Anima

190 1120 357 1185 enim,
381 1130 500 1192 qua
520 1120 819 1189 peccaverit,
843 1119 957 1191 ipso
981 1120 1232 1175 morietur
1250 1118 1469 1187 (Each.
1496 1133 1653 1183 xvttt,
1675 1118 1793 1191 20);

190 1214 390 1269 umbra
417 1222 598 1270 autem
630 1213 822 1269 mortis
857 1227 1049 1270 eorum
1077 1222 1198 1277 est,
1227 1215 1319 1285 qui
1372 1227 1496 1271 cum
1543 1221 1793 1284 peccent,

193 1305 431 1362 necdum
468 1306 537 1361 de
560 1306 671 1362 vita
701 1307 804 1362 ista
852 1306 1063 1377 egressi
1106 1315 1231 1362 sunt
1262 1323 1277 1360 :
1312 1314 1542 1375 possunt
1571 1306 1719 1362 enim
1750 1305 1798 1362 sl

194 1398 471 1455 voluerint
501 1414 669 1471 agere
698 1401 1101 1470 paenitentiam.
1134 1400 1241 1455 Pro
1268 1398 1495 1455 Galilaza
1535 1402 1796 1471 gentium,

150 1510 153 1511 ν
191 1492 389 1560 Aquila
412 1494 557 1554 θῖνας
581 1494 834 1563 gentium,
863 1492 1227 1564 Symmachus
1268 1493 1519 1547 terminos
1566 1492 1798 1566 gentium

188 1584 539 1654 interpretati
566 1594 729 1651 sunt;
774 1588 917 1646 θῖνας
950 1592 1131 1639 autem
1173 1585 1401 1641 tumulos
1441 1583 1799 1656 intelligimus

184 1693 475 1732 arenarum
501 1716 515 1737 .
561 1676 658 1748 qui
705 1677 790 1731 vel
823 1677 876 1732 in
920 1676 1200 1732 littoribus
1222 1718 1236 1743 ,
1271 1676 1361 1733 vel
1391 1675 1443 1729 in
1478 1675 1615 1745 ripis
1641 1687 1791 1731 sunt.

191 1770 416 1828 Hebraei
469 1769 760 1826 credentes
816 1771 870 1825 in
925 1768 1242 1837 Christum,
1301 1771 1448 1826 hunc
1490 1771 1670 1826 locum
1720 1770 1793 1826 ita

1901 752 2108 806 miuum
2132 750 2463 809 Salvatorem
2488 751 2544 807 lit
2568 753 2922 823 apostropha.
2951 753 3021 809 Et
3044 754 3247 809 diritur
3260 755 3325 810 ad
3349 768 3500 810 eum:

1906 844 2060 917 131
2095 844 2467 916 Multiplicasti
2493 854 2725 917 gentem,
2761 845 2865 901 hoc
2892 854 2997 911 est,
3047 843 3273 915 replesti
3312 859 3502 901 omnes

1899 946 2087 1007 gentes
2121 937 2311 993 notitia
2368 937 2480 1002 tui;
2539 937 2636 993 sed
2690 952 2794 992 non
2840 936 3193 1009 magniﬁcasti
3246 937 3501 994 lanitium.

1898 1027 2060 1084 Juxta
2089 1027 2233 1099 quod
2258 1028 2550 1097 Apostolus
2593 1041 2885 1084 rumorem
2916 1025 3017 1081 sibi
3062 1026 3197 1081 dicit
3230 1040 3351 1081 esse
3385 1040 3507 1095 prr-

1901 1130 2120 1193 petuum
2142 1136 2240 1191 pro
2266 1121 2526 1178 fratribus
2546 1122 2659 1177 suis
2676 1122 2770 1193 qui
2790 1129 2920 1177 sunt
2936 1120 3196 1176 lsraelitaa
3218 1118 3403 1189 (Rom.
3421 1119 3502 1193 x).

1899 1215 1970 1270 Et
2015 1214 2181 1270 Jonas
2223 1216 2600 1282 contristatur,
2653 1216 2797 1285 quod
2848 1216 2918 1269 ita
2959 1214 3151 1271 salvati
3186 1215 3296 1270 sint
3348 1213 3507 1270 Nini-

1900 1308 2029 1363 vitae
2056 1306 2245 1379 (lente
2273 1307 2374 1377 tv),
2424 1318 2485 1363 ut
2510 1309 2818 1376 cucurbita,
2852 1309 2968 1364 sive
2997 1322 3212 1366 crcstou
3238 1307 3258 1385 (
3289 1305 3504 1403 τνῙΞἿΡ)

1901 1399 2130 1455 eruerit.
2154 1398 2223 1454 Et
2254 1401 2374 1470 ipse
2403 1400 2665 1457 Dominus
2686 1401 2924 1472 loquitur
2943 1402 2995 1456 in
3015 1402 3345 1473 Evangelio:
3376 1398 3501 1456 Non

1899 1493 2013 1551 verti
2044 1492 2231 1546 nisiad
2253 1508 2366 1548 oves
2390 1494 2618 1564 perditas
2645 1494 2829 1550 domus
2862 1493 3027 1550 Israel
3058 1493 3218 1567 (Mat.
3248 1509 3344 1563 xv,
3374 1492 3498 1566 24).

1902 1584 1969 1639 Et
1991 1584 2048 1639 in
2079 1584 2561 1653 passionezPatcr,
2590 1588 2636 1641 si
2662 1587 2796 1657 ﬁeri,
2826 1589 3029 1656 inquit,
3054 1595 3238 1660 potest,
3268 1595 3495 1643 transeat

1899 1680 2161 1734 culisiste
2183 1695 2217 1733 a
2242 1693 2324 1733 me
2348 1678 2511 1747 (Mat.
2546 1695 2691 1748 xxvr,
2722 1678 2839 1751 ὅθ).
2871 1682 2973 1747 Qui
3002 1680 3155 1737 locus
3192 1684 3335 1737 hunc
3365 1696 3497 1738 sen-

1896 1786 2018 1827 sum
2053 1770 2245 1825 habet:
2278 1769 2333 1825 Si
2358 1778 2536 1840 potest
2556 1770 2699 1837 ﬁeri,
2725 1779 2784 1825 ut
2802 1770 2923 1826 sine
2945 1770 3497 1827 interituludteorum

185 1863 521 1920 edisserunt.
550 1861 735 1918 Primo
765 1871 1007 1933 tempore
1022 1864 1105 1918 he
1125 1864 1249 1919 duae
1266 1864 1440 1920 tribus
1467 1860 1709 1919 Zabulon
1736 1870 1794 1920 et
1822 1864 1869 1927 Β
1896 1864 2085 1921 credat
2130 1862 2374 1935 gentium
2428 1862 2734 1929 multitudo,
2790 1862 3098 1932 passionem
3141 1878 3358 1919 recuso.
3396 1863 3496 1919 Sin

182 1957 478 2027 Nephtbali
510 1957 582 2012 ab
606 1956 850 2030 Assyriis
876 1964 1049 2027 captae
1085 1955 1243 2030 13o
1268 1966 1413 2025 sunt,
1448 1966 1503 2012 et
1525 1956 1703 2013 doctas
1735 1957 1788 2013 in

186 2049 446 2106 ltoStilem
467 2056 700 2115 terram;
728 2057 783 2104 at
807 2047 1265 2105 Galiltea’deserta
1289 2056 1376 2104 est
1398 2046 1489 2120 (iV
1513 2048 1647 2122 Reg.
1672 2048 1788 2121 sv),

184 2158 351 2213 quam
383 2156 526 2201 nunc
564 2143 830 2214 propheta
862 2142 997 2199 dicit
1027 2144 1328 2199 relevalam
1356 2156 1481 2199 esse
1503 2186 1518 2210 ,
1551 2157 1618 2199 eo
1642 2141 1786 2214 quod

185 2246 413 2309 peccata
435 2237 621 2308 populi
652 2237 971 2293 sustineret.
1000 2234 1199 2292 Postea
1236 2245 1416 2292 autem
1459 2248 1571 2292 non
1611 2236 1787 2293 solum

187 2330 313 2386 dum
344 2330 539 2396 tribus,
585 2330 683 2386 sed
727 2340 782 2385 et
834 2329 1084 2402 reliqum,
1118 2344 1240 2401 quae
1271 2327 1593 2385 habitabant
1636 2338 1789 2385 trans

184 2422 484 2480 Iordanem
508 2432 565 2479 et
593 2423 648 2478 in
670 2418 944 2486 Samaria,
971 2422 1153 2479 ductae
1181 2431 1310 2479 sunt
1333 2423 1390 2478 in
1408 2423 1786 2494 captivitatem

191 2515 282 2586 (IV
308 2514 441 2589 Reg.
466 2525 574 2570 xvn
596 2523 645 2570 et
668 2514 841 2586 xvm).
876 2514 943 2570 Et
996 2514 1122 2582 hoe,
1176 2510 1448 2585 inquiunt,
1499 2515 1784 2587 Scriptura

185 2622 333 2664 nunc
363 2608 516 2670 dicit,
544 2607 687 2677 quod
716 2608 871 2678 regio
899 2607 1055 2675 cujus
1083 2607 1317 2677 populus
1347 2607 1558 2679 primus
1587 2608 1786 2663 ductus

186 2711 272 2757 est
293 2702 347 2757 lo
367 2702 744 2772 captivitatem
771 2738 787 2766 ,
816 2711 871 2756 et
898 2699 1216 2774 Babyloniis
1244 2702 1452 2757 servire
1490 2703 1662 2773 etrapit
1682 2743 1699 2772 ,
1729 2713 1783 2758 et

186 2805 315 2861 qua
341 2792 492 2861 prius
530 2792 585 2848 in
623 2791 867 2861 tenebris
897 2793 1224 2848 versabatur
1249 2794 1484 2860 erroris,
1514 2794 1632 2864 ipsa
1672 2793 1783 2863 pric

188 2897 342 2937 mum
376 2882 548 2938 lucem
576 2879 929 2953 prn'dlcantis
954 2884 1150 2940 viderit
1170 2883 1395 2951 Christi,
1427 2894 1483 2941 et
1522 2900 1588 2940 ex
1626 2899 1688 2940 ea
1730 2886 1784 2940 in

185 2974 481 3030 universas
507 2984 700 3046 gentes
722 2977 795 3030 sit
822 2974 1180 3046 Evsngelium
1228 2976 1576 3029 semiustum.
1616 2974 1787 3030 Naza-

183 3068 305 3133 raei,
332 3082 568 3138 quorum
593 3068 907 3138 opinionem
937 3080 1101 3138 supra
1130 3066 1308 3137 posui,
1333 3069 1479 3122 hunc
1504 3068 1682 3124 locum
1714 3068 1786 3123 ita

182 3158 491 3229 explanare
520 3168 791 3217 conantur
823 3177 838 3213 :
872 3159 1215 3216 Adveniente
1249 3159 1474 3216 Christo
1500 3168 1557 3215 et
1591 3160 1790 3230 praedi-

180 3255 410 3309 catione
439 3253 588 3307 illius
628 3260 959 3308 coruscsute
985 3293 1000 3319 ,
1032 3255 1204 3323 prima
1248 3263 1392 3311 terra
1446 3254 1686 3309 Zabnlon
1732 3264 1786 3310 et

180 3356 342 3400 terra
369 3343 662 3411 Neplttbali
683 3344 999 3405 Scribarum
1035 3353 1092 3398 et
1121 3344 1524 3399 Pharisaeorum
1573 3354 1658 3399 est
1704 3358 1790 3399 er-

178 3438 413 3495 roribus
441 3436 697 3502 liberata,
733 3448 789 3492 et
816 3437 1197 3507 gravissimum
1226 3437 1579 3493 traditionum
1605 3436 1795 3493 Judai-

179 3543 375 3586 cirum
403 3527 595 3598 jugum
624 3528 867 3583 excttssit
885 3527 955 3584 de
974 3516 1279 3582 cervicibus
1308 3530 1441 3591 suis.
1472 3527 1666 3584 Postea
1697 3541 1794 3583 au-

185 3632 300 3678 tem
331 3635 432 3690 per
464 3617 823 3688 Evangelinm
850 3618 1098 3689 Apostoli
1128 3618 1308 3684 Pauli,
1340 3617 1432 3690 qui
1463 3618 1792 3674 novissimus

187 3711 589 3781 Apostolorum
639 3710 883 3766 omnium
932 3711 1058 3780 fuit,
1111 3711 1389 3783 ingravate
1432 3719 1536 3777 est,
1577 3712 1629 3766 id
1681 3720 1785 3777 est,

190 3804 553 3873 multiplicata
584 3803 903 3873 pradicatio
930 3820 945 3858 t
979 3811 1036 3859 et
1071 3804 1126 3858 in
1156 3805 1422 3859 terminos
1461 3805 1704 3875 gentium
1736 3812 1791 3859 et

190 3897 337 3955 viam
361 3896 606 3953 universi
641 3898 804 3953 maris
829 3895 1035 3954 Christi
1080 3897 1437 3967 Evangellum
1485 3897 1787 3968 splenduit.

193 3990 440 4062 Denique
467 3990 654 4047 omnis
677 3991 847 4058 orbis,
874 3991 968 4062 qui
996 3998 1127 4046 ante
1152 3989 1485 4058 ambulabat,
1515 3990 1603 4045 vel
1631 3988 1791 4045 sedo-

191 4082 286 4138 bat
309 4083 363 4138 in
385 4084 645 4148 tenebris,
661 4090 718 4140 et
734 4083 1061 4139 idololatrite
1085 4099 1149 4140 ac
1167 4084 1361 4140 mortis
1384 4084 1614 4139 vinculis
1638 4092 1792 4139 tene-

193 4177 379 4242 batur,
400 4175 604 4231 elarum
638 4177 921 4248 Evangelii
944 4177 1129 4232 lumen
1161 4179 1395 4247 aspexit.

266 4266 450 4340 (Vera.
478 4267 618 4339 εει.)
652 4268 1018 4339 Hultiplicasti
1057 4278 1278 4341 gentem,
1309 4284 1413 4324 non
1442 4268 1795 4343 magniﬁcas“

192 4360 431 4416 letitiom
452 4376 474 4417 :
503 4361 812 4417 traiciuntur
829 4376 1005 4417 coram
1028 4372 1099 4425 te,
1119 4361 1252 4416 sient
1267 4360 1509 4416 ltetonntr
1525 4364 1580 4417 tn
1607 4378 1789 4432 messe,

188 4456 322 4509 sicut
348 4454 606 4509 exsultant
635 4455 857 4511 victores
886 4465 1040 4527 caput
1069 4455 1267 4524 prada,
1307 4454 1517 4526 quando
1555 4457 1793 4512 diuidunt

189 4547 379 4618 spolia.
404 4546 600 4621 Iugum
630 4549 761 4603 enim
784 4550 954 4603 oneris
980 4552 1113 4623 ejus,
1145 4559 1194 4603 et
1222 4549 1369 4620 virga
1391 4548 1594 4603 numeri
1616 4548 1787 4618 illius,

1890 1965 2073 2011 autent
2119 1955 2202 2011 illi
2232 1954 2545 2012 exctecandi
2594 1963 2743 2018 sunt,
2790 1969 2986 2011 omnes
3035 1966 3224 2026 gentes
3254 1956 3493 2023 videant,

1889 2050 2005 2117 list,
2033 2049 2214 2114 Pater,
2245 2049 2501 2104 voluntas
2523 2056 2639 2103 tua.
2666 2048 2800 2103 Cum
2826 2062 2958 2120 ergo
2977 2048 3232 2105 Christus
3257 2032 3497 2103 advenc-l

1890 2145 2002 2209 rit,
2048 2149 2105 2199 et
2141 2142 2578 2198 Christianorum
2628 2156 2765 2214 gens
2812 2141 2883 2198 de
2921 2142 3196 2198 universis
3237 2141 3493 2213 gentibus

1889 2234 2058 2289 fuerit
2096 2244 2463 2305 congregata:
2515 2243 2645 2291 tunc
2674 2235 3004 2291 ltetabuntur
3029 2235 3297 2307 Apostoli,
3349 2235 3495 2290 sicut

1889 2342 2163 2384 messores
2191 2329 2440 2383 ltetantur
2470 2329 2522 2383 in
2554 2340 2757 2394 messe,
2800 2328 2869 2384 de
2894 2328 3087 2398 quibus
3118 2328 3385 2382 Dominus
3413 2325 3493 2379 lo-

1889 2419 2197 2491 quebatur:
2229 2418 2419 2475 Moesis
2442 2420 2648 2490 quidem
2674 2420 2862 2485 multa,
2887 2420 3115 2489 operarii
3143 2430 3314 2473 autem
3337 2418 3495 2488 pauci

1889 2511 2109 2586 (Matth.
2139 2527 2215 2579 tx,
2247 2513 2363 2584 37).
2386 2512 2455 2567 Et
2480 2514 2621 2568 sicut
2649 2514 2926 2568 exsultant
2954 2513 3210 2575 victores,
3244 2513 3335 2583 qui
3366 2526 3497 2581 cap-

1890 2614 1999 2660 tam
2023 2603 2273 2660 dividunt
2302 2602 2565 2676 prsidem.
2588 2602 2724 2659 Cum
2754 2602 2901 2659 enim
2935 2600 3090 2658 fortis
3116 2611 3308 2673 captus
3331 2602 3497 2658 fuerit

1888 2709 1945 2755 et
1969 2701 2183 2769 ligatus,
2217 2699 2398 2754 omnis
2420 2697 2616 2753 domus
2647 2697 2765 2767 ejus
2789 2696 3070 2768 diripitur,
3097 2705 3150 2752 et
3174 2694 3494 2752 dividuntur

1886 2791 2062 2862 spolia
2094 2790 2311 2866 (Matth.
2344 2788 2463 2863 xu).
2495 2790 2577 2846 'l‘u
2606 2800 2814 2858 autem,
2849 2789 3081 2845 Domine
3106 2800 3269 2859 atque
3301 2788 3492 2845 Salva-

1889 2894 1992 2946 tor,
2036 2889 2228 2954 jugum
2281 2887 2467 2941 oneris
2495 2885 2634 2955 ejus,
2686 2884 2788 2939 hoc
2833 2892 2917 2939 est
2943 2882 3171 2947 diaboli,
3221 2881 3312 2953 qui
3342 2880 3492 2951 prius

1890 2980 2197 3035 exsultabat
2215 2981 2267 3034 in
2288 2978 2622 3049 mundo,qui
2645 2978 2857 3033 cunctis
2880 2977 3136 3047 gentibus
3161 2975 3491 3048 imperabat,

1891 3072 1983 3141 qui
2008 3072 2332 3141 gravissimo
2372 3070 2653 3124 servitutis
2691 3070 2819 3140 jugo
2847 3069 2986 3123 colla
3015 3068 3257 3123 omnium
3302 3066 3488 3137 deprl-

1895 3165 2112 3227 mebat;
2144 3170 2199 3217 et
2223 3161 2430 3231 virgam
2454 3176 2559 3230 qua
2582 3160 2923 3232 percutiebat
2950 3162 3255 3224 universos,
3280 3166 3337 3214 et
3365 3173 3493 3227 pec-

1893 3264 2013 3311 cata
2046 3254 2148 3309 sibi
2180 3252 2336 3323 quasi
2375 3254 2648 3324 quoddam
2681 3254 2939 3308 tributum
2975 3252 3206 3308 reddere
3245 3250 3493 3322 compel-

1894 3350 2061 3413 lebat,
2090 3347 2379 3402 detraxisti
2410 3348 2479 3402 de
2509 3345 2751 3401 humeris
2780 3361 3007 3400 eorum:
3040 3353 3096 3401 et
3118 3346 3211 3401 tibi
3236 3345 3494 3399 liberatos

1891 3441 2102 3496 servire
2144 3440 2317 3495 fecisti
2363 3441 2569 3509 absque
2601 3440 2711 3494 ullo
2757 3439 2997 3494 exercitu
3036 3448 3090 3495 et
3118 3439 3320 3508 absque
3350 3436 3488 3491 επῑιε

1893 3536 2052 3590 sione
2077 3532 2361 3605 sanguinis
2384 3534 2437 3591 in
2463 3530 2781 3593 abscondita
2811 3547 2974 3588 manu
3000 3549 3012 3584 :
3044 3533 3189 3585 sicut
3216 3527 3491 3600 quondam

1892 3629 1994 3685 sub
2014 3628 2277 3684 Gedeona
2306 3629 2503 3698 popqu
2529 3627 2694 3682 Israel
2739 3637 2763 3664 κ
2788 3626 2855 3681 de
2878 3626 3185 3682 Madianitis
3208 3622 3490 3679 victoriam

1894 3720 2174 3790 prtebuisti
2217 3719 2415 3790 (ludio.
2449 3720 2570 3789 vtt).
2608 3719 2895 3787 Quomodo
2944 3719 3091 3774 enim
3136 3717 3325 3782 vestis,
3369 3728 3491 3785 qum

1892 3812 2132 3869 humano
2159 3815 2424 3883 sanguine
2451 3820 2733 3868 cruentata
2756 3810 2864 3885 [AL
2899 3810 3150 3884 cruenta]
3184 3819 3291 3871 est,
3318 3808 3488 3863 lavari

1891 3923 1999 3963 non
2030 3914 2238 3977 potest;
2279 3906 2377 3963 sed
2417 3907 2619 3962 iniecta
2648 3906 2933 3978 sanguine,
2967 3908 3093 3976 igne
3123 3903 3487 3968 comburitur,

1892 4011 1950 4055 ιιι
1979 4000 2206 4059 maculat
2235 4012 2359 4055 cum
2386 4000 2719 4054 vestimento
2749 3998 2875 4054 ταξίΙί
2922 3998 3142 4053 cruoris
3172 3998 3444 4051 intereant
3475 4011 3489 4048 ι

1890 4095 1969 4151 sic
2008 4094 2210 4151 diaboli
2244 4092 2480 4150 violenta
2516 4092 2780 4162 prtedatio
2822 4102 2877 4146 et
2907 4090 3173 4145 tumultus
3201 4101 3265 4142 ac
3295 4087 3488 4151 turbat,

1889 4190 2089 4262 quibus
2132 4189 2426 4243 humanum
2475 4187 2580 4241 sibi
2631 4185 3171 4255 subjeceratgenus,
3222 4180 3491 4251 gehennae

1891 4283 2107 4353 ignibus
2130 4280 2403 4350 deputatas
2428 4286 2581 4333 sunt.
2604 4276 2745 4333 LXX
2778 4293 2885 4331 non
2917 4291 3130 4341 omnes,
3161 4268 3255 4329 sed
3286 4281 3494 4341 partem

1890 4376 2179 4448 quamdam
2216 4375 2398 4445 populi
2426 4373 2727 4429 credidisse
2756 4370 3101 4443 signiﬁcant:
3136 4370 3266 4424 licet
3297 4380 3397 4439 pro
3429 4379 3499 4422 eo

1891 4468 2036 4538 quod
2052 4468 2131 4523 illi
2155 4467 2434 4531 dixerunt,
2457 4465 2786 4520 deduxistiin
2812 4464 3011 4527 laetitia,
3039 4463 3132 4517 alii
3156 4459 3501 4531 interpretati

1897 4565 2008 4619 sint
2036 4560 2406 4630 magniﬁcnsti.
2434 4558 2503 4611 Et
2528 4572 2651 4612 cum
2672 4559 2726 4610 in
2747 4556 2970 4625 reliquis
2992 4555 3241 4611 eumdem
3274 4566 3497 4607 sensum

196 4600 245 4693 ert
276 4600 535 4705 sceptruin
570 4642 825 4696 caesuris
862 4644 977 4714 ejus
1001 4600 1282 4712 iuprrasti,
1303 4600 1448 4696 asiam
1476 4643 1530 4696 in
1559 4645 1645 4698 die
1672 4600 1792 4697 Ile:-

1898 4600 2008 4619 ω...
2038 4600 2406 4630 .....,.-.,.-..-...
2434 4600 2503 4611 ...
2531 4600 2651 4612 νυ...
2750 4600 2969 4625 .ν...,...ν
2994 4600 3241 4611 μυηυν..-

1900 4660 2143 4713 teneant.
2174 4650 2370 4705 stolam
2417 4656 2800 4718 congregatum
2834 4647 2979 4711 dolo,
3029 4656 3085 4701 et
3109 4644 3497 4701 vestimentum

196 4730 341 4788 diua.
374 4732 518 4798 Quia
542 4733 715 4789 omnis
754 4734 983 4789 uiolenta
1008 4735 1259 4803 πράσιἱο
1300 4750 1421 4793 cum
1446 4734 1669 4791 tumultu
1698 4752 1717 4791 ,ν
1746 4745 1798 4791 et

195 4823 549 4886 "Nimium
587 4826 803 4881 mixtam
830 4825 1086 4898 sanguine
1112 4826 1209 4879 erit
1247 4827 1302 4880 in
1326 4828 1725 4882 constructionem
1748 4836 1798 4885 et

194 4915 336 4969 cibus
361 4918 517 4990 ignis.
548 4916 692 4973 LXX
717 4936 728 4972 :
762 4916 1058 4973 Plurimum
1088 4928 1285 4987 partem
1314 4920 1494 4989 populi
1536 4920 1802 4975 deduxisti

194 5007 245 5062 in
273 5008 461 5064 ltetitia
504 5019 633 5065 tua:
679 5021 729 5066 et
771 5011 1080 5066 ltutabuntur
1109 5013 1162 5065 in
1202 5021 1472 5084 conspectu
1501 5022 1612 5078 tuo,
1662 5013 1798 5081 sicut

170 5099 365 5177 .lctari
388 5101 556 5163 solem
577 5103 633 5157 in
663 5119 848 5169 utesse,
874 5112 927 5160 et
951 5105 1083 5163 sicut
1112 5102 1169 5161 Ιιὲ
1195 5103 1287 5173 qui
1314 5102 1550 5161 diuidunt
1572 5103 1745 5174 spolia
1775 5121 1794 5158 :

196 5194 314 5263 quia
339 5194 574 5248 ablatum
596 5205 667 5249 est
682 5198 875 5267 jugum
899 5196 1038 5267 quod
1062 5210 1226 5267 supra
1248 5195 1389 5264 ipsos
1412 5202 1522 5247 erat
1546 5193 1793 5261 positum,

197 5297 242 5341 et
270 5290 418 5358 uirga
437 5289 503 5343 de
522 5288 663 5343 collo
678 5305 878 5343 eorum.
913 5289 1067 5364 Virga
1088 5289 1223 5345 enim
1241 5295 1545 5343 exacturum
1566 5285 1798 5353 dissipa-

197 5379 353 5448 bitur,
390 5382 522 5436 sicut
547 5383 601 5435 in
622 5381 706 5436 die
728 5380 966 5437 Madian.
993 5383 1128 5448 Quia
1149 5397 1351 5451 omnem
1372 5381 1559 5447 uelutis
1580 5393 1796 5451 Capyn-

198 5483 368 5544 gatam
408 5474 549 5537 dolo,
582 5485 631 5528 et
656 5476 1007 5530 vestimentum
1036 5475 1457 5530 commntutionis
1481 5470 1750 5525 restituent
1777 5484 1797 5528 :

200 5576 245 5620 et
269 5570 479 5638 cupient
507 5567 628 5640 igne
649 5584 757 5623 esse
780 5568 1050 5623 combusti.
1076 5569 1134 5623 in
1164 5566 1414 5624 obscuris
1436 5564 1573 5618 locis
1598 5575 1801 5619 utram-

200 5673 299 5730 que
339 5661 641 5733 editionem
668 5662 958 5737 cauimus,
994 5672 1052 5733 tu
1078 5671 1347 5735 quantum
1373 5674 1406 5731 θ
1436 5657 1653 5723 castis
1680 5657 1797 5721 adi-

1897 4754 2309 4811 commutatum,
2337 4756 2460 4798 eum
2486 4740 2747 4811 adjiciunt
2772 4738 3135 4801 redditurum,
3163 4737 3217 4791 id
3248 4745 3356 4799 est,
3381 4733 3502 4789 dia-
3531 4743 3534 4747 ‘

1898 4840 2117 4897 bolum:
2139 4836 2285 4909 quod
2313 4833 2524 4891 scilicet
2550 4845 2742 4887 mones
2772 4829 3006 4890 animas,
3051 4828 3210 4900 13$
3237 4840 3371 4895 quas
3399 4824 3498 4881 Dei

1897 4932 2101 4999 auxilio
2130 4931 2455 5001 nudaverat,
2497 4943 2619 4983 cum
2647 4922 2990 4981 ornamentis
3036 4922 3286 4995 pristinis
3314 4917 3499 4983 reddi-

1897 5040 2052 5093 turus
2082 5029 2190 5082 sit:
2224 5042 2332 5081 uon
2362 5024 2536 5087 solum
2569 5022 2707 5090 ipse,
2741 5018 2838 5074 sed
2866 5026 2921 5071 et
2950 5017 3216 5073 satellites
3243 5014 3360 5084 ejus
3388 5015 3500 5070 dte-

1902 5136 2132 5179 mones:
2174 5120 2372 5192 quibus
2398 5116 2442 5171 si
2470 5116 2625 5187 optio
2652 5113 2833 5175 detur,
2876 5110 3048 5181 magis
3076 5111 3282 5183 eligant
3317 5109 3501 5179 perire

1904 5214 2158 5275 ﬂammis,
2189 5224 2350 5281 quam
2384 5206 2619 5279 praedam
2650 5206 2900 5277 perdere.

1977 5305 2159 5374 (Vers.
2186 5303 2269 5370 6.)
2303 5300 2560 5354 Parvulus
2588 5300 2718 5354 enim
2746 5307 2901 5352 notus
2924 5304 2999 5348 est
3025 5296 3196 5358 nobis,
3230 5292 3373 5361 [ilius
3395 5293 3495 5346 da-

1904 5409 1985 5467 ttss
2005 5405 2084 5466 est
2108 5395 2255 5463 trahi;
2277 5406 2295 5469 ξ
2321 5400 2372 5463 ιε
2398 5395 2572 5467 {actus
2602 5403 2674 5447 est
2708 5391 3031 5460 principatus
3053 5401 3207 5453 super
3228 5385 3500 5436 humerum

1904 5492 2020 5563 ejus
2043 5504 2061 5552 ;
2084 5492 2131 5540 et
2154 5482 2414 5539 vocabitur
2440 5500 2622 5538 nomen
2644 5484 2758 5552 ejus
2783 5472 3127 5537 admirabilis,
3152 5470 3502 5539 consiliarius,

1906 5561 2067 5643 Deus,
2094 5578 2266 5650 fortis,
2291 5585 2434 5644 pater
2463 5573 2627 5645 futuri
2660 5566 2863 5630 amuli,
2896 5563 3134 5634 princeps
3161 5562 3326 5631 pacis.
3361 5561 3505 5619 Μαι.

1909 5674 2233 5747 tipliubitttr
2396 5665 2694 5738 imperim,
2726 5670 2775 5717 et
2977 5671 3079 5711 non
3104 5657 3205 5721 erit
3229 5653 3352 5725 ﬁni;
3368 5673 3390 5715 ι
3420 5670 3510 5729 ιιι-

283 5857 307 5889 ι
333 5847 552 5910 Vitiose
574 5854 694 5902 erat
723 5846 933 5925 absque
954 5847 1020 5902 de
1049 5844 1440 5923 propositione
1468 5836 1667 5903 Maeli
1692 5836 2020 5907 Maius.
2044 5839 2174 5897 Mss.
2205 5834 2526 5900 emendant.
