4008 6324
505 246 610 306 127

1859 247 1916 303 S.
1959 246 2231 306 EUSEBII
2272 247 2657 307 HIERONYMI

3713 255 3822 312 128

505 386 599 440 per
629 371 812 425 solium
843 369 1036 434 David,
1066 379 1114 424 et
1143 386 1300 439 super
1328 385 1546 443 regnum
1584 375 1719 444 ejus,
1750 379 1807 426 ut
1834 372 2103 442 conﬁrmet
2135 389 2182 449 Α
2206 381 2385 427 sancto
2423 372 2598 429 Israel
2626 375 2680 428 in
2702 375 2913 430 veritate
2937 394 2956 431 :
2999 387 3048 432 et
3073 380 3212 450 quod
3238 379 3505 434 residuum
3547 387 3624 435 est
3654 377 3820 433 Iacob

504 463 641 520 illud
669 474 717 517 et
741 460 1027 516 corroboret
1048 461 1104 514 in
1120 461 1330 534 judicio
1353 472 1399 515 et
1423 463 1658 536 justitia,
1681 464 1868 519 amodo
1888 475 1936 519 et
1950 482 2109 534 usque

504 558 560 611 in
593 557 979 624 sempiternum.
1012 552 1173 610 Zelus
1215 554 1433 610 Domini
1457 558 1775 613 exercituum
1802 560 1958 630 faciet
1986 560 2106 615 hoc.

506 651 650 710 LXX
676 669 687 705 :
717 650 853 718 Quia
894 651 1144 722 parvulus
1186 661 1338 706 natus
1367 661 1442 705 est
1472 652 1638 714 nobis,
1679 654 1818 720 ﬁlius
1850 653 2004 709 datus
2036 665 2112 709 est

505 749 673 811 nobis,
705 751 852 816 cuius
876 747 1203 815 principatus
1225 751 1394 818 {actus
1412 757 1482 802 est
1502 765 1656 820 super
1675 747 1946 802 humerum
1966 751 2077 818 ejus
2093 765 2113 804 .°

504 849 552 894 et
579 851 794 895 vocatur
809 856 997 894 nomen
1024 843 1136 911 ejus
1158 841 1336 912 magni
1359 841 1564 895 consilii
1584 842 1815 896 nuntius.
1843 842 2113 898 Adducam

506 937 641 988 enim
668 950 847 1005 pacem
870 950 1027 1002 super
1051 933 1330 1002 principes,
1356 944 1406 989 et
1425 936 1701 989 sanitatem
1725 939 1836 1008 ejus
1851 952 1871 991 :
1898 953 2113 1009 magnus

505 1033 833 1100 principatus
854 1029 1021 1093 illius,
1049 1037 1099 1084 et
1121 1031 1265 1098 pacis
1283 1046 1383 1083 non
1406 1040 1481 1084 est
1505 1032 1776 1097 terminus,
1797 1049 1956 1098 super
1972 1033 2116 1086 thro-

509 1136 636 1174 num
667 1119 835 1176 Dauid
863 1132 909 1176 et
936 1139 1153 1194 regnum
1182 1128 1328 1196 ejus:
1371 1135 1425 1179 ut
1450 1127 1677 1198 corrigat
1705 1127 1860 1194 illud,
1890 1138 1938 1182 et
1962 1130 2116 1184 auxi-

516 1213 676 1267 lietur
695 1215 750 1268 in
769 1215 974 1282 judicio
1001 1226 1046 1270 et
1057 1218 1270 1288 justitia
1291 1235 1309 1272 :
1331 1234 1395 1272 ea:
1413 1217 1511 1272 hoc
1541 1237 1677 1274 nunc
1702 1230 1750 1274 et
1779 1237 1934 1290 usque
1954 1223 2005 1275 in
2027 1238 2118 1277 ste-

511 1307 707 1360 culum.
729 1307 888 1362 Zelus
911 1308 1120 1363 Domini
1141 1311 1355 1364 sabaotlt
1376 1312 1675 1381 faciet/two.
1695 1313 1824 1368 Ideo
1840 1314 2112 1383 diabolus,

511 1408 568 1455 et
596 1401 776 1456 omnis
796 1400 916 1470 ejus
948 1402 1179 1457 violenta
1214 1404 1502 1474 prasdatio,
1551 1421 1651 1474 qua
1685 1405 1984 1462 humanum
2018 1423 2117 1478 op-

510 1502 989 1564 presseratgenus,
1005 1504 1060 1551 et
1079 1498 1400 1568 sanguinem
1416 1498 1665 1568 sanguini
1681 1501 1996 1568 miscuerat,
2010 1503 2120 1559 erit

515 1589 570 1645 in
597 1591 1054 1652 combustionem.
1107 1602 1159 1648 et
1185 1593 1341 1648 cibus
1369 1594 1506 1664 ignis
1532 1597 1756 1651 aeterni:
1799 1597 1922 1666 quia
1958 1608 2118 1654 natus

513 1690 598 1736 est
625 1681 780 1736 nobis
807 1681 877 1737 de
907 1682 1131 1753 Virgine
1158 1699 1314 1755 puer.
1346 1684 1415 1740 de
1441 1701 1549 1755 quo
1571 1702 1734 1758 supra
1759 1687 1965 1744 dictum
1998 1697 2114 1744 est:

2211 482 2362 532 super
2392 465 2500 521 Deo
2527 468 2653 536 forti
2680 466 2836 540 (Isai.
2862 469 3010 540 vut),
3037 486 3135 539 pro
3158 471 3268 526 Deo
3296 472 3419 526 forti
3455 473 3510 526 in
3538 471 3817 528 Hebraico

2210 557 2473 625 seriptum
2513 558 2675 615 babet
2705 576 2771 615 EL
2797 577 3004 618 GIBBOR.
3033 562 3462 621 Patremiautem
3507 564 3681 619 futuri
3715 580 3818 620 su:-

2211 648 2319 703 culi
2343 658 2398 704 et
2424 652 2867 719 resurrectionis,
2887 655 3034 724 quod
3059 655 3113 708 in
3145 665 3330 710 nostra
3356 657 3654 712 vocatione
3671 672 3819 713 com-

2214 743 2423 814 pletur;
2456 754 2510 799 et
2536 745 2837 814 principem
2867 749 3035 816 pacis,
3065 749 3154 818 qui
3186 750 3400 804 locutus
3439 761 3524 806 est
3565 751 3635 805 ad
3677 753 3818 821 Apo-

2213 837 2420 891 stolos:
2450 838 2641 894 Pacem
2673 857 2838 896 meum
2864 842 2931 895 do
2960 843 3102 896 vobis
3120 884 3134 909 ,
3179 861 3360 911 pacem
3382 861 3551 900 meam
3583 847 3818 918 relinquo

2212 930 2350 984 vobis
2378 930 2558 999 (Joan.
2587 950 2699 1001 xw,
2733 934 2822 1002 2);
2867 951 2975 990 non
3005 937 3295 1002 dubitabit,
3325 941 3418 1007 qui
3459 955 3648 1007 pacem
3685 956 3813 995 nosa

2217 1031 2353 1076 tram
2378 1023 2532 1093 juxta
2576 1025 2801 1080 Paulum
2846 1028 3156 1099 apostolum
3201 1030 3394 1101 legerit
3448 1032 3813 1089 Salvatorem.

2217 1116 2331 1181 Qua
2365 1118 2644 1174 nominum
2676 1121 2962 1191 majestate
3003 1125 3332 1194 perterritos
3367 1125 3513 1181 LXX
3549 1144 3682 1183 reor
3713 1144 3814 1184 non

2216 1223 2338 1264 esse
2393 1225 2556 1267 ausos
2601 1214 2670 1268 de
2730 1229 2897 1284 puero
2945 1215 3164 1282 dicere,
3219 1219 3366 1285 quod
3425 1230 3621 1289 aperte
3675 1220 3816 1278 Deus

2219 1302 2577 1372 appellandus
2621 1307 2724 1372 sit,
2778 1315 2830 1362 et
2877 1317 3107 1364 caetera:
3157 1309 3256 1365 sed
3306 1326 3407 1382 pro
3449 1311 3535 1368 bis
3579 1330 3676 1369 sex
3723 1331 3817 1369 no-

2219 1395 2460 1451 minibus
2494 1399 2765 1466 posuisse,
2807 1401 2953 1468 quod
3004 1402 3056 1456 in
3091 1402 3359 1458 llebraico
3401 1419 3511 1460 non
3556 1406 3811 1471 habetur,

2219 1489 2393 1558 magni
2414 1490 2616 1544 consilii
2643 1491 2920 1565 Angelum,
2945 1503 2992 1548 et
3015 1495 3271 1549 adducam
3294 1512 3474 1568 pacem
3493 1513 3658 1567 super
3679 1498 3817 1568 prin-

2220 1581 2378 1648 cipes,
2435 1591 2480 1636 et
2509 1585 2777 1638 sanitatem
2827 1587 2959 1654 ejus.
3008 1585 3163 1655 Quod
3226 1588 3371 1643 bunc
3418 1590 3550 1643 mibi
3599 1605 3814 1646 sensum

2220 1669 2424 1726 habere
2476 1672 2733 1729 videtur:
2790 1676 2964 1746 Magni
3014 1679 3232 1734 consilii
3289 1680 3529 1750 Angelus
3573 1690 3686 1749 est,
3735 1683 3818 1752 qui

509 1773 797 1845 Antequam
818 1775 946 1829 sciat
969 1793 1094 1842 puer
1120 1777 1396 1844 reprobare
1422 1779 1618 1833 malum
1641 1789 1689 1834 et
1715 1781 1904 1853 eligere
1925 1783 2115 1836 bonum

2226 1763 2491 1818 nuntiavit
2519 1765 2677 1820 nobis
2709 1767 3074 1836 abjiciendum
3115 1786 3217 1838 pro
3250 1781 3504 1839 tempore
3547 1771 3744 1841 Israel,
3772 1785 3819 1829 et

515 1864 670 1935 (Isai.
693 1881 792 1930 vtt,
821 1866 910 1937 16)
933 1885 948 1922 :
973 1876 1025 1922 et
1049 1878 1239 1938 postea
1265 1869 1318 1922 in
1337 1871 1693 1939 generatione
1715 1870 2115 1942 Propltetissaz:

513 1958 804 2029 Antequam
844 1960 974 2013 sciat
1008 1976 1135 2029 puer
1168 1977 1351 2014 vocare
1392 1972 1590 2031 putrem
1632 1980 1786 2017 suum
1825 1973 1870 2019 et
1902 1977 2120 2021 matrem

515 2066 664 2104 suam
698 2049 852 2121 (Isai.
887 2067 1010 2115 vm,
1047 2053 1124 2122 4).
1154 2053 1263 2109 Iste
1312 2054 1476 2124 igitur
1523 2072 1677 2122 puer,
1711 2059 1802 2126 qui
1845 2070 2007 2114 natus
2038 2069 2124 2116 est

519 2142 588 2196 de
615 2142 864 2215 Virgine,
915 2146 1223 2215 appellatur
1256 2145 1588 2214 Emmanuel,
1623 2150 1674 2204 id
1708 2160 1812 2215 est,
1858 2153 2120 2207 nobiscum

518 2235 656 2290 Deus
675 2253 694 2291 :
724 2247 779 2293 et
800 2237 869 2293 de
899 2239 1274 2309 Prophetissa,
1307 2241 1410 2298 hoc
1439 2253 1544 2307 est,
1571 2244 1639 2300 de
1668 2245 1870 2302 Sancto
1892 2263 2122 2319 genera-

528 2336 616 2382 tus
643 2328 873 2399 Spiritu,
911 2345 1260 2404 nuncupatus
1285 2345 1393 2401 est,
1425 2338 1676 2404 accelera,
1702 2339 1875 2408 spolia
1904 2341 2122 2396 detrahe

515 2424 704 2488 festina
734 2425 966 2495 praedari
989 2444 1008 2482 :
1042 2443 1186 2484 nunc
1215 2430 1403 2486 multis
1434 2433 1751 2488 nominibus
1789 2435 2120 2502 appellatur.

518 2517 585 2571 Et
609 2518 742 2572 licet
762 2533 830 2574 ex
854 2535 919 2574 eo
938 2521 1082 2590 quod
1110 2537 1273 2591 supra
1301 2523 1536 2590 dixerat,
1562 2525 1906 2587 Emmanuel,
1940 2528 1990 2582 id
2017 2537 2122 2596 est,

519 2609 782 2664 nobiscum
817 2609 974 2677 Deus,
1006 2612 1177 2666 Deum
1226 2614 1375 2668 illum
1407 2630 1532 2671 esse
1581 2621 2006 2675 monstraverit:
2049 2631 2126 2676 ta-

521 2715 646 2755 men
681 2717 828 2756 nunc
857 2701 993 2757 dicit
1026 2702 1229 2758 factum
1265 2705 1412 2760 illius
1442 2708 1801 2778 principatum
1838 2726 2002 2780 super
2027 2713 2128 2768 bu-

521 2807 730 2848 merum
755 2795 897 2863 ejus,
931 2795 1017 2850 vel
1039 2796 1188 2866 quod
1218 2811 1435 2853 crucem
1460 2814 1613 2853 suam
1648 2803 1764 2871 ipse
1791 2805 2122 2870 portaverit:

524 2884 607 2938 vel
651 2900 749 2954 per
779 2887 1065 2941 humerum
1120 2890 1419 2946 ostendens
1459 2893 1666 2949 brachii
1723 2895 2123 2964 fortitudinem,

521 2976 714 3032 eodem
763 2976 899 3033 lsaia
951 2979 1169 3036 dicente
1223 2999 1238 3036 :
1290 2992 1315 3019 τι
1366 2984 1627 3039 Revelavit
1682 2986 1937 3044 Dominus
1985 2989 2128 3044 Deus

523 3073 790 3127 brachium
829 3084 1066 3130 sanctum
1100 3093 1248 3131 suum
1298 3080 1535 3135 omnibus
1562 3083 1794 3153 gentibus
1824 3085 1843 3158 (
1868 3084 1998 3140 Isai.
2030 3104 2124 3154 LII,

2219 1864 2410 1924 gentes
2437 1871 2559 1911 esse
2587 1859 2915 1915 salvandas:
2957 1860 3217 1932 deditque
3263 1877 3452 1932 parem
3485 1863 3822 1936 principibus

2219 1948 2356 2014 suis,
2391 1951 2668 2021 Apostolis
2702 1962 2756 2007 et
2784 1955 3104 2024 apostolicis
3136 1957 3290 2022 viris,
3333 1955 3491 2029 135.
3520 1967 3576 2012 et
3618 1960 3823 2013 Sanita-

2223 2053 2332 2099 tem
2363 2045 2674 2117 dogmatum
2698 2062 2922 2103 suorum
2950 2050 3309 2106 credentibus
3334 2052 3654 2122 dereliquit.
3675 2053 3824 2122 Quod

2223 2147 2406 2192 autem
2461 2139 2749 2208 sequitur:
2800 2140 3236 2214 Multiplicabitur
3286 2148 3398 2217 ejus
3439 2145 3740 2217 imperium,
3780 2158 3824 2200 et

2225 2232 2366 2299 pacis
2395 2247 2495 2285 non
2517 2234 2613 2285 erit
2641 2233 2801 2300 linis:
2832 2250 2928 2303 pro
2950 2251 3056 2305 quo
3085 2236 3226 2291 LXX
3255 2238 3692 2293 transtulerunt:
3722 2239 3828 2293 Ma-

2223 2341 2356 2394 gnus
2385 2326 2710 2397 principatus
2736 2330 2855 2400 ejus
2891 2345 2908 2381 :
2939 2331 3083 2384 scire
3124 2330 3389 2386 debemus
3419 2332 3566 2402 quod
3601 2335 3827 2389 verbum

2227 2417 2552 2472 l‘lcbraicum
2579 2435 2751 2475 MESBA
2775 2421 2990 2492 (muns)
3010 2432 3066 2476 et
3099 2423 3184 2477 hic
3211 2431 3269 2478 et
3294 2439 3464 2494 supra
3490 2423 3637 2480 LXX
3660 2432 3829 2502 ἀρχὴν

2227 2511 2279 2564 id
2311 2520 2417 2577 est,
2451 2510 2478 2549 ι)
2504 2513 2854 2583 principatum
2885 2516 3233 2585 interpretati
3263 2528 3414 2574 sunt.
3458 2519 3567 2574 Pro
3597 2537 3706 2590 quo
3736 2535 3830 2575 nos

2227 2617 2389 2674 supra
2426 2605 2797 2677 principatum,
2850 2607 2940 2663 bic
2977 2609 3253 2680 imperium
3300 2612 3594 2667 vertimus.
3638 2614 3826 2679 Aquila

2228 2705 2414 2750 autem
2435 2698 2588 2752 verbi
2608 2699 2959 2770 ambiguitate
2980 2701 3243 2773 deceptus
3265 2705 3472 2781 μέτρον,
3496 2703 3674 2767 idest,
3695 2721 3829 2760 men-

2226 2804 2401 2841 suram
2431 2788 2823 2860 interpretatus
2865 2803 2984 2857 est,
3032 2810 3154 2864 qua:
3193 2803 3250 2849 et
3289 2794 3563 2851 Hebraice
3595 2808 3618 2835 ε
3651 2808 3709 2852 et
3736 2797 3829 2852 La-

2233 2881 2343 2936 tine
2373 2882 2565 2937 eodem
2593 2885 2904 2952 appellatur
2931 2887 3178 2942 nomine.
3208 2887 3318 2942 Nec
3346 2888 3603 2944 dubitare
3637 2891 3828 2960 pmerit

2231 2975 2301 3030 de
2333 2976 2621 3044 multiplici
2673 2977 2972 3034 Salvatoris
3005 2981 3237 3049 imperio
3267 2990 3324 3036 et
3354 2997 3490 3051 pace
3539 2983 3682 3053 ejus,
3714 3001 3827 3053 qua:

2233 3085 2338 3124 non
2365 3069 2566 3126 habeat
2593 3072 2777 3139 linem,
2813 3074 2901 3140 qui
2935 3074 2986 3127 in
3022 3074 3252 3129 Psalmis
3287 3076 3516 3146 legerit:
3555 3076 3777 3132 Postula
3800 3095 3828 3132 α

523 3167 636 3235 10).
674 3167 738 3222 Et
765 3184 1014 3224 rursum:
1057 3170 1298 3241 Domine,
1345 3175 1462 3245 quis
1509 3178 1729 3232 credidit
1757 3180 1963 3233 auditui
2008 3197 2129 3234 nos-
2157 3174 2200 3233 C
2233 3179 2332 3226 meo
2362 3174 2409 3216 εί
2453 3165 2587 3219 dum
2618 3165 2709 3220 ubi
2732 3176 2908 3238 gelu“
2947 3167 3300 3222 hw’edi'a‘e’”
3347 3179 3512 3234 “mmo
3548 3183 3600 3226 εί
3628 3189 3829 3240 1³0⁸⁸⁸⁸-

522 3272 602 3316 tro
619 3279 638 3317 :
658 3271 704 3316 et
723 3263 992 3318 brachium
1010 3264 1217 3320 Domini
1239 3269 1323 3320 cui
1347 3271 1628 3324 revelatum
1645 3281 1716 3326 est
1738 3270 1897 3342 (Isai.
1917 3289 2028 3340 Llll,
2050 3273 2132 3345 1)?

523 3353 818 3411 Vocabitur
838 3372 968 3428 ergo
989 3369 1109 3427 post
1129 3359 1239 3414 duo
1264 3362 1509 3429 nomina,
1536 3378 1631 3418 sex
1649 3363 1770 3418 aliis
1785 3366 2128 3421 nominibus:

522 3447 898 3516 Admirabilis,
925 3452 1303 3517 Cousiliarius,
1332 3454 1501 3518 Deus,
1541 3456 1697 3528 133
1730 3458 1932 3522 Fortis,
1967 3461 2131 3514 Pater

522 3540 693 3596 futuri
721 3544 929 3608 szeculi,
960 3544 1226 3614 Princeps
1252 3546 1420 3613 pacis.
1451 3546 1567 3601 Non
1600 3549 1770 3612 enim,
1803 3559 1860 3604 ut
1890 3550 2133 3620 plerique

526 3644 743 3704 putant,
801 3636 928 3690 bina
976 3637 1248 3706 jungenda
1289 3651 1414 3694 sunt
1463 3642 1708 3706 nomina,
1754 3653 1814 3696 ut
1867 3644 2129 3711 legamus,

527 3727 879 3782 Admirabilis
898 3731 1273 3797 consiliarius,
1302 3741 1356 3787 et
1379 3749 1618 3794 rursum,
1643 3734 1786 3790 Deus
1805 3735 1984 3802 fortis;
2011 3739 2127 3805 sed,

530 3820 885 3876 Admirabilis
915 3822 1201 3891 legendum
1231 3835 1315 3880 est
1345 3828 1668 3895 separatim,
1691 3829 1835 3897 quod
1868 3829 2133 3886 Hebraice

527 3911 727 3968 dicitur
777 3929 948 3970 pusca
978 3899 1156 3988 (N55)
1185 3934 1196 3970 :
1229 3927 1285 3972 et
1325 3917 1684 3974 Cousiliarius
1734 3935 2006 3987 seorsum,
2041 3923 2130 3991 qui

530 4005 714 4076 lingua
737 4023 927 4062 eorum
953 4009 1264 4090 appellatur
1286 4026 1402 4065 ιειιεε
1431 4010 1638 4090 (Vw):
1664 4021 1715 4066 et
1743 4011 1884 4067 Deus
1913 4027 2132 4082 separa-

531 4098 650 4163 tim,
697 4101 790 4170 qui
825 4100 1092 4156 llebraice
1125 4118 1190 4157 El.
1221 4080 1359 4174 (ΒΝ)
1388 4080 1611 4157 dicitur.
1648 4103 1889 4173 Denique
1921 4080 2133 4158 incon-

527 4193 886 4261 sequentibus
915 4193 1005 4247 ubi
1035 4194 1300 4263 legimus:
1329 4195 1408 4250 Tu
1436 4213 1488 4250 es
1509 4197 1645 4250 enim
1675 4195 1837 4262 Deus,
1862 4206 1910 4251 et
1936 4198 2132 4251 nescie-

529 4283 740 4336 bamus:
776 4283 843 4337 Et
873 4285 1072 4339 iterum
1101 4305 1112 4338 :
1165 4285 1278 4360 Ego
1308 4305 1422 4342 sum
1459 4288 1616 4354 Deus,
1667 4299 1717 4343 et
1745 4306 1849 4344 non
1879 4299 1954 4345 est
1996 4289 2132 4347 alius

530 4385 716 4445 prwler
757 4392 836 4429 me
859 4375 1019 4446 (Isai.
1054 4394 1182 4443 xcv,
1211 4377 1300 4451 5),
1352 4392 1407 4436 et
1439 4382 1604 4436 multa
1638 4383 1721 4437 bis
1752 4382 1954 4438 similia
1987 4402 2000 4438 :
2034 4400 2132 4454 pro
2161 4431 2170 4440 κ

529 4484 597 4525 eo
621 4470 766 4536 quod
791 4474 842 4525 in
870 4470 1064 4528 Latino
1086 4473 1288 4529 dicitur
1313 4474 1470 4540 Deus,
1503 4478 1554 4532 in
1582 4476 1846 4533 llebraico
1870 4495 1936 4534 El.
1958 4481 2132 4548 scrip-

2235 3255 2431 3308 siouem
2461 3266 2603 3309 tuam
2633 3260 2878 3312 terminos
2909 3267 3062 3312 terra:
3087 3257 3208 3330 (Ps.
3243 3275 3315 3319 11.
3349 3259 3442 3330 8);
3493 3271 3550 3316 et
3579 3279 3792 3318 rursum
3817 3282 3827 3317 :

2237 3346 2304 3401 Et
2331 3350 2606 3404 multitudo
2633 3351 2794 3419 pacis,
2825 3351 2984 3405 donec
3001 3358 3270 3423 auferatur
3290 3352 3415 3407 luna
3438 3353 3558 3426 (Ps.
3584 3373 3737 3420 uxr,
3757 3358 3828 3427 7),

2236 3440 2288 3494 id
2320 3452 2424 3504 est,
2457 3457 2627 3512 usque
2657 3443 2724 3496 ad
2756 3445 3281 3499 consummationem
3311 3447 3518 3500 smculi.
3553 3447 3833 3518 Principa-

2236 3540 2326 3585 tus
2374 3543 2554 3587 autem
2590 3533 2734 3588 illius
2776 3543 2830 3588 et
2865 3535 3156 3604 imperium
3190 3537 3300 3591 erit
3349 3554 3515 3606 super
3560 3541 3761 3595 solium
3785 3553 3834 3596 et

2236 3638 2462 3692 regnum
2496 3625 2688 3694 David,
2737 3626 2881 3696 quod
2931 3637 3050 3696 post
3077 3630 3445 3698 captivitatem
3479 3630 3832 3702 Babyloniam

2237 3719 2412 3772 fuerat
2442 3718 2789 3789 dissipatum,
2824 3731 2883 3776 ut
2909 3721 3200 3778 conﬁrmet
3233 3722 3375 3795 illud
3391 3730 3446 3778 et
3490 3726 3832 3789 corroboret,

2235 3823 2289 3867 et.
2317 3812 2513 3867 doceat
2541 3829 2664 3869 esse
2695 3812 2720 3850 ά
2754 3825 3076 3886 perpetuum
3106 3816 3212 3888 (ne
3233 3832 3389 3872 cassa
3422 3818 3518 3872 Dei
3545 3821 3834 3888 promissio

2235 3907 2548 3977 videretur)
2581 3908 2653 3962 ab
2697 3909 3092 3965 lncarnationis
3125 3920 3371 3980 tempore
3407 3927 3581 3983 usque
3612 3915 3664 3968 in
3696 3931 3834 3970 sem-

2237 4004 2535 4073 piternum.
2570 4004 2861 4073 Propterea
2901 4017 3084 4058 autem
3118 4007 3286 4065 zelus.
3322 4006 3374 4061 id
3418 4019 3527 4072 est,
3561 4010 3835 4066 mtnulatio

2237 4096 2448 4149 Domini
2474 4096 2810 4151 exercituum
2843 4096 2972 4152 fecit
2999 4097 3122 4162 hoc,
3150 4097 3274 4167 quia
3298 4098 3397 4169 ipsi
3417 4115 3541 4152 eum
3577 4102 3645 4155 ad
3674 4118 3838 4155 a-tnu-

2236 4188 2496 4244 lationem
2522 4200 2958 4258 provocaverunt
2987 4191 3039 4244 in
3073 4189 3161 4244 bis
3189 4191 3282 4259 qui
3329 4207 3434 4245 non
3465 4203 3627 4247 erant
3657 4194 3752 4260 dii,
3786 4204 3839 4250 et

2237 4282 2327 4338 ille
2357 4297 2455 4337 eos
2477 4282 2878 4354 provocavitad
2908 4282 3272 4338 aemulandum
3297 4283 3352 4338 in
3373 4293 3558 4353 gente,
3586 4303 3710 4357 quae
3733 4303 3839 4342 non

2235 4389 2348 4432 erat
2362 4376 2683 4449 gens(Deut.
2701 4376 3091 4447 xxxn).Cmpta
3111 4377 3481 4432 Emmanuelis
3493 4389 3547 4433 et
3562 4380 3841 4436 nascentis

2235 4470 2388 4538 pueri
2416 4470 2485 4524 de
2507 4470 2728 4539 Virgine
2750 4469 3062 4540 prOpbetia,
3099 4485 3164 4526 ex
3189 4486 3256 4525 eo
3278 4471 3398 4526 loco
3416 4472 3506 4526 ubi
3539 4473 3746 4529 dicitur
3770 4474 3838 4528 ad

528 4573 640 4618 tum
673 4574 776 4621 est.
813 4568 1080 4636 Quodque
1109 4571 1376 4640 sequitur,
1404 4569 1607 4636 Fortis,
1643 4573 1910 4630 Hebraice
1939 4589 2126 4630 οιιιιιοιι
2155 4571 2207 4630 Ι)
2231 4565 2445 4620 Acbaz:
2479 4564 2606 4619 Pete
2629 4564 2722 4617 tibi
2743 4565 2946 4635 signum
2972 4582 3004 4618 a
3027 4562 3255 4618 Domino
3283 4564 3392 4618 Deo
3411 4577 3504 4620 tuo
3524 4607 3539 4631 ,
3565 4567 3842 4623 versiCttlo

529 4657 694 4728 (πω)
721 4661 1046 4729 appellatur.
1080 4661 1233 4718 Unde
1262 4674 1318 4717 et
1347 4665 1399 4719 in
1446 4680 1515 4720 eo
1556 4666 1678 4722 loco
1705 4667 1796 4722 ubi
1826 4667 1966 4722 idem
2001 4683 2127 4735 pro-

527 4748 689 4818 pheta
737 4764 1170 4810 commemorat:
1232 4754 1400 4810 Erunt
1444 4758 1762 4827 conﬁdentes
1811 4775 1964 4830 super
2017 4759 2126 4815 Deo

598 4890 948 4969 flixﬁraeeo
975 4896 1299 4969 ᾁποκαλύψει
1319 4895 1524 4969 Victor.
1552 4898 1768 4969 reponit
1798 4896 2084 4952 Revelabit.

599 4957 626 4995 δ
655 4960 710 5038 I_t_t
734 4961 936 5038 Vatia,
967 4966 1024 5017 id
1050 4979 1144 5026 est,
1180 4957 1510 5038 principium.

607 5041 629 5068 ε
665 5031 930 5108 Hebraice
969 5031 1187 5094 nm;
1235 5031 1456 5099 mesura.
1505 5041 1728 5106 dicitur,
1771 5055 1891 5108 quae
1937 5055 2035 5093 vox
2067 5051 2124 5096 ut

527 5101 642 5157 fere
667 5105 857 5159 eadem
891 5115 975 5160 est
998 5122 1119 5161 cum
1144 5125 1386 5163 mensura
1408 5101 1751 5177 Latinorum,
1784 5101 1856 5167 ita
1879 5129 1906 5165 a
1923 5117 2116 5178 mm,

520 5243 852 5261 "—-

2231 4662 2336 4715 isto
2369 4661 2514 4714 liuita
2545 4670 2651 4726 est,
2681 4675 2789 4728 quo
2817 4659 3075 4714 infertur:
3101 4659 3258 4714 Zelus
3289 4660 3502 4716 Domini
3522 4666 3841 4718 exercituum

2236 4752 2496 4826 [aciethoc
2525 4751 2682 4823 (Isai.
2709 4767 2802 4819 vn,
2827 4751 2937 4824 Η).
2965 4753 3116 4809 Nunc
3132 4754 3199 4809 ad
3232 4755 3439 4827 reliqua
3473 4767 3840 4816 transeamus.

2233 4914 2354 4969 qua:
2481 4905 2629 4952 textu
2672 4904 2794 4962 est,
2841 4906 2897 4951 et
2935 4898 3289 4965 principatum
3325 4908 3510 4964 sonat,
3555 4899 3845 4954 minimum

2232 4971 2347 5078 “33°
2348 4969 2597 5114 ﬂii-21:61
2625 5041 2820 5106 Vatic.,
2847 5056 2956 5094 esse
2983 5041 3308 5111 prophetam,
3341 5056 3404 5095 ne
3435 5056 3584 5094 cassa
3620 5042 3846 5114 promis-

2226 5114 2306 5167 sio
2336 5112 2443 5167 Dei
2454 5113 2751 5185 judicetur.

1507 5326 1984 5435 LIBER
2071 5325 2864 5455 QUARTUS.

598 5601 753 5675 135
765 5601 1066 5674 [aequales
1079 5602 1344 5659 dictamus
1364 5613 1389 5641 ιι
1407 5604 1596 5673 libros,
1613 5616 1669 5662 et
1686 5621 1785 5678 pro
1801 5605 2122 5662 diversitate

2230 5607 2498 5662 visionum
2516 5623 2580 5665 ac
2608 5622 2892 5678 sensuum,
2916 5611 3057 5668 alius
3082 5608 3450 5681 contrahitur,
3475 5609 3620 5669 alius
3653 5619 3850 5671 exten-

601 5766 628 5794 α
682 5758 884 5826 Vatic.,
941 5760 1197 5816 dictamus
1239 5759 1604 5831 explanatione
1651 5763 1848 5825 libros;
1895 5767 1948 5815 et
1991 5774 2121 5818 mox
2151 5769 2471 5819 transeamus
2505 5779 2604 5833 pro
2632 5764 2934 5821 transimus.
