4008 6380
140 300 230 356 1‘29

714 299 1359 359 COMMENTARIORUM
1401 298 1467 354 IN
1508 297 1745 357 ISAIAM
1784 295 2210 355 PROPIIETAM
2249 298 2378 354 LIB.
2423 296 2513 356 IV.
2555 296 2711 356 CAP.
2754 297 2845 356 IX.

3321 304 3426 360 130

137 413 298 469 ditur.
333 414 522 487 Itaque
568 414 717 471 ﬁnito
750 416 910 471 tertio
956 416 1259 481 volumine,
1308 414 1607 469 transimus
1654 412 1723 468 ad
1752 415 1803 475 Α
1833 411 2248 481 postabjectum
2271 412 2401 467 Saul
2423 422 2667 482 coeperat
2689 415 2743 469 in
2770 411 3138 479 David,missa
3162 415 3215 470 in
3237 415 3428 482 Iacob,

135 519 389 580 quartum
411 551 426 575 ,
454 511 545 580 qui
578 510 732 565 tertia
767 525 1019 565 mensura
1044 526 1300 567 versuum
1332 510 1516 580 priore
1547 509 1729 563 minor

138 610 242 667 est,
266 604 564 672 praesertim
595 617 717 657 cum
752 603 994 673 quintus,
1018 618 1182 674 quem
1214 602 1345 657 huic
1372 601 1513 657 libro
1539 601 1726 671 subje-

136 695 327 757 cimus,
357 695 624 750 historica:
645 696 1054 767 explanationis
1075 697 1169 763 sit,
1202 705 1257 751 et
1286 710 1426 766 pene
1451 695 1726 761 duplicem

136 801 416 843 numerum
458 785 684 843 habeat.
717 787 857 843 Dum
897 789 1044 844 enim
1071 798 1098 827 ι
1143 789 1397 844 nolumus
1438 786 1726 858 conjuncta

132 880 394 949 dividere,
436 890 492 938 et
533 882 666 936 olim
706 883 1057 952 interpretata
1102 882 1358 948 transire,
1392 882 1545 953 quasi
1585 879 1731 935 inter

130 975 265 1031 duas
297 976 464 1031 maris
502 975 717 1031 Pontici
748 975 1123 1049 συμπληνάδας
1156 975 1455 1030 naviculam
1486 981 1728 1029 nostram

130 1066 450 1135 direximus,
497 1082 619 1139 quae
664 1067 830 1124 ﬂante
872 1068 1084 1136 Spiritu
1130 1074 1343 1131 sancto,
1392 1074 1449 1121 et
1498 1064 1732 1120 Domino

130 1162 422 1219 Salvatore
469 1175 690 1217 cursum
742 1161 1015 1233 dirigente
1063 1171 1347 1227 nostrum,
1396 1158 1632 1215 elabitur
1678 1158 1732 1212 in

130 1254 379 1325 pelagus,
411 1254 628 1311 dicente
668 1264 741 1320 te,
790 1256 947 1326 virgo
985 1254 1192 1309 Christi
1239 1254 1596 1308 Eustochium
1642 1250 1736 1303 :A

127 1360 350 1419 quatuor
373 1349 534 1402 ventis
560 1348 674 1402 coeli
702 1348 838 1411 veni,
865 1348 1105 1418 spiritus,
1147 1354 1194 1400 et
1230 1356 1435 1398 mortua
1460 1360 1578 1399 ossa
1607 1343 1737 1396 vivi—

128 1437 234 1508 ﬁca
271 1436 492 1507 (Ezech.
535 1452 748 1498 xxxvii.
785 1435 881 1509 9):
927 1448 986 1491 ut
1029 1449 1152 1507 quae
1191 1435 1448 1505 jacebant
1474 1435 1529 1489 io
1576 1441 1740 1489 terra}

126 1537 385 1605 pulvere,
419 1537 669 1602 spirante
695 1531 947 1597 Domino,
978 1533 1335 1586 suscitentur.
1506 1600 1523 1607 θ

202 1630 342 1696 Cap.
376 1626 473 1682 IX.
494 1625 768 1699 —(Vers.
797 1624 832 1680 8
851 1625 1031 1696 seqq.)
1062 1623 1291 1681 Verbum
1318 1623 1456 1677 misit
1486 1621 1738 1675 Dominus

1828 506 1931 561 hoc
1961 518 2066 574 est,
2099 509 2151 561 in
2191 505 2482 562 duodecim
2516 507 2722 573 tribus,
2751 523 2871 578 qua:
2901 507 3072 563 Iacob
3100 509 3231 563 olim
3269 526 3428 565 voca-

1830 598 2050 665 bantur,
2093 597 2289 653 cecidit
2338 596 2392 652 in
2431 597 2600 653 Israel
2636 614 2649 650 :
2694 613 2802 652 non
2852 608 2909 654 ut
2954 598 3102 654 LXX
3143 603 3434 658 transtule-

1828 698 1976 752 runt,
2009 691 2146 744 venit
2170 706 2190 744 .'
2221 690 2420 746 cecidit
2454 690 2602 747 enim
2636 689 2689 745 in
2730 691 2915 761 impiis
2949 710 2963 747 :
2992 694 3139 762 quod
3171 702 3430 751 statutum

1828 783 1895 839 ad
1908 784 2413 839 sanctosdirectum
2429 794 2568 840 erat.
2583 782 2733 839 Sciet
2752 784 2918 854 igitur
2930 786 3165 856 populus
3180 786 3432 857 Ephraim

1830 884 1884 932 et
1915 875 2225 932 habitantes
2267 875 2601 941 Samariam,
2641 875 2737 947 qui
2774 883 3006 947 propter
3029 880 3467 951 multitudinem.

1830 967 2115 1038 eriguntur
2140 969 2194 1023 in
2227 969 2569 1040 superbiam,
2602 978 2657 1025 et
2687 968 2879 1024 dicunt
2910 987 2924 1023 :
2954 970 3184 1025 l’arvum
3221 981 3308 1027 est
3351 987 3437 1029 re-

1830 1080 1994 1135 gnum
2024 1063 2201 1132 Judze,
2234 1073 2290 1119 et
2319 1065 2492 1119 nostri
2523 1065 2939 1135 comparatione
2962 1065 3307 1121 vilissimum.
3334 1065 3439 1120 Ita-

1833 1173 1939 1229 que
1966 1159 2072 1214 illis
2097 1160 2385 1215 ruentibus
2401 1161 2559 1231 quasi
2583 1160 2869 1228 lateribus,
2898 1176 2997 1217 nos
3020 1162 3232 1233 quadro
3258 1163 3438 1235 lapide

1836 1251 2169 1308 a‘diﬁcemus
2201 1254 2359 1308 nobis
2386 1254 2633 1308 domum.
2668 1252 2897 1310 Illorum
2942 1258 3271 1327 sycomoris,
3316 1272 3440 1328 quae

1836 1343 1980 1415 ligna
2012 1355 2138 1399 sunt
2166 1346 2312 1414 vilia,
2348 1346 2533 1401 hostili
2561 1348 2879 1403 incursione
2907 1350 3137 1407 succisis
3160 1392 3175 1418 ,
3207 1366 3309 1407 nos
3334 1351 3438 1408 im-

1838 1436 2051 1506 perium
2086 1444 2332 1492 nostrum
2378 1438 2561 1493 cedris
2608 1450 2974 1509 exstruetnus,
3017 1460 3137 1513 quae
3182 1444 3440 1516 imputri-

1839 1534 1982 1589 biles
2009 1543 2158 1599 sunt,
2186 1548 2243 1590 ut
2263 1551 2490 1607 regnum
2517 1536 2823 1606 signiﬁcent
2843 1541 3264 1608 sempiternum.
3293 1540 3444 1599 Sciat

1840 1641 1972 1698 ergo
1999 1626 2100 1682 hoc
2123 1627 2352 1698 populus
2378 1629 2557 1684 omnis
2583 1630 2736 1702 137
2769 1631 3031 1699 Ephraim
3056 1644 3110 1688 et
3134 1635 3446 1692 habitantes

126 1720 187 1774 in
217 1717 413 1783 Iacob,
442 1729 490 1773 et
520 1716 704 1772 cecidit
734 1719 786 1771 in
829 1715 1019 1771 Israel.
1051 1715 1122 1770 Et
1150 1719 1276 1771 sciet
1306 1716 1530 1788 papulas
1574 1715 1740 1769 omnis
1842 1717 2170 1786 Samariam,
2206 1722 2351 1790 quod
2384 1721 2557 1794 Syrus
2586 1725 2679 1794 qui
2724 1740 2870 1780 nunc
2911 1726 2962 1781 ei
2989 1726 3199 1782 auxilio
3230 1735 3343 1795 est,
3388 1728 3446 1785 in

127 1811 393 1885 Ephraim
430 1821 479 1866 et
506 1811 794 1866 habitantes
827 1810 1147 1877 Samariam,
1179 1812 1232 1864 in
1277 1809 1522 1882 superbia
1552 1819 1600 1862 et
1626 1826 1735 1863 ma-
1766 1798 1815 1859 Β
1842 1811 2055 1867 hostem
2086 1820 2350 1868 transeat.
2381 1812 2478 1869 Vel
2508 1823 2659 1869 certe
2684 1822 2874 1871 contra
2907 1817 3081 1888 ipsum
3111 1817 3333 1889 Syrum,
3357 1834 3449 1874 su—

126 1906 408 1980 gnitudine
449 1906 645 1969 cordis,
686 1905 912 1961 dicentes
950 1920 969 1959 :
1020 1904 1231 1961 Lateres
1283 1903 1600 1968 ceciderunt,
1649 1902 1738 1957 sed

128 2002 348 2072 quadris
394 1999 655 2072 lapidibus
701 1998 1077 2067 wdiﬁcabimus
1118 2013 1461 2070 :sycomoros
1505 1997 1739 2052 succide-

128 2103 284 2152 runt.
327 2092 417 2147 sed
461 2092 1077 2147 cedrosimmutabimus.
1117 2089 1186 2144 Et
1232 2088 1448 2145 elevabit
1484 2088 1741 2143 Dominus

130 2187 312 2242 hostes
342 2185 507 2241 R‘asin
532 2202 690 2259 super
712 2202 831 2241 eum
853 2228 868 2251 ,
901 2196 949 2241 et
971 2186 1211 2240 inimicos
1238 2186 1353 2250 eius
1380 2186 1434 2238 in
1462 2184 1743 2239 tumultum

130 2295 317 2346 vertet,
345 2282 560 2354 Syriam
586 2282 649 2337 ab
677 2281 909 2345 Oriente,
933 2291 980 2335 et
1005 2280 1327 2336 Pliilisthiim
1351 2280 1413 2334 ab
1441 2279 1739 2344 Occidente,

132 2389 183 2430 et
216 2375 539 2430 devorabunt
567 2373 736 2429 Israel
776 2384 881 2428 toto
910 2390 1017 2429 ore.
1052 2371 1118 2427 In
1148 2372 1386 2427 omnibus
1414 2371 1497 2426 Itis
1531 2388 1634 2425 non
1667 2379 1744 2425 est

132 2485 347 2524 aversus
375 2471 522 2540 furor
561 2472 702 2541 ejus,
742 2467 835 2521 sed
868 2466 1040 2520 adhuc
1079 2483 1263 2521 manus
1293 2469 1408 2539 ejus
1434 2479 1664 2531 extenta,
1695 2473 1742 2519 et

132 2562 364 2634 populus
391 2579 492 2616 non
520 2573 593 2616 est
614 2576 846 2616 reversus
873 2559 943 2614 ad
972 2560 1333 2628 percutientem
1362 2576 1416 2613 se
1434 2601 1447 2621 .
1476 2569 1526 2613 et
1554 2557 1740 2612 Domi-

133 2672 264 2709 num
314 2657 632 2711 exercituum
686 2669 791 2708 non
851 2652 1214 2722 inquisierunt.
1274 2650 1531 2721 Legimus
1580 2663 1744 2719 supra

133 2748 235 2819 (IV
282 2748 407 2820 Reg.
455 2748 568 2817 ιη)
609 2746 756 2818 quod
800 2746 853 2800 in
900 2746 1091 2800 diebus
1133 2743 1318 2798 Acbaz
1365 2743 1458 2798 lilii
1490 2742 1742 2808 Joathan,

132 2840 239 2896 ﬁlii
266 2838 410 2895 Ozias
448 2840 592 2910 regis
638 2837 801 2905 Inda,
853 2836 1169 2893 ascenderit
1215 2835 1385 2890 Rasin
1419 2850 1516 2890 res
1547 2833 1745 2906 Syriae,

132 2944 195 2992 et
228 2934 440 2991 Pbacec
469 2932 615 2989 ﬁlius
644 2932 906 2987 Βυιιιεῐίςη
928 2947 1025 2986 rex
1055 2929 1222 2985 Israel
1253 2932 1305 2984 in
1329 2928 1658 2993 Jerusalem,
1691 2936 1751 2982 ttt

131 3044 204 3084 ex
220 3035 529 3098 pugnarent
549 3040 691 3082 eam.
717 3025 784 3079 Et
802 3022 957 3095 (Isai.
977 3022 1076 3094 vn)
1098 3022 1243 3094 quod
1268 3023 1467 3077 missus
1490 3020 1560 3075 sit
1581 3021 1749 3075 Isaias

96 3121 417 3192 ~propbeta
462 3120 516 3174 in
560 3132 851 3174 occursum
883 3115 1069 3172 Acbaz
1095 3132 1218 3171 cum
1250 3114 1423 3171 Iasub
1465 3113 1581 3169 ﬁlio
1611 3129 1749 3176 suo,

1842 1904 1949 1959 bita
1985 1904 2426 1960 adversariorum
2457 1906 2599 1961 bella
2630 1920 2985 1978 consurgant,
3011 1920 3066 1964 et
3092 1924 3288 1964 omnes
3317 1926 3446 1967 ver-

1844 2005 2032 2052 tantur
2067 1997 2119 2051 in
2156 1997 2449 2052 tumultum
2485 2017 2499 2052 :
2532 1998 2607 2053 ita
2638 2004 2699 2052 ut
2732 2010 2922 2053 contra
2968 1999 3134 2057 Israel
3176 2000 3347 2074 Syria,
3375 2000 3446 2059 ab

1843 2091 2093 2154 Oriente.
2117 2102 2173 2148 et
2197 2092 2556 2162 Philistbiim,
2592 2094 2697 2151 hoc
2732 2104 2850 2163 est,
2884 2095 3161 2153 Palaesuui
3194 2098 3264 2153 ab
3291 2099 3449 2155 Occi-

1844 2185 2010 2241 dente
2068 2195 2391 2242 moveantur
2442 2204 2457 2241 :
2513 2195 2569 2242 et
2621 2187 2785 2242 simul
2842 2188 3117 2246 devorent
3163 2189 3443 2248 Israelem.

1844 2277 2092 2349 Cumque
2121 2278 2241 2335 haec
2272 2278 2524 2346 fecerint,
2548 2280 2927 2337 nihilominus
2964 2299 3159 2338 manus
3196 2299 3319 2340 mea
3353 2300 3445 2340 ex-

1844 2380 2020 2439 tenta,
2050 2375 2166 2429 sive
2192 2375 2406 2430 excelsa
2431 2382 2519 2430 est
2540 2389 2705 2445 super
2736 2375 2930 2443 Israel,
2957 2385 3013 2433 et
3037 2392 3131 2433 eos
3154 2377 3319 2434 ferire
3341 2393 3450 2436 non

1844 2474 2044 2521 cessat.
2079 2465 2332 2536 Cmsiqtte
2374 2481 2406 2521 a
2447 2466 2563 2523 Deo
2609 2481 2718 2522 non
2763 2475 3115 2525 revertentur
3157 2470 3224 2524 ad
3255 2485 3453 2541 percu-

1846 2557 2068 2613 tientem
2097 2573 2178 2625 se,
2230 2572 2331 2614 nec
2365 2559 2653 2614 Dominum
2686 2568 2941 2630 quaerent
2966 2562 3329 2630 exercituum,
3368 2564 3454 2620 vi-

1846 2648 1991 2703 talos
2036 2663 2237 2705 aureos
2285 2648 2581 2706 adorantes
2629 2666 2732 2722 pro
2773 2651 2907 2707 Deo.
2963 2652 3124 2709 Juxta
3165 2670 3454 2727 anagogen

1848 2738 1994 2794 hunc
2019 2739 2197 2797 locum
2228 2743 2402 2796 nostri
2432 2742 2505 2797 ita
2531 2741 2842 2800 cdiSserunt
2876 2744 3051 2800 :Misit
3082 2745 3225 2802 Deus
3252 2746 3452 2805 Filium

1849 2850 2007 2891 stmm
2036 2836 2101 2890 ad
2129 2836 2325 2905 Iacob,
2354 2839 2457 2894 hoc
2487 2848 2597 2907 est,
2624 2839 2694 2896 ad
2719 2840 2939 2898 Juda20s
2968 2850 3061 2899 :et
3088 2844 3242 2899 venit
3273 2845 3341 2900 ad
3371 2845 3451 2901 Is-

1851 2925 1989 2991 rael,
2015 2925 2120 2982 hoc
2146 2939 2251 2995 est,
2280 2929 2347 2982 ad
2370 2931 2616 2999 gentium
2650 2931 2933 3002 populum,
2960 2949 3099 3003 quos
3125 2942 3182 2990 et
3215 2936 3455 3007 Aposto-

1851 3017 1938 3071 lus
1965 3019 2224 3087 appellari
2257 3020 2392 3076 dicit
2436 3022 2601 3077 Israel
2643 3023 2818 3094 (Rom.
2864 3025 2971 3097 Ix).
3009 3027 3116 3082 Alii
3152 3043 3284 3083 vero
3326 3029 3398 3084 ita
3435 3047 3451 3087 :

1856 3109 2101 3165 Verbum
2147 3128 2305 3167 suum
2351 3113 2499 3167 misit
2541 3114 2801 3170 Dominus
2841 3117 2910 3171 ad
2956 3118 3293 3189 Ecclesiam,
3331 3136 3454 3194 qum

130 3184 196 3269 ut
217 3184 275 3269 ei
303 3212 542 3277 diceret,
577 3226 645 3265 ne
677 3211 926 3273 timeret,
958 3219 1014 3264 et
1037 3223 1132 3263 cor
1160 3208 1308 3261 illius
1339 3222 1407 3263 ne
1431 3205 1756 3261 formidaret
1780 3184 1827 3248 (ἶ
1861 3204 2098 3273 priorem
2134 3205 2395 3274 pepulum
2420 3205 2823 3276 supplantavit,
2858 3216 2917 3264 et
2946 3210 3147 3265 cecidit
3177 3212 3232 3266 iu
3264 3184 3456 3283 Israel,

127 3322 161 3363 a
191 3305 423 3361 duabus
453 3301 644 3357 caudis
681 3301 931 3355 titionum
973 3300 1380 3368 I'umigantium,
1411 3314 1481 3354 eo
1509 3299 1654 3368 quod
1698 3300 1753 3352 in

129 3399 285 3470 ipsis
311 3377 461 3452 esse't
491 3392 668 3465 Syria:
691 3400 747 3448 et
767 3392 933 3447 Israel
964 3391 1251 3461 imperium
1288 3389 1609 3445 ﬁniendum.
1637 3390 1755 3456 Quo

135 3509 259 3549 non
281 3487 549 3545 credente
582 3497 808 3556 propter
837 3486 917 3540 rei
956 3483 1388 3554 magnitudinem
1432 3491 1486 3537 ct
1516 3496 1757 3550 praesens

134 3584 482 3659 periculum,
511 3580 744 3653 jubctur
769 3591 827 3634 ut
855 3577 962 3633 sibi
998 3578 1239 3649 postulet
1264 3577 1497 3648 signum.
1532 3577 1598 3632 Et
1630 3579 1754 3648 quia

137 3680 441 3737 idololatra
472 3686 614 3739 erat,
642 3675 744 3729 boc
769 3688 983 3745 quoque
1010 3674 1191 3728 facere
1220 3672 1435 3727 noluit:
1463 3683 1753 3742 propterea

140 3777 416 3831 Dominus
448 3784 794 3843 nequaquam
824 3768 927 3838 ipsi
952 3767 1091 3838 regi,
1116 3765 1211 3822 sed
1240 3766 1427 3822 domui
1464 3766 1633 3821 David
1661 3765 1755 3820 dat

141 3872 375 3940 signum
401 3867 494 3922 ﬁlii
524 3866 610 3922 sui
640 3864 707 3920 de
745 3862 968 3932 Virgine
999 3859 1284 3927 nascituri,
1313 3860 1380 3915 ad
1418 3859 1573 3931 cujus
1603 3861 1757 3915 invo-

138 3964 428 4020 cationem
474 3959 585 4013 sint
630 3955 699 4012 de
738 3954 1044 4010 imminenti
1092 3951 1338 4024 periculo
1376 3950 1668 4016 liberandi,
1701 3960 1759 4006 et

141 4062 360 4112 caetera
385 4068 509 4123 quae
530 4064 705 4120 usque
733 4047 800 4103 ad
831 4055 1160 4118 praesentem
1190 4045 1370 4100 locum
1410 4043 1755 4115 interpretati

140 4162 375 4205 sumus.
408 4145 580 4199 Multis
602 4157 734 4215 ergo
764 4140 1041 4214 mysteriis
1070 4139 1123 4194 in
1155 4137 1336 4198 medio
1367 4137 1580 4207 positis,
1612 4150 1759 4191 nunc

141 4238 463 4299 revertitur
499 4237 566 4293 ad
609 4237 663 4293 id
702 4235 848 4305 quod
877 4240 1146 4304 (δωρεῇ-ιιι,
1181 4241 1235 4287 et
1261 4234 1611 4288 eversionem
1652 4229 1760 4285 Ra-

142 4335 241 4391 sin
282 4331 442 4405 136
469 4340 523 4386 et
559 4329 849 4399 Ephraim,
884 4327 988 4382 hoc
1025 4332 1133 4392 est,
1182 4324 1360 4395 Syria:
1405 4334 1459 4378 et
1494 4321 1760 4378 Samaria:

144 4429 549 4485 vaticinatur:
597 4424 846 4490 Verbum,
892 4422 1170 4494 inquiens,
1222 4420 1364 4475 misit
1400 4417 1659 4473 Dominus
1707 4420 1760 4472 in

147 4523 359 4587 Iacob,
400 4529 449 4575 et
494 4518 676 4575 cecidit
723 4517 778 4571 in
827 4513 1018 4570 Israel.
1072 4512 1230 4585 Apud
1286 4511 1541 4567 Hebraeos
1590 4524 1760 4565 nassa

1858 3296 1965 3351 hoc
1992 3306 2100 3362 est,
2135 3297 2191 3351 in
2224 3298 2544 3365 haereticos,
2590 3299 2683 3370 qui
2715 3300 2886 3358 Deum
2914 3303 3104 3359 videre
3144 3318 3205 3361 se
3230 3306 3459 3375 jactant.

1858 3388 2047 3445 Sciant
2068 3389 2251 3459 itaque
2288 3390 2564 3460 principes
2589 3406 2805 3459 eorum,
2848 3402 2904 3450 et
2938 3409 3129 3452 omnes
3170 3398 3265 3468 qui
3307 3396 3462 3453 babi-

1860 3489 1978 3535 tant
2007 3480 2060 3535 in
2095 3480 2340 3537 Samaria
2361 3525 2376 3550 ,
2410 3480 2513 3537 hoc
2540 3493 2645 3550 est,
2687 3486 2777 3556 qui
2814 3485 2908 3542 Dei
2955 3487 3136 3557 legem
3179 3487 3460 3546 custodire

1858 3590 1919 3631 se
1949 3576 2160 3644 dicunt,
2201 3585 2256 3633 et
2289 3578 2339 3632 in
2372 3577 2625 3633 ubertate
2670 3594 2794 3636 esse
2824 3581 3090 3638 virtutum
3111 3624 3126 3651 ,
3159 3593 3213 3640 et
3250 3582 3462 3641 fructus

1856 3668 2053 3725 aﬁ'erre
2094 3668 2322 3741 juSIitiae
2369 3670 2499 3741 (hoc
2535 3672 2680 3727 enim
2720 3674 3113 3746 interpretatur
3149 3677 3458 3752 prraim),

1857 3761 1948 3833 qui
1980 3762 2031 3817 in
2065 3763 2324 3833 superbia
2356 3764 2540 3819 cordis
2580 3766 2662 3820 sui
2694 3766 3011 3838 despiciunt
3045 3768 3344 3827 Ecclesium
3367 3810 3383 3835 ,
3410 3780 3467 3829 et

1857 3855 2268 3927 simplicitatem
2297 3856 2416 3925 ejus
2445 3857 2779 3916 arbitrantes
2812 3861 3169 3930 imperitiam,
3212 3863 3406 3919 dicunt
3440 3880 3455 3919 :

1858 3964 1957 4020 pro
1987 3949 2257 4007 lateribus
2286 3951 2458 4018 illius,
2484 3952 2708 4023 quadris
2751 3954 3025 4025 lapidibus
3065 3967 3228 4028 atque
3267 3958 3456 4014 fortis-

1859 4044 2012 4100 simis
2057 4045 2453 4101 :ediﬁcabimus
2502 4046 2778 4103 Ecclesiae
2832 4059 3090 4117 nostras,
3138 4058 3199 4105 et
3245 4065 3346 4122 pro
3376 4051 3463 4107 iu-

1860 4140 2156 4197 fructuosis
2178 4141 2472 4198 arboribus
2497 4144 2715 4215 citoque
2747 4145 3031 4215 perituris,
3055 4144 3258 4204 cedrus
3288 4146 3463 4204 subli-

1861 4235 2134 4292 missimas
2176 4245 2561 4305 exstruemus,
2608 4252 2745 4309 quas
2784 4246 3037 4297 conteret
3081 4239 3365 4309 Dominus,
3407 4250 3466 4301 et

1862 4343 1998 4398 quas
2020 4328 2206 4397 justus
2245 4329 2348 4385 sub
2377 4344 2615 4401 persona
2660 4330 2819 4400 impii
2852 4333 3053 4390 vidisse
3079 4349 3140 4391 se
3166 4345 3375 4401 narrat,
3411 4346 3468 4395 et

1864 4434 1972 4472 non
2021 4419 2305 4474 inventum
2353 4420 2534 4476 locum
2585 4436 2775 4477 earum
2808 4421 3037 4492 (Psalm.
3084 4426 3295 4498 xxxvi).
3326 4427 3469 4486 Dicit

1866 4523 2000 4580 ergo
2030 4508 2309 4575 Dominus,
2327 4510 2473 4578 quod
2494 4510 2685 4579 Basia,
2710 4513 3223 4585 quiiuterpretatur
3245 4519 3462 4589 sapien-

151 4570 513 4691 (‘D‘l’),,quod
552 4628 648 4683 per
696 4622 807 4667 tres
846 4611 1060 4666 litteras
1098 4570 1357 4663 scribitur
1394 4612 1763 4662 consonantes
1788 4570 1843 4630 Β
1870 4600 1941 4654 tia
1963 4597 2265 4664 smcularis,
2298 4599 2457 4667 cujus
2490 4570 2747 4668 prraini
2788 4570 3047 4660 utebatbr
3075 4570 3466 4675 auxiliofver-

148 4723 405 4774 ωιετιι,
430 4722 592 4772 seru,
620 4714 675 4761 et
706 4718 826 4768 nes,
848 4716 950 4773 pro
977 4702 1218 4756 locorum
1246 4699 1526 4769 qualitate,
1551 4698 1595 4752 si
1620 4697 1765 4767 lega-

1868 4700 2012 4748 tatur
2037 4698 2225 4746 contra
2255 4706 2380 4748 eum
2407 4701 2463 4748 et
2502 4707 2694 4749 omnes
2717 4692 2747 4732 δ
2773 4694 2983 4752 inimici
3024 4697 3144 4767 ejus
3175 4698 3467 4759 adversum

150 4812 251 4860 tur
300 4817 509 4867 nassa,
538 4798 751 4855 verbum
796 4794 1100 4867 signiﬁcat,
1131 4792 1176 4846 si
1209 4807 1414 4857 aenea,
1450 4800 1664 4845 mortem
1711 4793 1767 4844 et
1869 4784 2022 4840 illum
2053 4783 2335 4851 dimicent,
2369 4792 2425 4842 ct
2456 4794 2568 4842 tam
2615 4786 2685 4843 ab
2722 4784 2974 4857 Oriente,
3009 4805 3173 4861 quam
3210 4791 3278 4847 ab
3308 4792 3468 4851 0οοὶ-

150 4895 539 4967 pestilentiam.
599 4892 773 4961 Quam
827 4888 899 4945 ob
944 4900 1165 4943 causam
1211 4883 1452 4955 plerique
1499 4880 1768 4940 sermonis

147 4986 528 5057 ambiguitate
547 4980 785 5053 decepti,
809 4996 917 5036 non
940 4978 1148 5033 verbum
1169 4975 1352 5031 dicunt
1374 4976 1596 5031 missum
1621 4989 1766 5041 esse,

146 5080 256 5139 sed
285 5089 530 5134 mortem.
564 5075 710 5132 Misit
748 5089 878 5145 ergo
922 5068 1184 5126 Dominus
1217 5066 1444 5122 verbum
1487 5066 1541 5121 in
1570 5065 1763 5130 Iacob,

147 5184 216 5235 et
245 5173 463 5232 cecidit
489 5170 542 5227 itt
570 5169 760 5227 Israel.
789 5167 1038 5236 Regnare
1061 5161 1233 5218 voluit
1255 5159 1476 5222 Iudam,
1516 5168 1574 5213 ut
1603 5156 1774 5212 Jacob

148 5268 472 5342 prophetat
500 5265 554 5320 in
581 5261 789 5320 Genesi
812 5258 966 5332 (Cap.
991 5254 1153 5327 χιιι)
1190 5272 1203 5308 :
1229 5263 1285 5310 et
1314 5251 1500 5318 Israel,
1532 5249 1636 5305 hoc
1669 5257 1773 5315 est,

150 5341 368 5422 decem
398 5359 579 5415 tribus
619 5356 721 5412 sibi
761 5353 1047 5423 imperium
1078 5348 1447 5412 vindicarunt,
1479 5346 1547 5400 de
1579 5341 1780 5409 quibus

151 5457 385 5515 dictum
410 5460 496 5509 est
526 5468 540 5506 :
566 5450 683 5518 Ipsi
709 5453 1074 5521 regnaverunt,
1097 5453 1143 5498 et
1167 5458 1271 5496 non
1293 5456 1385 5511 per
1401 5453 1482 5492 me
1503 5435 1773 5509 (0se.v1tt,

151 5551 243 5624 4).
278 5544 522 5619 Imperii
547 5557 680 5614 ergo
700 5540 962 5612 dignitas,
985 5551 1105 5608 quae
1133 5535 1190 5590 in
1216 5531 1482 5588 unctione
1506 5527 1779 5583 Samuelis

235 5746 267 5776 ι
301 5733 489 5797 Idem,
522 5729 650 5782 dum
670 5726 806 5782 enim
836 5721 1077 5779 volumus
1102 5721 1404 5797 conjuncta,
1426 5722 1533 5770 etc.

230 5807 268 5849 δ
300 5788 648 5865 Εεοιιίηιδὶο
676 5797 851 5854 Vatic.
876 5806 923 5851 et
944 5809 1125 5850 omnes
1150 5788 1308 5845 amici
1332 5788 1445 5856 ejus
1464 5797 1626 5840 :mox
1648 5793 1783 5853 quo-

1872 4877 2036 4935 dente
2079 4887 2445 4952 expugnetur,
2478 4890 2534 4937 et
2564 4880 2888 4939 devoraturi
2920 4883 3031 4940 sint
3062 4884 3320 4945 Israelem
3351 4899 3467 4949 toto

1873 4985 1988 5026 ore.
2019 4970 2127 5027 Pro
2152 4973 2352 5042 quibus
2383 4973 2729 5044 interpretati
2761 4986 2890 5032 sunt
2915 4977 3061 5036 LXX
3090 4998 3103 5035 :
3142 4979 3214 5037 Et
3237 4984 3470 5057 aediﬁce-

1876 5080 1987 5119 mus
2017 5065 2165 5118 nobis
2193 5067 2417 5120 turrim:
2444 5075 2492 5119 et
2519 5068 2699 5122 allidet
2723 5068 2863 5125 Deus
2888 5073 2978 5143 qui
3005 5088 3321 5148 consurgunt
3347 5096 3474 5137 con-

1878 5166 1959 5211 tra
1983 5165 2207 5210 montem
2235 5156 2385 5222 Sion,
2417 5165 2465 5211 et
2490 5158 2726 5215 inimicos
2748 5161 2894 5217 illius
2914 5162 3210 5232 dissipabit.
3231 5168 3477 5239 Cupiunt

1881 5252 2026 5305 enim
2054 5257 2108 5303 et
2138 5248 2190 5302 in
2221 5248 2640 5306 similitudinem
2664 5251 2885 5322 Templi
2916 5255 3036 5319 Dei,
3069 5255 3348 5314 aediﬁcare
3376 5263 3484 5318 sibi

1885 5341 2147 5405 templum
2176 5340 2229 5393 in
2267 5339 2554 5406 Samaria;
2581 5344 2678 5398 sed
2712 5346 2965 5412 quamvis
3006 5342 3281 5397 moverint
3310 5352 3483 5417 pedes

1883 5436 1953 5491 ab
1976 5433 2219 5495 Oriente,
2239 5440 2295 5486 et
2317 5432 2558 5486 dixerint
2588 5450 2601 5484 :
2632 5432 2834 5495 Venite,
2853 5432 3171 5501 wdi/iccmus
3191 5438 3377 5492 turrim
3399 5483 3414 5509 ,
3436 5451 3487 5499 ει

1886 5526 2142 5597 faciamus
2168 5523 2317 5577 nobis
2334 5535 2523 5575 nomen
2541 5530 2818 5589 antequam
2834 5519 3199 5592 dispergamur
3222 5519 3388 5591 (Gen.
3412 5548 3491 5609 ιι,

1891 5725 2000 5782 que
2027 5709 2275 5765 devorant
2299 5719 2404 5780 pro
2434 5703 2730 5761 devoraturi
2751 5704 2874 5759 sint.
