4008 6298
578 234 676 301 ul

1832 218 1891 281 Β.
1934 215 2203 282 ευεεθιι
2244 215 2627 281 ιιιΕΒοΝγιιι

3794 206 3899 275 ιόῠ

581 348 638 419 ι)
667 364 680 400 :
720 346 878 426 138
911 340 1134 401 Domino
1160 338 1516 409 impugnante
1542 334 1810 400 solvetur,
1841 343 1898 391 et
1930 335 2170 406 dissipa—
2198 334 2592 401 Acutiendum
2640 332 2819 390 elevat
2851 344 3091 387 manum.
3149 326 3219 385 Et
3268 329 3393 399 quia
3444 328 3548 385 ista
3609 328 3894 393 fecerunt,

577 440 723 497 bitur
746 448 770 476 εί
797 449 1098 492 consensus
1130 446 1341 495 eorum,
1375 441 1430 486 et
1455 431 1653 503 linguae
1674 444 1863 485 eorum
1892 440 2083 484 contra
2112 442 2174 483 se

575 532 802 589 invicem
829 527 1170 588 dividentur,
1201 540 1270 579 ne
1308 526 1727 579 consentientes
1758 522 1978 593 pejores
2014 522 2171 586 liant,

575 622 668 681 sud
700 638 728 675 a
767 637 826 676 se
853 620 1088 676 invicem
1122 617 1503 675 destruantur.
1545 616 1795 688 Cumque
1824 616 1895 671 ita
1928 613 2176 686 percussi

568 716 696 779 sint,
731 720 785 769 et
813 712 881 767 ab
908 706 1163 766 hostibus
1203 708 1484 775 devorati,
1528 716 1712 764 tamen
1746 722 1853 761 non
1894 715 2176 767 reverten-

563 816 653 865 tur
679 807 746 863 ad
776 806 1069 862 Dominum
1099 822 1112 858 ς
1140 802 1235 859 sed
1268 800 1447 858 adlmc
1479 819 1676 857 manus
1707 801 1853 859 illius
1878 794 1943 856 ad
1976 815 2175 871 percu-

562 902 812 960 tiendum
842 911 1031 972 parata
1061 908 1166 967 eet,
1191 897 1353 969 juxta
1384 897 1515 954 illud
1545 897 1693 969 quod
1725 886 1957 969 legimus
1991 896 2043 950 in
2083 894 2176 953 Je-

577 990 747 1052 remia
786 1011 800 1048 :
842 992 970 1049 Sine
1011 1009 1168 1046 causa
1209 986 1440 1064 percussi
1480 992 1618 1062 ﬁlios
1653 1001 1847 1047 uestros
1884 1006 1903 1043 .'
1940 987 2176 1058 discipli-

572 1103 695 1143 nam
727 1102 829 1140 non
858 1084 1123 1157 recepistis
1151 1080 1366 1156 (Jerent.
1400 1098 1461 1149 tt,
1490 1078 1605 1154 30).

641 1179 660 1248 (
697 1176 852 1232 Vers.
888 1177 958 1232 14
985 1192 1136 1246 seqq.
1171 1173 1191 1246 )
1238 1172 1309 1228 Et
1332 1173 1595 1243 disperdet
1623 1170 1885 1228 Dominus
1914 1168 1977 1225 ab
2002 1168 2176 1227 Israel

566 1274 727 1340 caput
748 1279 796 1324 et
816 1267 1039 1324 caudam
1059 1269 1419 1323 incur’vantem
1433 1275 1476 1322 et
1494 1265 1860 1335 depravantem
1883 1265 1939 1319 in
1951 1264 2034 1318 die
2047 1280 2173 1318 una.

569 1360 857 1433 Longteuus
881 1371 928 1417 et
954 1352 1296 1426 honorabilis,
1354 1360 1462 1432 ipse
1506 1367 1580 1413 est
1607 1367 1805 1429 caput;
1842 1365 1887 1411 et
1912 1354 2177 1429 Pr0plteta

567 1456 757 1512 docens
786 1456 1129 1522 mendacium,
1157 1455 1353 1525 ipseest
1382 1451 1569 1509 cauda.
1597 1440 1666 1505 Et
1694 1460 1841 1505 erunt
1856 1451 1945 1522 qui
1967 1448 2176 1507 beatum

568 1546 749 1605 dicunt
770 1550 1023 1622 populum
1053 1550 1228 1610 istum,
1262 1547 1565 1603 seducentes
1598 1585 1614 1612 ,
1648 1552 1696 1598 et
1720 1543 1807 1614 qui
1829 1542 1964 1596 beati
1991 1542 2177 1596 dicun-

568 1656 674 1708 tur,
704 1643 1038 1717 pi'azcipitati.
1073 1638 1303 1710 Propter
1329 1632 1427 1694 hoc
1455 1656 1613 1707 super
1634 1636 2032 1692 adolescentulis
2058 1639 2174 1709 ejus

2278 426 2643 483 succendetur
2698 424 2852 495 quasi
2902 423 3040 494 ignis
3087 421 3373 491 impietas,
3425 429 3481 476 ul
3523 435 3636 476 non
3683 419 3893 479 cultum

2277 536 2487 594 agrum,
2521 520 2615 578 sed
2639 534 2836 591 vepres
2865 529 2920 576 et
2950 519 3133 588 Spinas
3169 517 3419 579 devoret,
3448 528 3554 573 nec
3585 513 3891 585 frugileras

2278 616 2526 683 arbores,
2553 612 2649 671 sed
2703 612 3104 677 infructuosum
3135 610 3358 677 saltum,
3395 608 3448 663 in
3491 622 3604 679 quo
3646 602 3897 663 habitant

2278 702 2495 775 bestiae,
2526 703 2556 746 ιι
2584 704 2801 779 rapiens
2842 702 3060 767 ﬂamma
3109 708 3414 765 consumat
3440 700 3619 768 Quam
3666 698 3742 757 ob
3782 715 3893 759 rem

2279 796 2478 854 dicitur
2529 792 2676 869 quod
2724 796 2974 854 densitas
3022 795 3195 855 saltus
3239 794 3363 865 igne
3408 791 3715 875 supposito,
3763 792 3891 849 fumi

2272 882 2536 963 superbia
2563 901 2622 948 et
2649 892 2939 949 altitudine
2967 889 3348 953 convolvatur.
3371 885 3545 953 Omtte
3566 887 3720 945 enim
3742 887 3886 958 quod

2277 982 2554 1045 excelsum
2579 994 2684 1054 est,
2715 996 2773 1051 et
2807 986 2858 1047 in
2892 983 3130 1051 sublime
3173 995 3535 1053 consurgens,
3589 979 3888 1052 Superbum

2278 1078 2538 1151 appellari
2571 1087 2769 1149 potest.
2803 1078 2909 1134 Pro
2939 1092 3047 1148 quo
3077 1076 3266 1133 nescio
3293 1073 3422 1146 quid
3446 1072 3701 1133 volentes
3743 1072 3883 1129 LXX

2274 1174 2710 1239 transtulerunt:
2741 1182 2788 1229 et
2813 1171 3076 1228 devorabit
3108 1171 3161 1225 in
3185 1170 3405 1226 circuitu
3443 1166 3665 1225 collium
3694 1169 3885 1224 omnia.

2278 1258 2435 1327 Unde
2455 1279 2509 1327 et
2534 1269 2601 1326 ad
2642 1269 2781 1327 iram
2811 1266 3027 1325 Domini
3057 1275 3199 1327 terra
3240 1262 3596 1332 contremuit,
3642 1271 3701 1318 et
3728 1277 3891 1333 popu-

2278 1360 2365 1421 lus
2398 1361 2537 1431 ignis
2568 1360 2747 1421 l'.tct.us
2785 1368 2870 1417 est
2894 1358 3176 1429 pabulum,
3204 1356 3332 1427 quia
3370 1364 3522 1419 tanta
3578 1353 3689 1413 fuit
3738 1355 3792 1410 in
3829 1368 3890 1411 eo

2276 1444 2596 1520 crudelitas,
2646 1463 2707 1508 ut
2755 1468 2824 1511 ue
2860 1451 3190 1507 cbarissimo
3239 1449 3460 1522 quidem
3513 1448 3887 1520 germanitatis

2274 1548 2788 1618 nomini'parceret,
2818 1545 2918 1603 sed
2945 1545 3199 1601 dextram
3243 1542 3505 1609 deserens
3551 1551 3725 1613 atque
3763 1556 3883 1597 cono

2278 1651 2570 1706 temnens,
2616 1646 2956 1697 saturaretur
3002 1637 3055 1703 in
3115 1636 3201 1693 his
3251 1652 3373 1708 qua:
3418 1634 3647 1702 .siniStra
3698 1642 3884 1691 erant:

564 1748 670 1793 non
696 1730 964 1791 laetabitur
994 1733 1272 1802 Dominus,
1299 1744 1347 1788 et
1373 1731 1702 1803 pupillorum
1732 1730 1876 1784 illius
1899 1737 1948 1783 et
1994 1726 2179 1783 vidua-
2204 1727 2254 1793 Β
2283 1734 2412 1790 dum
2467 1732 2829 1801 voluptatum,
2888 1742 2943 1787 et
2999 1730 3268 1786 malorum
3325 1730 3530 1800 patitur
3586 1727 3814 1797 famem,
3841 1738 3887 1784 et

560 1833 678 1884 ‘rum
707 1844 813 1883 non
839 1822 1187 1891 miserebitur,
1211 1826 1335 1897 quia
1374 1824 1542 1877 omnis
1567 1821 1841 1893 hypocrita
1870 1828 1946 1874 est
1991 1826 2037 1874 et
2094 1834 2183 1873 nc-

569 1939 759 1995 quam,
818 1928 867 1975 et
923 1921 1219 1975 universum
1280 1935 1338 1974 os
1385 1920 1615 1972 locutum
1642 1925 1716 1970 est
1762 1914 2061 1969 stultitiam.
2114 1908 2184 1967 In

568 2016 812 2073 Omnibus
854 2014 935 2069 his
975 2031 1078 2069 non
1120 2022 1194 2069 est
1237 2014 1443 2068 aversus
1496 2014 1647 2084 furor
1680 2011 1814 2079 eius,
1870 2008 1962 2063 sed
2008 2006 2182 2063 adhuc

573 2125 759 2164 manus
817 2109 934 2179 ejus
980 2114 1210 2163 extenta.
1245 2104 1512 2162 Succensa
1531 2104 1609 2159 est
1656 2104 1792 2158 enim
1846 2098 1995 2173 quasi
2045 2097 2182 2176 ignis

564 2201 840 2269 impietas:
871 2214 1076 2267 veprem
1102 2206 1151 2253 et
1173 2198 1381 2267 spinam
1420 2194 1639 2265 vorabit,
1670 2204 1717 2250 et
1744 2193 2086 2250 succendetur
2127 2192 2182 2248 in

569 2294 824 2349 densitate
851 2291 1035 2355 saltus,
1092 2301 1142 2346 et
1191 2290 1526 2345 conuolvetur
1577 2291 1630 2344 in
1652 2289 1894 2359 superbia
1925 2287 2081 2357 fumi.
2112 2280 2181 2340 In

562 2387 645 2444 ira
679 2384 890 2442 Domini
911 2388 1225 2442 exercituum
1268 2384 1579 2439 contremuit
1610 2392 1769 2449 terra,
1799 2390 1844 2437 et
1886 2372 1989 2437 erit
2014 2395 2181 2453 papu-

566 2480 650 2535 lus
677 2480 829 2552 quasi
857 2495 975 2532 esca
1003 2478 1161 2547 ignis.
1204 2474 1303 2531 Vir
1327 2477 1481 2545 fratri
1512 2491 1608 2530 suo
1635 2490 1739 2528 non
1771 2482 1971 2545 parcet,
1996 2483 2044 2526 et
2091 2472 2181 2528 tle-

564 2571 778 2628 clinabit
804 2569 872 2624 ad
895 2571 1153 2636 dextram,
1183 2575 1229 2622 et
1252 2568 1460 2633 esuriet,
1484 2576 1530 2621 et
1555 2567 1783 2620 comedet
1803 2565 1870 2619 ad
1890 2563 2177 2630 sinistram,

566 2678 747 2722 etnon
797 2661 1161 2720 saturabitur:
1210 2661 1563 2731 unusquisque
1591 2675 1801 2713 carnem
1848 2657 2043 2713 brachii
2094 2656 2181 2711 sui

570 2757 793 2812 intrabit.
855 2744 1126 2809 Manasses
1176 2748 1451 2823 Ephraim,
1483 2760 1529 2805 et
1583 2748 1837 2822 Ephraim
1876 2748 2176 2816 Manassen,

574 2845 731 2904 simul
759 2848 860 2918 ipsi
889 2857 1069 2901 contra
1096 2840 1313 2899 Iudam.
1346 2841 1412 2897 In
1443 2842 1681 2897 omnibus
1707 2834 1788 2896 his
1816 2858 1918 2897 non
1940 2849 2013 2896 est
2036 2857 2180 2896 aver-

570 2948 659 2995 ‘sus
690 2940 841 3012 furor
892 2938 1042 3009 ejus,
1089 2928 1178 2993 sed
1210 2934 1380 2991 adhuc
1436 2950 1622 2989 manus
1646 2938 1761 3008 ejus
1796 2944 2023 2989 extenta.
2059 2931 2175 2989 Non

566 3033 751 3091 solum
796 3034 1056 3089 Dominus
1093 3031 1277 3087 hostes
1308 3028 1471 3085 Rasin
1513 3027 1748 3085 elevnbit
1784 3037 1977 3084 contra
2025 3043 2174 3094 eum,

2283 1842 2503 1898 semper
2524 1826 2676 1895 cupit
2705 1824 2863 1883 malis
2888 1824 3074 1896 pejora
3102 1825 3338 1881 sociare.
3382 1823 3489 1896 lpsi
3532 1838 3759 1899 quoque
3785 1820 3884 1880 Ila-

2285 1934 2497 1984 nasses,
2528 1927 2584 1973 et
2612 1916 2892 1988 Ephraim,
2923 1916 3015 1991 qui
3042 1915 3110 1975 de
3141 1930 3249 1975 uno
3288 1916 3400 1970 nati
3424 1924 3560 1977 sunt
3603 1923 3797 1985 utero,
3843 1923 3889 1971 et

2284 2013 2355 2070 de
2386 2012 2582 2069 eodem
2613 2018 2840 2082 parente
2864 2009 3137 2082 generati,
3186 2009 3241 2075 in
3283 2017 3488 2064 tantam
3526 2006 3742 2067 rabiem
3775 2023 3889 2078 pro-

2283 2113 2570 2177 ruperunt,
2589 2115 2645 2159 ut
2665 2103 2848 2159 hostili
2873 2102 2998 2160 odio
3020 2103 3163 2159 inter
3179 2118 3239 2158 se
3256 2100 3611 2161 dissiderent.
3626 2099 3887 2170 Legamus

2285 2196 2496 2272 Regum
2530 2210 2585 2254 et
2612 2186 3079 2268 Paralipomenon
3112 2186 3389 2261 volumina
3416 2235 3431 2260 ,
3460 2202 3523 2257 et
3556 2195 3886 2251 inveniemus

2278 2288 2546 2348 Samaria:
2589 2291 2733 2347 inter
2784 2304 2846 2346 se
2880 2284 3026 2346 bella
3071 2288 3280 2356 civilia,
3330 2290 3459 2347 dum
3498 2287 3600 2353 alii
3638 2304 3742 2359 pro
3781 2288 3886 2344 aliis

2283 2385 2509 2455 regibus
2559 2384 2843 2451 dimicant,
2882 2392 2941 2439 et
2985 2383 3258 2456 quomodo
3300 2385 3413 2440 suis
3461 2383 3685 2454 regibus
3727 2385 3885 2441 inter-

2283 2474 2468 2543 fectis,
2503 2476 2559 2531 in
2603 2474 2757 2532 Judac
2787 2466 3249 2547 expugnationem
3283 2474 3646 2531 concordent.
3693 2475 3886 2532 Secun-

2281 2567 2411 2625 dum
2448 2562 2829 2639 tropologiam,
2859 2564 3072 2622 auferet
3096 2556 3363 2622 Dominus
3378 2574 3538 2637 caput
3556 2576 3613 2623 et
3640 2566 3880 2633 caudam,

2285 2658 2547 2730 majorem
2598 2656 2807 2729 pariter
2854 2674 2919 2715 ac
2960 2660 3255 2716 minorem.
3303 2658 3543 2714 Caudam
3587 2660 3880 2730 appellans,

2281 2767 2389 2807 non
2412 2746 2689 2820 homines,
2720 2750 2815 2807 sed
2849 2750 3120 2823 jumenta,
3151 2750 3446 2807 haereticos
3469 2766 3597 2808 esse
3627 2754 3883 2808 demons-

2285 2854 2412 2911 trat,
2454 2862 2577 2918 qua:
2606 2849 2709 2903 hoc
2758 2846 3006 2904 membro
3055 2854 3282 2901 utuntur
3332 2845 3398 2911 ad
3428 2856 3681 2909 stercora
3713 2854 3882 2919 prote-

2279 2940 2479 3014 genda,
2514 2950 2569 2996 et
2597 2940 2663 2994 ad
2691 2939 2926 2996 arcenda
2958 2955 3123 3010 parva
3152 2939 3428 2999 animalia.
3458 2941 3523 3005 Et
3548 2950 3675 3011 post
3703 2950 3878 3011 caput,

2286 3030 2445 3107 ιω
2469 3043 2524 3089 et
2543 3030 2771 3090 caudam
2795 3034 3170 3093 incurvantem
3192 3032 3373 3113 jungit
3395 3045 3449 3090 et
3473 3033 3880 3105 depravantem,

570 3133 631 3183 et
675 3125 927 3181 inimicos
966 3123 1087 3193 ejus
1147 3128 1326 3179 vertet
1372 3123 1425 3177 in
1483 3118 1796 3189 tumultum,
1846 3120 2060 3193 Syriam
2111 3119 2250 3189 abC
2282 3127 2426 3197 quod
2467 3127 2601 3200 legis
2634 3136 2904 3197 praecepta
2960 3118 3301 3196 subvertant,
3344 3134 3400 3183 et
3443 3138 3650 3191 rectam
3699 3127 3883 3197 depra-

566 3216 822 3284 Oriente,
854 3224 912 3272 et
948 3212 1275 3271 Philisthiim
1318 3213 1387 3268 ab
1435 3212 1754 3279 Occidente,
1809 3223 1872 3267 ut
1911 3210 2180 3267 devorent

566 3309 734 3367 Israel
769 3318 883 3367 toto
913 3324 1048 3364 ore:
1081 3306 1178 3363 sed
1224 3307 1351 3378 quia
1394 3321 1501 3361 non
1543 3314 1627 3363 est
1656 3320 1910 3361 reversus
1957 3304 2023 3361 ad
2057 3319 2180 3375 per-

568 3404 868 3460 cutientem
902 3417 985 3469 se,
1028 3415 1130 3457 nec
1158 3396 1451 3472 requisivit
1499 3399 1782 3455 Dominum
1812 3398 2174 3465 exercituum,

566 3497 830 3552 extendet
853 3510 1075 3551 manum
1116 3492 1186 3547 ad
1232 3490 1674 3561 percutiendum,
1703 3501 1759 3544 ut
1803 3490 2086 3560 disperdat
2109 3488 2179 3546 de

564 3586 742 3641 ‘lsrael
774 3598 960 3655 caput,
1000 3594 1055 3638 et
1084 3583 1308 3639 caudam
1361 3583 1734 3637 incurvantem
1785 3592 1842 3638 et
1878 3582 2179 3652 depravan-

566 3688 705 3747 {em,
731 3690 857 3734 eum
886 3678 1162 3741 videlicet,
1198 3676 1291 3748 qui
1324 3683 1469 3731 recta
1500 3677 1760 3747 pervertit
1793 3675 1811 3748 (
1838 3672 2032 3731 Ierem.
2063 3693 2098 3732 ll
2130 3677 2175 3748 ).

560 3768 673 3841 Qui
706 3774 780 3826 sit
821 3780 1001 3825 autem
1052 3777 1236 3838 caput,
1270 3770 1384 3837 ipse
1414 3767 1804 3839 interpretatus
1835 3774 1941 3834 est,
1982 3769 2177 3842 longae-

568 3878 658 3918 vus
686 3872 732 3918 rt
760 3860 1099 3916 honorabilis.
1126 3858 1199 3914 Et
1226 3861 1313 3931 qui
1338 3861 1409 3914 sit
1433 3856 1625 3924 cauda,
1656 3854 1941 3931 Propheta,
1977 3859 2172 3930 inquit,

568 3958 659 4028 qui
685 3956 832 4011 docet
860 3953 1208 4019 mendacium,
1240 3953 1293 4009 id
1330 3963 1436 4021 est,
1473 3950 1969 4025 pseud’opropheta.
2026 3950 2179 4008 Dixit

571 4050 640 4105 de
670 4048 1027 4119 principibus,
1058 4058 1206 4103 nunc
1229 4045 1586 4117 optimatibus
1611 4045 1789 4116 jungit
1819 4053 1876 4101 et
1894 4043 2171 4116 populum,

564 4142 712 4213 quod
758 4151 813 4197 et
854 4141 1104 4211 magistri
1144 4150 1200 4195 et
1226 4138 1505 4209 discipuli,
1535 4149 1589 4194 et
1619 4136 1840 4204 eruditi,
1880 4147 1937 4194 et
1981 4138 2173 4209 vulgus

564 4232 848 4288 inductum
895 4231 1056 4303 139
1084 4231 1289 4301 pariter
1314 4238 1566 4300 pareant.
1612 4229 1717 4299 Qui
1757 4229 1902 4286 enim
1952 4231 2170 4287 beatum

564 4323 826 4380 dicebant
876 4324 1157 4394 populum,
1210 4322 1536 4379 sedantur-es
1583 4328 1742 4389 sunt;
1784 4331 1839 4379 et
1884 4322 1978 4395 qui
2029 4321 2171 4379 beati

2282 3227 2408 3273 vent
2435 3218 2598 3272 viam.
2622 3210 2954 3289 Longarvum
2989 3233 3236 3290 quoque,
3273 3229 3295 3257 ο
3327 3217 3455 3289 quia
3485 3226 3655 3290 caput
3684 3227 3795 3285 est,
3832 3228 3881 3274 et

2277 3312 2817 3386 pseudoprophetam
2846 3312 2936 3384 qui
2969 3313 3022 3369 iu
3066 3312 3240 3371 cauda
3286 3314 3538 3385 ponitur,
3588 3311 3878 3387 disperdat,

2279 3414 2336 3461 et
2358 3408 2644 3477 magistros
2678 3408 2906 3478 pariter,
2932 3414 2987 3462 et
3016 3390 3355 3478 discipulos;
3382 3408 3528 3469 alios
3549 3407 3644 3489 qui
3662 3418 3881 3491 propter

2278 3514 2505 3555 munera
2534 3497 2756 3555 laudant
2808 3510 3169 3570 peccatores:
3219 3501 3362 3559 alios
3408 3504 3499 3574 qui
3551 3503 3761 3569 laudati
3786 3517 3881 3569 sua

2279 3589 2424 3645 mala
2454 3604 2563 3645 non
2609 3589 2870 3657 sentiunt,
2903 3606 3004 3648 nec
3029 3602 3195 3664 agunt
3224 3588 3619 3664 paenitentiam.
3651 3596 3881 3666 ,l‘roptet'

2278 3672 2386 3738 hoc
2437 3682 2490 3737 in
2530 3681 2829 3753 juvenibus
2875 3700 3065 3740 eorum
3102 3700 3217 3741 non
3265 3685 3537 3742 lmtabitur
3580 3685 3877 3755 Dominus:

2287 3771 2377 3829 για
2407 3775 2542 3830 enim
2583 3775 2776 3832 civitati
2803 3780 2950 3851 cujus
2986 3794 3079 3834 rex
3116 3776 3412 3841 adolescens
3442 3776 3633 3852 (Eccl.
3658 3796 3715 3849 χ,
3746 3778 3814 3835 16
3837 3775 3874 3848 ).

2281 3862 2346 3922 Et
2373 3866 2464 3939 qui
2484 3866 2654 3925 Deum
2686 3869 2899 3927 Patrem
2946 3868 3032 3927 vel
3084 3872 3380 3929 Dominum
3411 3868 3878 3953 verum'perdide-

2277 3971 2423 4029 runt,
2454 3977 2564 4017 non
2604 3962 2971 4035 impetrabunt
3015 3965 3470 4023 misericordiam.
3512 3962 3710 4031 Omnis
3736 3969 3875 4031 enim

2274 4042 2567 4108 haereticus
2598 4053 2882 4125 hypocrita
2912 4065 3016 4125 est,
3044 4056 3196 4113 aliud
3225 4073 3417 4130 agens,
3447 4067 3508 4114 et
3533 4058 3684 4117 aliud
3720 4061 3876 4125 simu-

2273 4144 2419 4214 lans,
2450 4154 2505 4202 et
2533 4144 2792 4219 quidquid
2840 4144 3104 4220 loquitur,
3132 4151 3262 4209 licet
3293 4151 3544 4208 videatur
3589 4167 3716 4215 esse
3742 4152 3878 4225 sapi-

2274 4240 2443 4303 entia,
2476 4245 2656 4295 tamen
2692 4241 2924 4296 stultitia
2947 4251 3052 4297 est.
3080 4241 3310 4315 Propter
3347 4244 3465 4300 haec
3493 4245 3744 4313 extendit
3771 4261 3878 4300 ma-

2277 4347 2403 4386 nuni
2456 4347 2608 4391 suam
2664 4333 2731 4389 ad
2788 4334 3161 4404 puniendum.
3208 4348 3265 4392 et
3310 4352 3515 4401 omnes
3569 4334 3876 4411 impiemtes

563 4417 1002 4490 appellabantur,
1064 4432 1174 4472 non
1229 4426 1454 4488 pmpter
1482 4418 1754 4488 virtutem,
1800 4418 1898 4475 sed
1946 4428 2172 4491 propter
2274 4437 2485 4489 enrmn,
2515 4426 2669 4495 quasi
2709 4410 2898 4495 spinas
2952 4442 3122 4483 vorax
3178 4426 3397 4491 ﬂamma
3448 4410 3759 4488 consumet.
3817 4430 3876 4488 Et

563 4520 811 4578 mtmera,
844 4506 1330 4580 praecipitabuutur
1358 4510 1412 4565 in
1454 4516 1709 4567 mbrte'm.
1729 4506 1896 4567 'Unde
1922 4520 1978 4567 et
2005 4524 2167 4579 supra
2190 4515 2251 4587 θ
2274 4516 2440 4571 'verba
2471 4516 2678 4588 absque
2700 4517 3017 4589 virtutibus,
3037 4536 3159 4591 qua:
3178 4521 3521 4580 inlructuoso
3539 4522 3709 4581 saltui
3733 4542 3875 4595 coin-

560 4602 1096 4679 legi‘mus:Populus
1118 4602 1401 4674 mamma
1428 4603 1631 4659 beatum
1658 4609 1710 4659 te
1750 4604 1953 4673 dicant,
2011 4602 2167 4658 sedu-
2275 4617 2565 4675 parantur,
2622 4607 2975 4666 iuvolventur
3024 4610 3160 4667 lumi
3207 4614 3483 4683 superbia.
3548 4610 3632 4672 Ad
3691 4633 3873 4674 eorum

559 4706 679 4755 sunt
702 4709 783 4766 te,
812 4705 864 4751 et
902 4697 1113 4752 semitas
1161 4696 1373 4781 pedum,
1399 4705 1606 4750 tuorum
1636 4697 1973 4767 supplantant
2004 4695 2025 4768 (
2051 4690 2164 4749 Isa.
2269 4708 2486 4769 poenam
2509 4702 2899 4763 contremiscet
2919 4706 3098 4760 omnis
3117 4704 3337 4773 humus,
3367 4717 3422 4773 et
3446 4702 3663 4779 decepti
3682 4709 3875 4781 populi

560 4806 637 4854 tn,
676 4788 747 4844 12
768 4787 813 4859 ).
844 4787 901 4843 In
944 4788 1036 4843 tali
1061 4788 1263 4858 populo
1288 4778 1497 4841 nullius
1537 4796 1790 4856 personae
1820 4785 2170 4879 miserebitur
2272 4794 2494 4850 aeternis
2517 4795 2803 4853 tradentur
2820 4797 3131 4865 ardoribus,
3162 4800 3285 4871 quia
3316 4801 3489 4879 turpis
3512 4778 3650 4859 lucri
3678 4778 3873 4879 gratia,

563 4882 737 4937 Deus:
770 4858 881 4936 non
914 4880 1125 4952 pupilli,
1158 4894 1268 4935 non
1297 4878 1505 4946 vidum,
1551 4879 1677 4949 quia
1706 4874 1885 4934 omnis
1915 4878 2171 4950 bypocri-
2274 4898 2347 4941 ne
2377 4885 2492 4941 suis
2547 4886 2762 4957 quidem
2795 4900 3043 4960 parcunt,
3074 4858 3458 4948 sed-certatim
3510 4884 3577 4950 de
3629 4858 3877 4966 decepti;

562 4981 614 5027 ta
642 4980 753 5039 est,
784 4971 928 5026 aliud
977 4972 1264 5035 simulans,
1310 4979 1370 5025 et
1398 4970 1544 5025 aliud
1592 4976 1793 5041 age’ns:
1836 4971 2167 5040 promittens
2269 4976 2487 5047 populis
2516 4978 2727 5047 praedas
2752 4980 2938 5053 agunt,
2966 4974 3340 5053 relinquentes
3378 4978 3544 5053 bona,
3574 4980 3713 5042 etin
3758 5002 3880 5058 pes.

556 5063 1180 5128 eastimteuhetvivens
1232 5062 1541 5118 luxuriose:
1572 5062 1880 5133 praeferens
1922 5074 2162 5136 paupcr-
2264 5070 2417 5127 simis
2458 5070 2839 5130 im'morantes.
2891 5073 3134 5146 Cumque
3183 5092 3401 5149 semper
3444 5074 3681 5147 sinistra
3728 5081 3879 5138 inve.

560 5165 749 5222 tarem,
778 5155 1083 5225 et'mplens
1099 5157 1460 5226 nm'supium.
1494 5155 1651 5212 Unde
1675 5157 1955 5229 jungit,et
1992 5157 2159 5215 dicit:
2269 5164 2421 5219 niant
2446 5206 2461 5233 ,
2492 5168 2676 5221 tamen
2717 5167 2832 5222 suis
2889 5183 3184 5238 numquam
3237 5171 3505 5237 satiantur
3555 5170 3878 5242 erroribus,

559 5247 632 5306 Et
670 5250 968 5306 uniuersum
997 5264 1053 5304 os
1088 5247 1317 5302 locutum
1350 5258 1433 5303 est
1460 5248 1755 5305 stultitiam.
1786 5249 2165 5335 Propterme
2267 5264 2529 5313 vorautes
2552 5273 2768 5314 carnem
2792 5258 3002 5316 brachii
3033 5262 3138 5329 sui,
3169 5269 3229 5318 et
3248 5262 3538 5320 adversum
3570 5256 3880 5325 Ecclesiam

557 5346 740 5404 omnia
766 5343 1028 5401 Dominus
1062 5346 1376 5398 nonceSsat
1400 5343 1586 5413 irasci,
1616 5342 1715 5401 sed
1745 5346 1922 5403 adhuc
1943 5342 2010 5402 ad
2043 5361 2166 5419 per-
2268 5351 2386 5421 pari
2404 5350 2583 5407 studio
2608 5342 2954 5408 dimicantes.
3000 5348 3235 5427 Propter
3264 5354 3560 5429 luxuriam,
3597 5370 3655 5417 et
3687 5354 3881 5435 volup-

629 5523 655 5549 “
682 5506 1213 5576 ιιιθιηνίάδσείναδὶιυτ
1228 5507 1816 5576 Μεοωιιγιιηάε
1840 5520 1892 5564 et
1922 5511 2161 5565 seruien-

629 5601 658 5632 ι-
690 5597 789 5632 pro
812 5583 1189 5632 consentientes
1214 5577 1402 5632 habet.

565 5590 658 5646 tes,
690 5597 789 5652 pro
812 5587 1189 5635 consentientes
1215 5587 1402 5633 habet.

630 5652 656 5688 δ
690 5652 866 5707 Vatic.
891 5648 1128 5705 secunda
1158 5661 1322 5722 manu
1352 5651 1585 5722 δῳυίεηε,
1615 5651 1768 5722 prius
1788 5651 2154 5722 eratﬁsapiens.

638 5731 659 5758 ε
691 5722 1006 5791 Perperam,
1048 5726 1209 5788 atque
1251 5716 1427 5773 inutili
1472 5710 1639 5776 sensu
1664 5710 1881 5792 legunt
1903 5710 2151 5778 blattiau.

2262 5509 2470 5594 otiique
2520 5513 2608 5581 σαί
2674 5520 2856 5585 mnus
2898 5522 3153 5594 eum
3188 5519 3492 5594 eum
3528 5528 3629 5594 est.
3678 5530 3881 5594 suem-

2267 5579 2671 5668 summa.“
2691 5654 2704 5668 .
2724 5579 2857 5642 mss.
2883 5587 2971 5668 .ad
2999 5579 3211 5668 'ipsius'
3236 5579 3553 5661 Hieronymi
3603 5579 3878 5662 tuentem,

2266 5660 2429 5725 atque
2472 5658 2737 5712 orationis
2783 5658 2987 5719 seriem
3017 5660 3363 5731 castigamus.
