4008 6300
531 237 634 296 155

1805 233 1862 292 s.
1905 228 2174 290 unseen
2213 196 2606 288 msnouvm
2648 227 2674 280 ι

3734 222 3843 282 {36

525 353 750 422 capiam.
781 351 990 407 Ulutate
1021 347 1287 416 sculptilia
1322 349 1376 403 in
1405 346 1718 414 Jerusalem,
1757 319 1815 402 et,
1847 347 2124 411 Samaria;
2153 346 2208 408 Α
2231 346 2668 403 adversariorum
2698 343 2946 402 civitates
2969 358 3093 416 quas
3123 344 3412 414 eriguntur
3436 349 3631 398 contra
3654 343 3838 398 scien-

527 445 658 498 sicut
685 446 815 496 enim
840 441 940 510 feci
968 439 1246 500 Samaria,
1280 447 1328 493 et
1358 438 1520 492 idolis
1550 439 1684 508 ejus,
1716 437 1789 493 sic
1817 437 2011 507 faciam
2035 437 2130 492 Je-

523 535 753 588 rusalem
799 543 848 587 et
891 532 1188 586 simulacris
1224 529 1388 586 illius.
1437 530 1680 585 Primum
1731 530 2012 586 sciendum
2047 539 2133 585 est

526 623 667 693 quod
710 623 761 677 in
792 621 1062 678 Hebraico
1087 637 1196 676 non
1229 621 1393 675 habet
1418 618 1693 687 Chalane,
1730 619 1825 676 sed
1851 635 2131 677 CBALANNO

522 700 724 788 (1:53).
756 717 954 775 Ultima
986 717 1134 772 enim
1183 715 1422 770 nominis
1478 714 1641 785 hujus
1672 714 1856 770 littera
1907 730 2016 770 non
2049 723 2134 771 est

521 824 634 876 ιον,
667 820 725 864 ut
749 808 828 863 illi
861 816 1216 878 putaverunt,
1247 807 1344 863 sed
1368 822 1496 872 vau,
1522 821 1643 877 quae
1678 805 1876 863 littera:
1906 806 2022 861 sola
2051 805 2134 861 in-

518 911 601 958 ter
639 917 699 959 se
729 902 938 958 distant
969 901 1367 972 magnitudine.
1423 901 1618 956 Turris
1649 911 1832 957 autem
1861 900 2128 956 aedificata

525 1009 613 1056 est
639 1001 696 1053 in
727 1013 923 1068 campo
945 997 1212 1061 Sennaar,
1247 1000 1299 1052 in
1329 1012 1436 1068 quo
1463 1004 1624 1053 erant
1654 998 1792 1052 Arec
1809 995 1916 1070 [ΑΙ.
1946 996 2131 1067 Arce],

525 1092 700 1155 Acad,
728 1101 786 1146 et
811 1091 1118 1157 Chalanne,
1145 1100 1203 1146 et
1233 1091 1502 1162 Babylon,
1542 1106 1664 1161 quae
1706 1105 1775 1146 ex
1806 1088 2136 1145 confusione

529 1186 836 1258 linguarum
871 1200 1070 1241 nomen
1097 1185 1310 1256 accepit
1337 1182 1678 1258 (Genes._xt).
1712 1182 1910 1240 Arabia
1952 1195 2132 1238 autem

529 1255 638 1333 non
675 1280 906 1334 habetur
935 1279 988 1333 in
1016 1277 1265 1344 llebrzeo,
1301 1276 1398 1332 sed
1442 1255 1660 1343 Ema’th,
1691 1291 1851 1346 quam
1885 1276 2008 1347 Syri
2039 1291 2134 1331 us-

473 1354 498 1380 ⁹
531 1388 638 1445 que
669 1370 830 1426 hodie
858 1370 1218 1440 Epiphaniam
1248 1378 1466 1426 vocant.
1505 1367 1720 1424 Ululate
1743 1383 1962 1438 quoque
1990 1368 2134 1423 scul-

534 1464 689 1536 ptilia
719 1465 773 1518 in
799 1462 1112 1528 Jerusalem,
1141 1463 1210 1518 de
1249 1477 1350 1518 suo
1379 1461 1726 1517 addiderunt.
1755 1463 2020 1534 Quodque
2045 1478 2136 1516 su-

532 1573 630 1628 pra
659 1557 928 1628 scriptum
974 1565 1060 1611 est
1088 1573 1103 1611 :
1141 1555 1202 1610 Si
1230 1555 1461 1610 dixerint
1500 1555 1579 1622 ei,
1627 1565 1684 1609 tu
1709 1555 1868 1612 solus
1900 1571 1952 1608 es
1985 1555 2135 1625 prin-

533 1668 670 1723 ceps,
701 1649 1050 1720 respondebit,
1086 1665 1189 1703 non
1220 1649 1319 1703 tuli
1349 1649 1608 1717 regionem
1639 1647 1812 1713 illam,
1853 1655 1905 1702 et
1947 1648 2094 1702 illam
2117 1688 2132 1712 ,

2233 441 2359 494 tiam
2389 437 2507 504 Dei,
2537 449 2592 494 et
2621 437 3002 494 haereticorum
3046 437 3216 493 nimio
3261 437 3448 493 labore
3494 443 3837 491 construct:

2232 543 2381 599 sunt,
2414 533 2468 589 in
2501 533 2782 604 pulverem
2811 526 3051 604 redigat,
3071 542 3126 588 et
3156 531 3288 587 nihil
3321 546 3443 587 esse
3465 529 3839 586 demonstret.

2232 628 2335 697 Qui
2361 628 2669 700 intelligens
2699 627 3073 683 infirmitatem
3103 626 3286 683 cordis
3326 625 3573 690 humani,
3602 634 3660 680 et
3693 624 3837 695 quod

2233 721 2450 776 mortali
2494 735 2658 776 carne
2705 719 3104 783 circumdatus,
3153 734 3262 774 non
3313 718 3484 787 possit
3539 716 3838 788 perfectam

2233 814 2492 868 virtutum
2527 812 2728 868 habere
2756 812 3064 876 victoriam.
3095 827 3198 869 nec
3223 826 3420 867 omnes
3447 819 3648 882 gentes
3671 825 3839 879 capea

2236 919 2319 973 re,
2344 904 2471 959 licet
2497 919 2622 959 eum
2652 904 2742 959 alii
2773 903 3134 969 admirentur,
3159 913 3214 960 et
3243 903 3432 960 dicant
3465 919 3479 957 :
3513 902 3599 958 Tu
3619 902 3760 958 solus
3786 918 3841 958 es

2235 997 2490 1068 princeps,
2525 996 2877 1067 respondebit
2903 997 2984 1053 eis
3017 996 3220 1052 :Mttlta
3252 1005 3382 1052 sunt
3407 1011 3530 1066 quae
3551 994 3839 1051 deSIruere

2235 1089 2435 1156 debeo,
2478 1099 2536 1145 et
2581 1089 2760 1146 adhuc
2811 1089 3096 1146 destruere
3147 1104 3253 1144 non
3303 1089 3455 1161 potui
3491 1106 3507 1144 :
3551 1089 3668 1143 scio
3698 1089 3839 1160 quod

2237 1185 2502 1242 nesciam.
2537 1183 2608 1239 Et
2635 1199 2963 1255 quamquam
3000 1184 3168 1238 multa
3197 1183 3641 1238 adversariorum
3671 1197 3836 1254 argn-

2239 1289 2418 1334 menta
2447 1279 2820 1349 superaverint
2855 1297 2869 1334 :
2895 1287 3076 1334 tamen
3109 1285 3237 1332 sunt
3266 1277 3551 1348 pleraque,
3583 1292 3710 1348 qua:
3748 1275 3840 1330 ad-

2239 1370 2344 1426 huc
2373 1371 2678 1442 superanda
2705 1379 2850 1426 sunt.
2871 1371 3154 1442 Simulque
3185 1385 3283 1440 spe
3304 1369 3613 1424 futurormn
3640 1385 3708 1423 ex
3733 1367 3835 1432 his,

2237 1478 2361 1533 qua:
2387 1463 2688 1530 superavit,
2722 1464 2886 1518 etiam
2917 1475 3242 1519 cmterorum
3283 1462 3389 1517 sibi
3435 1461 3722 1517 victoriam
3753 1478 3838 1516 re-

2241 1557 2529 1628 promittit.
2557 1555 2824 1612 Jubeutnr
2849 1568 3028 1612 autem
3055 1556 3268 1612 ululare
3296 1555 3590 1611 simulacra
3622 1554 3837 1610 Jerusa-

2241 1649 2370 1714 lem,
2405 1659 2457 1702 et
2490 1647 2755 1704 Samaria:
2789 1664 2802 1702 :
2836 1663 2941 1702 non
2967 1648 3081 1718 ipsa
3115 1663 3236 1719 quae
3267 1647 3393 1702 ﬁcta
3441 1655 3568 1701 sunt
3603 1662 3619 1704 :
3649 1647 3748 1701 sed
3791 1640 3836 1700 hi

533 1743 627 1800 sed
660 1745 758 1799 tuli
793 1743 1062 1810 Arabiam,
1105 1750 1153 1796 et
1195 1741 1532 1808 Damascum,
1569 1751 1620 1796 et
1647 1741 1967 1800 Samariam,
1995 1739 2140 1794 hunc
2169 1733 2217 1794 B
2244 1740 2339 1811 qui
2370 1755 2435 1794 ea
2475 1739 2748 1794 finxerunt
2781 1757 2793 1794 :
2828 1749 3190 1813 μετωνυμικῶς
3226 1739 3278 1794 hi
3303 1739 3394 1811 qui
3425 1739 3711 1803 fecerunt,
3751 1754 3840 1808 per

534 1837 777 1909 suggerit
805 1851 1028 1893 sensum
1060 1853 1074 1889 :
1107 1833 1242 1890 Cum
1275 1835 1476 1905 inquit,
1514 1834 1759 1889 dixerint
1791 1833 2020 1904 Assyrio
2050 1833 2142 1902 qui

536 1930 684 2000 capti
715 1939 862 1996 sunt,
891 1938 946 1982 tu
974 1927 1233 1998 princeps
1268 1942 1327 1982 es
1357 1928 1625 1990 omnium,
1656 1927 1750 1981 ille
1779 1927 1956 1982 adlmc
1997 1926 2146 1980 inﬁr-

537 2039 686 2080 mum
713 2039 773 2078 se
806 2038 930 2079 esse
965 2023 1233 2086 sentiens,
1268 2021 1625 2091 respondebit
1655 2020 1762 2093 [ΑΙ.
1798 2019 2143 2092 respondit]:

539 2117 827 2186 Quomodo
857 2133 945 2173 me
983 2118 1191 2172 vocatis
1239 2117 1568 2187 principem,
1601 2131 1728 2171 cum
1761 2124 1969 2170 tantmn
2008 2116 2148 2169 Ara-

540 2212 709 2276 biam,
743 2220 799 2268 et
839 2213 1186 2278 Damascum,
1217 2221 1274 2265 et
1312 2211 1618 2268 Samariam
1651 2212 1916 2282 ceperim,
1943 2217 2001 2266 et
2028 2209 2145 2264 lon—

539 2318 606 2376 ge
636 2305 841 2372 positas
863 2306 1118 2359 nationes
1148 2314 1298 2358 trans
1329 2303 1688 2375 Babylonem,
1725 2303 1960 2358 necdum
2009 2316 2146 2356 mete

541 2398 879 2454 subdiderim
926 2397 1382 2469 potestati‘lQuo
1439 2396 1602 2451 modo
1653 2406 1833 2451 autem
1889 2395 2144 2451 Arabiam

544 2493 686 2564 cepi,
720 2493 1076 2557 Damascum,
1121 2501 1179 2547 et
1205 2490 1535 2552 Samariam,
1571 2491 1650 2544 sic
1681 2489 1865 2543 omnia
1897 2487 2035 2543 mihi
2064 2503 2152 2544 re-

541 2601 645 2656 gna
667 2584 1033 2640 substernam.
1060 2583 1429 2637 Transeamus
1457 2581 1525 2636 ad
1552 2581 1902 2644 Hebraicum,
1933 2589 1990 2634 et
2018 2579 2147 2650 quid

542 2677 702 2732 nobis
736 2676 1006 2738 videatur,
1038 2673 1281 2729 breviter
1307 2683 1658 2729 annotemus.
1699 2673 1786 2728 Vw
1819 2674 2053 2744 Assyrio,
2093 2672 2146 2728 id

543 2779 654 2832 esst,
677 2766 1077 2833 Sennacherib,
1109 2766 1234 2836 quia
1267 2767 1383 2836 ipse
1414 2776 1500 2823 est
1531 2767 1704 2838 virga,
1725 2777 1780 2823 et
1810 2767 2038 2822 baculus
2068 2768 2151 2821 fu-

549 2860 691 2918 roris
721 2861 846 2924 mei,
875 2861 929 2915 in
962 2875 1126 2915 manu
1150 2860 1294 2916 enim
1317 2859 1436 2930 ejus
1466 2859 1770 2930 indignatio
1799 2875 1939 2925 mea,
1974 2869 2028 2916 et
2055 2874 2150 2931 per

549 2954 706 3011 illum
752 2953 1056 3025 percutiam
1101 2964 1320 3024 gentem
1362 2953 1789 3020 fallacissimam,
1842 2969 1963 3023 qme
2007 2954 2152 3009 inter

551 3064 642 3104 me
666 3063 886 3118 semper
925 3057 980 3104 et
1012 3046 1152 3102 idola
1185 3045 1536 3113 claudicavit,
1574 3061 1696 3116 quae
1728 3058 1996 3116 pra'cepta
2029 3061 2148 3101 mea

2247 1849 2309 1890 ea
2341 1849 2461 1906 quae
2483 1833 2622 1890 facta
2653 1844 2816 1889 sunt:
2848 1846 2908 1889 ut
2930 1850 3035 1890 non
3067 1837 3247 1890 solum
3273 1834 3325 1889 hi
3347 1835 3439 1906 qui
3461 1834 3517 1889 in
3549 1833 3841 1890 ha-resibos

2248 1926 2392 1982 idola
2439 1925 2688 1981 fabricati
2719 1935 2880 1993 sunt,
2922 1927 3016 1984 sed
3066 1928 3156 2000 qui
3199 1928 3251 1981 in
3297 1927 3534 1983 Ecclesia
3566 1942 3670 1998 per
3699 1929 3842 1998 igno-

2248 2019 2477 2074 rantiam
2508 2019 2812 2076 defendunt
2855 2035 2951 2090 pro
2971 2022 3201 2077 veritate
3239 2020 3611 2089 mendacium,
3647 2021 3842 2076 ululatu

2248 2120 2304 2166 et
2328 2111 2648 2184 paenitentia
2680 2127 2741 2168 se
2771 2127 2988 2168 errasse
3018 2123 3311 2168 testentur.

2320 2205 2508 2274 (Vers.
2554 2205 2770 2277 12-14.)
2822 2205 2892 2260 Et
2935 2207 3032 2261 erit
3069 2224 3182 2260 cum
3219 2208 3547 2275 compleverit
3594 2207 3842 2262 Dominus

2250 2307 2440 2354 cuncta
2477 2315 2637 2369 opera
2684 2316 2781 2354 sua
2826 2300 2882 2354 iu
2920 2311 3092 2356 monte
3141 2301 3294 2363 Sion,
3336 2312 3386 2356 et
3434 2303 3488 2356 in
3519 2299 3838 2366 Jerusalem,

2257 2391 2414 2465 145
2438 2393 2656 2446 visitabo
2680 2409 2837 2462 super
2861 2394 3091 2463 fructum
3114 2394 3381 2468 magniﬁci
3398 2394 3574 2448 cordis
3590 2396 3726 2465 regis
3757 2394 3845 2448 As-

2251 2499 2368 2549 sur,
2392 2494 2439 2536 et
2459 2499 2613 2555 super
2649 2482 2875 2556 gloriam
2900 2482 3198 2539 altitudinis
3228 2485 3497 2539 oculorum
3531 2488 3672 2553 eius.
3707 2483 3843 2538 Dixit

2250 2577 2385 2630 enim
2410 2617 2426 2642 ,
2463 2580 2514 2630 in
2541 2577 2849 2647 fortitudine
2889 2593 3073 2634 namus
3113 2595 3239 2633 mete
3275 2581 3392 2648 feci,
3422 2589 3471 2632 et
3514 2579 3568 2632 in
3597 2580 3844 2648 sapientia

2251 2683 2364 2721 mea
2389 2669 2639 2736 intellexi,
2672 2680 2720 2725 et
2747 2669 2935 2726 abstuli
2957 2673 3203 2726 terminos
3232 2672 3569 2745 pepulerunt,
3613 2685 3664 2726 et
3697 2675 3840 2742 prin-

2252 2763 2391 2834 cipes
2435 2780 2610 2818 eorum
2639 2765 2969 2832 deprwdatus
2990 2781 3129 2828 sum,
3155 2775 3204 2820 et
3227 2766 3429 2821 detraxi
3470 2767 3622 2836 quasi
3673 2778 3846 2836 potens

2252 2856 2305 2909 in
2336 2856 2542 2911 sublimi
2583 2858 2898 2924 residentes;
2938 2870 2986 2914 et
3023 2859 3217 2914 invenit
3261 2860 3412 2932 quasi
3451 2860 3632 2914 nidum
3674 2878 3849 2914 "ianus

2255 2965 2367 3003 mea
2395 2951 2753 3020 fortitudinem
2777 2950 3118 3024 populorum;
3140 2962 3188 3007 et
3217 2953 3351 3007 sicut
3389 2953 3710 3024 colliguntur
3741 2972 3847 3017 ora,

2254 3058 2369 3113 qute
2390 3041 2635 3097 derelicta
2658 3056 2776 3098 sunt
2796 3060 2815 3110 ;
2841 3045 2918 3099 sic
2933 3047 3222 3101 universam
3253 3056 3440 3101 terram
3456 3063 3550 3118 ego
3579 3065 3854 3120 congrega-

550 3156 610 3197 se
635 3141 902 3220 facturam
927 3154 1051 3195 esse
1079 3139 1306 3195 mentita
1334 3149 1440 3205 est,
1464 3147 1519 3195 et
1548 3151 1742 3195 contra
1780 3139 2041 3210 populum
2070 3139 2150 3192 fu-
2177 3123 2223 3186 C
2255 3136 2324 3200 ei,
2345 3145 2393 3188 et
2424 3151 2525 3190 non
2561 3138 2661 3206 fuit
2690 3138 2776 3208 qui
2815 3150 3037 3193 moveret
3065 3156 3311 3211 pennam,
3329 3150 3375 3193 et
3413 3141 3639 3212 aperiret
3670 3158 3749 3204 os,
3781 3153 3853 3194 a1-

527 3233 696 3304 ,roris
722 3233 826 3288 mei
852 3232 951 3302 ipsi
983 3234 1318 3304 pra'cipiam,
1355 3242 1413 3288 ut
1437 3233 1637 3304 spoliet
1663 3248 1786 3288 eum
1821 3242 1983 3304 atque
2013 3248 2153 3302 pra:-

545 3328 729 3394 detur,
763 3335 819 3382 ct
846 3327 1058 3397 redigat
1085 3329 1137 3380 in
1172 3328 1472 3398 pulverem,
1499 3336 1554 3383 et
1578 3329 1863 3383 conculcet
1887 3327 2042 3398 quasi
2073 3326 2156 3380 lu-

551 3431 666 3476 tum
699 3422 1024 3490 platearum,
1058 3419 1111 3475 id
1137 3429 1242 3484 est,
1277 3430 1336 3474 ut
1369 3421 1641 3490 percutiat
1666 3435 1812 3485 eum,
1847 3428 1902 3473 et
1930 3436 2037 3474 non
2069 3418 2155 3474 in-

553 3513 808 3578 terliciat,
845 3523 903 3566 ut
931 3511 1205 3577 vulneret,
1255 3521 1312 3565 et
1353 3526 1460 3563 non
1497 3511 1735 3564 animam
1769 3509 2001 3565 auferat.
2039 3510 2156 3578 Ipse

556 3617 738 3660 autem
767 3605 988 3658 modum
1030 3601 1329 3658 iracundia:
1359 3617 1494 3658 mea:
1523 3618 1778 3672 egressus
1815 3613 1920 3668 est,
1955 3611 2011 3658 et
2044 3617 2154 3657 non

558 3699 736 3754 solum
768 3707 957 3751 contra
988 3695 1180 3763 Israel,
1227 3697 1294 3749 ad
1343 3711 1502 3766 quem
1550 3696 1789 3752 directus
1833 3701 2031 3760 fuerat.
2061 3697 2156 3752 sed

555 3789 609 3844 in
635 3796 828 3861 gentes
861 3787 1132 3858 plurimas
1157 3787 1528 3844 debacchatus
1561 3797 1666 3856 est,
1703 3786 1862 3861 ια
1891 3799 1948 3843 ιιι
1971 3789 2158 3844 omnia

558 3900 659 3958 per
687 3884 974 3940 circuitum
1016 3897 1182 3954 regna
1213 3892 1547 3950 contereret,
1591 3891 1646 3938 et
1677 3898 1846 3954 usque
1882 3883 1948 3938 ad
1990 3884 2160 3938 inter-

555 3981 841 4037 necionem
864 3979 1104 4049 gentium
1133 3977 1488 4048 plurimarum
1518 3976 1665 4032 illius
1693 3991 1883 4032 mucro
1914 3977 2153 4033 saeviret.

562 4073 794 4130 Erectus
815 4070 962 4126 enim
999 4069 1052 4125 in
1084 4069 1420 4140 superbiam,
1455 4069 1572 4124 haec
1601 4085 1766 4124 ausus
1797 4078 1882 4123 est
1924 4069 2109 4125 dicere
2142 4086 2155 4122 :

560 4167 740 4222 Duces
769 4167 874 4220 mei
902 4165 1130 4219 aliarum
1152 4165 1394 4235 gentium
1426 4177 1588 4234 reges
1617 4173 1766 4223 snnt.
1792 4171 1848 4218 et
1872 4161 2002 4216 mihi
2033 4162 2158 4217 sub-

557 4257 714 4326 jecti,
743 4256 957 4310 cunctis
989 4255 1301 4312 nationibus
1332 4255 1696 4324 imperabunt.
1727 4254 2017 4324 Quomodo
2038 4255 2158 4326 cepi

558 4349 898 4412 Chamamis.
931 4349 1012 4403 sic
1032 4350 1225 4418 cepiet
1244 4347 1530 4405 Cbalanno
1561 4369 1574 4404 :
1602 4350 1882 4421 quomodo
1910 4351 2154 4422 Arphad,

560 4443 643 4499 sic
673 4441 886 4498 obtinui
911 4451 968 4498 et
994 4441 1216 4510 Emath,
1236 4445 1512 4513 quomodo
1544 4447 1892 4514 Damascum,
1922 4448 2003 4503 sic
2025 4446 2158 4502 mihi

2257 3246 2354 3301 que
2402 3231 2659 3302 ganniret.
2705 3231 2852 3288 LXX
2897 3249 2998 3304 pro
3029 3235 3228 3303 fructu,
3259 3253 3491 3302 sensum,
3523 3237 3610 3292 vel
3641 3249 3852 3293 mentem

2259 3338 2497 3397 magnam
2521 3325 2865 3396 interpretati
2895 3337 3041 3382 sunt.
3077 3328 3206 3382 Post
3251 3329 3624 3399 captivitatem
3671 3331 3853 3389 Sama-

2259 3417 2376 3484 riae,
2403 3426 2460 3472 et
2505 3419 2856 3490 Assyriorum
2905 3419 3212 3484 victoriam,
3265 3430 3322 3476 et
3369 3421 3851 3480 comminationem

2259 3509 2550 3566 adversum
2590 3512 2916 3578 Jerusalem,
2949 3515 3077 3584 quia
3111 3515 3402 3570 simulacra
3428 3516 3638 3570 imitata
3674 3518 3855 3574 Sama«

2260 3604 2380 3669 riae,
2411 3605 2578 3659 simili
2609 3606 2679 3689 sit
2733 3606 2976 3662 ferienda
3016 3611 3328 3675 sententia;
3375 3623 3520 3665 nunc
3570 3610 3856 3667 adversum

2260 3699 2436 3769 ipsum
2472 3701 2750 3773 Assyrium
2778 3704 2869 3772 qui
2900 3705 3074 3764 elatus
3099 3706 3260 3760 estin
3290 3707 3629 3777 superbiam,
3662 3720 3719 3764 et
3747 3723 3854 3764 sua:

2261 3792 2592 3850 fortitudinis
2621 3801 2828 3867 putavit
2865 3814 2987 3854 esse
3016 3799 3160 3871 quod
3187 3801 3338 3866 vicit,
3374 3802 3647 3872 PrOpheta
3685 3803 3855 3874 loqui-

2264 3899 2367 3944 tur.
2408 3891 2548 3947 Disit
2574 3893 2718 3947 enim
2748 3892 3024 3966 Assyrius,
3053 3895 3233 3950 cordis
3275 3905 3486 3951 tumore
3529 3911 3591 3950 se
3626 3895 3856 3966 jactans.

2260 3983 2404 4055 quod
2441 3983 2493 4038 in
2526 3982 2846 4042 fortitudine
2885 4001 3073 4048 manus
3097 4002 3243 4057 suae,
3285 3996 3505 4044 cunctas
3533 3988 3734 4046 vicerit
3772 4004 3860 4044 na-

2265 4077 2440 4132 tiones
2464 4118 2480 4142 ,
2530 4087 2585 4133 ct
2625 4078 2928 4134 incredibili
2967 4081 3234 4150 sapientia
3275 4082 3518 4136 omnium
3562 4081 3862 4150 possederit

2263 4172 2545 4226 terminos.
2589 4170 2659 4226 Et
2699 4171 2852 4240 juxta
2892 4171 3035 4227 LXX
3084 4179 3250 4228 tanta:
3282 4173 3535 4244 potentia:
3575 4172 3766 4238 fuerit,
3809 4181 3860 4228 ut

2265 4263 2589 4320 bellatorum
2617 4263 2896 4320 hominum
2937 4265 3099 4321 urbes
3142 4267 3386 4322 funditus
3429 4266 3728 4333 subruerit,
3780 4277 3861 4322 to-

2265 4365 2484 4428 tumque
2515 4358 2704 4414 orbem
2744 4359 2900 4429 quasi
2931 4358 3116 4414 nidum
3145 4358 3591 4429 apprehenderit,
3625 4371 3680 4416 et
3712 4359 3860 4430 quasi

2264 4447 2524 4505 derelicta
2547 4465 2647 4505 ova
2681 4465 2712 4505 a
2743 4451 3030 4516 matribus,
3072 4451 3125 4506 in
3155 4466 3308 4507 suam
3353 4451 3592 4521 praedam
3618 4453 3858 4507 verterit.

564 4533 772 4606 subjeci
804 4543 860 4590 et
886 4535 1214 4592 Samariam.
1247 4536 1533 4606 Quomodo
1560 4548 1759 4596 caetera
1803 4555 1966 4610 regna
1987 4582 2002 4606 ,
2036 4555 2158 4611 quae
2190 4515 2238 4576 ί)
2267 4541 2335 4596 Ει
2368 4544 2491 4613 quia
2519 4543 2688 4599 semel
2731 4545 3104 4614 metaphoram
3145 4547 3214 4601 ab
3253 4515 3464 4614 avibus,
3505 4549 3636 4605 nido
3665 4560 3720 4605 et
3749 4550 3864 4605 ovis

561 4625 832 4683 idolorum
873 4628 1042 4684 cultui
1073 4629 1410 4696 serviebant,
1455 4632 1597 4687 meis
1646 4631 1853 4702 subjeci
1909 4631 2159 4702 pedibus,

561 4721 641 4778 sic
669 4729 727 4778 et
758 4719 1086 4788 Jerusalem,
1131 4731 1187 4777 et
1226 4721 1550 4788 Samariam,
1580 4724 1630 4777 in
1665 4739 1766 4792 qua
1797 4723 1987 4779 eadem
2018 4724 2162 4779 idola

561 4823 709 4878 sunt,
742 4830 878 4870 mete
909 4815 1196 4886 subjiciam
1241 4816 1522 4886 potestati.
1574 4815 1693 4880 Quo
1719 4816 1882 4870 modo
1910 4815 2031 4885 cepi
2064 4816 2162 4872 Sa-

564 4905 789 4959 mariam
819 4921 944 4960 cum
974 4906 1137 4962 idolis
1167 4907 1305 4974 suis,
1338 4907 1419 4963 sic
1460 4916 1517 4963 et
1564 4906 1872 4963 Jerusalem
1926 4908 2160 4978 capiam,

562 4997 688 5067 quia
731 4996 957 5052 eosdem
998 5009 1290 5055 veneratur
1331 5000 1486 5056 deos.
1540 5000 1647 5056 Pro
1693 5000 2011 5057 Charcamis
2063 5018 2162 5058 au-

564 5098 672 5146 tem
702 5089 846 5146 LXX
871 5089 1136 5146 addentes
1162 5092 1234 5148 de
1279 5109 1402 5160 suo,
1445 5096 1706 5165 regionem
1744 5105 1888 5151 trans
1940 5095 2165 5168 Babylo-

557 5201 673 5240 nem
719 5184 1066 5254 interpretati
1095 5194 1246 5248 snnt,
1292 5196 1339 5239 et
1382 5185 1619 5242 Chalane
1669 5189 1756 5243 ubi
1785 5190 2046 5260 wdiﬁcata
2091 5199 2165 5244 est

559 5280 736 5345 turris,
766 5276 989 5350 Arphad
1039 5277 1260 5348 penitus
1302 5277 1696 5349 relinquentes.
1733 5282 2033 5338 Possumus
2062 5298 2163 5336 au-

559 5379 668 5426 tem
694 5372 842 5440 juxta
869 5369 1283 5426 translationem
1306 5385 1520 5436 eorum,
1557 5383 1608 5427 et
1638 5374 1986 5446 trotiologiaa,
2005 5375 2163 5431 dum-

561 5462 722 5518 modo
753 5463 836 5532 pia
863 5462 958 5527 sit,
990 5462 1325 5531 libertatem,
1359 5479 1423 5520 ex
1455 5479 1522 5520 eo
1556 5469 1701 5535 quod
1751 5468 1845 5536 ait,
1881 5478 1930 5524 et
1971 5469 2164 5540 popqu

565 5571 676 5612 meo
709 5556 1031 5628 principium,
1064 5568 1119 5610 ut
1150 5558 1308 5628 faciat
1332 5557 1503 5628 spolia
1525 5569 1571 5614 et
1600 5560 1850 5629 prtedam,
1881 5571 1929 5615 et
1955 5565 2164 5616 concul-

566 5657 643 5702 cet
661 5649 916 5715 cisitates,
945 5659 994 5704 et
1018 5659 1174 5722 ponat
1196 5667 1283 5704 eas
1304 5652 1358 5704 in
1379 5653 1659 5723 pulverem,
1689 5658 1854 5710 etiam
1889 5653 1991 5709 hoc
2021 5651 2164 5711 dice:

567 5753 648 5807 re,
679 5741 821 5811 quod
849 5742 1093 5812 quotidie
1113 5743 1318 5814 populo
1348 5757 1449 5800 suo
1479 5746 1762 5818 prwcipiat
1793 5746 2078 5820 Dominus,
2105 5757 2164 5806 ut

2265 4643 2595 4706 sumpserat,
2623 4638 2859 4692 servavit
2886 4639 2938 4693 in
2975 4639 3222 4710 reliquis,
3253 4651 3310 4695 ut
3337 4640 3544 4697 diceret
3569 4659 3587 4695 τ
3616 4641 3740 4698 Non
3768 4643 3865 4712 fuit

2269 4729 2357 4798 qui
2400 4738 2622 4783 moveret
2670 4747 2914 4802 pennam,
2951 4742 2997 4788 et
3033 4734 3257 4803 aperiret
3294 4751 3373 4798 os,
3419 4744 3571 4806 atque
3607 4735 3865 4807 ganuirel.

2269 4820 2500 4889 Tantus,
2523 4821 2718 4892 inquit,
2738 4831 2914 4881 terror
2940 4824 3041 4880 fuit
3064 4826 3396 4884 fortitudinis
3418 4843 3553 4883 meae
3573 4830 3866 4899 atquevic-

2271 4914 2445 4978 torice,
2486 4924 2544 4969 ut
2574 4931 2642 4971 ne
2672 4915 2857 4972 ﬂetum
2887 4917 3107 4988 quidem
3149 4929 3206 4974 et
3233 4920 3490 4991 gemitum
3525 4919 3656 4976 victi
3700 4921 3870 4977 libere

2273 5007 2584 5078 proderent.
2617 5009 2755 5066 Sunt
2783 5011 2874 5082 qui
2909 5012 3022 5066 haec
3056 5015 3388 5084 generaliter
3407 5023 3597 5070 contra
3640 5030 3869 5086 regnum

2269 5101 2617 5172 Assyriorum
2658 5101 2763 5158 dici
2803 5103 3161 5169 arbitrentur,
3203 5105 3348 5177 quod
3389 5117 3680 5177 postquam
3723 5123 3873 5163 com-

2269 5193 2500 5262 pleverit
2530 5194 2792 5250 Dominus
2819 5205 3013 5252 cuncta
3045 5213 3210 5268 Opera
3237 5214 3334 5254 sua
3363 5199 3416 5253 in
3443 5207 3631 5254 monte
3656 5199 3794 5256 Sion
3820 5210 3874 5255 et

2269 5287 2320 5342 in
2349 5288 2679 5356 Jerusalem,
2712 5290 2814 5346 hoc
2841 5302 2948 5356 est,
2975 5303 3260 5364 postquam
3292 5294 3555 5350 subversa
3585 5297 3750 5352 fuerit
3779 5296 3875 5353 Jc.

2267 5381 2526 5451 rusalem,
2559 5382 2910 5454 Assyriorum
2934 5384 3220 5456 imperium
3251 5388 3588 5444 deStruatur.
3619 5389 3753 5445 Mihi
3774 5406 3878 5446 au-

2270 5482 2374 5528 tem
2406 5491 2475 5530 ex
2527 5476 2609 5531 his
2639 5491 2761 5547 qu:e
2799 5489 3124 5548 sequuntur,
3167 5480 3382 5552 proprie
3418 5491 3612 5537 contra
3654 5482 3876 5540 Senna~

2268 5565 2454 5621 cherib
2479 5583 2660 5639 regem
2682 5569 3032 5639 Assyriorum
3062 5573 3277 5629 videtur
3307 5573 3684 5631 comminatio.
3717 5578 3880 5646 Quod

2267 5672 2450 5714 autem
2497 5659 2576 5714 ait
2619 5677 2633 5714 :
2684 5659 2971 5734 Postquam
3011 5663 3337 5735 compleverit
3390 5663 3649 5722 Dominus
3690 5682 3885 5725 cuncta

2267 5767 2423 5823 opera
2461 5769 2559 5808 sua
2586 5753 2641 5808 in
2672 5764 2843 5812 monte
2882 5757 3011 5812 Sion
3055 5767 3102 5813 et
3139 5758 3197 5814 in
3232 5756 3546 5829 Jerusalem,
3588 5775 3708 5819 non
3749 5764 3886 5822 sub-
