4008 6370
195 399 290 459 1ὓῖ

785 392 1435 455 COMMENTARIORUM
1475 391 1539 448 IN
1583 392 1815 450 ISAIAM
1858 392 2281 449 l‘llOPllETAM
2323 392 2454 449 LIB.
2497 392 2586 453 ιν.
2629 393 2780 452 CAP.
2821 395 2895 458 Χ.

3389 395 3490 455 158

197 512 508 567 versionem
538 510 689 567 urbis
728 511 1024 583 significat,
1057 510 1154 565 sed
1183 510 1548 576 obsidionem,
1579 511 1795 578 quando
1824 510 1870 570 Α
1899 519 1948 566 et
1973 511 2071 563 erit
2108 518 2300 564 terrore
2335 513 2588 581 profugus
2609 551 2622 574 ,
2668 520 2716 562 et
2755 509 2984 581 reliquiw
3024 509 3150 584 ligni
3184 512 3346 566 saltus
3384 516 3496 586 ejus

199 602 346 658 venit
376 602 650 658 Rabsaces
680 601 789 656 dux
817 600 1217 668 Sennacherib,
1240 610 1263 637 α
1281 609 1336 656 et
1363 616 1423 655 ea
1446 600 1569 656 fecit
1591 616 1711 670 qua:
1739 600 1790 655 in

204 693 590 762 posterioribus
635 692 778 749 idem
845 692 1119 762 Propheta
1176 701 1571 748 commemorat
1620 689 1792 763 (Isai.

206 801 413 852 xxxvii,
452 785 563 854 17).
606 784 918 840 Secundum
969 785 1352 856 tropologiam,
1394 799 1516 840 cum
1546 785 1793 841 Samaria

204 885 255 932 et
273 876 573 932 Jerusalem
605 876 818 932 Domini
858 876 1018 950 ιω
1054 878 1191 933 iram
1224 878 1606 946 sustinuerim,
1648 887 1706 934 et
1741 879 1794 934 in

200 968 553 1025 fabricatione
576 969 850 1025 idolorum
873 985 1089 1028 errasse
1113 986 1174 1028 se
1195 973 1473 1027 senserint
1501 989 1514 1026 :
1541 981 1673 1026 tunc
1703 971 1800 1027 de-

197 1071 434 1121 struetur
463 1078 664 1120 sensus
692 1079 944 1136 magnus,
976 1064 1237 1137 Assyrius
1259 1063 1369 1138 [Αι.
1392 1063 1796 1137 Assyriorum],

197 1158 285 1229 qui
318 1156 370 1212 in
401 1165 606 1213 tantam
651 1167 840 1213 contra
885 1157 1174 1213 Dominum
1221 1156 1442 1212 inﬂatus
1480 1168 1569 1214 εει
1609 1171 1798 1226 super-

197 1248 366 1316 biam,
399 1258 457 1305 ut
479 1251 758 1318 sapientiae
789 1264 904 1306 suae
931 1249 1294 1305 mstimaverit
1321 1257 1519 1304 cuncta
1550 1262 1794 1314 cessura,

196 1354 250 1400 et
280 1343 482 1414 qumvis
511 1343 730 1400 excelsa
761 1344 1040 1414 dogmata,
1072 1353 1127 1398 et
1157 1341 1444 1397 dialectica
1476 1350 1596 1396 arte
1627 1340 1804 1395 muni-

198 1446 288 1503 ta,
331 1435 730 1502 concutienda,
760 1447 816 1490 et
857 1435 1074 1503 penitus
1123 1432 1491 1488 destruenda:
1534 1433 1804 1486 intantum

195 1539 256 1585 ut
285 1531 340 1586 in
370 1528 786 1586 similitudinem
821 1527 1092 1598 pullorum
1123 1526 1330 1592 avium,
1364 1541 1472 1580 non
1502 1526 1721 1580 valeant
1752 1526 1804 1580 in

193 1623 430 1679 sublime
463 1635 822 1692 consurgere,
856 1628 912 1675 et
940 1619 1175 1676 necdum
1205 1618 1441 1673 animata
1473 1617 1807 1673 insensibilia

196 1731 330 1774 esse
389 1725 554 1788 atque
619 1714 912 1785 torpentia,
975 1711 1120 1784 quod
1179 1726 1404 1768 ovorum
1470 1710 1811 1766 demonstrat

197 1809 541 1879 exemplum,
572 1819 628 1864 et
648 1823 718 1864 ne
749 1808 946 1863 mutire
974 1805 1217 1878 quidem,
1252 1813 1308 1862 et
1327 1819 1678 1860 commovere
1707 1803 1808 1859 lin-

1897 620 2006 674 prte
2031 604 2292 675 paucitate
2318 603 2748 669 numerabantur,
2783 615 2831 657 et
2858 620 2984 675 puer
3012 605 3192 658 scribet
3222 623 3325 660 eos.
3359 605 3497 674 Quia

1898 697 2001 751 ista
2035 697 2244 762 fecisti,
2279 705 2336 751 et
2363 697 2579 752 locutus
2611 713 2672 751 es
2700 713 2821 766 quas
2851 713 3013 768 supra
3046 697 3305 765 narravi,
3339 715 3502 768 prop-

1899 797 2049 844 terea
2083 789 2258 844 mittet
2291 788 2558 844 Dominus
2585 790 2859 860 Angelum
2889 806 3048 845 suum
3077 833 3090 856 ,
3124 799 3180 846 et
3204 807 3310 845 una
3344 801 3505 848 nocte

1897 890 2122 936 centum
2153 882 2426 952 octoginta
2454 883 2699 952 quinque
2740 882 2911 937 millia
2954 882 3021 938 de
3061 892 3156 938 tuo
3196 882 3506 938 morientur

1899 973 2143 1028 exercitu
2170 990 2184 1026 :
2215 973 2288 1027 ita
2318 981 2379 1028 ut
2406 973 2776 1044 potentissimi
2809 973 3044 1044 quique,
3092 989 3233 1042 quos
3275 975 3505 1045 pingues

1899 1064 2171 1136 appellat,
2222 1065 2541 1136 redigantur
2582 1067 2637 1121 in
2687 1067 3012 1121 tenuitatem
3055 1076 3112 1121 et
3139 1067 3192 1119 in
3227 1066 3421 1122 nihili:
3449 1074 3508 1122 et

1901 1157 2041 1213 sicut
2076 1156 2289 1213 Hebrmi
2321 1159 2578 1224 tradunt,
2612 1157 2804 1213 illmsis
2834 1159 3081 1214 vestibus
3108 1157 3467 1231 Assyriorum
3492 1201 3509 1225 ,

1903 1264 2136 1319 corpora
2191 1250 2410 1306 occulto
2457 1259 2777 1306 crementur
2829 1250 3078 1306 ardore:
3135 1261 3264 1306 tunc
3318 1251 3507 1306 lumen

1907 1340 2072 1394 lsrael
2105 1348 2162 1396 et
2189 1351 2410 1396 sanctus
2431 1383 2446 1406 ,
2480 1341 2586 1396 hoc
2611 1351 2733 1410 est,
2763 1343 3026 1414 angelus,
3070 1346 3176 1398 erit
3211 1343 3267 1397 in
3300 1345 3424 1411 igne
3453 1354 3511 1399 et

1907 1433 1964 1487 in
1994 1432 2246 1499 ﬂamma,
2279 1444 2336 1488 et
2365 1450 2557 1491 omnes
2589 1437 2760 1506 spinae
2795 1452 2858 1490 ac
2886 1452 3082 1507 vepres
3112 1439 3464 1509 Assyriorum
3489 1479 3506 1503 ,

1911 1525 1965 1580 id
1994 1536 2075 1581 est
2096 1569 2110 1590 ,
2142 1527 2351 1582 malitia
2379 1539 2751 1596 consumetur,
2782 1546 2888 1601 non
2919 1531 3079 1602 longo
3111 1541 3377 1601 tempore,
3408 1532 3508 1587 sed

1912 1633 2023 1673 uno
2053 1618 2141 1673 die
2167 1628 2333 1689 atque
2360 1631 2658 1676 momento.
2695 1621 2763 1676 Et
2789 1623 3065 1692 quomodo
3093 1624 3269 1679 saltus
3297 1635 3353 1680 et
3380 1624 3514 1680 Car-

1914 1711 2087 1766 melus
2109 1753 2124 1777 ,
2154 1711 2246 1782 qui
2275 1721 2358 1766 est
2382 1728 2540 1767 mons
2567 1713 2619 1768 in
2645 1712 2869 1770 Galilaea
2895 1715 3214 1772 nemoribus
3242 1716 3509 1784 consitus,

1913 1803 2200 1872 supposito
2231 1803 2354 1874 igne
2381 1804 2646 1859 velociter
2671 1816 3056 1861 concrematur
3083 1823 3095 1861 :
3129 1807 3209 1862 sic
3238 1807 3307 1862 ab
3333 1808 3514 1862 anima

196 1917 366 1974 guam
401 1911 592 1957 contra
624 1899 892 1956 rationem
931 1909 986 1954 et
1022 1896 1393 1954 fortitudinem
1425 1896 1509 1952 sui
1539 1895 1808 1952 sermonis
1838 1905 1887 1966 B
1915 1910 2092 1967 usque
2119 1896 2185 1950 ad
2216 1911 2438 1952 carnem
2476 1899 2660 1954 omnis
2689 1897 2905 1971 Assyrii
2936 1900 3107 1970 gloria
3137 1911 3516 1956 consumetur.

194 1995 419 2051 audire.

271 2091 458 2164 (Vers.
485 2086 601 2159 15.)
626 2086 894 2158 Numquid
921 2085 1231 2159 gloriabitur
1255 2085 1448 2140 securis
1471 2094 1653 2138 contra
1677 2097 1795 2137 eum

193 2184 290 2256 qui
327 2190 466 2237 secat
503 2181 560 2234 in
597 2196 658 2234 ea
681 2221 697 2247 ,
739 2187 829 2233 aut
866 2177 1183 2232 exaltabitur
1220 2193 1368 2232 serra
1405 2184 1584 2230 contra
1622 2190 1738 2228 eum
1775 2191 1808 2228 a

197 2292 310 2347 quo
342 2271 606 2328 trahitur?
637 2269 908 2337 Quomodo
937 2270 981 2323 si
1011 2268 1237 2323 elevatur
1259 2268 1402 2340 virga
1425 2277 1606 2320 contra
1636 2265 1810 2319 leran-

195 2379 306 2423 tem
340 2383 429 2433 se,
469 2374 516 2420 et
556 2361 812 2418 exaltetur
851 2361 1094 2428 baculus,
1135 2362 1222 2432 qui
1261 2361 1436 2432 utique
1475 2357 1671 2430 lignum
1712 2368 1805 2412 est.

194 2461 410 2518 Contra
450 2456 866 2520 Sennacberib,
908 2457 1025 2512 sive
1064 2465 1124 2510 ut
1163 2454 1317 2509 multi
1362 2462 1588 2524 putant,
1627 2449 1811 2507 Nabu-

193 2555 562 2611 chodonosor
590 2553 918 2624 gloriantem
951 2559 1121 2620 atque
1150 2549 1425 2604 dicentem
1462 2563 1477 2601 :
1508 2546 1575 2601 In
1601 2545 1810 2618 fortitu-

194 2649 328 2705 dine
355 2665 538 2704 manus
579 2662 706 2702 mete
746 2646 843 2714 {eci
863 2687 879 2711 ,
919 2646 977 2700 in
1010 2644 1264 2716 sapientia
1303 2659 1416 2697 mea
1451 2641 1718 2708 intellexi,
1756 2649 1812 2696 et

188 2744 419 2814 reliqua
440 2784 455 2806 ,
499 2751 725 2797 sanctus
755 2738 1030 2809 Propheta
1061 2737 1346 2809 respondit
1373 2752 1388 2790 :
1418 2735 1445 2774 ι’
1475 2735 1520 2791 0
1548 2733 1812 2790 stultissi-

190 2849 294 2890 me
333 2833 649 2889 mortalium
672 2872 688 2896 ,
719 2830 818 2885 Dei
852 2831 1030 2898 iram,
1066 2839 1211 2884 tuam
1246 2838 1408 2900 putas
1437 2841 1561 2882 esse
1589 2825 1809 2896 sapien-

190 2929 344 2984 tiam
368 2968 384 2989 .
415 2936 472 2983 et
503 2926 650 2982 illius
676 2924 984 2995 jussionem
1025 2923 1091 2979 ad
1133 2933 1279 2978 tuam
1321 2921 1500 2977 refers
1537 2919 1814 2975 fortitudi-

186 3037 331 3078 nem
355 3021 379 3075 ?
406 3018 698 3090 Quomodo
729 3020 776 3074 si
805 3017 1019 3075 securis
1047 3018 1316 3088 glorietur
1340 3023 1529 3072 contra
1560 3030 1686 3070 eum
1718 3013 1814 3084 qui

182 3115 449 3173 securim
477 3122 664 3179 tenet,
695 3122 750 3168 et
776 3127 933 3169 serra
957 3119 1148 3166 contra
1178 3109 1335 3164 illum
1364 3124 1394 3162 a
1421 3121 1528 3177 quo
1557 3105 1812 3172 trahitur,

189 3223 256 3268 et
294 3210 527 3276 dicant,
560 3215 756 3264 cuncta
801 3220 970 3272 Opera
1009 3219 1135 3277 quae
1193 3219 1288 3273 per
1326 3200 1562 3258 securim
1600 3207 1656 3256 et
1691 3213 1811 3253 ser-

1914 1989 2070 2046 Tunc
2097 1990 2364 2059 Spoliatus
2395 1993 2681 2048 exercitus
2711 1993 2911 2064 fugiet,
2940 1993 3084 2063 quod
3118 1994 3260 2049 idem
3295 1994 3348 2049 in
3381 2009 3517 2050 con-

1912 2085 2272 2154 sequentibus
2309 2085 2582 2154 Propheta
2621 2096 2876 2165 testatur,
2913 2097 2969 2143 et
3007 2087 3075 2143 de
3117 2098 3224 2142 tam
3259 2088 3513 2144 innume-

1916 2177 2075 2232 rabili
2107 2177 2456 2234 multitudine
2485 2195 2608 2249 quae
2635 2178 2891 2236 Carmelo
2918 2193 2973 2237 et
3004 2181 3168 2236 saltui
3201 2191 3516 2253 comparata

1915 2283 1996 2328 est
2019 2313 2034 2338 ,
2065 2271 2133 2326 ad
2167 2282 2370 2328 tantam
2400 2274 2587 2329 veniet
2617 2278 2978 2343 paucitatem,
3010 2285 3069 2331 ut
3097 2293 3230 2345 puer
3262 2277 3518 2346 parvulus

1915 2379 2011 2419 eos
2053 2365 2224 2434 possit
2264 2381 2552 2420 numerare
2592 2376 2646 2421 et
2684 2367 3021 2423 describere.
3074 2368 3322 2422 Tradunt
3366 2370 3514 2424 enim

1915 2456 2168 2524 Hehrmi,
2221 2457 2412 2514 decem
2462 2467 2670 2512 tantum
2717 2458 2787 2514 de
2838 2460 2957 2527 ejus
3005 2460 3252 2514 exercitu
3294 2475 3518 2515 reman-

1913 2550 2094 2617 sisse;
2126 2561 2442 2606 nostrorum
2474 2550 2691 2620 quidam
2724 2553 2915 2607 volunt
2944 2553 3087 2607 hunc
3120 2567 3304 2622 regem
3331 2561 3515 2625 typum

1915 2657 2037 2698 esse
2064 2643 2398 2700 adversaria:
2431 2642 2782 2699 fortitudinis.
2811 2644 2874 2698 Et
2905 2645 3182 2715 quomodo
3213 2645 3264 2699 in
3289 2645 3518 2701 Daniele

1917 2734 2071 2807 (Cap.
2097 2737 2153 2805 χ)
2183 2735 2411 2807 legimus
2439 2736 2713 2806 principes
2738 2737 2892 2808 regni
2918 2737 3244 2804 Persarum,
3277 2745 3335 2793 et
3363 2738 3516 2808 regni

1914 2827 2229 2894 Medorum,
2279 2838 2334 2884 et
2384 2830 2536 2901 regni
2585 2830 2942 2896 Grmcorum,
2985 2831 3063 2885 sic
3109 2839 3166 2886 et
3213 2831 3512 2902 principem

1917 2938 2041 2979 esse
2084 2924 2474 2995 Assyriorum,
2522 2925 2612 2994 qui
2669 2934 2896 2994 pr0pter
2949 2926 3261 2993 superbiam
3321 2939 3518 2981 sensus

1918 3029 2148 3086 magnus
2176 3027 2428 3082 vocetur,
2461 3025 2518 3070 et
2549 3016 2602 3070 in
2635 3014 2726 3071 die
2753 3014 2943 3085 judicii
2976 3018 3240 3086 gehennm
3276 3017 3520 3073 tradatur

1919 3109 2246 3175 ardoribus,
2289 3125 2407 3179 quae
2449 3120 2754 3178 prmparata
2795 3120 2880 3165 est
2931 3110 3149 3166 diabolo
3202 3123 3256 3168 et
3307 3115 3518 3183 angelis

1919 3204 2061 3272 ejus.
2099 3201 2166 3255 Et
2190 3202 2372 3256 lumen
2406 3203 2575 3258 Israel
2605 3212 2658 3256 et
2688 3213 2938 3257 sanctum
2966 3245 2982 3269 ,
3029 3204 3131 3258 hoc
3170 3214 3253 3259 est
3279 3247 3294 3271 ,
3337 3206 3514 3276 ipsum

174 3321 322 3364 ram
362 3303 499 3359 liunt
527 3343 543 3369 ,
583 3317 681 3357 sua
710 3309 829 3357 arte
860 3299 1126 3371 perfecta.
1159 3297 1230 3354 Et
1255 3297 1302 3352 si
1333 3295 1514 3352 elevet
1542 3292 1817 3364 quispiam
1844 3292 1891 3356 C
1926 3293 2216 3348 Dominum
2246 3291 2578 3348 succendere
2608 3308 2804 3363 vepres
2827 3309 2892 3348 ac
2921 3295 3106 3364 spinas
3126 3297 3334 3368 Assyrii
3356 3340 3370 3364 ,
3397 3315 3517 3354 om-

173 3402 428 3471 virgam
449 3439 466 3464 ,
497 3406 556 3453 et
581 3398 790 3452 exaltet
819 3396 1077 3450 baculum
1105 3394 1175 3448 ad
1209 3391 1624 3463 percutiendum
1656 3404 1816 3458 quem

172 3489 496 3558 voluerit,
531 3499 588 3544 et
614 3488 734 3558 ipsa
758 3490 906 3558 virga
936 3502 999 3540 ac
1031 3485 1259 3540 baculus
1292 3482 1628 3553 glorientur,
1659 3490 1714 3537 et
1741 3481 1824 3536 di-

177 3593 341 3642 cant
381 3597 413 3636 a
444 3595 506 3636 se
538 3594 862 3650 percussum
894 3593 1017 3634 esse
1047 3579 1138 3647 qui
1176 3591 1470 3644 percussus
1501 3585 1587 3631 est
1613 3591 1626 3629 :
1659 3574 1740 3630 sic
1769 3583 1826 3630 et

174 3687 247 3734 tu
301 3689 435 3731 cum
477 3688 747 3744 organum
776 3671 872 3727 Dei
919 3671 1090 3727 fueris
1128 3669 1453 3732 voluntatis,
1493 3667 1727 3737 erigeris
1764 3667 1819 3722 in

172 3769 524 3839 superbiam
550 3811 566 3836 ,
608 3777 663 3822 et
702 3777 898 3821 cuncta
940 3780 1060 3836 qua:
1098 3772 1390 3835 geruntur,
1427 3771 1535 3817 tuae
1565 3760 1820 3832 gloriaris

169 3880 330 3923 esse
366 3863 611 3919 virtutis.
644 3858 920 3930 Quidquid
947 3867 1132 3915 autem
1161 3857 1388 3930 Assyrio
1412 3855 1634 3918 dicitur,
1664 3862 1720 3909 et
1749 3852 1817 3908 ad

174 3955 604 4013 haereticorum
637 3952 952 4023 superbiam
976 3993 992 4020 ,
1020 3961 1076 4007 et
1104 3951 1170 4006 ad
1199 3951 1478 4005 diabolum
1506 3947 1702 4003 referri
1726 3961 1819 4016 po-

173 4058 356 4116 test,
398 4047 489 4118 qui
527 4047 740 4102 securis
763 4086 778 4109 ,
821 4052 880 4100 et
918 4059 1109 4111 serra,
1151 4053 1208 4100 et
1245 4043 1396 4113 virga
1430 4041 1486 4096 in
1517 4040 1816 4110 Scripturis

169 4140 548 4213 appellatur,
576 4155 645 4197 eo
671 4139 821 4210 quod
863 4154 963 4209 per
999 4138 1155 4193 illum
1198 4136 1554 4193 infructuosae
1590 4135 1819 4190 arbores

167 4230 594 4299 succidantur,
632 4241 689 4288 et
717 4229 1060 4294 dividantur,
1091 4240 1255 4299 atque
1285 4239 1529 4284 serretur
1561 4226 1817 4282 incredu-

164 4329 397 4386 lorum
435 4323 673 4388 duritia,
716 4334 772 4381 et
814 4324 1191 4395 percutiantur
1228 4325 1380 4394 virga
1411 4323 1504 4391 qui
1539 4335 1647 4376 non
1679 4320 1820 4386 reci-

168 4419 376 4495 piunt
413 4416 784 4487 disciplinam.
840 4415 1094 4472 [heretici
1133 4430 1350 4486 quoque
1388 4429 1624 4485 quorum
1663 4428 1726 4468 os
1765 4414 1818 4468 in

167 4515 422 4574 coelum
462 4513 702 4582 ponitur,
740 4520 795 4566 et
837 4512 1018 4582 lingua
1058 4525 1252 4566 eorum
1293 4509 1589 4580 pertransit
1626 4508 1678 4562 in
1715 4518 1820 4564 ter-

168 4623 325 4667 tam
356 4644 380 4670 ,
413 4611 470 4659 et
499 4620 666 4660 sensu
698 4619 859 4669 quem
891 4619 919 4657 a
951 4605 1064 4659 Deo
1093 4603 1148 4659 in
1181 4603 1377 4660 bonam
1408 4614 1620 4674 partem
1659 4615 1819 4658 acce-

1925 3402 2162 3457 nemqne
2201 3386 2347 3441 illius
2384 3385 2684 3458 potentiam
2728 3397 2784 3441 et
2825 3389 3253 3445 innumerabiles
3292 3392 3522 3460 populos

1925 3479 1992 3533 ad
2041 3477 2196 3533 nihili
2246 3477 2620 3534 deducendos.
2670 3478 2823 3535 Tunc
2861 3495 2984 3535 eum
3029 3481 3224 3537 timore
3262 3483 3524 3552 perterri-

1925 3579 2037 3627 tum
2063 3611 2077 3635 ,
2119 3571 2272 3642 quasi
2311 3571 2596 3626 colubrum
2641 3583 2942 3628 tortuosum
2973 3584 3026 3629 et
3066 3574 3389 3644 fugitivum,
3427 3577 3525 3630 im-

1923 3667 2196 3721 minentes
2229 3680 2420 3731 poenas
2448 3665 2588 3721 velle
2620 3666 2812 3720 vitare.
2854 3665 2955 3733 Qui
2984 3677 3166 3722 autem
3197 3669 3267 3724 de
3296 3669 3436 3723 saltu
3469 3680 3522 3724 ct

1929 3756 2089 3831 148
2115 3755 2438 3812 confusione
2476 3756 2596 3827 ejus
2633 3757 2904 3830 lignisque
2948 3760 3208 3834 perituris
3245 3764 3524 3831 potuerint

1922 3849 2198 3916 evadere,
2239 3863 2335 3904 eos
2375 3847 2574 3920 dignos
2615 3851 2892 3918 existere,
2935 3853 3026 3921 qui
3070 3864 3429 3910 numerentur
3468 3865 3524 3911 et

1923 3944 2305 4000 describantur
2332 3958 2362 3997 a
2401 3958 2604 4014 puero,
2635 3944 2791 4015 cujus
2824 3947 3163 4016 principatus
3192 3948 3244 4001 in
3278 3947 3524 4004 humeris

1923 4037 2042 4109 ejus
2071 4048 2175 4094 est.
2209 4037 2326 4094 Hoc
2353 4038 2529 4107 ipsum
2560 4048 2616 4094 et
2646 4039 2714 4095 ad
2746 4039 3040 4096 hmreticos
3071 4041 3260 4096 referri
3296 4052 3479 4112 potest
3510 4061 3522 4096 :

1922 4131 2064 4202 quod
2108 4141 2395 4201 postquam
2436 4131 2823 4186 Ecelesiastica
2863 4131 3112 4186 doctrina
3155 4133 3394 4188 illuxerit
3421 4176 3435 4200 ,
3469 4146 3526 4191 et

1923 4239 2116 4280 omnes
2153 4239 2342 4280 eorum
2383 4223 2652 4294 decipulae
2693 4224 3000 4291 patueriot,
3045 4235 3172 4280 tunc
3210 4225 3276 4280 ad
3319 4237 3521 4285 tantam

1923 4317 2145 4372 veniant
2174 4317 2560 4382 solitudinem,
2595 4325 2655 4371 ut
2681 4316 2748 4372 de
2775 4318 2921 4372 saltu
2962 4328 3015 4372 et
3057 4319 3408 4376 infructuosis
3435 4337 3524 4376 ar-

1923 4407 2150 4464 boribus
2180 4418 2234 4464 et
2273 4409 2661 4464 innumerabili
2703 4425 2894 4464 eorum
2937 4410 3317 4480 tnultitudine,
3358 4430 3518 4485 quam

1924 4501 2177 4555 haeretica
2209 4499 2399 4554 fraude
2427 4501 2760 4571 deceperant
2779 4541 2793 4565 ,
2821 4501 2906 4555 vix
2938 4503 3097 4569 pauci
3125 4505 3404 4560 residi-ant
3432 4508 3524 4577 qui

1924 4607 2116 4648 eorum
2157 4601 2457 4661 sequantur
2495 4608 2763 4646 errorem.
2805 4592 2911 4646 Pro
2950 4610 3018 4650 eo
3047 4597 3189 4665 quod
3223 4615 3322 4654 nos
3352 4600 3522 4656 veni-

169 4707 459 4773 perunt,
490 4699 795 4754 abutuntur
825 4700 877 4752 in
909 4699 1242 4754 contrarium
1271 4708 1438 4769 atque
1470 4712 1810 4768 perversum.

1925 4699 2046 4739 mus
2068 4725 2083 4750 ,
2123 4683 2287 4736 mittet
2327 4682 2585 4737 Dominus
2624 4685 2678 4735 in
2719 4684 2999 4753 pinguibus
3035 4690 3151 4756 ejus
3183 4691 3479 4744 tenuitatem
3508 4733 3523 4758 ,

165 4805 242 4851 ut
287 4794 608 4862 loquantur
638 4799 834 4846 contra
866 4806 992 4846 eum
1024 4807 1053 4844 a
1082 4807 1192 4861 quo
1222 4791 1430 4846 conditi
1461 4799 1628 4852 sunt,
1664 4787 1820 4861 147

162 4899 240 4947 et
286 4888 516 4956 lingua:
556 4886 974 4950 ministerium,
1015 4901 1124 4947 quo
1173 4884 1478 4939 laudandus
1516 4893 1602 4938 est
1640 4881 1826 4937 Domi-

165 4996 302 5039 nus
328 5020 348 5045 ,
387 4988 608 5033 vertant
637 4977 691 5032 in
725 4977 1126 5046 blaSphemiam
1157 4973 1331 5046 (Psal.
1363 4972 1570 5045 Lxxtt).

254 5071 478 5145 (Ve-rs.
506 5069 574 5124 l6
607 5066 790 5139 seqq.)
823 5066 1046 5140 Pr0pter
1073 5065 1170 5120 hoc
1199 5066 1361 5119 mittet
1385 5065 1678 5118 dominator
1715 5061 1828 5116 Do-

160 5165 388 5222 minus
444 5163 758 5215 exercituum
810 5163 862 5214 in
911 5160 1184 5234 pinguibus
1227 5161 1341 5232 ejus
1391 5156 1687 5211 tenuitatem
1716 5196 1731 5222 ,
1778 5165 1827 5209 et

155 5259 397 5318 subtus
429 5255 650 5325 gloriam
679 5253 791 5325 [ΑΙ.
817 5252 1022 5327 gloria]
1049 5257 1162 5327 ejus
1188 5267 1431 5307 succensa
1455 5247 1658 5302 ardebit
1683 5248 1829 5316 quasi

159 5349 509 5408 combustio
533 5347 688 5420 ignis.
721 5345 790 5401 Et
814 5347 912 5400 erit
939 5345 1114 5400 lumen
1142 5343 1312 5400 Israel
1337 5346 1390 5398 in
1417 5343 1540 5415 igne
1557 5379 1572 5404 ,
1604 5347 1652 5392 et
1681 5353 1830 5390 sanc-

155 5458 258 5503 tus
291 5445 445 5517 ejus
466 5439 520 5495 in
542 5440 756 5510 ﬂamma
776 5457 796 5495 :
819 5450 867 5493 et
891 5437 1230 5494 succendetur
1255 5447 1304 5491 et
1326 5432 1662 5490 derorabitur
1681 5429 1830 5501 spina

154 5541 349 5613 ejus,
409 5541 465 5584 et
509 5547 685 5603 vepres
722 5533 776 5585 in
812 5532 896 5585 die
933 5547 1003 5586 un
1022 5550 1054 5584 ι.
1105 5529 1172 5584 Et
1208 5527 1377 5602 gloria
1410 5523 1577 5579 saltus
1609 5524 1751 5594 ejus,
1783 5532 1832 5576 et

152 5624 452 5692 Carmeli
478 5627 590 5697 ejus
629 5631 694 5679 ab
718 5626 894 5680 anima
934 5639 1093 5695 usque
1128 5622 1196 5677 ad
1239 5634 1448 5676 carnem
1484 5626 1826 5683 consumatur,

243 5784 281 5815 II
333 5771 544 5830 Antea
574 5775 695 5821 erat
721 5776 768 5818 et
797 5766 853 5819 in
882 5781 939 5819 ea
967 5764 1116 5834 fecit.
1148 5771 1256 5816 etc.

242 5846 281 5887 δ
333 5828 559 5900 Cra-ca
600 5845 727 5892 sunt
767 5828 1024 5891 Eusebii:
1058 5836 1341 5906 meum»
1379 5828 1754 5906 ἀφρονέςτᾳτι.
1781 5828 1839 5906 ob

156 5898 479 5998 συνορᾷς,
521 5907 604 5966 ὅτι
639 5906 756 5965 οὔτε
789 5907 946 5973 πέλυξ
971 5903 1153 5963 ἔαυτόν
1171 5925 1294 5961 ποτε
1321 5898 1544 5963 muriam
1569 5898 1658 5955 ini
1679 5902 1840 5956 κοπὴν

677 6003 956 6064 Parnm"
999 5998 1241 6063 XXIV.

1926 4777 2070 4834 LXX
2095 4777 2524 4841 transtulerunt,
2548 4777 2712 4830 mittet
2733 4773 2988 4831 Dominus
3017 4779 3070 4830 in
3101 4779 3347 4835 honorem
3377 4793 3524 4837 tuum

1927 4871 2287 4945 ignominiam.
2321 4869 2387 4924 Et
2415 4885 2514 4940 pro
2536 4885 2602 4922 eo
2625 4867 2768 4940 quod
2801 4883 2900 4923 nos
2929 4868 3166 4924 diximus
3193 4888 3207 4924 :
3239 4881 3288 4924 et
3313 4885 3523 4930 sanctus

1922 4967 2035 5035 ejus
2064 4965 2115 5018 in
2147 4964 2394 5034 finitima,
2420 4962 2496 5017 illi
2528 4971 2847 5017 verterunt:
2881 4973 2928 5016 et
2956 4961 3296 5032 sanctiﬁcabit
3324 4983 3440 5021 eum
3467 4969 3523 5024 in

1926 5057 2081 5129 igne:
2113 5074 2207 5127 per
2237 5057 2380 5128 quod
2409 5055 2628 5124 quidam
2662 5057 2887 5128 intelligi
2921 5058 3112 5112 volunt
3143 5073 3332 5128 pmnas
3361 5074 3526 5132 atque

1929 5158 2200 5205 tormenta
2239 5150 2305 5203 ad
2352 5151 2452 5201 h0c
2493 5145 2744 5202 adhiberi
2777 5149 3153 5217 peet'atoribus
3187 5194 3201 5218 ,
3245 5165 3304 5207 nt
3341 5155 3526 5212 divino

1933 5245 2061 5316 igne
2102 5250 2422 5312 purgentur.
2463 5239 2731 5311 Quodque
2770 5258 2868 5297 nos
2917 5243 3194 5300 diximus:
3244 5246 3311 5300 Et
3360 5252 3524 5317 gloria

1932 5338 2096 5393 saltus
2135 5339 2282 5408 ejus,
2325 5343 2372 5387 et
2397 5331 2621 5388 Carmeli
2646 5351 2801 5405 ejus:
2849 5337 2930 5390 Illi
2974 5339 3318 5406 interpretati
3361 5351 3522 5395 sunt:

1939 5430 2346 5497 Exstinguentur
2371 5434 2600 5490 montes,
2631 5438 2675 5479 et
2702 5424 2890 5490 colles,
2919 5439 2966 5479 et
2994 5429 3157 5480 saltus
3178 5469 3194 5491 ,
3224 5443 3332 5496 quo
3354 5433 3532 5486 omnis

1936 5519 2282 5590 Assyriorum
2311 5516 2532 5570 claritas
2557 5525 2611 5569 et
2640 5516 2895 5584 superbia
2913 5556 2928 5583 ,
2952 5525 3009 5570 et
3035 5520 3326 5574 multitudo
3357 5522 3535 5578 humi-

1934 5614 2099 5668 lietur
2128 5611 2416 5665 exstincta.

1941 5755 2126 5821 ξύλου,
2166 5755 2236 5823 μὴ
2261 5749 2452 5826 μέτὲρου
2493 5745 2838 5826 inﬁcitur“.
2877 5774 2885 5792 -.

1943 5819 2074 5890 etc.,
2106 5819 2228 5893 quae
2260 5821 2312 5875 in
2342 5819 2457 5875 r'em
2484 5819 2641 5871 suam
2672 5819 2891 5872 Hieron.
2925 5821 3227 5879 transtulit.

3081 5985 3126 6047 ὃ
