4008 6318
557 230 663 290 139

1815 218 1875 281 S.
1918 222 2197 283 EUSEBII
2236 220 2616 280 HlERO-NYMI

3762 222 3866 289 “0

630 345 816 416 (Vers.
839 344 910 399 20
932 339 1115 413 seqq.)
1145 339 1212 394 Et
1238 339 1335 395 erit
1359 338 1414 393 in
1441 338 1526 393 die
1552 338 1678 405 illa,
1710 356 1814 393 non
1840 338 2051 411 adjiciet
2077 356 2160 394 re—
2186 341 2234 400 Α
2265 337 2385 393 licis
2413 337 2543 393 viris
2572 352 2636 393 ex
2667 336 2871 394 Juda-is
2908 350 3031 395 esse
3068 337 3303 394 salvatos
3342 339 3469 411 [Αι.
3509 340 3861 416 salvandos].

555 441 764 496 siduum
796 435 964 492 Israel
987 477 1001 502 ,
1048 444 1096 489 et
1137 434 1194 488 hi
1223 437 1313 501 qui
1340 433 1530 489 saluati
1559 432 1754 504 fuerint
1785 434 1848 489 de
1875 434 2029 488 domo
2066 429 2166 487 Ja-

558 536 650 589 cob
671 576 686 600 ,
715 532 869 588 inniti
897 547 1052 604 super
1079 547 1140 585 eo
1164 531 1255 603 qui
1283 530 1508 604 percutit
1537 530 1555 603 (
1580 529 1666 587 ΑΙ.
1698 530 2005 603 percutiet)
2037 547 2123 586 eos
2142 573 2157 599 ,

556 625 649 680 sed
677 625 927 678 innitetur
956 640 1112 696 super
1144 623 1424 678 Dominum
1461 636 1697 679 sanctum
1736 622 1907 679 Israel
1941 624 1994 677 in
2031 626 2164 679 veri-

555 728 678 774 tate.
706 716 965 790 Reliquiae
995 726 1379 785 convertentur,
1402 718 1658 790 reliquite,
1682 719 1918 792 inquam,
1960 717 2123 775 Iacob
2144 761 2159 787 ,

551 808 621 866 ad
653 810 937 864 Dominum
973 814 1181 882 fortem.
1217 810 1281 867 Si
1312 810 1447 864 enim
1491 810 1648 879 fuerit
1677 811 1902 884 populus
1929 821 2046 866 tuus
2076 809 2162 866 Is-

548 903 662 958 rael
692 904 838 973 quasi
868 918 1031 957 arena
1073 903 1261 968 maris,
1306 903 1541 975 reliquiae
1578 912 1936 959 convertentur
1974 920 2039 960 ex
2081 921 2159 960 eo.

549 995 943 1052 Consummatio
973 996 1271 1051 abbreviata
1298 995 1575 1052 inundabit
1592 997 1879 1070 justitiam.
1908 993 2163 1053 Consum-

546 1091 829 1143 mationem
856 1090 993 1143 enim
1020 1099 1068 1144 et
1096 1089 1530 1145 abbreviationem
1559 1087 1811 1145 Dominus
1842 1091 1982 1148 Deus
2011 1108 2160 1149 exer-

549 1182 743 1235 cituum
772 1181 928 1253 faciet
956 1182 1013 1235 in
1043 1181 1214 1237 medio
1241 1184 1406 1236 omnis
1438 1190 1605 1237 terrm.
1638 1180 1740 1239 Ubi
1774 1183 1826 1237 in
1857 1182 2050 1241 Grtnco
2079 1183 2161 1239 di-

551 1275 700 1331 citur
724 1291 739 1332 :
768 1273 1144 1332 Convertentur
1172 1275 1408 1348 reliquiae
1438 1272 1601 1331 Jacob
1629 1276 1700 1331 ad
1732 1275 1895 1332 Deum
1935 1279 2121 1350 fortem
2142 1318 2158 1342 ,

551 1381 654 1438 pro
685 1368 798 1423 Deo
827 1367 988 1435 forti,
1022 1369 1078 1423 in
1108 1368 1338 1424 Hebrtco
1366 1369 1630 1441 scriptum
1671 1367 1837 1426 habet
1869 1385 1935 1424 BL
1972 1384 2161 1429 GIBBOR

551 1442 839 1535 (113158),
862 1459 972 1515 duo
1000 1460 1223 1515 nomina
1250 1459 1320 1517 de
1344 1474 1443 1515 sex
1472 1459 2018 1530 nominibus,qnibus
2037 1477 2161 1532 par-

551 1550 739 1606 vulum
770 1565 999 1621 puerum
1026 1559 1082 1606 ct
1110 1550 1279 1607 tilium
1300 1593 1314 1618 ,
1349 1551 1440 1624 qui
1467 1551 1632 1607 datus
1665 1561 1749 1608 est
1776 1551 1964 1620 nobis,
1994 1567 2158 1625 supra

545 1642 783 1715 legimus
821 1645 1179 1714 appellatum.
1221 1645 1286 1698 Et
1326 1660 1424 1715 pro
1459 1659 1526 1699 eo
1562 1643 1707 1715 quod
1735 1647 2003 1717 scriptum
2032 1654 2154 1701 est:

546 1734 807 1808 Reliquiae
833 1747 1226 1803 convertentur,
1262 1753 1362 1810 pro
1388 1752 1455 1793 eo
1483 1737 1687 1793 dicitur
1714 1741 1767 1793 in
1799 1739 2029 1795 Hebraeo
2058 1755 2158 1795 nu-
2184 1725 2236 1787 Β

548 1844 704 1886 mero
744 1831 1055 1901 singulari,
1095 1831 1235 1903 quod
1285 1832 1541 1903 reliquum
1589 1841 1666 1886 est
1714 1841 2053 1897 convertetur,
2100 1830 2154 1886 id

545 1930 652 1990 eSt,
677 1924 737 1980 τὸ
764 1925 1060 1997 ὑπόλειμμα
1082 1923 1402 2001 ἐπιστρέψει,
1425 1925 1477 1978 in
1506 1922 1739 1979 Hebraeo
1766 1925 2025 1983 scribitur
2053 1941 2153 1980 san

538 2031 697 2073 usus
720 2016 876 2087 (mn
904 2017 1079 2089 πωπω).
1108 2015 1177 2070 Ει
1204 2033 1273 2071 ex
1303 2016 1404 2071 hac
1427 2016 1719 2073 occasione
1743 2016 2016 2074 sermonis
2054 2033 2152 2089 pu-

544 2116 664 2165 tant
695 2108 860 2164 Jasub
897 2110 1067 2163 lilium
1105 2108 1261 2164 Isaiae
1289 2111 1339 2163 in
1372 2111 1586 2180 signum
1612 2108 1858 2165 salvandi
1889 2126 1956 2166 ex
1983 2109 2151 2165 Israel

547 2204 767 2274 pepuli,
801 2204 1170 2272 prtecessisse.
1219 2201 1451 2271 Quando
1484 2218 1615 2274 ergo
1641 2203 1825 2259 lumen
1864 2203 2068 2268 Israel,
2097 2210 2154 2257 ct

542 2303 766 2350 sanctus
796 2294 1028 2350 Carmeli
1060 2295 1233 2351 saltus
1266 2310 1568 2366 vepresque
1614 2296 2048 2366 consumpserit,
2097 2305 2153 2353 et

538 2404 634 2445 rex
660 2389 922 2461 Assyrius
945 2405 1068 2445 cum
1094 2388 1282 2461 paucis
1308 2388 1512 2460 fugerit
1537 2406 1550 2444 :
1575 2397 1704 2443 tunc
1726 2388 1927 2444 residui
1954 2387 2148 2455 Israel,

534 2484 626 2551 qui
653 2496 777 2537 cum
807 2481 1039 2537 Ezechia
1069 2481 1320 2550 principe
1368 2482 1546 2550 captis
1587 2479 1803 2535 caneris
1824 2478 2028 2535 Iudaeae
2060 2495 2152 2534 ur-

538 2574 699 2630 bibus
731 2572 892 2646 ιω
916 2572 1313 2629 obsidebantur
1344 2573 1396 2627 in
1424 2570 1730 2629 Jerusalem
1755 2614 1769 2641 ,
1805 2589 2148 2644 nequaquam

538 2664 822 2719 conﬁdent
862 2668 917 2719 in
947 2663 1214 2735 Assyrio:
1258 2666 1400 2719 'sicut
1430 2680 1575 2718 nunc
1603 2664 1808 2720 faciunt
1835 2665 1937 2719 sub
1965 2664 2149 2723 Acbaz

546 2773 706 2828 rege,
747 2759 839 2828 qui
878 2759 1026 2812 misit
1069 2758 1291 2813 nuntios
1326 2756 1393 2812 ad
1435 2773 1619 2830 regem
1666 2757 2019 2829 Assyriorum
2061 2759 2148 2813 di-

545 2867 719 2908 cens:
749 2852 947 2908 Servus
980 2864 1095 2906 tuus
1126 2870 1219 2925 ego
1241 2870 1354 2907 sum
1376 2894 1392 2919 ,
1429 2853 1653 2908 ascende
1693 2864 1739 2907 et
1778 2853 1938 2908 libera
1966 2871 2048 2911 me
2088 2856 2151 2908 de

542 2962 702 3000 manu
725 2945 861 3018 regis
892 2944 1092 3017 Syriae,
1124 2954 1171 2999 et
1202 2946 1265 2999 de
1293 2961 1454 2999 manu
1483 2946 1619 3016 regis
1664 2943 1869 3013 Israel,
1900 2947 1987 3018 qui
2028 2962 2149 3000 con-

540 3047 876 3092 surrexerunt
917 3038 1189 3093 adversum
1227 3054 1308 3093 me
1336 3036 1440 3111 (IV
1465 3037 1597 3110 Reg.
1624 3054 1714 3095 xw
1740 3082 1754 3105 ,
1791 3037 1858 3111 7)
1887 3057 1898 3093 :
1932 3039 2149 3108 quanth

2267 430 2635 487 Abbreviatus
2674 440 2854 488 autem
2895 439 3060 501 atque
3097 430 3369 504 perfectus
3399 447 3582 490 sermo
3613 435 3864 507 Evange-

2266 524 2405 580 licus
2442 532 2557 590 est,
2598 525 2691 594 qui
2733 540 2830 594 pro
2857 525 3066 580 cunctis
3096 524 3374 582 laciniosa:
3402 527 3559 597 chis
3596 542 3863 586 caeremo-

2266 618 2370 676 niis
2398 662 2413 687 ,
2454 620 2606 676 dedit
2644 630 2981 691 praeceptum
3019 620 3402 685 brevissimum
3456 621 3781 679 dilectionis
3814 634 3865 680 et

2268 714 2391 771 lidei
2413 757 2427 780 ,
2462 723 2520 771 ut
2551 714 2696 785 quod
2730 713 2887 773 nobis
2912 714 3031 775 fieri
3062 714 3401 773 uoluerimus
3423 758 3437 783 ,
3474 730 3542 771 ne
3570 714 3863 773 fecerimus

2264 806 2443 863 alteri.
2469 805 2623 863 Unde
2647 816 2700 867 et
2726 806 2988 865 Dominus
3010 805 3065 865 iu
3088 797 3415 877 Evangelia:
3440 805 3506 863 In
3529 807 3643 877 Itis,
3671 810 3859 882 inquit,

2264 903 2465 961 duobus
2483 902 2740 959 mandatis
2759 902 2943 975 pendet
2964 905 3127 961 omnis
3148 901 3255 959 Las
3274 912 3323 961 et
3340 901 3624 974 Propheta
3644 903 3859 978 (Matth.

2266 1012 2421 1065 xxu,
2452 997 2569 1069 40).
2611 996 2867 1057 Nonnulli
2908 999 3009 1053 hoc
3044 996 3342 1067 capitulum
3382 998 3449 1052 ad
3488 997 3583 1054 illa
3623 1007 3861 1069 tempora

2265 1088 2549 1157 referunt,
2591 1088 2813 1161 quando
2849 1088 2951 1145 sub
2988 1089 3294 1147 Zorobabel
3335 1090 3447 1144 lilio
3492 1078 3718 1146 Salutiel
3744 1132 3758 1157 ,
3809 1100 3862 1147 et

2262 1179 2394 1237 Jesu
2445 1181 2556 1237 filio
2600 1180 2869 1248 Iosedec,
2919 1189 2975 1238 et
3012 1179 3184 1238 Esdra
3208 1222 3223 1249 ,
3264 1189 3321 1237 et
3356 1179 3580 1239 Neontia
3617 1180 3859 1251 quzcdatn

2264 1287 2389 1343 pars
2428 1272 2615 1345 populi
2644 1287 2863 1329 reversa
2895 1280 2982 1328 est
3009 1271 3065 1327 in
3090 1271 3355 1328 Judaeam.
3399 1269 3614 1338 Quibus
3643 1287 3861 1342 respon-

2261 1367 2515 1427 debimus
2536 1409 2551 1434 ,
2594 1367 2754 1441 150
2791 1382 2900 1425 non
2925 1381 3020 1427 eos
3045 1380 3266 1423 servare
3294 1364 3545 1423 ordinem
3578 1363 3819 1421 historias
3839 1409 3854 1431 ,

2265 1460 2496 1519 maxime
2530 1474 2655 1519 cum
2685 1476 2748 1515 ea
2776 1475 2897 1531 qua:
2922 1467 3243 1529 sequuntur,
3303 1473 3409 1513 non
3444 1456 3742 1512 adversum
3766 1456 3859 1511 Ba-

2262 1554 2514 1628 bylonios
2541 1596 2555 1621 ,
2597 1569 2830 1625 quorum
2870 1569 2965 1609 rex
3004 1551 3511 1611 Nabuchodonosor
3564 1550 3671 1607 fuit
3699 1596 3713 1619 ,
3771 1551 3856 1606 sed

2259 1645 2551 1703 adversum
2582 1644 2957 1703 Sennacherib
2991 1660 3176 1715 regem
3206 1644 3461 1701 dicantur
3488 1641 3853 1714 Assyriorum.

2337 1738 2518 1813 (Vers.
2548 1738 2620 1795 24
2659 1737 2839 1810 seqq.)
2884 1736 3106 1809 Propter
3154 1738 3251 1793 hoc
3286 1737 3397 1794 haec
3433 1737 3560 1792 dicit
3606 1736 3856 1818 meinus

2263 1831 2402 1885 Deus
2429 1834 2744 1886 exercituum
2775 1849 2793 1886 :
2824 1830 2950 1886 Noli
2978 1833 3180 1897 timere,
3205 1831 3434 1902 papulas
3472 1847 3616 1885 meus
3664 1831 3857 1886 habite-

2255 1932 2337 1978 lor
2378 1921 2511 1979 Sion
2537 1923 2600 1978 ab
2631 1922 2814 1989 Assur,
2864 1923 2918 1978 in
2964 1923 3108 1994 virga
3152 1921 3404 1993 percutiet
3445 1932 3512 1986 te,
3544 1931 3593 1975 et
3624 1922 3854 1978 baculum

2253 2029 2410 2069 suum
2437 2013 2622 2069 levabit
2648 2029 2802 2085 super
2830 2012 2947 2069 tein
2974 2013 3057 2067 via
3082 2012 3324 2085 Ᾰίθῃριὶ.
3355 2011 3540 2067 Adhuc
3564 2013 3707 2069 enim
3733 2030 3856 2084 pau-

2255 2114 2425 2170 lulum
2443 2112 2824 2181 modicumque,
2855 2120 2902 2164 et
2934 2107 3379 2165 consummabitur
3408 2108 3704 2177 indignatio
3728 2124 3855 2173 mea,

2251 2216 2301 2261 et
2333 2210 2479 2275 furor
2506 2220 2649 2259 meus
2688 2220 2845 2275 super
2875 2203 3045 2257 scelus
3076 2216 3275 2257 eorum.
3313 2199 3382 2257 Et
3412 2200 3683 2254 suseitabit
3711 2217 3855 2271 super

2253 2317 2371 2359 eum
2419 2300 2674 2354 Dominus
2726 2298 3047 2353 exercituum
3092 2293 3403 2367 ﬂagellum,
3440 2297 3602 2366 juxta
3652 2295 3855 2367 plagam

2254 2393 2479 2448 Madian
2524 2393 2580 2445 in
2624 2401 2772 2464 petra
2806 2389 2963 2456 Oreb,
2998 2399 3045 2444 et
3075 2391 3273 2460 virgam
3310 2403 3461 2445 suam
3504 2404 3667 2458 super
3697 2405 3850 2453 mare,

2252 2499 2300 2543 et
2331 2486 2519 2545 levabit
2545 2502 2659 2541 eam
2698 2486 2750 2539 in
2790 2485 2874 2539 via
2909 2483 3150 2555 .Is‘gypti.
3182 2481 3249 2536 Et
3278 2486 3377 2537 erit
3410 2481 3465 2536 in
3493 2482 3579 2536 die
3605 2482 3701 2536 illa
3724 2498 3742 2536 :
3768 2498 3855 2536 au-

2253 2582 2446 2651 feretur
2472 2596 2605 2635 onus
2628 2581 2738 2650 ejus
2762 2577 2827 2631 de
2850 2574 3064 2630 humero
3086 2585 3195 2643 tuo,
3221 2586 3272 2629 et
3291 2576 3482 2646 jugum
3504 2576 3617 2641 ejus
3640 2575 3706 2629 de
3725 2572 3853 2626 collo

2253 2682 2364 2736 tuo,
2397 2683 2446 2725 et
2494 2680 2867 2742 cotnputrescet
2904 2671 3098 2741 jugum
3138 2684 3171 2725 a
3211 2666 3344 2736 facie
3369 2667 3489 2720 olei.
3546 2665 3652 2720 Pro
3692 2677 3847 2736 petra,

2251 2763 2395 2835 quod
2423 2764 2574 2833 juxta
2597 2761 2922 2819 llebraicum
2939 2762 3330 2830 interpretatus
3351 2766 3441 2815 est
3456 2758 3679 2829 Aquila,
3705 2758 3852 2829 Sym-

2257 2858 2486 2915 machus
2514 2866 2570 2913 et
2599 2854 2904 2915 Theodotiu
2944 2854 3122 2924 ipsum
3157 2852 3382 2908 verbum
3420 2862 3723 2921 posuerunt
3752 2851 3852 2907 lle-

2253 2949 2495 3005 braicum
2526 2962 2621 3006 sua
2652 2947 2961 3019 estcap-11}?
2986 2950 3127 3017 W13).
3150 2944 3259 3002 Pro
3288 2963 3396 3016 quo
3430 2945 3574 3001 LXX
3594 2946 3855 3015 interpre-

2254 3044 2349 3101 lati
2383 3051 2530 3106 sunt,
2555 3041 2722 3096 locum
2749 3039 3094 3098 tribulationis
3121 3054 3138 3097 ;
3171 3038 3237 3099 de
3267 3053 3374 3110 quo
3406 3038 3459 3092 in
3489 3052 3590 3099 suo
3617 3037 3853 3094 dicemus

545 3133 674 3188 tulit
703 3147 894 3187 aurum
928 3141 983 3187 ct
1007 3144 1288 3202 argentum
1308 3177 1321 3198 ,
1349 3133 1493 3203 quod
1524 3134 1804 3188 inventum
1833 3142 1919 3189 est
1942 3134 1995 3187 in
2029 3132 2149 3188 thc-
2178 3116 2228 3182 α
2259 3132 2399 3189 loco.
2425 3132 2678 3197 Dillicile,
2707 3133 2902 3201 inquit,
2928 3132 3025 3186 tibi
3058 3131 3296 3197 videtur,
3327 3146 3360 3185 ο
3394 3132 3673 3189 habitator
3703 3132 3851 3194 Sion.

540 3226 721 3280 sanris
750 3224 946 3280 domus
977 3225 1217 3291 Domini,
1242 3237 1295 3279 et
1318 3226 1371 3280 in
1395 3226 1556 3281 domo
1576 3227 1722 3303 regia
1750 3271 1764 3293 ,
1791 3239 1845 3283 et
1869 3228 2016 3281 misit
2036 3227 2149 3299 regi

541 3322 888 3394 Assyriorum
934 3335 1182 3387 munera,
1219 3320 1535 3392 audivitque
1574 3336 1699 3377 eum
1733 3337 1828 3379 rex
1871 3321 2145 3394 Assyrius,

540 3421 597 3467 et
635 3414 783 3468 venit
820 3413 873 3467 iu
913 3411 1242 3467 Damascum
1265 3455 1280 3475 ,
1315 3421 1369 3467 et
1398 3414 1546 3483 cepit
1576 3430 1719 3483 eam,
1753 3424 1806 3469 et
1835 3415 2146 3481 transtulit,

544 3512 601 3560 et
631 3506 797 3561 [Iasin
828 3505 1138 3570 interfecit;
1172 3505 1268 3559 sed
1300 3505 1515 3560 liberati
1538 3506 1606 3560 ab
1635 3507 1751 3573 ipso
1778 3507 1999 3577 Assyrio
2024 3522 2147 3575 per-

552 3612 810 3665 cussore,
870 3596 966 3667 qui
1015 3598 1163 3664 prius
1203 3598 1439 3664 amicus,
1496 3609 1549 3653 et
1599 3608 1784 3667 postea
1834 3599 2010 3653 ltoStis
2059 3614 2154 3657 ex-

544 3690 761 3745 stiterat
782 3730 796 3753 ,
828 3688 1135 3742 iunitvntur
1165 3702 1327 3759 atque
1364 3688 1640 3743 conﬁdent
1670 3704 1832 3760 super
1862 3688 2149 3744 Dominum

543 3790 792 3838 sanctum
832 3779 997 3834 Israel
1022 3823 1035 3847 ,
1070 3795 1411 3849 nequaquam
1444 3780 1615 3847 falso,
1648 3794 1705 3835 ut
1735 3781 1837 3835 sub
1880 3781 2152 3852 prioribus

548 3874 795 3932 fecerant
822 3873 1044 3945 regibus
1065 3918 1078 3941 ,
1115 3874 1212 3930 sed
1241 3874 1295 3928 in
1325 3874 1571 3930 veritate.
1604 3874 1761 3944 Quod
1791 3874 1892 3931 sub
1923 3875 2152 3933 Ezechia

542 3968 745 4025 factum
779 3968 1050 4039 legimus:
1083 3969 1154 4022 ita
1189 3977 1247 4022 ut
1278 3966 1437 4023 idolis
1468 3966 1782 4034 derelictis,
1816 3978 1843 4005 δι
1871 3980 2155 4026 converte-

546 4074 740 4119 rentur
769 4060 837 4116 ad
866 4061 1070 4116 cultum
1108 4059 1221 4116 Dei.
1256 4060 1319 4115 Et
1350 4061 1473 4131 quia
1499 4060 1715 4116 dixerat
1743 4062 2001 4132 reliquias
2030 4078 2154 4119 esse

546 4153 839 4212 salvandas
858 4193 873 4219 ,
904 4153 1100 4208 transit
1123 4155 1189 4207 ad
1216 4153 1518 4222 posteriora
1548 4163 1789 4223 tempora
1810 4195 1826 4221 ,
1854 4165 1910 4209 et
1935 4155 2150 4226 plenam

550 4246 908 4301 salvationem
946 4242 1183 4298 futuram
1224 4242 1355 4298 dicit
1401 4259 1524 4299 esse
1568 4245 1669 4300 sub
1708 4244 1946 4302 Christo.
1997 4245 2152 4317 Quod

552 4347 607 4394 et
635 4337 915 4406 apostolus
954 4336 1157 4392 Paulus
1187 4336 1494 4407 intelligens
1527 4337 1713 4393 scribit
1742 4338 1807 4393 ad
1837 4337 2112 4395 Romanos
2137 4357 2153 4396 :

552 4429 726 4487 Isaias
764 4439 934 4484 autem
972 4426 1163 4483 clamat
1186 4446 1281 4503 pro
1312 4428 1504 4485 Israel.
1549 4428 1612 4486 Si
1638 4432 1792 4504 fuerit
1818 4450 2061 4489 numerus
2087 4434 2154 4503 ﬁ-

2258 3236 2317 3283 nt
2342 3225 2553 3283 cunctis
2600 3226 2654 3281 in
2687 3226 2918 3283 circuitu
2951 3225 3019 3281 ab
3049 3224 3275 3295 Assyrio
3302 3224 3560 3296 gentibus
3602 3225 3851 3294 subjuga-

2257 3321 2345 3382 tis,
2380 3329 2435 3374 tu
2466 3318 2618 3375 solus
2640 3318 2708 3373 de
2737 3320 2855 3387 ejus
2879 3317 3129 3372 manibus
3149 3315 3428 3375 libereris.
3452 3314 3719 3373 Ausculta
3741 3330 3853 3385 qua:

2255 3414 2378 3468 dico
2412 3429 2426 3467 ε
2464 3412 2577 3465 noli
2611 3411 2824 3476 timere,
2861 3412 3089 3480 populus
3121 3424 3297 3475 meus,
3330 3407 3474 3479 quod
3522 3410 3698 3469 Assur
3742 3408 3856 3467 vin—

2257 3513 2416 3559 cente
2442 3503 2696 3575 capiaris.
2730 3501 2883 3559 Licet
2908 3502 3053 3558 enim
3085 3518 3229 3559 anno
3257 3509 3452 3573 quarto
3478 3501 3698 3557 decimo
3718 3502 3852 3574 regis

2259 3598 2509 3653 Ezechiae
2538 3596 2625 3667 (ιγ
2652 3595 2779 3665 Ileg.
2817 3592 2976 3666 xvnt)
3016 3610 3348 3655 ascensurus
3374 3595 3448 3649 sit
3480 3594 3853 3651 Scnnaeberib

2258 3706 2355 3747 rex
2387 3689 2645 3763 Assyrius
2668 3704 2833 3760 super
2854 3702 3046 3743 omnes
3078 3687 3331 3743 civitates
3359 3684 3386 3723 ιι
3411 3674 3568 3742 Iuda:
3602 3696 3850 3751 munitas,

2258 3792 2312 3839 ut
2337 3782 2519 3852 capiat
2549 3798 2666 3849 eas,
2707 3790 2763 3837 et
2799 3782 3068 3836 missurus
3097 3780 3402 3844 Rabsacen,
3433 3779 3526 3853 qui
3570 3780 3851 3837 obsessum

2258 3875 2310 3930 in
2337 3873 2639 3931 Jerusalem
2669 3875 2929 3947 populum
2971 3881 3206 3940 terreat;
3242 3883 3424 3928 tamen
3462 3870 3569 3926 hoc
3591 3873 3732 3935 scire
3757 3871 3852 3927 de-

2258 3970 2377 4037 bes,
2401 3967 2547 4042 quod
2573 3984 2680 4025 non
2714 3979 2765 4025 te
2780 3968 2984 4041 gladio,
3003 3966 3098 4023 sed
3127 3967 3275 4037 virga
3306 3981 3669 4035 percussurus
3693 3967 3783 4033 sit,
3804 3973 3854 4020 ct

2257 4080 2491 4138 pergens
2518 4076 2707 4121 contra
2732 4062 3032 4121 Taracham
3058 4077 3242 4133 regem
3266 4059 3588 4132 [Ethiopian
3615 4070 3677 4122 et.
3693 4059 3854 4145 Egy-

2260 4160 2401 4234 ptios
2415 4174 2478 4214 ac
2502 4175 2654 4215 mare
2671 4158 2913 4216 Rubrum
2933 4172 3031 4227 per
3049 4158 3188 4213 viain
3204 4154 3448 4227 Egypti,
3462 4153 3720 4217 baculum
3739 4164 3853 4207 tan-

2258 4263 2371 4313 tum
2384 4269 2540 4309 suum
2559 4254 2735 4310 elevet
2749 4260 2939 4308 contra
2959 4260 3033 4317 te,
3047 4259 3103 4306 et
3135 4249 3301 4306 ferire
3325 4265 3431 4308 non
3451 4249 3649 4323 possit.
3666 4247 3855 4305 Adhuc

2256 4349 2402 4405 enim
2437 4348 2741 4418 paululum,
2766 4356 2818 4402 et
2851 4360 3104 4403 reversus
3125 4345 3193 4405 de
3221 4342 3458 4416 Egypto
3485 4359 3612 4401 cum
3647 4342 3853 4399 inﬁnita

2255 4442 2527 4503 exercitus
2545 4440 3074 4511 inultitudiuemtque
3086 4439 3335 4497 obsidere
3350 4446 3403 4491 te
3416 4434 3774 4508 cupiens,stat
3784 4434 3853 4489 im

547 4524 744 4580 liorum
785 4521 957 4578 Israel
996 4498 1260 4595 tamquam
1299 4541 1460 4579 arena
1502 4498 1693 4592 maris,
1726 4522 1959 4599 reliquiae
1995 4498 2152 4584 salua!
2178 4498 2232 4560 Β
2259 4500 2378 4587 utea
2407 4498 2783 4603 indignatione
2812 4498 3056 4599 ferietur,
3103 4538 3159 4586 et
3204 4498 3683 4602 ﬂagellum'illud,
3712 4524 3851 4595 quod

547 4619 693 4687 ﬁent.
724 4614 946 4671 Verbum
973 4616 1106 4670 enim
1136 4628 1438 4671 consumens
1461 4624 1507 4671 et
1541 4618 1775 4674 breviatis
1802 4619 1857 4673 in
1886 4622 2147 4691 aequitate,

545 4714 671 4781 quia
709 4708 914 4765 verbum
952 4708 1245 4763 breviatum
1282 4710 1433 4779 faciet
1471 4706 1728 4765 Dominus
1766 4728 1923 4783 super
1959 4723 2150 4767 terram

547 4804 727 4876 (Rom.
753 4804 979 4870 1x,27).
1022 4803 1092 4857 Et
1144 4804 1285 4857 sicut
1324 4803 1460 4858 dixit
1498 4803 1702 4861 Isaias:
1751 4804 1869 4859 Nisi
1899 4804 2154 4867 Dominus

547 4898 763 4952 sabaoth
801 4896 1095 4964 reliquisset
1135 4896 1281 4952 nobis
1319 4913 1522 4964 semen,
1562 4897 1698 4950 sicut
1743 4896 1977 4952 Sodoma
2025 4901 2152 4972 facti

543 5002 773 5043 essemus
793 5028 807 5051 ,
831 4996 879 5041 et
900 4985 1206 5041 Gomorrha:
1229 4989 1426 5043 similes
1455 4988 1733 5058 fuissemus
1758 4988 1778 5061 (
1799 4988 1931 5046 Isai.
1960 5008 2014 5057 ι,
2051 4994 2083 5050 9
2103 4992 2146 5064 ).

546 5081 648 5139 Ubi
690 5095 822 5152 ergo
854 5079 985 5136 tanti
1017 5079 1112 5134 viri
1154 5082 1409 5151 praecedit
1446 5084 1745 5139 auctoritas
1769 5129 1784 5153 ,
1828 5096 2006 5142 cesset
2042 5088 2147 5145 alia

541 5174 723 5229 omnis
752 5174 1153 5244 interpretatio.
1187 5170 1256 5227 Et
1288 5190 1475 5229 revera
1507 5176 1551 5228 si
1580 5176 1821 5246 legamus
1848 5174 2143 5250 Jusephum

540 5269 654 5345 (lib.
679 5282 735 5337 ι,
760 5271 940 5343 σαμε)
963 5315 976 5339 ,
1012 5279 1067 5326 et
1093 5279 1293 5347 quanta
1327 5269 1607 5323 hominum
1639 5268 1691 5324 in
1723 5270 2057 5339 Jerusalem,
2092 5284 2148 5331 et

536 5364 593 5420 in
624 5364 813 5420 Judara
840 5362 1007 5419 fuerit
1038 5362 1349 5428 multitudo,
1386 5356 1607 5435 quando
1638 5378 1830 5435 passus
1857 5376 1940 5421 est
1969 5366 2147 5422 Domi-

535 5470 675 5524 nus;
708 5456 1065 5528 intelligimus
1095 5458 1183 5512 vix
1215 5470 1416 5528 paucos
1445 5456 1499 5511 in
1527 5456 1807 5526 ApOstolis
1829 5470 1883 5521 et
1912 5461 2142 5531 Aposto-

605 5668 630 5697 α
656 5662 812 5718 Prius
835 5668 955 5717 erat
982 5667 1359 5715 convertentur.
1386 5656 1669 5729 Eiusmodl
1705 5657 1815 5718 alia
1844 5657 1917 5715 de

525 5726 663 5790 nihil
686 5730 804 5788 fere
832 5731 1119 5788 Latonius
1145 5731 1375 5787 intem“
1416 5726 1715 5799 monuisse,
1748 5730 1897 5787 taciti
1924 5726 2126 5799 ltissim

2253 4624 2529 4696 atumdam
2559 4625 2846 4680 adversum
2880 4623 3203 4681 Madianitas
3230 4623 3330 4677 sub
3358 4620 3621 4678 Gedeone
3652 4617 3850 4691 (India.

2252 4716 2372 4788 Vn).
2421 4720 2513 4788 qui
2562 4720 2737 4777 altero
2768 4721 2993 4774 nomine
3022 4718 3315 4773 vocabatur
3356 4713 3640 4778 Jcrobaal,
3680 4711 3855 4767 susci-

2255 4811 2402 4866 tavi:
2435 4812 2653 4880 quando
2683 4810 2828 4875 Oreb
2868 4822 2923 4867 et
2978 4810 3157 4867 Zebce
3208 4806 3483 4880 principes
3526 4803 3852 4861 Madianita-

2254 4919 2375 4958 rum
2405 4904 2572 4959 occisi
2612 4915 2738 4959 sunt
2768 4919 2934 4976 super
2977 4917 3183 4975 petram
3233 4901 3609 4964 durissimum,
3646 4900 3699 4953 id
3745 4906 3853 4960 est,

2256 4999 2491 5064 silicem,
2522 5014 2644 5070 qua:
2685 4999 2952 5061 llebraice
2990 4997 3298 5071 appellatur
3336 5009 3440 5051 sua
3480 4991 3645 5065 (Ἥ),
3680 4993 3750 5047 ita
3792 4997 3859 5045 ut.

2249 5106 2314 5147 ex
2349 5101 2501 5162 petra
2531 5103 2588 5153 et
2617 5107 2681 5147 ex
2716 5107 2865 5165 rege,
2894 5092 2982 5160 qui
3018 5092 3069 5151 in
3101 5105 3162 5151 ea
3194 5088 3408 5143 occisus
3436 5093 3545 5149 est.
3578 5086 3739 5145 locus
3763 5098 3857 5151 pe-

2247 5192 2340 5239 εγω
2365 5182 2495 5238 οἴει)
2512 5199 2707 5245 nomen
2738 5183 2893 5259 151
2918 5183 3213 5248 acceperit.
3247 5177 3623 5246 Levabiterga
3646 5178 3854 5247 virgam

2246 5292 2398 5333 suam
2423 5292 2586 5348 super
2619 5292 2766 5334 mare
2804 5277 3044 5333 llubrum
3079 5290 3305 5349 pergens
3336 5271 3607 5331 adversus
3634 5268 3859 5327 Albin-

2246 5385 2362 5441 pes,
2391 5381 2445 5433 et
2472 5368 2676 5429 levabit
2705 5378 2987 5427 revertens
3017 5370 3083 5423 ad
3103 5378 3157 5427 te
3182 5382 3275 5436 per
3294 5364 3433 5420 viam
3457 5361 3687 5435 Egypti
3715 5379 3729 5415 :
3754 5359 3859 5417 sed

2244 5462 2430 5523 statim
2458 5472 2516 5523 ut
2544 5462 2613 5523 de
2641 5461 2877 5535 Egyth
2907 5462 3143 5533 venerit,
3168 5456 3446 5517 auferetur
3475 5471 3621 5517 onus
3650 5456 3723 5513 de
3753 5453 3859 5510 liu-

2243 5661 2598 5725 amendamus
2617 5677 2651 5718 ο

2302 5732 2334 5773 δ
2369 5732 2621 5813 Villii-ii

2719 5678 3058 5813 αῗὲῗεξπάφφ
3084 5729 3330 5799 munitas,
3359 5734 3413 5785 et
3436 5727 3604 5803 capiet
3630 5740 3747 5797 eas.
