4008 6360
199 286 290 348 lli

770 285 1444 356 [COMMENTARlORUll-l
1482 285 1550 343 IN
1590 286 1807 344 lSAlAb

1912 285 2285 343 BOPHETAM
2323 285 2452 343 LIB.
2494 288 2583 346 Ν.
2627 289 2779 346 CAP.
2816 289 2888 348 Χ.

3387 293 3493 354 142

197 404 362 460 meris
382 404 560 462 luisel
585 406 778 477 jugum
795 406 1004 474 imperii
1036 407 1171 475 ejus,
1209 420 1270 460 ac
1293 404 1504 460 servire
1535 403 1786 462 desistas.
1820 412 1875 470 Α
1899 417 2018 460 eam
2051 404 2255 460 veniet.
2282 403 2349 457 Et
2383 403 2640 473 primum,
2673 405 2864 475 inquit,
2895 405 3075 461 veniet
3100 405 3154 464 in
3187 409 3350 470 Aioth
3381 409 3493 483 [ΑΙ.

198 497 353 564 Quod
380 499 593 570 jugum,
643 500 693 554 id
722 509 827 566 est,
869 499 1115 569 potentia
1152 495 1387 568 Assyrii,
1419 512 1449 551 a
1483 495 1619 553 facie
1658 491 1788 560 olei,

199 590 253 646 id
290 600 396 658 est,
451 593 543 648 Dei
582 591 978 646 misericordiae
1020 599 1445 660 compntrescet.
1493 588 1794 644 Possumus

200 694 378 739 autem
413 685 512 738 hoc
541 684 681 756 quod
713 683 850 738 dixit
880 703 893 739 :
926 683 995 737 In
1018 684 1162 754 virga
1193 684 1444 753 percutiet
1476 693 1543 748 te,
1569 692 1615 736 et
1637 683 1793 736 bacu-

200 775 307 831 lum
333 793 478 830 suum
503 776 686 830 leuabit
709 793 870 845 super
897 786 945 830 te
965 777 1020 830 in
1044 777 1125 831 via
1153 775 1373 849 JEgypti
1395 792 1414 830 :
1439 776 1507 831 Et
1536 790 1749 831 rursum
1777 792 1791 830 :

199 868 266 924 Et
289 872 485 940 virgam
505 887 652 924 suam
677 885 831 940 super
855 886 1017 934 mare,
1056 881 1102 924 et
1129 868 1314 923 levabit
1338 885 1450 922 eam
1473 869 1525 922 in
1547 869 1628 923 via
1654 885 1793 943 a'gy-

197 965 311 1032 pti:
340 965 509 1020 etiam
549 965 631 1022 sic
662 964 990 1035 intelligere,
1028 964 1171 1035 quod
1218 963 1424 1020 ideirco
1467 963 1799 1033 percusserit

194 1058 462 1129 plurimos
493 1058 561 1114 de
591 1060 734 1114 tribu
763 1058 924 1124 Juda,
956 1068 1012 1113 et
1044 1060 1096 1112 in
1126 1059 1358 1113 circuitu
1391 1058 1546 1126 regni
1575 1055 1799 1112 Jerusa-

192 1150 302 1207 lem
332 1153 537 1221 ceperit
569 1151 841 1217 civitates,
873 1152 997 1222 quia
1031 1168 1138 1206 non
1175 1151 1226 1206 in
1261 1150 1391 1217 Deo,
1421 1151 1516 1204 sed
1551 1150 1601 1202 in
1633 1148 1798 1220 Αἰξίν-

193 1245 327 1316 ptiis
367 1246 660 1301 habuerint
704 1244 979 1302 fiduciam.
1016 1245 1170 1300 Unde
1203 1254 1258 1300 ct
1289 1245 1562 1302 Rabsaces
1603 1257 1801 1311 exmo-

191 1338 320 1395 brat
348 1339 428 1395 eis
449 1339 643 1397 dicens
675 1359 688 1396 :
727 1339 861 1396 Ecce
884 1341 1108 1408 conﬁdis
1133 1355 1286 1410 super
1319 1339 1557 1394 baculum
1585 1337 1802 1392 arundi-

191 1449 345 1487 neum
363 1438 690 1504 confractum
715 1449 871 1505 super
890 1433 1204 1504 ngyptum.
1227 1432 1322 1486 Cui
1349 1433 1393 1484 si
1419 1432 1630 1484 innixus
1653 1431 1806 1500 fuerit

187 1523 368 1590 homo,
382 1526 598 1578 intrabit
615 1527 666 1578 in
690 1541 900 1578 umnam
913 1524 1048 1594 ejus,
1065 1533 1112 1576 et
1135 1521 1418 1592 perfarabit
1440 1538 1550 1576 eam
1567 1520 1655 1591 (Ν
1671 1518 1803 1591 Reg.

189 1632 348 1684 xvtu,
379 1615 473 1687 :12)
503 1635 514 1670 :
546 1618 628 1672 sic
658 1615 873 1674 Pharao
904 1632 998 1671 rex
1031 1614 1252 1686 ΕΒΗ)ιὶ
1280 1615 1533 1671 omnibus
1557 1617 1647 1685 qui
1679 1629 1808 1668 con-

188 1708 372 1764 ﬁdunt
404 1709 456 1762 in
483 1723 570 1764 eo.
610 1708 846 1762 llistoria
878 1707 1290 1762 Madianitarum
1318 1709 1370 1760 in
1389 1705 1636 1762 Judicum
1664 1705 1808 1761 libro

1894 495 2116 568 Aiath],
2151 496 2241 552 ubi
2271 511 2384 566 prae
2421 496 2771 554 festinatione
2803 500 2970 554 nimia
3006 503 3196 558 nolens
3239 520 3494 575 manere,

1897 590 2150 644 transibit
2167 589 2218 642 in
2236 589 2480 660 Magron,
2499 593 3102 662 tantamquccapiendm
3117 596 3269 650 urbis
3283 599 3497 654 habebit

1897 681 2172 749 ﬁduciam,
2190 693 2247 737 ut
2269 683 2412 752 apud
2428 683 2700 740 Machmas
2724 688 3073 746 commendet
3092 691 3334 744 sarcinas
3349 707 3498 759 suus,

1895 776 2047 845 quasi
2067 775 2172 832 cito
2195 776 2462 834 subversa
2487 779 2622 836 urbe
2651 779 2926 838 rediturus
2953 799 2966 833 :
2997 782 3193 849 quibus
3212 782 3497 855 depositis,

1896 868 2147 924 transibit
2179 885 2298 924 eam
2345 872 2570 938 cursim,
2599 880 2656 928 et
2684 871 2739 926 in
2782 871 2968 930 Gabee
3013 873 3235 932 habebit
3260 878 3505 932 diverso-

1896 959 2039 1015 rium
2067 977 2080 1013 :
2111 976 2221 1032 quo
2263 961 2539 1031 paululum
2572 963 2772 1023 ibidem
2814 965 3178 1031 subsistente,
3215 978 3272 1023 ut
3301 970 3503 1026 lassum

1900 1051 2145 1108 refoveat
2188 1055 2509 1122 exercitum,
2555 1054 2726 1112 Ratun
2769 1056 2899 1116 urbs
2942 1057 3117 1114 vicina
3165 1061 3506 1117 tenebitur:

1901 1145 2046 1202 Gath
2078 1148 2260 1204 Saulis
2313 1141 2586 1220 quondam
2638 1151 2830 1208 civitas
2862 1151 3050 1224 fugiet.
3101 1153 3256 1210 Tunc
3303 1169 3358 1210 et
3403 1157 3509 1211 lilia

1903 1237 2260 1312 Gallim,quae
2293 1241 2560 1302 llebraice
2587 1244 2786 1302 dicitur
2815 1261 2956 1303 Bern
2985 1231 3355 1316 canuutntl’):
3376 1248 3508 1321 n3),

1906 1330 1980 1386 ita
2012 1332 2259 1402 cjulubil,
2290 1347 2350 1392 ut
2379 1354 2645 1406 equorum
2677 1340 2963 1400 arbitreris
2995 1342 3287 1402 hinnitum.
3331 1344 3508 1411 Unde.

1909 1437 1942 1476 0
1975 1422 2156 1488 Laisa,
2207 1437 2260 1480 et
2302 1431 2648 1498 paupercula,
2693 1433 2778 1487 vel
2819 1434 3090 1503 obedienc,
3142 1438 3259 1494 sive
3302 1439 3514 1493 humilis

1910 1515 2402 1588 Anatbotb(tribus
2429 1522 2572 1578 enim
2607 1523 2782 1580 modis
2812 1525 3156 1594 interpretari
3191 1530 3516 1603 potest),di—

1913 1604 2150 1674 ligenter
2191 1609 2477 1674 attendite,
2508 1622 2559 1667 et
2587 1612 2854 1674 declinato
2901 1620 3172 1676 currentis
3223 1621 3512 1692 impetum,

1913 1700 1958 1752 si
1993 1701 2266 1768 potestis:
2301 1705 2554 1774 migravit
2571 1709 2717 1766 enim
2743 1709 2854 1779 jam
2877 1710 2947 1766 de
2977 1711 3202 1768 aedibus
3231 1716 3348 1774 suis
3387 1718 3518 1772 urbs

188 1802 406 1870 scripta
440 1809 524 1856 est
553 1798 757 1874 (Judic.
791 1799 902 1861 vn),
928 1816 1088 1869 quam
1118 1809 1172 1854 et
1207 1800 1260 1853 in
1283 1799 1502 1853 Psalmo
1528 1799 1758 1866 legimus
1785 1815 1799 1852 :
1835 1796 1879 1860 Β
1909 1789 2251 1850 Mcdemena.
2280 1795 2386 1851 Vos
2412 1805 2594 1854 autem
2623 1800 2713 1869 qui
2739 1799 2993 1858 habitatis
3021 1804 3073 1858 in
3103 1805 3519 1876 collibus,quod

187 1891 350 1948 Pone
375 1893 637 1960 principes
667 1907 844 1945 eorum
875 1892 1006 1944 sicut
1042 1890 1204 1956 Ureb,
1234 1900 1278 1945 et
1313 1889 1439 1956 Zeb,
1469 1898 1519 1944 et
1541 1888 1723 1957 Zebee,
1759 1899 1807 1944 et

190 1987 456 2044 Salmana
498 1983 619 2056 (Ps.
653 2000 860 2049 Lxxxtt,
897 1983 1007 2052 l2).
1044 1983 1249 2038 Errant
1290 1998 1420 2054 ergo
1467 1983 1557 2052 qui
1610 1991 1804 2052 putant

190 2080 330 2137 illud
357 2079 654 2148 signiﬁcari
676 2089 912 2142 tempus,
937 2075 1158 2148 quando
1186 2076 1240 2130 in
1271 2076 1410 2131 libro
1432 2075 1799 2130 Numerorum

195 2172 353 2246 (Cap.
386 2172 514 2242 xxv)
549 2171 853 2228 Madianitte
893 2172 1024 2228 caesi
1058 2173 1372 2226 referuntur
1409 2171 1477 2224 ab
1518 2170 1686 2226 Israel
1717 2180 1741 2205 ιι
1770 2186 1800 2224 a

193 2267 422 2323 deserto
449 2266 557 2323 Sur
583 2280 755 2336 usque
792 2264 861 2320 ad
903 2273 1146 2319 montem
1183 2263 1279 2319 Dei
1307 2263 1452 2319 Oreh
1481 2279 1494 2316 :
1529 2279 1650 2332 qua:
1680 2262 1804 2317 aliis

190 2358 342 2430 apud
387 2358 645 2412 llebrteos
690 2356 1008 2412 scribuntur
1051 2355 1275 2420 litteris,
1300 2369 1424 2409 cum
1455 2369 1520 2410 eo
1557 2367 1802 2423 tempore

193 2467 308 2509 non
353 2445 560 2506 fuerint
600 2451 651 2504 in
701 2458 888 2504 monte
929 2445 1092 2513 Oreh,
1128 2447 1224 2502 sed
1268 2449 1322 2500 in
1371 2446 1667 2502 solitudine
1706 2444 1805 2502 Se—

193 2547 361 2604 tbim.
395 2546 556 2602 Juxta
586 2560 866 2616 anagogen
893 2544 1206 2613 praecipitur
1236 2543 1436 2612 populo
1466 2541 1520 2596 in
1556 2541 1802 2597 Ecclesia

193 2640 586 2704 commoranti,
621 2655 686 2693 ne
717 2638 904 2691 timeat
937 2634 1300 2701 adversarios,
1336 2634 1430 2705 qui
1455 2634 1521 2689 ad
1555 2649 1801 2704 pugnan-

192 2735 329 2791 dum
361 2747 576 2802 semper
617 2732 788 2802 parati
828 2741 974 2794 sunt,
1008 2738 1065 2785 et
1095 2730 1268 2785 multa
1300 2727 1665 2797 disputatione
1707 2743 1803 2784 sua

194 2829 414 2884 animas
435 2825 845 2882 subvertcrunt.
875 2823 1004 2880 Ideo
1035 2824 1179 2879 enim
1205 2837 1302 2878 eos
1326 2830 1515 2878 contra
1549 2821 1805 2891 populum

193 2920 302 2980 Dei
335 2920 634 2990 pauxillum
663 2918 916 2986 accipere
948 2923 1298 2985 potestatem,
1335 2924 1389 2968 et
1419 2929 1526 2968 non
1565 2923 1673 2968 tam
1697 2914 1809 2983 gla-

190 3012 294 3071 dio
316 3020 608 3082 percutere
636 3024 796 3080 quam
836 3010 1009 3077 virga,
1045 3006 1098 3060 id
1127 3015 1230 3070 est,
1267 3021 1374 3059 non
1409 3004 1684 3069 occidere,
1711 3003 1807 3059 sed

188 3107 427 3171 minari,
461 3107 587 3173 quia
619 3104 673 3156 in
704 3102 792 3156 via
821 3098 1227 3155 ambulaverint
1253 3097 1502 3168 Egypti,
1537 3107 1589 3151 et
1619 3111 1725 3149 non
1757 3095 1809 3152 in

1911 1883 2316 1955 interpretatur
2342 1889 2664 1954 Gebim,tuti
2699 1893 2944 1952 locorum
2978 1897 3523 1960 altitudine.conluro

1909 1979 2124 2044 tamini,
2150 1979 2200 2034 id
2227 1991 2330 2046 est,
2364 1997 2515 2040 arma
2545 1985 2833 2054 corripite.
2868 1987 3062 2046 Adhuc
3092 2001 3303 2046 tantum
3331 2007 3522 2063 super-

1905 2078 2027 2125 erat
2048 2071 2181 2138 dici,
2213 2085 2270 2127 ut
2301 2084 2454 2130 stans
2486 2077 2538 2131 in
2567 2080 2832 2148 oppidulo
2862 2081 3002 2150 Nob,
3036 2093 3093 2140 et
3117 2088 3300 2154 procul
3330 2088 3518 2145 urbem

1907 2164 2260 2235 coaspicieus
2288 2167 2620 2238 Jerusalem,
2649 2173 2884 2242 agitaret
2913 2191 3130 2234 manum
3151 2193 3331 2245 suam,
3361 2192 3524 2252 atque

1905 2267 2226 2313 cmicuteret
2267 2273 2432 2329 super
2457 2273 2700 2320 montem
2741 2267 2895 2332 Sion,
2936 2268 3020 2327 vel
3051 2269 3360 2339 deSpiciens
3399 2290 3519 2332 eam

1908 2361 2070 2420 atque
2113 2361 2496 2419 contemnens,
2546 2357 2631 2410 vel
2672 2356 2942 2414 insultans
2986 2372 3035 2418 et
3078 2366 3439 2432 comminans,
3471 2375 3527 2426 et

1907 2444 2211 2513 admirans,
2237 2449 2385 2515 quod
2414 2457 2527 2506 tato
2543 2450 2895 2521 sibitlriente
2927 2454 3195 2523 subjecto,
3225 2465 3331 2512 tam
3357 2474 3522 2528 parva

1909 2539 2103 2596 civitas
2139 2542 2398 2607 petentia;
2436 2557 2549 2596 sum
2591 2543 2796 2600 audeat
2832 2560 3158 2616 repugnare.
3197 2549 3357 2623 ιω
3398 2550 3526 2605 llaec

1903 2630 2057 2702 juxta
2092 2631 2372 2697 Hebraea,
2405 2644 2463 2689 ut
2511 2635 2669 2692 nobis
2707 2636 2778 2690 ab
2810 2639 2890 2694 eis
2922 2638 3180 2694 traditum
3225 2652 3329 2706 est,
3362 2642 3523 2697 brevi

1909 2737 2162 2777 sermone
2191 2724 2636 2793 perstrinximus.
2682 2727 2836 2783 Nunc
2878 2729 3008 2798 quid
3045 2731 3205 2800 juxta
3236 2731 3384 2791 LXX
3411 2734 3526 2790 edi-

1906 2814 2112 2869 tionem
2141 2813 2512 2872 Eeclesiastici
2543 2819 2644 2874 viri
2671 2819 2738 2874 de
2768 2819 2871 2876 hoc
2897 2821 3020 2876 loco
3047 2824 3310 2885 sentiant.
3343 2825 3521 2896 subjio

1911 2905 2138 2967 ciamus.
2171 2906 2306 2964 Cum
2334 2912 2521 2980 jugum
2569 2911 2808 2983 Assyrii,
2854 2914 2970 2970 sive
3015 2925 3075 2970 ut
3118 2917 3339 2988 quidam
3382 2919 3526 2974 male

1913 2998 2267 3066 arbitrantur,
2315 3001 2624 3071 Babylonii,
2665 3004 2907 3064 ablatura
2957 3006 3126 3066 fuerit
3171 3009 3238 3064 de
3283 3010 3527 3071 humeris

1917 3092 2046 3156 tuis,
2088 3105 2252 3160 atque
2293 3104 2631 3163 corruptum.
2665 3096 2882 3167 fugiens
2926 3100 3182 3171 Assyrius
3211 3102 3529 3162 Seunache—

189 3201 438 3260 Domino
476 3201 587 3257 sint
616 3203 830 3258 conlisi.
871 3201 1004 3256 Cum
1047 3211 1230 3254 autem
1279 3196 1345 3251 ad
1390 3195 1558 3250 Deum
1597 3193 1806 3250 reversi
1834 3187 1880 3249 C
1913 3183 2018 3243 Tib.
2068 3198 2193 3238 cum
2235 3185 2419 3253 paucis
2466 3186 2709 3254 reliquiis
2755 3188 2934 3246 veniet
2980 3191 3032 3243 in
3063 3193 3254 3262 Aggai,
3308 3209 3427 3264 qua:
3468 3196 3523 3250 in

185 3297 432 3356 fuerint.
475 3303 532 3349 et
573 3294 895 3364 reliquerint
944 3296 1048 3348 iter
1095 3290 1339 3361 Egypti,
1378 3299 1506 3343 tunc
1535 3288 1807 3357 ﬂagellum

185 3390 301 3445 Dei
329 3387 544 3458 judicio
569 3386 940 3440 suseitandnm
971 3394 1164 3439 contra
1195 3381 1562 3436 adversarios.
1594 3378 1810 3433 Madian

187 3481 354 3536 enim
397 3480 790 3548 interpretatur
818 3495 882 3532 ea:
917 3476 1167 3549 judicio:
1198 3482 1258 3530 ut
1287 3473 1485 3540 Spiritu
1518 3475 1629 3526 oris
1672 3471 1811 3540 ejus,

187 3585 250 3632 et
275 3574 412 3631 oleo
447 3571 845 3628 misericordia:
867 3571 1051 3641 jugum
1081 3569 1318 3624 hosﬁum
1347 3574 1774 3636 coniputrescat.

269 3669 465 3741 (Vere.
494 3668 566 3724 28
598 3668 781 3737 seqq.)
819 3665 1001 3720 Veniet
1037 3665 1086 3720 in
1125 3665 1302 3727 Aioth,
1339 3661 1581 3716 transibit
1609 3662 1662 3715 in
1697 3659 1813 3716 Ma-

193 3779 339 3834 gron
362 3779 380 3816 :
403 3762 549 3830 apud
599 3759 870 3815 Machmas
897 3757 1280 3814 commendabit
1310 3771 1430 3810 uasa
1469 3772 1583 3810 sua.
1622 3753 1813 3808 Trans-

190 3858 382 3912 ierunt
409 3856 599 3910 cut-sim
623 3852 796 3910 Gabee
823 3854 971 3908 sedes
1016 3861 1196 3907 nostra
1236 3851 1380 3920 (sive
1409 3858 1468 3903 ut
1503 3849 1631 3904 alibi
1670 3848 1810 3902 scri-

196 3961 366 4016 ptum
387 3946 689 4014 reperimus
707 3965 718 3997 :
742 3944 1004 4000 mansione
1021 3940 1360 4010 manserunt);
1382 3939 1537 4012 152
1552 3939 1814 4007 obstupuit

195 4040 411 4104 ﬂama,
439 4036 582 4094 Gaba
620 4038 800 4094 Saulis
829 4037 978 4110 fugit.
1013 4034 1181 4090 llinni
1227 4050 1345 4089 uoce
1393 4042 1500 4098 tua,
1545 4033 1656 4100 [ilia
1686 4027 1815 4088 Gal-

195 4135 355 4199 lim;
404 4132 625 4198 attende,
659 4131 842 4194 Laisa,
889 4129 1206 4199 paupercula
1248 4125 1551 4182 Attat/tolli:
1578 4125 1816 4196 migrauit

191 4225 528 4284 Medenuua
547 4225 893 4280 :habitatores
911 4222 1493 4290 Gebitnconfortomini.
1512 4218 1692 4274 Adhuc
1705 4221 1815 4272 dies

190 4329 307 4384 est,
343 4327 404 4372 ut
425 4317 480 4371 in
505 4316 553 4371 Ν
561 4317 622 4372 ob
641 4327 800 4372 stetur
824 4333 841 4371 :
861 4316 1079 4389 agitabit
1101 4329 1309 4372 inuitum
1333 4329 1477 4368 suam
1497 4329 1552 4366 tu
1562 4328 1652 4381 per
1671 4327 1818 4364 mon-

192 4425 311 4471 tem
339 4414 472 4482 (ilia:
500 4412 651 4477 Sion,
679 4412 862 4468 collem
887 4409 1200 4466 Jerusalem.
1247 4405 1387 4465 LXX
1417 4424 1429 4460 :
1472 4403 1652 4462 Veniet
1681 4405 1816 4461 enim

195 4507 257 4562 in
289 4506 558 4560 ciuitatem
599 4505 782 4576 Aggai,
835 4513 878 4557 et
914 4503 1152 4556 transibit
1204 4501 1256 4556 in
1317 4496 1581 4569 Mageddo
1622 4514 1640 4550 :
1678 4506 1724 4550 et
1764 4497 1816 4554 in

1912 3275 2180 3332 Hebraieo
2206 3292 2314 3331 non
2347 3277 2593 3333 habetur.
2637 3280 2706 3334 Et
2736 3291 2881 3339 tanta
2919 3283 3024 3336 erit
3064 3285 3321 3354 fugientis
3366 3291 3531 3359 trepi-

1914 3367 2086 3434 datio,
2122 3378 2180 3424 ιιι
2210 3369 2281 3424 ibi
2327 3384 2549 3426 manere
2600 3388 2707 3430 non
2762 3377 2982 3442 audeat.
3028 3378 3124 3432 sed
3174 3381 3430 3436 transibit
3475 3388 3527 3437 in

1916 3460 2206 3532 Mageddo,
2240 3479 2401 3531 quam
2441 3473 2496 3518 et
2539 3466 2651 3534 ipsa
2694 3467 2977 3536 Scriptura
3024 3485 3132 3526 non
3161 3475 3428 3530 continet.
3465 3477 3531 3531 Et

1918 3556 2040 3624 quia
2091 3555 2324 3614 sarcinis
2365 3557 2479 3612 suis
2526 3560 2862 3628 praepeditus
2906 3562 3149 3624 velocius
3180 3564 3374 3636 fugere
3419 3585 3525 3624 non

1916 3647 2140 3718 pulerit,
2183 3648 2422 3717 deponet
2454 3665 2582 3706 vasa
2613 3653 2664 3707 in
2695 3653 2998 3723 Machmas.
3029 3667 3084 3712 et
3109 3660 3280 3730 gradu
3311 3665 3528 3722 concito

1915 3741 2172 3796 transibit
2203 3743 2422 3809 vallem,
2453 3759 2615 3814 quam
2642 3758 2696 3801 et
2731 3747 2903 3816 ipsum
2928 3750 3190 3811 Hebr-aius
3213 3770 3394 3812 sermo
3418 3773 3525 3813 non

1917 3841 2138 3892 resonat
2169 3851 2180 3887 :
2218 3843 2273 3890 et
2300 3849 2517 3890 rursum
2547 3838 2732 3893 veniet
2757 3839 2810 3892 in
2854 3843 3043 3912 Aggai,
3073 3860 3192 3915 quae
3215 3845 3300 3906 bis
3335 3849 3389 3903 in
3422 3849 3526 3906 hoc

1916 3927 2038 3984 loco
2081 3928 2320 3997 ponitur,
2364 3938 2418 3984 et
2445 3929 2503 3983 in
2535 3929 2802 3988 llcbraico
2847 3950 2953 3992 non
2986 3936 3238 3996 habetur.
3271 3941 3350 3996 Ad
3373 3945 3524 3998 soni-

1919 4030 2032 4079 tum
2060 4023 2200 4094 [οδω
2223 4023 2341 4092 ejus
2359 4026 2748 4084 contremiscet
2769 4027 2959 4095 Dama,
2976 4031 3168 4085 civitas
3191 4031 3320 4090 Saul
3342 4051 3354 4086 :
3379 4039 3521 4105 quod

1917 4117 2203 4186 perspicue
2234 4115 2431 4172 falsum
2475 4127 2580 4172 est.
2627 4116 2834 4172 Civitas
2867 4120 3009 4174 enim
3040 4120 3180 4175 Saul
3211 4126 3524 4192 appellatur

1918 4207 2087 4273 Gaba,
2123 4217 2182 4264 ut
2225 4210 2278 4265 in
2310 4209 2576 4266 Hebraicu
2616 4215 2959 4266 eotitinetur.
3010 4211 3220 4270 Deinde
3259 4216 3441 4273 veniet
3472 4220 3522 4274 in

1918 4302 2149 4360 Gallim:
2178 4303 2363 4358 audiet
2389 4302 2570 4370 Laisa,
2600 4305 2785 4362 audiet
2811 4305 3108 4373 Artatltotlt,
3137 4312 3528 4370 contremiscct

1921 4397 2260 4454 Medeutena.
2292 4397 2638 4454 llabitatorcs
2667 4408 2848 4455 autem
2880 4399 3071 4457 Gebim
3103 4415 3158 4458 et
3179 4407 3374 4474 colles,
3403 4423 3525 4479 qua:

1921 4501 2043 4544 sunt
2075 4492 2128 4545 in
2157 4490 2485 4558 Jerusalem,
2517 4492 2570 4546 id
2598 4505 2704 4559 est,
2734 4495 2938 4550 excelsi
2960 4499 3158 4568 quique
3183 4500 3306 4570 viri,
3331 4517 3526 4570 provo-

158 4585 168 4590 ’
193 4598 493 4655 Machina:
515 4574 820 4668 ponetuasa
839 4613 966 4652 sua:
991 4605 1042 4650 et
1070 4593 1310 4650 transibit
1340 4590 1544 4657 uallem,
1579 4601 1624 4644 et
1654 4590 1812 4645 ueniet
1838 4574 1894 4644 ι)
1920 4593 2114 4638 cantur
2141 4582 2208 4636 ad
2247 4584 2635 4637 consolandam
2665 4585 2967 4642 Jerusalem
3002 4607 3013 4642 τ
3061 4606 3167 4645 non
3202 4593 3365 4664 longo
3404 4610 3528 4665 post

192 4693 253 4748 in
285 4692 484 4763 Aggai.
523 4690 694 4750 Timor
739 4689 1090 4761 appreheudet
1139 4688 1304 4743 Roma
1343 4687 1599 4740 civitatem
1647 4684 1776 4740 Saul
1799 4701 1817 4738 .'

193 4784 378 4858 fugiet
426 4783 539 4854 ﬁlia
581 4783 774 4840 Gallim
799 4799 819 4838 .·
843 4781 1052 4836 attende
1082 4781 1238 4836 Laisa
1275 4795 1291 4833 :
1321 4781 1562 4834 audietur
1591 4781 1644 4832 in
1674 4781 1820 4834 Ana-

194 4880 316 4937 thot
345 4895 366 4932 :
390 4878 656 4947 obstupuit
678 4876 1002 4940 Mcdemena,
1027 4885 1071 4928 et
1088 4873 1400 4927 habitatores
1421 4872 1820 4927 Gebim.Conso-

195 4971 398 5028 lumini
431 4969 585 5024 hodie
610 4969 664 5023 in
698 4970 799 5036 via,
849 4980 904 5023 ut
947 4974 1192 5022 maneat:
1225 4965 1561 5022 consolantini
1600 4975 1820 5017 montem

195 5065 338 5134 ﬁliai
370 5061 527 5126 Sion,
562 5072 608 5116 et
645 5061 830 5118 collem
856 5060 1166 5115 Jerusalem.
1203 5055 1428 5109 Multum
1462 5055 1515 5114 iu
1551 5055 1652 5114 hoc
1697 5055 1819 5110 loco

193 5158 358 5220 LXX
389 5158 464 5216 ab
491 5157 760 5216 Hebr-uico
782 5156 1132 5224 discrepant:
1166 5165 1326 5220 quam
1363 5149 1432 5204 ob
1462 5164 1574 5202 rem
1617 5156 1822 5202 utram-

199 5269 318 5324 que
352 5251 674 5306 Editiunen'i
711 5249 1009 5319 posuimus,
1047 5255 1102 5300 ut
1131 5244 1258 5314 quid
1305 5242 1462 5295 nobis
1495 5239 1741 5293 videatur
1768 5239 1821 5292 in

194 5345 476 5420 singulis,
504 5340 743 5407 Christo,
777 5341 822 5394 si
849 5338 1208 5394 meruerimus
1233 5333 1342 5408 [Αι.
1377 5328 1716 5403 meruimus].
1748 5331 1826 5384 iu-

107 5491 112 5494 .
195 5441 357 5512 spira
370 5450 494 5500 ntc,
512 5435 779 5490 dicamus.
802 5434 1062 5490 Describit
1090 5446 1269 5486 sermo
1286 5427 1633 5498 pmphcticus
1653 5425 1824 5496 Assy-

194 5534 280 5593 rii.
308 5533 425 5587 iter
458 5541 827 5600 pompamque
859 5527 1136 5583 redeuntis
1151 5523 1471 5594 chgypto
1498 5519 1823 5584 JeruSalem.

197 5635 256 5682 et
289 5631 514 5695 quanto
536 5622 763 5689 strepitu
794 5631 1104 5690 quantoque
1132 5631 1294 5670 cursu
1314 5617 1380 5668 ad
1405 5611 1826 5685 oppugnandum

279 5813 303 5846 Α
347 5801 570 5868 V.-.tic.,
598 5808 645 5851 et
677 5796 928 5854 desertum
962 5797 1090 5861 Sur,
1115 5803 1161 5846 et
1189 5803 1410 5847 utorlem
1444 5782 1538 5846 Dei
1572 5788 1725 5843 Oreb.

1923 4684 2189 4743 tempore,
2223 4672 2318 4726 scd
2344 4672 2394 4724 in
2429 4673 2872 4740 praesentiarum,
2897 4689 2948 4731 et
2975 4679 3168 4734 eadem
3199 4682 3290 4737 die
3315 4684 3444 4740 dum
3471 4686 3528 4742 in

1921 4767 2008 4820 via
2038 4777 2122 4824 est
2152 4763 2435 4834 Assyrius;
2464 4773 2524 4818 ut
2556 4777 2810 4820 maneant
2832 4767 2884 4822 in
2913 4768 3046 4825 locis
3072 4772 3208 4836 sttit.
3237 4783 3292 4829 et
3312 4786 3526 4844 pertur-

1926 4859 2033 4913 hati
2071 4859 2268 4914 timore
2308 4873 2648 4928 nequaquam
2680 4859 2906 4930 fugiant.
2943 4861 3058 4918 Hoc
3081 4863 3235 4933 juxta
3266 4866 3520 4925 litteram.

1923 4952 2191 5010 Caeterum
2222 4951 2440 5023 quidam
2475 4952 2528 5005 in
2557 4952 2664 5006 isto
2693 4951 2837 5019 locu),
2880 4969 3004 5008 eum
3035 4954 3297 5016 falsorum
3347 4966 3526 5019 nomi-

1923 5065 2049 5104 num
2076 5048 2225 5117 jnxta
2267 5046 2410 5102 LXX
2443 5045 2770 5119 ἐτυμολογίας
2796 5047 3042 5107 invenire
3071 5068 3178 5108 non
3205 5057 3398 5124 possit,
3427 5077 3528 5117 nec

1924 5158 1982 5198 se
2014 5144 2065 5196 in
2098 5142 2240 5196 libro
2272 5139 2662 5194 Hebraicorum
2693 5139 2982 5200 Nominum
3016 5149 3257 5217 reperire
3286 5154 3529 5220 potuisse

1927 5246 2178 5301 testetnr,
2206 5235 2375 5286 mittit
2397 5247 2499 5286 nus
2525 5233 2591 5286 ad
2620 5235 2909 5300 incertum,
2941 5250 2998 5293 ut
3031 5243 3176 5295 dicat
3199 5243 3250 5296 in
3276 5255 3530 5308 extremo

1927 5330 2112 5384 mundi
2161 5337 2422 5393 tempore,
2457 5336 2510 5379 et
2543 5325 2592 5379 in
2627 5333 3101 5385 cunsunnnatione
3144 5331 3305 5398 liujus
3347 5339 3534 5392 seaculi

1934 5419 2346 5478 imminentibus
2390 5419 2597 5488 pinnis,
2645 5433 2865 5475 sensum
2912 5437 3199 5488 magnum,
3231 5424 3536 5495 principem

1935 5514 2285 5585 Aesyriorum
2337 5526 2460 5564 esse
2506 5510 2802 5577 fugiturum
2851 5525 2862 5558 :
2905 5517 2960 5561 et
3011 5526 3106 5577 per
3154 5509 3370 5565 diversa
3424 5519 3540 5576 loca

1935 5605 2228 5674 Variusque
2260 5599 2542 5672 profectus
2566 5596 2761 5667 fugere
2791 5610 2993 5664 cupere
3025 5599 3094 5654 ab
3130 5598 3210 5652 ira
3238 5599 3355 5653 Dei.
3382 5605 3546 5666 Cum.
