4008 6290
523 220 628 281 143

1750 199 1809 258 Β.
1851 195 2125 257 EUSEBII
2165 186 2550 253 HIERONYMI

3724 168 3830 232 ιιι

522 350 632 404 que
660 331 751 386 ille
779 327 998 401 fugerit,
1032 323 1366 378 habitatores
1403 317 1620 382 Gebim,
1655 315 1708 371 id
1737 323 1841 381 est,
1874 313 2122 370 excelsas
2149 319 2200 376 Α
2237 307 2392 382 155
2422 315 2481 361 et
2504 304 2678 373 ipsum
2722 300 2876 371 juxta
2917 293 3334 366 inscriptionem
3379 289 3540 346 trium
3582 283 3827 404 psalmo-

527 439 769 499 quaSque
806 422 1036 476 virtutes
1066 429 1323 472 sermone
1363 410 1685 483 prophetico
1716 405 2022 478 provocari.
2063 413 2121 460 ut

528 497 880 576 consolentur
921 512 1254 582 fugientem,
1299 508 1645 575 doceantque
1684 518 1752 558 ne
1790 501 1980 571 fugiat,
2024 497 2121 554 sed

527 620 745 670 maneat
771 611 823 664 in
845 608 954 673 via,
982 616 1038 663 et
1061 605 1156 660 Dei
1190 602 1539 674 przestolelur
1569 595 2036 659 misericordiam;
2070 601 2127 648 et

525 723 634 764 non
659 705 837 760 solum
869 698 1146 757 consolari
1179 696 1502 767 fugientem,
1540 707 1637 747 seu
1671 693 1723 745 in
1753 688 1912 744 bonis
1940 683 2125 755 Operi-

525 802 626 857 bus
657 798 823 852 tiliam
851 794 982 850 Sion
1009 805 1271 846 revocare
1297 804 1325 841 a
1358 787 1530 853 luctu,
1563 794 1620 840 et
1656 783 1723 838 ad
1752 782 1983 836 salutem
2015 792 2128 848 pte-

523 892 772 949 nitentiae
803 900 1127 959 provocare,
1161 891 1219 938 et
1255 881 1357 936 bos
1384 896 1506 936 esse
1535 877 1709 933 colles
1738 876 1792 930 in
1823 872 2128 930 Jerusalem

525 986 598 1042 de
624 983 824 1055 quibus
857 981 909 1034 in
942 976 1250 1048 posteriore
1281 980 1434 1043 parte
1468 967 1627 1043 154¹
1653 966 1811 1038 hujus
1848 963 2131 1036 prophetae

526 1079 761 1147 legimus
790 1091 804 1127 :
838 1068 1226 1134 Consolamini,
1268 1062 1608 1120 consolamini
1648 1058 1897 1130 populum
1935 1071 2127 1123 meum,

527 1144 818 1224 sacerdotes
843 1181 860 1218 :
891 1173 918 1198 ι
946 1159 1218 1230 loquimini
1240 1157 1309 1210 ad
1336 1173 1423 1211 cor
1445 1150 1738 1208 Jerusalem
1766 1148 1902 1222 (Isa.
1928 1163 2018 1212 XL,
2050 1144 2130 1215 1).

535 1261 663 1318 II:ec
692 1258 857 1322 dixit,
891 1254 1021 1326 quia
1059 1254 1136 1308 rei
1177 1251 1412 1308 veritate
1441 1247 1772 1304 constrictus
1810 1241 1957 1299 aliud
1987 1238 2131 1311 quod

536 1355 745 1410 diceret
775 1365 882 1406 non
915 1348 1166 1403 habebat.

611 1444 744 1500 Ecce
776 1442 1083 1496 Dominator
1114 1436 1364 1490 Dominus
1394 1431 1708 1487 exercituum
1737 1427 2032 1496 confringet
2061 1424 2136 1477 la.

542 1539 822 1614 gunculam
849 1536 901 1587 in
933 1531 1149 1593 terrore,
1170 1537 1218 1581 et
1247 1525 1433 1582 excelsi
1463 1533 1669 1578 statura
1702 1521 2058 1582 succidentur,
2087 1524 2135 1570 et

539 1606 782 1687 sublimes
807 1623 1237 1685 humiliabuntur,
1278 1629 1324 1673 et
1351 1617 1703 1672 subvertentur
1727 1612 1986 1666 condensa
2029 1606 2138 1662 sal-

2226 378 2705 455 rumvdominicam
2736 391 3007 464 significat
3049 389 3383 460 passionem,
3432 383 3552 451 ipso
3603 378 3827 432 dicente

2227 495 2279 549 itt
2312 494 2448 548 Isaia
2483 511 2495 547 :
2525 489 2788 546 Torcular
2832 485 3027 541 calcavi
3056 483 3222 546 solus,
3273 489 3319 534 et
3364 477 3428 531 de
3471 474 3714 549 gentibus
3751 470 3828 524 vir

2227 603 2329 640 non
2351 595 2459 640 erat
2482 599 2681 638 mecum
2718 579 2856 653 (Isa.
2885 593 3034 645 ant,
3067 575 3148 648 5).
3186 571 3330 629 LXX
3361 579 3544 623 autem
3591 580 3694 636 pro
3729 573 3832 617 tor-

2228 680 2415 744 culari,
2447 692 2644 734 novum
2669 689 2890 732 sensum
2923 673 3240 734 inferentes,
3275 666 3528 738 gloriosos
3554 661 3831 729 interpre-

2231 773 2327 827 tati
2355 780 2505 831 sunt.

2307 864 2459 938 (Cap.
2486 865 2579 920 XI.
2606 895 2675 904 —
2701 863 2840 918 Vers
2878 862 2930 928 I,
2963 857 3048 930 2.)
3073 856 3144 911 Ει
3170 853 3460 928 egredietur
3482 850 3632 923 virga
3653 847 3717 901 de
3743 863 3829 900 ra-

2233 959 2347 1013 dice
2375 960 2538 1025 Jesse,
2567 969 2611 1013 et
2641 961 2736 1028 ﬂos
2764 956 2826 1010 de
2867 953 3043 1008 radice
3067 951 3180 1020 ejus
3201 946 3443 1002 ascendet
3480 960 3499 998 :
3531 941 3600 996 Et
3629 941 3834 1010 requie-

2233 1067 2338 1115 scet
2364 1073 2519 1124 super
2555 1072 2672 1110 eum
2704 1052 2934 1123 Spiritus
2960 1049 3200 1115 Domini,
3235 1045 3450 1118 spiritus
3490 1039 3764 1104 sapientia:
3783 1046 3834 1093 et

2231 1153 2524 1208 intellectus
2553 1164 2573 1202 :
2599 1146 2816 1218 spiritus
2863 1141 3070 1196 consilii
3108 1149 3156 1194 et
3197 1135 3522 1209 fortitudinis
3553 1150 3573 1188 :
3613 1133 3831 1204 spiritus

2236 1244 2468 1299 scientia:
2485 1250 2532 1294 et
2555 1238 2761 1310 pietatis
2783 1253 2803 1288 :
2829 1244 2877 1289 et
2897 1231 3116 1304 replebit
3137 1247 3249 1285 eum
3266 1229 3484 1297 spiritus
3505 1225 3707 1280 timoris
3733 1224 3835 1278 Do-

2237 1338 2384 1392 mini.
2434 1335 2613 1404 Usque
2650 1330 2718 1385 ad
2759 1327 3080 1398 principium
3117 1321 3396 1387 Visionis,
3437 1318 3528 1375 vel
3579 1317 3831 1388 ponderis

2237 1428 2552 1500 Babylonis,
2581 1421 2723 1495 quod
2745 1420 2884 1475 vidit
2913 1419 3078 1474 Isaias
3101 1416 3246 1471 filius
3269 1413 3436 1469 Amos
3462 1454 3477 1477 ,
3507 1411 3692 1467 omnis
3719 1409 3839 1464 hate

2239 1521 2524 1595 prophetia
2567 1518 2636 1574 de
2656 1515 2876 1572 Christo
2916 1524 3020 1579 εει,
3047 1526 3208 1582 quam
3239 1525 3336 1579 per
3363 1516 3546 1578 partes
3580 1505 3833 1560 volumus

2241 1615 2559 1685 explanare,
2590 1625 2657 1664 ne
2685 1608 2844 1662 simul
2871 1607 3151 1676 proposita
3175 1613 3339 1671 atque
3368 1595 3835 1654 dissertalectoris

538 1734 620 1778 tus
650 1726 810 1793 ferro,
844 1728 890 1773 et
918 1715 1149 1769 Libanus
1175 1726 1291 1765 cum
1320 1709 1532 1764 excelsis
1568 1706 1738 1760 cadet.
1780 1705 1977 1758 Putant
2015 1700 2137 1772 qui-

2247 1706 2542 1764 confundat
2572 1702 2916 1758 memoriam.
2969 1698 3188 1769 Virgam
3227 1707 3282 1752 et
3323 1697 3515 1751 ﬂorem
3554 1693 3622 1748 de
3653 1692 3834 1747 radice

539 1792 667 1873 dam
694 1816 841 1868 hunc
865 1817 1045 1864 locum
1082 1805 1262 1860 adhuc
1291 1803 1397 1857 dici
1440 1801 1507 1854 de
1532 1799 1788 1869 Assyrio,
1843 1793 1986 1862 quod
2050 1792 2141 1846 illo

538 1911 801 1973 contrito,
832 1918 1024 1960 omnes
1053 1902 1110 1956 in
1135 1898 1368 1955 circuitu
1397 1892 1674 1956 nationes,
1701 1903 1822 1957 qua:
1851 1884 2044 1940 ditioui
2077 1883 2142 1938 il-

542 2006 651 2060 lius
702 1998 1100 2070 subjacebant,
1152 1991 1504 2048 succidantur
1550 1998 1604 2042 et
1655 1983 2036 2046 humilicntur,
2087 1986 2144 2032 et

544 2100 716 2157 saltus
729 2093 1087 2152 densissimus
1102 2089 1449 2144 subvertatur
1467 2103 1479 2139 :
1500 2097 1598 2153 per
1619 2095 1776 2150 quem
1793 2081 2142 2151 μεταφορικῶς

542 2195 804 2266 populum
837 2199 893 2244 et
925 2185 1201 2256 principes
1231 2179 1462 2249 intelligi
1487 2177 1693 2231 volunt.
1720 2171 1983 2226 Libanum
2009 2179 2145 2237 quo-

539 2263 645 2361 que
666 2301 790 2342 cum
821 2279 1056 2340 excelsis
1085 2278 1199 2333 suis
1237 2275 1454 2338 cadere,
1482 2280 1540 2326 ut
1563 2268 1697 2324 nihil
1723 2264 1947 2321 omnino
1977 2263 2147 2330 Assy-

544 2354 644 2437 ria:
673 2377 914 2436 resideat
943 2372 1251 2445 potestatis.
1285 2368 1388 2424 Alii
1412 2379 1547 2421 vero
1576 2364 1645 2417 ab
1677 2362 1780 2417 boc
1805 2362 1924 2414 loco
1955 2354 2146 2410 volunt

544 2473 874 2546 principium
932 2483 1057 2523 esse
1094 2465 1162 2520 de
1202 2461 1426 2516 Christo
1467 2476 1479 2510 :
1530 2455 1768 2510 maxime
1807 2466 1930 2506 cum
1975 2456 2032 2502 et
2079 2458 2144 2500 ea

543 2538 665 2641 quze
721 2538 1047 2630 sequuntur,
1084 2564 1139 2612 et
1187 2569 1288 2608 nos
1337 2553 1406 2605 de
1437 2549 1570 2615 illo,
1603 2557 1657 2602 et
1702 2543 1732 2583 ι)
1785 2538 2144 2598 Circumcisio

545 2630 748 2724 scripta
802 2653 1062 2708 fateatur.
1102 2647 1324 2700 Dixerat
1369 2657 1531 2710 supra
1581 2651 1778 2692 nomen
1817 2634 1884 2690 de
1924 2630 2146 2707 Virgine

550 2722 708 2820 pueri
740 2741 1032 2807 nascituri,
1089 2737 1234 2808 quod
1289 2733 1657 2804 appellaretur
1696 2722 2038 2789 Emmanuel;
2091 2730 2148 2776 et

548 2855 739 2916 postea
751 2837 1118 2906 Prophetissze
1129 2839 1427 2899 conceptus
1445 2836 1606 2881 utero
1625 2833 1931 2889 vocaretur,
1954 2817 2146 2874 accele-

545 2914 630 3004 ra,
655 2933 826 3004 spolia
847 2928 1082 2990 detrahe,
1119 2925 1306 2998 festina
1344 2920 1569 2995 prwdari
1625 2917 1763 2987 (Isa.
1793 2930 1905 2980 vttt,
1959 2914 2039 2980 3),
2092 2919 2148 2966 et

545 3034 667 3102 ipse
695 3037 842 3083 esset
870 3023 1006 3093 lapis
1033 3016 1356 3076 offensionis
1383 3025 1438 3070 et
1482 3022 1632 3083 petra
1662 3007 1904 3066 scandali
1932 3005 2145 3060 duabus

2244 1802 2422 1864 Jesse,
2459 1799 2635 1868 ipsum
2667 1793 2952 1848 Dominum
2982 1790 3153 1846 Judazi
3194 1791 3628 1858 interpretantur
3659 1802 3674 1840 :
3700 1782 3837 1853 quod

2244 1890 2455 1945 scilicet
2481 1887 2533 1940 in
2566 1885 2714 1954 virga
2741 1882 3022 1953 regnantis
3048 1880 3310 1951 potentia,
3350 1879 3403 1932 in
3433 1879 3571 1932 ﬂore
3598 1873 3836 1947 pulchri-

2245 1981 2375 2037 tudo
2397 1988 2748 2034 monstretur.
2783 1975 2889 2030 Nos
2915 1984 3096 2030 autem
3115 1973 3324 2042 virgam
3352 1972 3421 2027 de
3447 1971 3636 2026 radice
3667 1969 3834 2036 .lesse,

2245 2081 2486 2128 sanctam
2515 2069 2742 2124 Mariam
2790 2066 3062 2136 Virginem
3111 2064 3515 2135 intelligamus,
3566 2077 3694 2130 quae
3726 2059 3842 2115 nul-

2245 2168 2355 2222 Ium
2387 2166 2579 2221 habuit
2603 2165 2702 2220 sibi
2737 2162 2985 2218 fruticem
3009 2163 3376 2218 coluerentem
3406 2177 3421 2226 ;
3451 2159 3519 2214 de
3549 2174 3654 2229 qua
3683 2167 3736 2214 et
3760 2174 3841 2212 su-

2248 2277 2341 2330 pra
2384 2261 2662 2329 legimus:
2703 2256 2836 2311 Ecce
2894 2256 3056 2328 Virgo
3087 2256 3341 2327 concipiet
3387 2264 3436 2309 et
3481 2253 3650 2325 pariet
3681 2251 3841 2322 ﬁlium

2251 2355 2387 2428 (Isa.
2413 2370 2507 2419 vn,
2540 2352 2653 2423 Ii).
2691 2351 2754 2408 Et
2788 2351 2978 2406 florem
3019 2349 3310 2404 Dominum
3354 2347 3723 2413 Salvatorem,
3756 2345 3842 2416 qui

2245 2449 2378 2504 dicit
2407 2447 2460 2501 in
2489 2444 2716 2500 Cantico
2747 2444 3095 2499 Canticorum
3137 2461 3151 2498 :
3205 2441 3318 2514 Ego
3356 2441 3456 2510 ﬂos
3501 2440 3677 2508 campi
3705 2449 3752 2494 et
3780 2439 3842 2493 li.

2246 2543 2375 2596 lium
2404 2538 2721 2593 convallium
2751 2536 2926 2609 (Cant.
2959 2554 3020 2601 ιι,
3054 2538 3130 2608 I).
3153 2536 3259 2591 Pro
3283 2535 3480 2600 radice,
3529 2550 3698 2609 quam
3745 2533 3841 2588 soli

2246 2632 2392 2688 LXX
2415 2606 2828 2695 transtulerunt,
2857 2630 2907 2684 in
2937 2606 3211 2685 Hebraico
3242 2627 3505 2698 scriptum
3529 2606 3840 2695 balteum»

2245 2747 2418 2796 ceu,
2489 2727 2632 2799 quod
2689 2725 2884 2794 Aquila
2930 2735 2985 2780 et
3029 2721 3389 2796 Symmachus
3441 2730 3499 2777 ct
3542 2720 3842 2776 Theodotio

2245 2826 2430 2900 κορμὸν
2460 2820 2800 2892 interpretati
2831 2827 2990 2885 sunt,
3046 2818 3097 2871 id
3146 2825 3261 2884 est,
3314 2826 3584 2870 truncum.
3645 2813 3718 2868 Et
3747 2828 3842 2885 pro

2245 2916 2382 2971 ﬂore
2426 2914 2518 2984 qui
2568 2912 2835 2968 llebraice
2874 2911 3079 2967 dicitur
3126 2909 3270 2982 (Ἓξ)
3302 2905 3330 2946 ά
3373 2923 3542 2964 nassa
3570 2949 3587 2975 ,
3636 2921 3842 2977 germen

2247 3009 2668 3074 transmlernnt,
2700 3015 2759 3060 ut
2789 3004 3175 3068 ostenderent,
3199 3000 3344 3071 quod
3373 3001 3544 3056 multo
3569 3008 3694 3070 post
3722 3008 3847 3053 tem-

547 3092 806 3179 ἀόιηίυυε
830 3092 998 3172 Isl‘iiel
1029 3130 1042 3165 τ
1077 3110 1233 3180 cuius
1275 3108 1615 3177 Pl‘i'lCillaluS
1645 3111 1792 3158 esset
1816 3101 1871 3155 in
1913 3099 2144 3152 ιιυῐιιθιό
2171 3102 2215 3163 C
2249 3119 2380 3174 pore
2409 3101 2755 3174 Babylonicae
2781 3099 3131 3169 captivitatis,
3166 3097 3317 3151 nullo
3358 3095 3428 3150 de
3474 3094 3650 3162 stirpe
3678 3092 3843 3147 David

544 3216 689 3287 ejus,
723 3221 779 3268 et
814 3217 1101 3264 vocaretur
1143 3219 1243 3260 sex
1284 3198 1641 3256 nominibus;
1689 3191 2046 3256 admirabilis,
2090 3198 2146 3244 et

543 3307 925 3372 consiliarius,
958 3312 1013 3357 et
1052 3301 1219 3366 Deus,
1267 3305 1321 3352 et
1351 3293 1508 3350 fortis
1528 3334 1543 3361 ,
1571 3303 1626 3346 et
1656 3299 1810 3360 pater
1839 3287 2007 3342 futuri
2044 3299 2147 3340 sae-

543 3402 683 3468 culi,
738 3408 795 3454 et
845 3396 1104 3465 princeps
1154 3389 1303 3459 pacis
1349 3405 1363 3440 :
1400 3396 1457 3440 et
1501 3382 1645 3453 quod
1689 3378 2146 3448 multiplicaretur

546 3496 667 3566 ejus
690 3489 1000 3560 imperium,
1051 3494 1107 3538 et
1139 3481 1288 3551 pacis
1317 3495 1424 3532 non
1456 3484 1606 3531 esset
1651 3473 1937 3528 terminus.
1990 3469 2147 3524 Nunc

544 3590 600 3642 in
630 3559 856 3654 prologo
889 3580 1154 3632 adventus
1185 3572 1332 3642 ejus,
1369 3569 1523 3637 prius
1553 3581 1712 3638 quam
1744 3565 1954 3619 dicatur
2001 3559 2146 3631 quod

544 3679 612 3732 de
639 3677 794 3733 Jesse
816 3680 872 3726 et
901 3665 1073 3723 David
1100 3666 1171 3720 sit
1209 3677 1412 3733 genere
1439 3659 1753 3714 nasciturus
1793 3699 1807 3724 ,
1842 3672 1940 3727 per
1974 3666 2148 3710 trans-

549 3769 809 3822 lationem
874 3760 1062 3816 fractze
1114 3754 1416 3824 laguncula'.
1466 3751 1646 3822 passio
1712 3750 1857 3804 illius
1922 3747 2150 3803 demon-

549 3869 756 3917 stratur
798 3852 1032 3925 :quod,
1105 3850 1328 3904 volente
1385 3847 1534 3910 Deo,
1589 3842 1796 3898 idcirco
1851 3856 1979 3896 caro
2029 3840 2148 3910 ejus

549 3953 712 4009 morti
746 3947 941 4004 tradita
973 3944 1077 4010 sit,
1113 3952 1169 3996 ut
1195 3939 1509 3996 .Iudteorum
1554 3935 1862 3991 sublimitas
1893 3933 2148 3989 destrua-

548 4058 653 4112 tur,
685 4055 738 4100 et
765 4039 969 4097 excelsi
1000 4033 1275 4108 quondam
1311 4031 1365 4086 in
1410 4040 1611 4085 terram
1655 4035 1952 4091 corruant;
1980 4035 2035 4080 et
2063 4024 2150 4080 Li-

546 4138 721 4192 banus
745 4148 869 4189 cum
899 4129 1013 4184 suis
1043 4126 1224 4182 cedris
1252 4122 1567 4178 succidatur
1589 4164 1603 4187 ,
1629 4119 1698 4174 de
1727 4134 1838 4189 quo
1865 4118 1918 4174 in
1943 4116 2150 4172 Zacha-

551 4230 628 4283 ‘ria
649 4226 880 4296 legimus
915 4240 928 4275 :
957 4221 1139 4287 Aperi,
1166 4217 1359 4272 Libane
1382 4260 1396 4282 ,
1438 4226 1613 4288 portas
1643 4224 1758 4268 tuas
1781 4256 1795 4278 ,
1834 4221 1884 4267 et
1915 4213 2151 4267 comedat

550 4321 685 4393 ignis
725 4317 905 4370 cedi-os
927 4317 1098 4380 tuasj:
1127 4311 1293 4377 ulula,
1317 4309 1477 4370 abies,
1509 4307 1634 4379 quia
1674 4306 1855 4361 cecidit
1914 4304 2099 4360 cedrus
2133 4345 2148 4372 ,

547 4411 793 4483 quoniam
821 4404 1084 4479 magniﬁci
1100 4402 1286 4456 vastati
1311 4410 1429 4455 sunt
1462 4397 1650 4471 (Zach.
1680 4414 1760 4466 ιι,
1790 4399 1841 4462 I,
1876 4395 1956 4469 2).
1992 4395 2147 4464 Quod

2245 3195 2453 3265 antiqui
2509 3193 2661 3262 regni
2694 3192 2932 3262 gloriam
2962 3190 3282 3263 possidente
3307 3231 3321 3256 ,
3369 3187 3525 3260 quasi
3551 3186 3621 3242 de
3652 3198 3844 3242 trunco

2247 3289 2435 3354 Maria,
2471 3298 2525 3344 et
2557 3289 2626 3344 de
2650 3287 2813 3342 Maria
2843 3284 3091 3342 Christus
3120 3291 3350 3341 exortus
3381 3282 3473 3335 sit.
3517 3278 3655 3334 Illud
3705 3276 3842 3347 quod

2248 3384 2302 3438 in
2328 3381 2628 3451 Evangelio
2675 3378 2915 3435 Matthaai
2944 3392 3138 3432 omnes
3163 3384 3418 3445 qumrunt
3449 3370 3842 3436 Ecclesiastici,

2247 3485 2302 3531 et
2330 3491 2437 3531 non
2470 3473 2752 3530 inwniunt
2777 3471 2866 3526 ubi
2911 3472 3172 3542 scriptum
3201 3469 3292 3535 sit,
3345 3466 3610 3535 Quoniam
3669 3462 3843 3517 Nasa-

2247 3583 2383 3622 rteus
2408 3565 2675 3621 vocabitur
2713 3561 2928 3636 (Matth.
2981 3578 3038 3621 tt.
3077 3561 3195 3631 2'5),
3228 3559 3426 3615 eruditi
3489 3557 3845 3612 Hebraeorum

2249 3657 2316 3713 de
2357 3657 2460 3711 hoc
2488 3656 2608 3713 loco
2639 3665 2976 3723 assumptum
3011 3660 3226 3725 putant.
3259 3650 3366 3707 Sed
3389 3648 3676 3705 sciendum
3701 3645 3844 3717 quod

2250 3747 2338 3804 hic
2364 3763 2556 3814 nesse,
2591 3763 2687 3819 per
2712 3763 2846 3802 sane
2875 3746 3107 3801 litteram
3158 3745 3438 3800 scribatur
3468 3744 3666 3811 :cujus
3718 3754 3845 3810 pro-

2249 3842 2539 3912 prietatem
2587 3849 2642 3896 et
2683 3855 2876 3894 sonum
2903 3840 3046 3894 inter
3076 3855 3104 3891 ι
3130 3846 3186 3893 et
3217 3856 3241 3893 s
3277 3837 3503 3892 Latinus
3523 3849 3708 3890 sermo
3737 3849 3843 3888 non

2251 3935 2528 4005 exprimit.
2552 3934 2649 3989 Est
2673 3934 2818 3990 enim
2845 3933 3132 4000 stridulus,
3161 3943 3217 3988 et
3247 3933 3453 3988 strictis
3481 3930 3740 3986 dentibus
3759 3929 3847 3982 vix

2249 4031 2447 4100 linguae
2473 4029 2836 4100 impressione
2859 4029 3134 4099 profertur
3183 4047 3196 4080 :
3243 4043 3310 4084 ex
3361 4044 3466 4098 qua
3497 4027 3660 4083 etiam
3718 4025 3847 4082 Sion

2250 4124 2380 4179 urbs
2410 4122 2684 4178 scribitur.
2715 4123 2888 4178 Porro
2913 4122 3175 4185 Nazarazi,
3210 4137 3348 4193 quos
3379 4119 3522 4176 LXX
3550 4120 3850 4190 sancti/ica-

2250 4225 2349 4276 tos,
2374 4214 2732 4286 Symmachus
2761 4225 3046 4287 separatos,
3073 4215 3507 4274 transtulerunt,
3551 4228 3652 4283 per
3680 4221 3704 4250 ε
3731 4225 3850 4267 zsut

2250 4307 2321 4378 (τ)
2353 4306 2512 4379 156
2539 4321 2759 4376 semper
2776 4306 3092 4362 scribuntur
3111 4306 3464 4362 elementum.
3489 4304 3668 4370 Super
3712 4303 3853 4358 hunc

2249 4399 2414 4470 igitur
2446 4403 2660 4467 liorem,
2696 4399 2787 4470 qui
2809 4400 2879 4454 de
2911 4408 3104 4454 trunco
3152 4408 3207 4455 et
3245 4400 3315 4456 de
3337 4399 3524 4455 radice
3547 4396 3706 4452 .Iesse
3756 4411 3853 4466 per

549 4516 734 4562 autem
762 4520 788 4554 a
821 4500 984 4554 Patre
1013 4494 1284 4551 contritus
1314 4503 1372 4548 et
1408 4507 1703 4560 percussus
1733 4505 1856 4546 esse
1907 4489 2142 4554 dicatur,
2173 4491 2230 4552 Ι)
2253 4495 2475 4550 Mariam
2502 4495 2784 4566 Virginem
2818 4507 3042 4564 repente
3065 4503 3384 4565 consurget,
3410 4491 3721 4564 requiescet
3743 4490 3854 4559 δρία

549 4609 604 4655 et
634 4595 765 4652 illud
801 4592 1002 4648 indicio
1028 4599 1149 4644 est:
1183 4585 1481 4641 Percutiam
1505 4594 1796 4651 pastorem,
1827 4591 1872 4636 et
1891 4597 2007 4637 oves
2037 4580 2148 4634 dis-

543 4689 855 4759 sipabuntur
885 4684 1033 4755 (lac.
1059 4697 1174 4746 χιιι,
1201 4680 1278 4750 7).
1313 4679 1381 4732 Ει
1397 4678 1544 4730 aliud
1573 4676 1945 4731 testimonium
1972 4692 1985 4727 :
2008 4674 2149 4741 Quo-

546 4788 686 4840 niam
727 4799 879 4848 quem
932 4791 988 4833 tu
1032 4773 1368 4849 percussisti,
1408 4773 1508 4843 ipsi
1549 4771 1801 4843 persecuti
1827 4779 1945 4823 sunt
1973 4768 2148 4840 (Psal.

546 4892 736 4942 vant,
763 4875 844 4945 ἢ).
894 4872 1128 4925 Verbum
1165 4867 1492 4922 Hebraicum
1523 4864 1716 4935 (.11st)
1747 4877 1921 4917 causa
1953 4903 1969 4926 ,
2003 4863 2148 4930 quod

549 4967 742 5037 Aquila
777 4975 799 5004 ο
828 4969 1092 5039 κεραμεῑον
1118 4960 1509 5027 interpretatus
1540 4965 1644 5022 est,
1666 4953 1975 5008 Theodotio
2001 4953 2151 5025 Sym-

547 5057 884 5128 machnsque
931 5059 1213 5108 verterunt
1251 5051 1426 5116 ληνὸν,
1460 5048 1516 5104 id
1548 5056 1652 5115 est,
1707 5049 1971 5115 torcular,
2003 5050 2146 5120 quod

613 5212 640 5240 ιι
670 5193 1126 5268 διιῃριθινίςξιοτ.
1155 5191 1280 5243 dicit
1313 5188 1451 5268 Deus
1492 5205 1558 5243 ex
1606 5203 1764 5245 sacro
1806 5197 1956 5245 textu
1998 5189 2136 5259 ipso,

543 5290 654 5333 non
683 5259 1098 5340 "iiii-Onymian.
1133 5259 1557 5340 exemplaribus.

612 5346 638 5386 δ
665 5344 730 5399 Ει
753 5329 1107 5400 Circumcisio,
1139 5341 1248 5387 etc.
1289 5331 1343 5386 Id
1377 5341 1456 5384 est
1488 5329 1684 5398 .lndrei,
1719 5347 1855 5395 quos
1904 5333 2139 5387 Circum-

539 5419 785 5472 cisionem
846 5419 1004 5464 Vocat
1071 5408 1218 5474 juxta
1284 5403 1625 5472 Aposmlum.
1678 5403 1831 5470 Quod
1888 5420 1994 5458 non
2057 5405 2140 5457 in-

545 5489 794 5547 telligens
842 5482 1112 5536 Marianas
1167 5476 1470 5538 Victorius,
1509 5474 1845 5547 existimavit
1895 5475 2141 5530 Circum-

542 5543 802 5612 cisidnem
827 5568 948 5608 eve
975 5551 1264 5606 periennen
1289 5562 1380 5596 seu
1409 5543 1687 5615 periodum
1716 5547 1982 5599 sermonis
2006 5545 2136 5599 Prn-

545 5630 742 5698 plnrtici
771 5646 782 5698 ι
828 5623 926 5678 sed
961 5617 1557 5698 incongruentisensu,
1591 5633 1672 5698 ne.
1699 5616 1884 5697 dicant
1909 5617 2134 5683 ineptis.

541 5687 700 5756 simo.
738 5697 1005 5752 Maurus.
1035 5721 1102 5732 -—
1131 5689 1276 5748 Gens
1317 5687 1570 5742 videlicet
1626 5687 1988 5754 circumcisa,
2020 5689 2136 5745 sive

2256 4590 2392 4644 ritus
2423 4589 2662 4650 Domini,
2687 4588 2811 4657 quia
2841 4589 2894 4643 in
2921 4589 3040 4658 ipso
3071 4588 3402 4659 complacuit
3425 4603 3646 4644 omnem
3672 4584 3852 4658 pleni-

2255 4681 2498 4737 tudinem
2541 4681 2844 4737 divinitatis
2893 4681 3143 4738 habitare
3190 4681 3552 4752 corporaliter
3595 4697 3612 4734 :
3647 4695 3852 4751 nequa-

2257 4791 2418 4846 quam
2447 4790 2541 4844 per
2565 4786 2766 4845 partes,
2803 4785 2861 4832 ut
2908 4778 2963 4832 in
3013 4778 3227 4834 czeteris
3274 4776 3521 4841 Sanctis;
3570 4775 3668 4831 sed
3707 4775 3855 4844 juxta

2255 4867 2606 4938 Evangelium
2629 4869 2772 4937 quod
2804 4869 3032 4927 Hebraeo
3061 4886 3320 4927 sernmne
3345 4869 3722 4938 conscriptum
3776 4867 3855 4924 le-

2255 4973 2386 5033 gunt
2414 4962 2650 5018 Nazaraai
2687 4981 2700 5018 :
2727 4964 3013 5020 Descendet
3039 4982 3194 5037 super
3219 4981 3338 5020 eum
3368 4964 3540 5019 omnis
3571 4966 3689 5035 fons
3725 4961 3856 5030 Spi-

2256 5055 2386 5109 ritus
2401 5057 2590 5111 sancti.
2627 5057 2892 5114 Dominus
2918 5068 3100 5114 aulem
3127 5058 3365 5130 Spiritus
3389 5067 3493 5126 est,
3520 5066 3578 5114 et
3611 5057 3705 5113 ubi
3735 5055 3855 5128 Spi-

2250 5191 2444 5259 Jndrei,
2469 5195 2614 5263 quod
2639 5206 2688 5249 et
2716 5195 2966 5251 Martian.
2992 5207 3147 5253 notat
3166 5206 3354 5253 contra
3373 5197 3700 5260 Victoriam,
3725 5213 3854 5254 sen-

2241 5265 2852 5404 It,i;.~l:::e‘t[r,t‘;ﬂsigniﬁcare
2894 5283 3014 5324 eam
3066 5285 3254 5326 vocem
3313 5271 3623 5342 prophetici
3672 5278 3856 5326 textus

2315 5417 2336 5445 ο
2360 5409 2473 5492 Sub
2503 5408 2824 5492 diminutiva
2841 5408 3014 5467 forma
3043 5412 3234 5480 Vatic.,
3259 5411 3572 5492 κεραμίδων,
3592 5412 3744 5484 quod
3774 5421 3860 5470 est

2240 5478 2506 5549 vasculum
2531 5480 2711 5549 ﬁctile.

2310 5545 2335 5585 ἀ
2373 5549 2504 5602 Vide
2529 5545 2671 5607 infra
2701 5552 2768 5607 ad
2793 5568 2916 5616 cap.
2947 5570 3103 5615 xvttt,
3138 5554 3227 5610 I9.

2313 5630 2335 5658 ε
2364 5621 2518 5692 Saepe
2540 5623 2778 5680 diximus
2807 5624 2907 5680 Zai
2931 5641 3027 5696 pro
3059 5625 3192 5680 Zain
3213 5623 3318 5695 legi
3340 5626 3392 5682 in
3423 5641 3555 5682 mss.
