  <div class='ocr_page' id='page_1' title='image "/cluster/home/n/w/nwhite01/storage/ocr_20150623/24/uva.x000826571/080.png"; bbox 0 0 4008 6376; ppageno 0'>
   <div class='ocr_carea' id='block_1_1' title="bbox 174 427 278 484">
    <p class='ocr_par' dir='ltr' id='par_1_1' title="bbox 174 427 278 484">
     <span class='ocr_line' id='line_1_1' title="bbox 174 427 278 484; baseline 0 -1"><span class='ocrx_word' id='word_1_1' title='bbox 174 427 278 484; x_wconf 72' lang='lat' dir='ltr'><strong>N5</strong></span> 
     </span>
    </p>
   </div>
   <div class='ocr_carea' id='block_1_2' title="bbox 747 424 2878 487">
    <p class='ocr_par' dir='ltr' id='par_1_2' title="bbox 747 424 2878 487">
     <span class='ocr_line' id='line_1_2' title="bbox 747 424 2878 487; baseline -0.001 -2"><span class='ocrx_word' id='word_1_2' title='bbox 747 426 1394 487; x_wconf 77' lang='lat' dir='ltr'><strong>COMMENTARIORUM</strong></span> <span class='ocrx_word' id='word_1_3' title='bbox 1431 426 1500 482; x_wconf 85' lang='lat' dir='ltr'><strong>IN</strong></span> <span class='ocrx_word' id='word_1_4' title='bbox 1537 425 1775 483; x_wconf 76' lang='lat' dir='ltr'><strong>ISAIAM</strong></span> <span class='ocrx_word' id='word_1_5' title='bbox 1811 424 2238 484; x_wconf 77' lang='lat' dir='ltr'><strong>PROPHETAM</strong></span> <span class='ocrx_word' id='word_1_6' title='bbox 2279 427 2412 486; x_wconf 88' lang='lat' dir='ltr'><strong>LIB.</strong></span> <span class='ocrx_word' id='word_1_7' title='bbox 2453 427 2544 484; x_wconf 83' lang='lat' dir='ltr'><strong>iV.</strong></span> <span class='ocrx_word' id='word_1_8' title='bbox 2585 425 2741 484; x_wconf 84' lang='lat' dir='ltr'><strong>CAP.</strong></span> <span class='ocrx_word' id='word_1_9' title='bbox 2783 427 2878 484; x_wconf 81' lang='lat' dir='ltr'><strong>XI.</strong></span> 
     </span>
    </p>
   </div>
   <div class='ocr_carea' id='block_1_3' title="bbox 3353 427 3460 486">
    <p class='ocr_par' dir='ltr' id='par_1_3' title="bbox 3353 427 3460 486">
     <span class='ocr_line' id='line_1_3' title="bbox 3353 427 3460 486; baseline -0.037 0"><span class='ocrx_word' id='word_1_10' title='bbox 3353 427 3460 486; x_wconf 72' lang='lat'><strong>“6</strong></span> 
     </span>
    </p>
   </div>
   <div class='ocr_carea' id='block_1_4' title="bbox 175 543 3472 614">
    <p class='ocr_par' dir='ltr' id='par_1_4' title="bbox 175 543 3472 614">
     <span class='ocr_line' id='line_1_4' title="bbox 175 543 3472 614; baseline 0 -16"><span class='ocrx_word' id='word_1_11' title='bbox 175 544 315 602; x_wconf 83' lang='lat' dir='ltr'><strong>ritus</strong></span> <span class='ocrx_word' id='word_1_12' title='bbox 354 544 570 599; x_wconf 83' lang='lat' dir='ltr'><strong>Domini</strong></span> <span class='ocrx_word' id='word_1_13' title='bbox 593 588 606 606; x_wconf 86' lang='lat'><strong>.</strong></span> <span class='ocrx_word' id='word_1_14' title='bbox 633 543 703 599; x_wconf 91' lang='lat' dir='ltr'><strong>ibi</strong></span> <span class='ocrx_word' id='word_1_15' title='bbox 731 544 952 599; x_wconf 85' lang='lat' dir='ltr'><strong>libertas</strong></span> <span class='ocrx_word' id='word_1_16' title='bbox 977 543 1047 612; x_wconf 87' lang='lat' dir='ltr'><strong>(ll</strong></span> <span class='ocrx_word' id='word_1_17' title='bbox 1089 544 1208 599; x_wconf 89' lang='lat' dir='ltr'><strong>Cor.</strong></span> <span class='ocrx_word' id='word_1_18' title='bbox 1245 560 1324 611; x_wconf 91' lang='grc' dir='ltr'>ιιι,</span> <span class='ocrx_word' id='word_1_19' title='bbox 1355 545 1463 611; x_wconf 85' lang='lat' dir='ltr'><strong>l7).</strong></span> <span class='ocrx_word' id='word_1_20' title='bbox 1490 543 1546 598; x_wconf 89' lang='lat' dir='ltr'><strong>lo</strong></span> <span class='ocrx_word' id='word_1_21' title='bbox 1570 543 1763 600; x_wconf 91' lang='lat' dir='ltr'><strong>eodem</strong></span> <span class='ocrx_word' id='word_1_22' title='bbox 1791 546 1843 607; x_wconf 79' lang='grc' dir='ltr'><strong>Α</strong></span> <span class='ocrx_word' id='word_1_23' title='bbox 1871 561 1960 599; x_wconf 90' lang='lat' dir='ltr'><strong>re:</strong></span> <span class='ocrx_word' id='word_1_24' title='bbox 1986 549 2078 599; x_wconf 89' lang='lat' dir='ltr'><strong>sed</strong></span> <span class='ocrx_word' id='word_1_25' title='bbox 2103 546 2373 614; x_wconf 85' lang='lat' dir='ltr'><strong>accepistis</strong></span> <span class='ocrx_word' id='word_1_26' title='bbox 2405 545 2662 614; x_wconf 76' lang='lat' dir='ltr'><strong>Spiritum</strong></span> <span class='ocrx_word' id='word_1_27' title='bbox 2694 545 3015 614; x_wconf 76' lang='lat' dir='ltr'><strong>adoptionis,</strong></span> <span class='ocrx_word' id='word_1_28' title='bbox 3049 544 3102 598; x_wconf 89' lang='lat' dir='ltr'><strong>in</strong></span> <span class='ocrx_word' id='word_1_29' title='bbox 3130 560 3230 614; x_wconf 88' lang='lat' dir='ltr'><strong>quo</strong></span> <span class='ocrx_word' id='word_1_30' title='bbox 3275 545 3472 598; x_wconf 80' lang='lat' dir='ltr'><strong>clama-</strong></span> 
     </span>
    </p>
   </div>
   <div class='ocr_carea' id='block_1_5' title="bbox 177 635 1769 707">
    <p class='ocr_par' dir='ltr' id='par_1_5' title="bbox 177 635 1769 707">
     <span class='ocr_line' id='line_1_5' title="bbox 177 635 1769 707; baseline -0.002 -16"><span class='ocrx_word' id='word_1_31' title='bbox 177 636 417 692; x_wconf 64' lang='lat' dir='ltr'><strong>Matthaai</strong></span> <span class='ocrx_word' id='word_1_32' title='bbox 444 636 712 692; x_wconf 75' lang='lat' dir='ltr'><strong>volumine</strong></span> <span class='ocrx_word' id='word_1_33' title='bbox 745 635 976 707; x_wconf 77' lang='lat' dir='ltr'><strong>legimus</strong></span> <span class='ocrx_word' id='word_1_34' title='bbox 1000 637 1129 691; x_wconf 86' lang='lat' dir='ltr'><strong>illud</strong></span> <span class='ocrx_word' id='word_1_35' title='bbox 1170 638 1313 707; x_wconf 79' lang='lat' dir='ltr'><strong>quod</strong></span> <span class='ocrx_word' id='word_1_36' title='bbox 1345 635 1398 690; x_wconf 90' lang='lat' dir='ltr'><strong>in</strong></span> <span class='ocrx_word' id='word_1_37' title='bbox 1425 651 1769 703; x_wconf 83' lang='lat' dir='ltr'><strong>consequen-</strong></span> 
     </span>
    </p>
   </div>
   <div class='ocr_carea' id='block_1_6' title="bbox 178 727 1768 801">
    <p class='ocr_par' dir='ltr' id='par_1_6' title="bbox 178 727 1768 801">
     <span class='ocr_line' id='line_1_6' title="bbox 178 727 1768 801; baseline -0.001 -17"><span class='ocrx_word' id='word_1_38' title='bbox 178 729 322 784; x_wconf 91' lang='lat' dir='ltr'><strong>tibus</strong></span> <span class='ocrx_word' id='word_1_39' title='bbox 352 729 610 783; x_wconf 91' lang='lat' dir='ltr'><strong>scribitur</strong></span> <span class='ocrx_word' id='word_1_40' title='bbox 638 745 652 784; x_wconf 92' lang='lat'><strong>:</strong></span> <span class='ocrx_word' id='word_1_41' title='bbox 681 727 814 782; x_wconf 86' lang='lat' dir='ltr'><strong>Ecce</strong></span> <span class='ocrx_word' id='word_1_42' title='bbox 841 747 969 801; x_wconf 89' lang='lat' dir='ltr'><strong>puer</strong></span> <span class='ocrx_word' id='word_1_43' title='bbox 991 744 1135 783; x_wconf 90' lang='lat' dir='ltr'><strong>meus</strong></span> <span class='ocrx_word' id='word_1_44' title='bbox 1178 745 1331 800; x_wconf 87' lang='lat' dir='ltr'><strong>quem</strong></span> <span class='ocrx_word' id='word_1_45' title='bbox 1370 730 1502 798; x_wconf 82' lang='lat' dir='ltr'><strong>elegi</strong></span> <span class='ocrx_word' id='word_1_46' title='bbox 1531 744 1550 782; x_wconf 92' lang='lat'><strong><em>:</em></strong></span> <span class='ocrx_word' id='word_1_47' title='bbox 1577 730 1768 783; x_wconf 89' lang='lat' dir='ltr'><strong>electus</strong></span> 
     </span>
    </p>
   </div>
   <div class='ocr_carea' id='block_1_7' title="bbox 176 824 1768 896">
    <p class='ocr_par' dir='ltr' id='par_1_7' title="bbox 176 824 1768 896">
     <span class='ocr_line' id='line_1_7' title="bbox 176 824 1768 896; baseline -0.001 -18"><span class='ocrx_word' id='word_1_48' title='bbox 176 840 318 879; x_wconf 85' lang='lat' dir='ltr'><strong>meus</strong></span> <span class='ocrx_word' id='word_1_49' title='bbox 339 826 391 878; x_wconf 89' lang='lat' dir='ltr'><strong>in</strong></span> <span class='ocrx_word' id='word_1_50' title='bbox 417 839 518 894; x_wconf 93' lang='lat' dir='ltr'><strong>quo</strong></span> <span class='ocrx_word' id='word_1_51' title='bbox 546 824 860 893; x_wconf 75' lang='lat' dir='ltr'><strong>complacuit</strong></span> <span class='ocrx_word' id='word_1_52' title='bbox 882 825 1074 878; x_wconf 73' lang='lat' dir='ltr'><strong>animm</strong></span> <span class='ocrx_word' id='word_1_53' title='bbox 1106 840 1232 879; x_wconf 73' lang='lat' dir='ltr'><strong>mea:</strong></span> <span class='ocrx_word' id='word_1_54' title='bbox 1262 841 1280 878; x_wconf 88' lang='lat'><strong><em>:</em></strong></span> <span class='ocrx_word' id='word_1_55' title='bbox 1303 840 1494 896; x_wconf 91' lang='lat' dir='ltr'><strong>ponam</strong></span> <span class='ocrx_word' id='word_1_56' title='bbox 1522 824 1768 892; x_wconf 77' lang='lat' dir='ltr'><strong>spiritum</strong></span> 
     </span>
    </p>
   </div>
   <div class='ocr_carea' id='block_1_8' title="bbox 177 914 1766 990">
    <p class='ocr_par' dir='ltr' id='par_1_8' title="bbox 177 914 1766 990">
     <span class='ocr_line' id='line_1_8' title="bbox 177 914 1766 990; baseline -0.001 -19"><span class='ocrx_word' id='word_1_57' title='bbox 177 932 340 972; x_wconf 84' lang='lat' dir='ltr'><strong>meum</strong></span> <span class='ocrx_word' id='word_1_58' title='bbox 362 933 520 988; x_wconf 80' lang='lat' dir='ltr'><strong>super</strong></span> <span class='ocrx_word' id='word_1_59' title='bbox 539 915 692 970; x_wconf 89' lang='lat' dir='ltr'><strong>illum</strong></span> <span class='ocrx_word' id='word_1_60' title='bbox 724 933 742 970; x_wconf 89' lang='lat'><strong><em>:</em></strong></span> <span class='ocrx_word' id='word_1_61' title='bbox 765 917 1027 985; x_wconf 79' lang='lat' dir='ltr'><strong>judicium</strong></span> <span class='ocrx_word' id='word_1_62' title='bbox 1045 917 1277 990; x_wconf 77' lang='lat' dir='ltr'><strong>gentibus</strong></span> <span class='ocrx_word' id='word_1_63' title='bbox 1303 920 1527 986; x_wconf 78' lang='lat' dir='ltr'><strong>proferet</strong></span> <span class='ocrx_word' id='word_1_64' title='bbox 1548 914 1766 987; x_wconf 88' lang='lat' dir='ltr'><strong>(Matth.</strong></span> 
     </span>
    </p>
   </div>
   <div class='ocr_carea' id='block_1_9' title="bbox 171 1008 1768 1080">
    <p class='ocr_par' dir='ltr' id='par_1_9' title="bbox 171 1008 1768 1080">
     <span class='ocr_line' id='line_1_9' title="bbox 171 1008 1768 1080; baseline -0.002 -16"><span class='ocrx_word' id='word_1_65' title='bbox 171 1023 263 1073; x_wconf 83' lang='lat' dir='ltr'><strong>xu,</strong></span> <span class='ocrx_word' id='word_1_66' title='bbox 296 1008 409 1077; x_wconf 81' lang='grc'><strong>18),</strong></span> <span class='ocrx_word' id='word_1_67' title='bbox 435 1008 503 1063; x_wconf 91' lang='lat' dir='ltr'><strong>ad</strong></span> <span class='ocrx_word' id='word_1_68' title='bbox 527 1009 833 1064; x_wconf 83' lang='lat' dir='ltr'><strong>Salvatoris</strong></span> <span class='ocrx_word' id='word_1_69' title='bbox 857 1009 1052 1064; x_wconf 79' lang='lat' dir='ltr'><strong>referri</strong></span> <span class='ocrx_word' id='word_1_70' title='bbox 1098 1010 1514 1080; x_wconf 89' lang='lat' dir='ltr'><strong>intelligentiam</strong></span> <span class='ocrx_word' id='word_1_71' title='bbox 1533 1052 1547 1076; x_wconf 94' lang='lat'><strong>,</strong></span> <span class='ocrx_word' id='word_1_72' title='bbox 1584 1010 1636 1062; x_wconf 90' lang='lat' dir='ltr'><strong>in</strong></span> <span class='ocrx_word' id='word_1_73' title='bbox 1662 1023 1768 1077; x_wconf 87' lang='lat' dir='ltr'><strong>quo</strong></span> 
     </span>
    </p>
   </div>
   <div class='ocr_carea' id='block_1_10' title="bbox 168 1099 1770 1170">
    <p class='ocr_par' dir='ltr' id='par_1_10' title="bbox 168 1099 1770 1170">
     <span class='ocr_line' id='line_1_10' title="bbox 168 1099 1770 1170; baseline 0 -15"><span class='ocrx_word' id='word_1_74' title='bbox 168 1099 433 1170; x_wconf 86' lang='lat' dir='ltr'><strong>requievit</strong></span> <span class='ocrx_word' id='word_1_75' title='bbox 455 1099 695 1168; x_wconf 82' lang='lat' dir='ltr'><strong>Spiritus</strong></span> <span class='ocrx_word' id='word_1_76' title='bbox 716 1101 954 1163; x_wconf 88' lang='lat' dir='ltr'><strong>Domini,</strong></span> <span class='ocrx_word' id='word_1_77' title='bbox 983 1101 1034 1156; x_wconf 86' lang='lat' dir='ltr'><strong>id</strong></span> <span class='ocrx_word' id='word_1_78' title='bbox 1059 1112 1164 1168; x_wconf 91' lang='lat' dir='ltr'><strong>est,</strong></span> <span class='ocrx_word' id='word_1_79' title='bbox 1199 1111 1404 1157; x_wconf 81' lang='lat' dir='ltr'><strong>:eterna</strong></span> <span class='ocrx_word' id='word_1_80' title='bbox 1434 1101 1770 1156; x_wconf 90' lang='lat' dir='ltr'><strong>habitatione</strong></span> 
     </span>
    </p>
   </div>
   <div class='ocr_carea' id='block_1_11' title="bbox 171 1195 1770 1264">
    <p class='ocr_par' dir='ltr' id='par_1_11' title="bbox 171 1195 1770 1264">
     <span class='ocr_line' id='line_1_11' title="bbox 171 1195 1770 1264; baseline 0.002 -15"><span class='ocrx_word' id='word_1_81' title='bbox 171 1195 478 1264; x_wconf 78' lang='lat' dir='ltr'><strong>permansit</strong></span> <span class='ocrx_word' id='word_1_82' title='bbox 506 1213 519 1250; x_wconf 92' lang='lat'><strong>:</strong></span> <span class='ocrx_word' id='word_1_83' title='bbox 552 1212 660 1251; x_wconf 93' lang='lat' dir='ltr'><strong>non</strong></span> <span class='ocrx_word' id='word_1_84' title='bbox 691 1197 1039 1262; x_wconf 86' lang='lat' dir='ltr'><strong>utavolaret,</strong></span> <span class='ocrx_word' id='word_1_85' title='bbox 1073 1208 1131 1252; x_wconf 90' lang='lat' dir='ltr'><strong>et</strong></span> <span class='ocrx_word' id='word_1_86' title='bbox 1157 1213 1378 1253; x_wconf 91' lang='lat' dir='ltr'><strong>rursum</strong></span> <span class='ocrx_word' id='word_1_87' title='bbox 1419 1197 1486 1251; x_wconf 88' lang='lat' dir='ltr'><strong>ad</strong></span> <span class='ocrx_word' id='word_1_88' title='bbox 1515 1212 1641 1253; x_wconf 91' lang='lat' dir='ltr'><strong>eum</strong></span> <span class='ocrx_word' id='word_1_89' title='bbox 1673 1197 1770 1252; x_wconf 87' lang='lat' dir='ltr'><strong>de-</strong></span> 
     </span>
    </p>
   </div>
   <div class='ocr_carea' id='block_1_12' title="bbox 171 1288 1769 1359">
    <p class='ocr_par' dir='ltr' id='par_1_12' title="bbox 171 1288 1769 1359">
     <span class='ocr_line' id='line_1_12' title="bbox 171 1288 1769 1359; baseline 0 -17"><span class='ocrx_word' id='word_1_90' title='bbox 171 1288 492 1353; x_wconf 87' lang='lat' dir='ltr'><strong>scenderet;</strong></span> <span class='ocrx_word' id='word_1_91' title='bbox 528 1288 622 1343; x_wconf 90' lang='lat' dir='ltr'><strong>sed</strong></span> <span class='ocrx_word' id='word_1_92' title='bbox 655 1288 807 1358; x_wconf 77' lang='lat' dir='ltr'><strong>juxta</strong></span> <span class='ocrx_word' id='word_1_93' title='bbox 839 1289 1066 1344; x_wconf 90' lang='lat' dir='ltr'><strong>Joannis</strong></span> <span class='ocrx_word' id='word_1_94' title='bbox 1106 1289 1364 1359; x_wconf 68' lang='lat' dir='ltr'><strong>Baptista:</strong></span> <span class='ocrx_word' id='word_1_95' title='bbox 1398 1289 1769 1344; x_wconf 80' lang='lat' dir='ltr'><strong>teSIimonium</strong></span> 
     </span>
    </p>
   </div>
   <div class='ocr_carea' id='block_1_13' title="bbox 163 1381 1772 1456">
    <p class='ocr_par' dir='ltr' id='par_1_13' title="bbox 163 1381 1772 1456">
     <span class='ocr_line' id='line_1_13' title="bbox 163 1381 1772 1456; baseline 0.001 -20"><span class='ocrx_word' id='word_1_96' title='bbox 163 1381 366 1453; x_wconf 79' lang='lat' dir='ltr'><strong>jugiter</strong></span> <span class='ocrx_word' id='word_1_97' title='bbox 396 1393 769 1451; x_wconf 88' lang='lat' dir='ltr'><strong>permaneret,</strong></span> <span class='ocrx_word' id='word_1_98' title='bbox 796 1385 887 1453; x_wconf 88' lang='lat' dir='ltr'><strong>qui</strong></span> <span class='ocrx_word' id='word_1_99' title='bbox 921 1384 998 1438; x_wconf 85' lang='lat' dir='ltr'><strong>ait</strong></span> <span class='ocrx_word' id='word_1_100' title='bbox 1029 1392 1091 1436; x_wconf 75' lang='grc' dir='ltr'>ει</span> <span class='ocrx_word' id='word_1_101' title='bbox 1123 1383 1246 1437; x_wconf 82' lang='lat' dir='ltr'><strong>Vidi</strong></span> <span class='ocrx_word' id='word_1_102' title='bbox 1277 1385 1537 1456; x_wconf 83' lang='lat' dir='ltr'><strong>Spiritum</strong></span> <span class='ocrx_word' id='word_1_103' title='bbox 1558 1384 1772 1437; x_wconf 87' lang='lat' dir='ltr'><strong>descen-</strong></span> 
     </span>
    </p>
   </div>
   <div class='ocr_carea' id='block_1_14' title="bbox 167 1475 1771 1548">
    <p class='ocr_par' dir='ltr' id='par_1_14' title="bbox 167 1475 1771 1548">
     <span class='ocr_line' id='line_1_14' title="bbox 167 1475 1771 1548; baseline 0.002 -19"><span class='ocrx_word' id='word_1_104' title='bbox 167 1477 371 1530; x_wconf 84' lang='lat' dir='ltr'><strong>dentem</strong></span> <span class='ocrx_word' id='word_1_105' title='bbox 401 1476 556 1548; x_wconf 91' lang='lat' dir='ltr'><strong>quasi</strong></span> <span class='ocrx_word' id='word_1_106' title='bbox 578 1475 872 1530; x_wconf 90' lang='lat' dir='ltr'><strong>columbam</strong></span> <span class='ocrx_word' id='word_1_107' title='bbox 913 1476 978 1530; x_wconf 90' lang='lat' dir='ltr'><strong>de</strong></span> <span class='ocrx_word' id='word_1_108' title='bbox 1002 1477 1132 1531; x_wconf 75' lang='lat' dir='ltr'><strong>coelo</strong></span> <span class='ocrx_word' id='word_1_109' title='bbox 1151 1518 1166 1541; x_wconf 93' lang='lat'><strong>,</strong></span> <span class='ocrx_word' id='word_1_110' title='bbox 1193 1487 1244 1532; x_wconf 92' lang='lat' dir='ltr'><strong>et</strong></span> <span class='ocrx_word' id='word_1_111' title='bbox 1274 1486 1568 1531; x_wconf 89' lang='lat' dir='ltr'><strong>manentem</strong></span> <span class='ocrx_word' id='word_1_112' title='bbox 1609 1479 1662 1531; x_wconf 90' lang='lat' dir='ltr'><strong>in</strong></span> <span class='ocrx_word' id='word_1_113' title='bbox 1689 1495 1771 1545; x_wconf 90' lang='lat' dir='ltr'><strong>eo,</strong></span> 
     </span>
    </p>
   </div>
   <div class='ocr_carea' id='block_1_15' title="bbox 162 1568 1772 1641">
    <p class='ocr_par' dir='ltr' id='par_1_15' title="bbox 162 1568 1772 1641">
     <span class='ocr_line' id='line_1_15' title="bbox 162 1568 1772 1641; baseline -0.001 -18"><span class='ocrx_word' id='word_1_114' title='bbox 162 1578 213 1624; x_wconf 87' lang='lat' dir='ltr'><strong>et</strong></span> <span class='ocrx_word' id='word_1_115' title='bbox 239 1584 336 1641; x_wconf 83' lang='lat' dir='ltr'><strong>ego</strong></span> <span class='ocrx_word' id='word_1_116' title='bbox 359 1568 652 1623; x_wconf 78' lang='lat' dir='ltr'><strong>nesciebam</strong></span> <span class='ocrx_word' id='word_1_117' title='bbox 683 1568 836 1622; x_wconf 89' lang='lat' dir='ltr'><strong>illum</strong></span> <span class='ocrx_word' id='word_1_118' title='bbox 864 1587 878 1624; x_wconf 89' lang='lat'>:</span> <span class='ocrx_word' id='word_1_119' title='bbox 902 1568 996 1622; x_wconf 89' lang='lat' dir='ltr'><strong>sed</strong></span> <span class='ocrx_word' id='word_1_120' title='bbox 1026 1569 1113 1639; x_wconf 85' lang='lat' dir='ltr'><strong>qui</strong></span> <span class='ocrx_word' id='word_1_121' title='bbox 1145 1585 1225 1622; x_wconf 90' lang='lat' dir='ltr'><strong>me</strong></span> <span class='ocrx_word' id='word_1_122' title='bbox 1254 1570 1396 1623; x_wconf 83' lang='lat' dir='ltr'><strong>misit</strong></span> <span class='ocrx_word' id='word_1_123' title='bbox 1424 1570 1691 1638; x_wconf 79' lang='lat' dir='ltr'><strong>baptizare</strong></span> <span class='ocrx_word' id='word_1_124' title='bbox 1719 1570 1772 1622; x_wconf 88' lang='lat' dir='ltr'><strong>in</strong></span> 
     </span>
    </p>
   </div>
   <div class='ocr_carea' id='block_1_16' title="bbox 1872 636 3471 709">
    <p class='ocr_par' dir='ltr' id='par_1_16' title="bbox 1872 636 3471 709">
     <span class='ocr_line' id='line_1_16' title="bbox 1872 636 3471 709; baseline -0.001 -17"><span class='ocrx_word' id='word_1_125' title='bbox 1872 655 1984 692; x_wconf 90' lang='lat' dir='ltr'><strong>mus</strong></span> <span class='ocrx_word' id='word_1_126' title='bbox 2024 639 2166 693; x_wconf 84' lang='lat' dir='ltr'><strong>Abba</strong></span> <span class='ocrx_word' id='word_1_127' title='bbox 2203 638 2362 692; x_wconf 87' lang='lat' dir='ltr'><strong>Pater</strong></span> <span class='ocrx_word' id='word_1_128' title='bbox 2409 636 2599 709; x_wconf 87' lang='lat' dir='ltr'><strong>(Rom.</strong></span> <span class='ocrx_word' id='word_1_129' title='bbox 2643 653 2772 704; x_wconf 80' lang='lat' dir='ltr'><strong>vin,</strong></span> <span class='ocrx_word' id='word_1_130' title='bbox 2826 637 2958 709; x_wconf 81' lang='grc'><strong>15).</strong></span> <span class='ocrx_word' id='word_1_131' title='bbox 3004 639 3069 693; x_wconf 86' lang='grc' dir='ltr'>Ει</span> <span class='ocrx_word' id='word_1_132' title='bbox 3111 639 3162 692; x_wconf 91' lang='lat' dir='ltr'><strong>in</strong></span> <span class='ocrx_word' id='word_1_133' title='bbox 3210 637 3471 692; x_wconf 79' lang='lat' dir='ltr'><strong>Malachia</strong></span> 
     </span>
    </p>
   </div>
   <div class='ocr_carea' id='block_1_17' title="bbox 1872 730 3472 803">
    <p class='ocr_par' dir='ltr' id='par_1_17' title="bbox 1872 730 3472 803">
     <span class='ocr_line' id='line_1_17' title="bbox 1872 730 3472 803; baseline -0.002 -17"><span class='ocrx_word' id='word_1_134' title='bbox 1872 730 2100 798; x_wconf 76' lang='lat' dir='ltr'><strong>legimus</strong></span> <span class='ocrx_word' id='word_1_135' title='bbox 2131 751 2142 786; x_wconf 92' lang='lat'>:</span> <span class='ocrx_word' id='word_1_136' title='bbox 2177 732 2239 787; x_wconf 89' lang='lat' dir='ltr'><strong>Si</strong></span> <span class='ocrx_word' id='word_1_137' title='bbox 2264 741 2407 802; x_wconf 89' lang='lat' dir='ltr'><strong>pater</strong></span> <span class='ocrx_word' id='word_1_138' title='bbox 2437 747 2528 803; x_wconf 92' lang='lat' dir='ltr'><strong>ego</strong></span> <span class='ocrx_word' id='word_1_139' title='bbox 2559 746 2691 794; x_wconf 87' lang='lat' dir='ltr'><strong>sum,</strong></span> <span class='ocrx_word' id='word_1_140' title='bbox 2724 731 2812 784; x_wconf 87' lang='lat' dir='ltr'><strong>ubi</strong></span> <span class='ocrx_word' id='word_1_141' title='bbox 2843 742 2916 785; x_wconf 90' lang='lat' dir='ltr'><strong>est</strong></span> <span class='ocrx_word' id='word_1_142' title='bbox 2943 731 3111 802; x_wconf 87' lang='lat' dir='ltr'><strong>gloria</strong></span> <span class='ocrx_word' id='word_1_143' title='bbox 3158 731 3307 784; x_wconf 81' lang='lat' dir='ltr'><strong>mea?</strong></span> <span class='ocrx_word' id='word_1_144' title='bbox 3338 741 3382 784; x_wconf 91' lang='lat' dir='ltr'><strong>et</strong></span> <span class='ocrx_word' id='word_1_145' title='bbox 3426 731 3472 783; x_wconf 89' lang='lat' dir='ltr'><strong>si</strong></span> 
     </span>
    </p>
   </div>
   <div class='ocr_carea' id='block_1_18' title="bbox 1874 822 3473 896">
    <p class='ocr_par' dir='ltr' id='par_1_18' title="bbox 1874 822 3473 896">
     <span class='ocr_line' id='line_1_18' title="bbox 1874 822 3473 896; baseline 0.001 -20"><span class='ocrx_word' id='word_1_146' title='bbox 1874 822 2125 878; x_wconf 78' lang='lat' dir='ltr'><strong>Dominus</strong></span> <span class='ocrx_word' id='word_1_147' title='bbox 2145 840 2241 896; x_wconf 85' lang='lat' dir='ltr'><strong>ego</strong></span> <span class='ocrx_word' id='word_1_148' title='bbox 2253 841 2385 878; x_wconf 88' lang='lat' dir='ltr'><strong>sum.</strong></span> <span class='ocrx_word' id='word_1_149' title='bbox 2412 822 2500 876; x_wconf 85' lang='lat' dir='ltr'><strong>ubi</strong></span> <span class='ocrx_word' id='word_1_150' title='bbox 2525 832 2600 876; x_wconf 89' lang='lat' dir='ltr'><strong>est</strong></span> <span class='ocrx_word' id='word_1_151' title='bbox 2626 823 2779 876; x_wconf 87' lang='lat' dir='ltr'><strong>timor</strong></span> <span class='ocrx_word' id='word_1_152' title='bbox 2797 829 2966 887; x_wconf 88' lang='lat' dir='ltr'><strong>meus(</strong></span> <span class='ocrx_word' id='word_1_153' title='bbox 2981 823 3212 878; x_wconf 82' lang='lat' dir='ltr'><strong>Malarh.</strong></span> <span class='ocrx_word' id='word_1_154' title='bbox 3241 839 3279 886; x_wconf 87' lang='grc' dir='ltr'><strong>ι,</strong></span> <span class='ocrx_word' id='word_1_155' title='bbox 3299 822 3382 891; x_wconf 80' lang='lat'><strong>6)?</strong></span> <span class='ocrx_word' id='word_1_156' title='bbox 3405 823 3473 878; x_wconf 89' lang='lat' dir='ltr'><strong>de</strong></span> 
     </span>
    </p>
   </div>
   <div class='ocr_carea' id='block_1_19' title="bbox 1869 915 3477 988">
    <p class='ocr_par' dir='ltr' id='par_1_19' title="bbox 1869 915 3477 988">
     <span class='ocr_line' id='line_1_19' title="bbox 1869 915 3477 988; baseline 0.001 -18"><span class='ocrx_word' id='word_1_157' title='bbox 1869 932 1976 988; x_wconf 92' lang='lat' dir='ltr'><strong>quo</strong></span> <span class='ocrx_word' id='word_1_158' title='bbox 2008 919 2205 972; x_wconf 85' lang='lat' dir='ltr'><strong>timore</strong></span> <span class='ocrx_word' id='word_1_159' title='bbox 2227 925 2479 972; x_wconf 82' lang='lat' dir='ltr'><strong>cantatur</strong></span> <span class='ocrx_word' id='word_1_160' title='bbox 2506 919 2560 970; x_wconf 92' lang='lat' dir='ltr'><strong>in</strong></span> <span class='ocrx_word' id='word_1_161' title='bbox 2590 916 2810 970; x_wconf 78' lang='lat' dir='ltr'><strong>Psalmo</strong></span> <span class='ocrx_word' id='word_1_162' title='bbox 2835 933 2849 981; x_wconf 92' lang='lat'><strong>;</strong></span> <span class='ocrx_word' id='word_1_163' title='bbox 2891 915 3105 981; x_wconf 86' lang='lat' dir='ltr'><strong>Venite,</strong></span> <span class='ocrx_word' id='word_1_164' title='bbox 3129 917 3250 986; x_wconf 76' lang='lat' dir='ltr'><strong>ﬁlii,</strong></span> <span class='ocrx_word' id='word_1_165' title='bbox 3301 917 3477 971; x_wconf 87' lang='lat' dir='ltr'><strong>audite</strong></span> 
     </span>
    </p>
   </div>
   <div class='ocr_carea' id='block_1_20' title="bbox 1871 1007 3363 1081">
    <p class='ocr_par' dir='ltr' id='par_1_20' title="bbox 1871 1007 3363 1081">
     <span class='ocr_line' id='line_1_20' title="bbox 1871 1007 3363 1081; baseline -0.001 -18"><span class='ocrx_word' id='word_1_166' title='bbox 1871 1027 1949 1064; x_wconf 90' lang='lat' dir='ltr'><strong>me</strong></span> <span class='ocrx_word' id='word_1_167' title='bbox 1977 1026 1996 1064; x_wconf 86' lang='lat'><strong><em>:</em></strong></span> <span class='ocrx_word' id='word_1_168' title='bbox 2024 1011 2257 1064; x_wconf 88' lang='lat' dir='ltr'><strong>timorem</strong></span> <span class='ocrx_word' id='word_1_169' title='bbox 2288 1009 2496 1064; x_wconf 90' lang='lat' dir='ltr'><strong>Domini</strong></span> <span class='ocrx_word' id='word_1_170' title='bbox 2522 1008 2716 1062; x_wconf 88' lang='lat' dir='ltr'><strong>docebo</strong></span> <span class='ocrx_word' id='word_1_171' title='bbox 2743 1025 2829 1062; x_wconf 88' lang='lat' dir='ltr'><strong>vos</strong></span> <span class='ocrx_word' id='word_1_172' title='bbox 2870 1008 2990 1079; x_wconf 91' lang='lat' dir='ltr'><strong>(Ps.</strong></span> <span class='ocrx_word' id='word_1_173' title='bbox 3021 1025 3212 1074; x_wconf 73' lang='lat' dir='ltr'><strong>XXXIII,</strong></span> <span class='ocrx_word' id='word_1_174' title='bbox 3251 1007 3363 1081; x_wconf 69' lang='lat'><strong>12).</strong></span> 
     </span>
    </p>
   </div>
   <div class='ocr_carea' id='block_1_21' title="bbox 1942 1101 3475 1175">
    <p class='ocr_par' dir='ltr' id='par_1_21' title="bbox 1942 1101 3475 1175">
     <span class='ocr_line' id='line_1_21' title="bbox 1942 1101 3475 1175; baseline 0 -19"><span class='ocrx_word' id='word_1_175' title='bbox 1942 1103 2130 1175; x_wconf 84' lang='lat' dir='ltr'><strong>(Vers.</strong></span> <span class='ocrx_word' id='word_1_176' title='bbox 2161 1104 2196 1158; x_wconf 81' lang='grc'>5</span> <span class='ocrx_word' id='word_1_177' title='bbox 2225 1105 2403 1174; x_wconf 82' lang='lat' dir='ltr'><strong>seqq.)</strong></span> <span class='ocrx_word' id='word_1_178' title='bbox 2439 1101 2562 1157; x_wconf 92' lang='lat' dir='ltr'><strong>Non</strong></span> <span class='ocrx_word' id='word_1_179' title='bbox 2603 1105 2887 1157; x_wconf 86' lang='lat' dir='ltr'><strong>secundum</strong></span> <span class='ocrx_word' id='word_1_180' title='bbox 2916 1104 3167 1158; x_wconf 85' lang='lat' dir='ltr'><strong>visionem</strong></span> <span class='ocrx_word' id='word_1_181' title='bbox 3199 1103 3475 1157; x_wconf 87' lang='lat' dir='ltr'><strong>oculorum</strong></span> 
     </span>
    </p>
   </div>
   <div class='ocr_carea' id='block_1_22' title="bbox 1863 1195 3478 1268">
    <p class='ocr_par' dir='ltr' id='par_1_22' title="bbox 1863 1195 3478 1268">
     <span class='ocr_line' id='line_1_22' title="bbox 1863 1195 3478 1268; baseline 0.001 -20"><span class='ocrx_word' id='word_1_182' title='bbox 1863 1195 2145 1265; x_wconf 87' lang='lat' dir='ltr'><strong>judicabit,</strong></span> <span class='ocrx_word' id='word_1_183' title='bbox 2197 1213 2357 1268; x_wconf 87' lang='lat' dir='ltr'><strong>neque</strong></span> <span class='ocrx_word' id='word_1_184' title='bbox 2381 1197 2667 1250; x_wconf 78' lang='lat' dir='ltr'><strong>secundum</strong></span> <span class='ocrx_word' id='word_1_185' title='bbox 2711 1198 2952 1250; x_wconf 87' lang='lat' dir='ltr'><strong>auditum</strong></span> <span class='ocrx_word' id='word_1_186' title='bbox 2981 1197 3194 1250; x_wconf 89' lang='lat' dir='ltr'><strong>aurium</strong></span> <span class='ocrx_word' id='word_1_187' title='bbox 3241 1205 3422 1268; x_wconf 86' lang='lat' dir='ltr'><strong>arguet</strong></span> <span class='ocrx_word' id='word_1_188' title='bbox 3457 1213 3478 1250; x_wconf 91' lang='lat'><strong><em>:</em></strong></span> 
     </span>
    </p>
   </div>
   <div class='ocr_carea' id='block_1_23' title="bbox 1872 1289 3478 1360">
    <p class='ocr_par' dir='ltr' id='par_1_23' title="bbox 1872 1289 3478 1360">
     <span class='ocr_line' id='line_1_23' title="bbox 1872 1289 3478 1360; baseline 0 -19"><span class='ocrx_word' id='word_1_189' title='bbox 1872 1289 1961 1342; x_wconf 89' lang='lat' dir='ltr'><strong>sed</strong></span> <span class='ocrx_word' id='word_1_190' title='bbox 1985 1289 2242 1358; x_wconf 88' lang='lat' dir='ltr'><strong>judicabit</strong></span> <span class='ocrx_word' id='word_1_191' title='bbox 2263 1291 2314 1343; x_wconf 88' lang='lat' dir='ltr'><strong>in</strong></span> <span class='ocrx_word' id='word_1_192' title='bbox 2336 1291 2545 1360; x_wconf 86' lang='lat' dir='ltr'><strong>justitia</strong></span> <span class='ocrx_word' id='word_1_193' title='bbox 2566 1305 2838 1360; x_wconf 86' lang='lat' dir='ltr'><strong>pauperes,</strong></span> <span class='ocrx_word' id='word_1_194' title='bbox 2871 1299 2920 1342; x_wconf 89' lang='lat' dir='ltr'><strong>et</strong></span> <span class='ocrx_word' id='word_1_195' title='bbox 2951 1299 3132 1360; x_wconf 88' lang='lat' dir='ltr'><strong>arguet</strong></span> <span class='ocrx_word' id='word_1_196' title='bbox 3154 1290 3208 1343; x_wconf 91' lang='lat' dir='ltr'><strong>in</strong></span> <span class='ocrx_word' id='word_1_197' title='bbox 3231 1289 3478 1360; x_wconf 68' lang='lat' dir='ltr'><strong>aequitate</strong></span> 
     </span>
    </p>
   </div>
   <div class='ocr_carea' id='block_1_24' title="bbox 1876 1380 3472 1452">
    <p class='ocr_par' dir='ltr' id='par_1_24' title="bbox 1876 1380 3472 1452">
     <span class='ocr_line' id='line_1_24' title="bbox 1876 1380 3472 1452; baseline -0.001 -19"><span class='ocrx_word' id='word_1_198' title='bbox 1876 1396 1971 1450; x_wconf 91' lang='lat' dir='ltr'><strong>pro</strong></span> <span class='ocrx_word' id='word_1_199' title='bbox 1999 1385 2275 1435; x_wconf 82' lang='lat' dir='ltr'><strong>mansuetis</strong></span> <span class='ocrx_word' id='word_1_200' title='bbox 2303 1390 2474 1444; x_wconf 75' lang='lat' dir='ltr'><strong>terraz,</strong></span> <span class='ocrx_word' id='word_1_201' title='bbox 2499 1391 2547 1434; x_wconf 90' lang='lat' dir='ltr'><strong>et</strong></span> <span class='ocrx_word' id='word_1_202' title='bbox 2574 1382 2822 1452; x_wconf 82' lang='lat' dir='ltr'><strong>percutiet</strong></span> <span class='ocrx_word' id='word_1_203' title='bbox 2855 1391 3044 1435; x_wconf 88' lang='lat' dir='ltr'><strong>terram</strong></span> <span class='ocrx_word' id='word_1_204' title='bbox 3064 1382 3210 1451; x_wconf 83' lang='lat' dir='ltr'><strong>rirga</strong></span> <span class='ocrx_word' id='word_1_205' title='bbox 3240 1381 3344 1434; x_wconf 88' lang='lat' dir='ltr'><strong>oris</strong></span> <span class='ocrx_word' id='word_1_206' title='bbox 3367 1380 3472 1445; x_wconf 87' lang='lat' dir='ltr'><strong>sui,</strong></span> 
     </span>
    </p>
   </div>
   <div class='ocr_carea' id='block_1_25' title="bbox 1873 1460 3478 1546">
    <p class='ocr_par' dir='ltr' id='par_1_25' title="bbox 1873 1460 3478 1546">
     <span class='ocr_line' id='line_1_25' title="bbox 1873 1460 3478 1546; baseline -0.001 -18"><span class='ocrx_word' id='word_1_207' title='bbox 1873 1483 1922 1528; x_wconf 90' lang='lat' dir='ltr'><strong>et</strong></span> <span class='ocrx_word' id='word_1_208' title='bbox 1951 1475 2135 1545; x_wconf 79' lang='lat' dir='ltr'><strong>spiritu</strong></span> <span class='ocrx_word' id='word_1_209' title='bbox 2183 1473 2437 1528; x_wconf 87' lang='lat' dir='ltr'><strong>labiorum</strong></span> <span class='ocrx_word' id='word_1_210' title='bbox 2462 1489 2677 1528; x_wconf 86' lang='lat' dir='ltr'><strong>suarum</strong></span> <span class='ocrx_word' id='word_1_211' title='bbox 2720 1474 2993 1541; x_wconf 85' lang='lat' dir='ltr'><strong>interﬁciet</strong></span> <span class='ocrx_word' id='word_1_212' title='bbox 3020 1460 3260 1546; x_wconf 88' lang='lat' dir='ltr'><strong>impium.</strong></span> <span class='ocrx_word' id='word_1_213' title='bbox 3287 1471 3354 1527; x_wconf 88' lang='lat' dir='ltr'><strong>Et</strong></span> <span class='ocrx_word' id='word_1_214' title='bbox 3377 1471 3478 1526; x_wconf 83' lang='lat' dir='ltr'><strong>erit</strong></span> 
     </span>
    </p>
   </div>
   <div class='ocr_carea' id='block_1_26' title="bbox 1865 1563 3475 1639">
    <p class='ocr_par' dir='ltr' id='par_1_26' title="bbox 1865 1563 3475 1639">
     <span class='ocr_line' id='line_1_26' title="bbox 1865 1563 3475 1639; baseline 0 -21"><span class='ocrx_word' id='word_1_215' title='bbox 1865 1566 2078 1635; x_wconf 89' lang='lat' dir='ltr'><strong>justitia</strong></span> <span class='ocrx_word' id='word_1_216' title='bbox 2107 1563 2374 1638; x_wconf 83' lang='lat' dir='ltr'><strong>cingulum</strong></span> <span class='ocrx_word' id='word_1_217' title='bbox 2413 1565 2708 1620; x_wconf 88' lang='lat' dir='ltr'><strong>lumborum</strong></span> <span class='ocrx_word' id='word_1_218' title='bbox 2735 1569 2871 1639; x_wconf 86' lang='lat' dir='ltr'><strong>ejus,</strong></span> <span class='ocrx_word' id='word_1_219' title='bbox 2903 1576 2951 1621; x_wconf 90' lang='lat' dir='ltr'><strong>et</strong></span> <span class='ocrx_word' id='word_1_220' title='bbox 2999 1567 3129 1636; x_wconf 82' lang='lat' dir='ltr'><strong>ﬁdes</strong></span> <span class='ocrx_word' id='word_1_221' title='bbox 3161 1566 3475 1620; x_wconf 89' lang='lat' dir='ltr'><strong>cinctorium</strong></span> 
     </span>
    </p>
   </div>
   <div class='ocr_carea' id='block_1_27' title="bbox 161 1657 3472 1732">
    <p class='ocr_par' dir='ltr' id='par_1_27' title="bbox 161 1657 3472 1732">
     <span class='ocr_line' id='line_1_27' title="bbox 161 1657 3472 1732; baseline -0.001 -18"><span class='ocrx_word' id='word_1_222' title='bbox 161 1675 341 1730; x_wconf 89' lang='lat' dir='ltr'><strong>aqua,</strong></span> <span class='ocrx_word' id='word_1_223' title='bbox 376 1660 468 1714; x_wconf 87' lang='lat' dir='ltr'><strong>ille</strong></span> <span class='ocrx_word' id='word_1_224' title='bbox 511 1659 640 1713; x_wconf 87' lang='lat' dir='ltr'><strong>mihi</strong></span> <span class='ocrx_word' id='word_1_225' title='bbox 689 1660 825 1714; x_wconf 75' lang='lat' dir='ltr'><strong>dixit</strong></span> <span class='ocrx_word' id='word_1_226' title='bbox 864 1677 883 1714; x_wconf 91' lang='lat'><strong><em>:</em></strong></span> <span class='ocrx_word' id='word_1_227' title='bbox 912 1660 1086 1731; x_wconf 84' lang='lat' dir='ltr'><strong>Super</strong></span> <span class='ocrx_word' id='word_1_228' title='bbox 1124 1677 1278 1732; x_wconf 87' lang='lat' dir='ltr'><strong>quem</strong></span> <span class='ocrx_word' id='word_1_229' title='bbox 1299 1662 1487 1716; x_wconf 84' lang='lat' dir='ltr'><strong>videris</strong></span> <span class='ocrx_word' id='word_1_230' title='bbox 1519 1661 1776 1730; x_wconf 80' lang='lat' dir='ltr'><strong>Spiritum</strong></span> <span class='ocrx_word' id='word_1_231' title='bbox 1872 1673 2054 1710; x_wconf 84' lang='lat' dir='ltr'><strong>renum</strong></span> <span class='ocrx_word' id='word_1_232' title='bbox 2096 1659 2232 1727; x_wconf 86' lang='lat' dir='ltr'><strong>ejus.</strong></span> <span class='ocrx_word' id='word_1_233' title='bbox 2269 1657 2393 1711; x_wconf 58' lang='lat' dir='ltr'><strong>Haec</strong></span> <span class='ocrx_word' id='word_1_234' title='bbox 2426 1673 2526 1712; x_wconf 89' lang='lat' dir='ltr'><strong>nos</strong></span> <span class='ocrx_word' id='word_1_235' title='bbox 2574 1659 2639 1712; x_wconf 89' lang='lat' dir='ltr'><strong>ad</strong></span> <span class='ocrx_word' id='word_1_236' title='bbox 2675 1660 2908 1728; x_wconf 88' lang='lat' dir='ltr'><strong>primum</strong></span> <span class='ocrx_word' id='word_1_237' title='bbox 2942 1659 3238 1713; x_wconf 83' lang='lat' dir='ltr'><strong>adventum</strong></span> <span class='ocrx_word' id='word_1_238' title='bbox 3273 1657 3472 1713; x_wconf 75' lang='lat' dir='ltr'><strong>referi-</strong></span> 
     </span>
    </p>
   </div>
   <div class='ocr_carea' id='block_1_28' title="bbox 158 1753 1774 1824">
    <p class='ocr_par' dir='ltr' id='par_1_28' title="bbox 158 1753 1774 1824">
     <span class='ocr_line' id='line_1_28' title="bbox 158 1753 1774 1824; baseline 0 -15"><span class='ocrx_word' id='word_1_239' title='bbox 158 1753 561 1809; x_wconf 87' lang='lat' dir='ltr'><strong>descendentem</strong></span> <span class='ocrx_word' id='word_1_240' title='bbox 592 1763 641 1806; x_wconf 92' lang='lat' dir='ltr'><strong>et</strong></span> <span class='ocrx_word' id='word_1_241' title='bbox 659 1763 946 1808; x_wconf 88' lang='lat' dir='ltr'><strong>ntanentem</strong></span> <span class='ocrx_word' id='word_1_242' title='bbox 974 1755 1028 1807; x_wconf 89' lang='lat' dir='ltr'><strong>in</strong></span> <span class='ocrx_word' id='word_1_243' title='bbox 1047 1771 1127 1820; x_wconf 91' lang='lat' dir='ltr'><strong>eo,</strong></span> <span class='ocrx_word' id='word_1_244' title='bbox 1156 1754 1265 1824; x_wconf 88' lang='lat' dir='ltr'><strong>ipse</strong></span> <span class='ocrx_word' id='word_1_245' title='bbox 1302 1765 1376 1808; x_wconf 89' lang='lat' dir='ltr'><strong>est</strong></span> <span class='ocrx_word' id='word_1_246' title='bbox 1412 1756 1502 1824; x_wconf 85' lang='lat' dir='ltr'><strong>qui</strong></span> <span class='ocrx_word' id='word_1_247' title='bbox 1542 1755 1774 1822; x_wconf 82' lang='lat' dir='ltr'><strong>baptizat</strong></span> 
     </span>
    </p>
   </div>
   <div class='ocr_carea' id='block_1_29' title="bbox 157 1843 1773 1916">
    <p class='ocr_par' dir='ltr' id='par_1_29' title="bbox 157 1843 1773 1916">
     <span class='ocr_line' id='line_1_29' title="bbox 157 1843 1773 1916; baseline 0.001 -16"><span class='ocrx_word' id='word_1_248' title='bbox 157 1847 216 1901; x_wconf 85' lang='lat' dir='ltr'><strong>in</strong></span> <span class='ocrx_word' id='word_1_249' title='bbox 249 1844 462 1916; x_wconf 88' lang='lat' dir='ltr'><strong>Spiritu</strong></span> <span class='ocrx_word' id='word_1_250' title='bbox 486 1856 664 1899; x_wconf 88' lang='lat' dir='ltr'><strong>sancto</strong></span> <span class='ocrx_word' id='word_1_251' title='bbox 697 1843 875 1916; x_wconf 86' lang='lat' dir='ltr'><strong>(Joan.</strong></span> <span class='ocrx_word' id='word_1_252' title='bbox 924 1861 1102 1911; x_wconf 86' lang='grc' dir='ltr'>χχχιι,</span> <span class='ocrx_word' id='word_1_253' title='bbox 1139 1845 1253 1916; x_wconf 74' lang='grc'><strong>55).</strong></span> <span class='ocrx_word' id='word_1_254' title='bbox 1296 1846 1468 1901; x_wconf 87' lang='lat' dir='ltr'><strong>Porro</strong></span> <span class='ocrx_word' id='word_1_255' title='bbox 1505 1847 1558 1901; x_wconf 93' lang='lat' dir='ltr'><strong>in</strong></span> <span class='ocrx_word' id='word_1_256' title='bbox 1593 1847 1773 1902; x_wconf 80' lang='lat' dir='ltr'><strong>Evan-</strong></span> 
     </span>
    </p>
   </div>
   <div class='ocr_carea' id='block_1_30' title="bbox 1874 1747 3473 1804">
    <p class='ocr_par' dir='ltr' id='par_1_30' title="bbox 1874 1747 3473 1804">
     <span class='ocr_line' id='line_1_30' title="bbox 1874 1747 3473 1804; baseline 0.002 -5"><span class='ocrx_word' id='word_1_257' title='bbox 1874 1763 1996 1802; x_wconf 89' lang='lat' dir='ltr'><strong>mus</strong></span> <span class='ocrx_word' id='word_1_258' title='bbox 2045 1747 2588 1803; x_wconf 71' lang='lat' dir='ltr'><strong>Salvaturiszludrei</strong></span> <span class='ocrx_word' id='word_1_259' title='bbox 2626 1749 2679 1803; x_wconf 89' lang='lat' dir='ltr'><strong>in</strong></span> <span class='ocrx_word' id='word_1_260' title='bbox 2731 1749 2840 1804; x_wconf 90' lang='lat' dir='ltr'><strong>fine</strong></span> <span class='ocrx_word' id='word_1_261' title='bbox 2887 1749 3078 1804; x_wconf 90' lang='lat' dir='ltr'><strong>mundi</strong></span> <span class='ocrx_word' id='word_1_262' title='bbox 3122 1749 3473 1804; x_wconf 84' lang='lat' dir='ltr'><strong>contendunt</strong></span> 
     </span>
    </p>
   </div>
   <div class='ocr_carea' id='block_1_31' title="bbox 1873 1838 3482 1897">
    <p class='ocr_par' dir='ltr' id='par_1_31' title="bbox 1873 1838 3482 1897">
     <span class='ocr_line' id='line_1_31' title="bbox 1873 1838 3482 1897; baseline -0.001 -5"><span class='ocrx_word' id='word_1_263' title='bbox 1873 1838 2083 1894; x_wconf 83' lang='lat' dir='ltr'><strong>futura.</strong></span> <span class='ocrx_word' id='word_1_264' title='bbox 2120 1840 2292 1895; x_wconf 91' lang='lat' dir='ltr'><strong>Porro</strong></span> <span class='ocrx_word' id='word_1_265' title='bbox 2342 1840 2487 1895; x_wconf 83' lang='lat' dir='ltr'><strong>LXX</strong></span> <span class='ocrx_word' id='word_1_266' title='bbox 2538 1843 2985 1897; x_wconf 86' lang='lat' dir='ltr'><strong>transtulerunt:</strong></span> <span class='ocrx_word' id='word_1_267' title='bbox 3025 1840 3148 1896; x_wconf 79' lang='lat' dir='ltr'><strong>Non</strong></span> <span class='ocrx_word' id='word_1_268' title='bbox 3197 1840 3482 1894; x_wconf 87' lang='lat' dir='ltr'><strong>secundum</strong></span> 
     </span>
    </p>
   </div>
   <div class='ocr_carea' id='block_1_32' title="bbox 157 1932 3481 2009">
    <p class='ocr_par' dir='ltr' id='par_1_32' title="bbox 157 1932 3481 2009">
     <span class='ocr_line' id='line_1_32' title="bbox 157 1932 3481 2009; baseline 0.002 -21"><span class='ocrx_word' id='word_1_269' title='bbox 157 1935 341 2005; x_wconf 77' lang='lat' dir='ltr'><strong>gelio.</strong></span> <span class='ocrx_word' id='word_1_270' title='bbox 377 1937 531 2004; x_wconf 82' lang='lat' dir='ltr'><strong>cujus</strong></span> <span class='ocrx_word' id='word_1_271' title='bbox 557 1952 721 2007; x_wconf 87' lang='lat' dir='ltr'><strong>supra</strong></span> <span class='ocrx_word' id='word_1_272' title='bbox 757 1936 986 1991; x_wconf 80' lang='lat' dir='ltr'><strong>fecimus</strong></span> <span class='ocrx_word' id='word_1_273' title='bbox 1019 1939 1355 1993; x_wconf 83' lang='lat' dir='ltr'><strong>mentionem</strong></span> <span class='ocrx_word' id='word_1_274' title='bbox 1375 1980 1389 2003; x_wconf 90' lang='lat'><strong>,</strong></span> <span class='ocrx_word' id='word_1_275' title='bbox 1420 1937 1536 1993; x_wconf 75' lang='lat' dir='ltr'><strong>lucc</strong></span> <span class='ocrx_word' id='word_1_276' title='bbox 1563 1939 1768 2009; x_wconf 83' lang='lat' dir='ltr'><strong>scripta</strong></span> <span class='ocrx_word' id='word_1_277' title='bbox 1798 1937 1846 1996; x_wconf 89' lang='lat' dir='ltr'><strong>B</strong></span> <span class='ocrx_word' id='word_1_278' title='bbox 1873 1933 2095 2004; x_wconf 77' lang='lat' dir='ltr'><strong>gloriam</strong></span> <span class='ocrx_word' id='word_1_279' title='bbox 2113 1933 2398 2002; x_wconf 75' lang='lat' dir='ltr'><strong>iudicabit.</strong></span> <span class='ocrx_word' id='word_1_280' title='bbox 2428 1949 2593 2004; x_wconf 81' lang='lat' dir='ltr'><strong>neque</strong></span> <span class='ocrx_word' id='word_1_281' title='bbox 2627 1935 2790 2001; x_wconf 73' lang='lat' dir='ltr'><strong>juxta</strong></span> <span class='ocrx_word' id='word_1_282' title='bbox 2813 1949 3098 1987; x_wconf 70' lang='lat' dir='ltr'><strong>sermonem</strong></span> <span class='ocrx_word' id='word_1_283' title='bbox 3142 1943 3365 2005; x_wconf 83' lang='lat' dir='ltr'><strong>arguet:</strong></span> <span class='ocrx_word' id='word_1_284' title='bbox 3389 1932 3481 1987; x_wconf 81' lang='lat' dir='ltr'><strong>sed</strong></span> 
     </span>
    </p>
   </div>
   <div class='ocr_carea' id='block_1_33' title="bbox 158 2023 3480 2097">
    <p class='ocr_par' dir='ltr' id='par_1_33' title="bbox 158 2023 3480 2097">
     <span class='ocr_line' id='line_1_33' title="bbox 158 2023 3480 2097; baseline -0.002 -13"><span class='ocrx_word' id='word_1_285' title='bbox 158 2031 474 2097; x_wconf 85' lang='lat' dir='ltr'><strong>reperimus</strong></span> <span class='ocrx_word' id='word_1_286' title='bbox 505 2045 517 2081; x_wconf 90' lang='lat'>:</span> <span class='ocrx_word' id='word_1_287' title='bbox 553 2027 602 2081; x_wconf 86' lang='lat' dir='ltr'><em>F</em></span> <span class='ocrx_word' id='word_1_288' title='bbox 605 2038 776 2082; x_wconf 86' lang='lat' dir='ltr'><strong>actum</strong></span> <span class='ocrx_word' id='word_1_289' title='bbox 793 2037 870 2083; x_wconf 89' lang='lat' dir='ltr'><strong>est</strong></span> <span class='ocrx_word' id='word_1_290' title='bbox 906 2038 1074 2082; x_wconf 90' lang='lat' dir='ltr'><strong>autem</strong></span> <span class='ocrx_word' id='word_1_291' title='bbox 1103 2046 1218 2082; x_wconf 91' lang='lat' dir='ltr'><strong>cum</strong></span> <span class='ocrx_word' id='word_1_292' title='bbox 1250 2030 1563 2083; x_wconf 77' lang='lat' dir='ltr'><strong>ascendisset</strong></span> <span class='ocrx_word' id='word_1_293' title='bbox 1590 2028 1772 2082; x_wconf 87' lang='lat' dir='ltr'><strong>Domi-</strong></span> <span class='ocrx_word' id='word_1_294' title='bbox 1864 2026 2132 2095; x_wconf 83' lang='lat' dir='ltr'><strong>judicabit</strong></span> <span class='ocrx_word' id='word_1_295' title='bbox 2156 2024 2344 2078; x_wconf 80' lang='lat' dir='ltr'><strong>humili</strong></span> <span class='ocrx_word' id='word_1_296' title='bbox 2373 2024 2482 2096; x_wconf 69' lang='grc' dir='ltr'><strong>[Μ.</strong></span> <span class='ocrx_word' id='word_1_297' title='bbox 2514 2024 2714 2079; x_wconf 87' lang='lat' dir='ltr'><strong>humile</strong></span> <span class='ocrx_word' id='word_1_298' title='bbox 2735 2023 3021 2097; x_wconf 86' lang='lat' dir='ltr'><strong>judicium]</strong></span> <span class='ocrx_word' id='word_1_299' title='bbox 3039 2026 3268 2095; x_wconf 87' lang='lat' dir='ltr'><strong>judicio,</strong></span> <span class='ocrx_word' id='word_1_300' title='bbox 3311 2035 3362 2077; x_wconf 92' lang='lat' dir='ltr'><strong>et</strong></span> <span class='ocrx_word' id='word_1_301' title='bbox 3391 2041 3480 2077; x_wconf 80' lang='lat' dir='ltr'><strong>ar-</strong></span> 
     </span>
    </p>
   </div>
   <div class='ocr_carea' id='block_1_34' title="bbox 156 2120 1770 2192">
    <p class='ocr_par' dir='ltr' id='par_1_34' title="bbox 156 2120 1770 2192">
     <span class='ocr_line' id='line_1_34' title="bbox 156 2120 1770 2192; baseline 0 -17"><span class='ocrx_word' id='word_1_302' title='bbox 156 2137 261 2175; x_wconf 85' lang='lat' dir='ltr'><strong>nus</strong></span> <span class='ocrx_word' id='word_1_303' title='bbox 294 2122 356 2176; x_wconf 87' lang='lat' dir='ltr'><strong>de</strong></span> <span class='ocrx_word' id='word_1_304' title='bbox 401 2137 562 2192; x_wconf 89' lang='lat' dir='ltr'><strong>aqua,</strong></span> <span class='ocrx_word' id='word_1_305' title='bbox 595 2120 859 2175; x_wconf 83' lang='lat' dir='ltr'><strong>descendit</strong></span> <span class='ocrx_word' id='word_1_306' title='bbox 898 2124 1016 2191; x_wconf 77' lang='lat' dir='ltr'><strong>fons</strong></span> <span class='ocrx_word' id='word_1_307' title='bbox 1042 2125 1210 2176; x_wconf 85' lang='lat' dir='ltr'><strong>omnis</strong></span> <span class='ocrx_word' id='word_1_308' title='bbox 1234 2121 1468 2190; x_wconf 87' lang='lat' dir='ltr'><strong>Spiritus</strong></span> <span class='ocrx_word' id='word_1_309' title='bbox 1495 2122 1686 2186; x_wconf 87' lang='lat' dir='ltr'><strong>sancti,</strong></span> <span class='ocrx_word' id='word_1_310' title='bbox 1721 2130 1770 2175; x_wconf 87' lang='lat' dir='ltr'><strong>et</strong></span> 
     </span>
    </p>
   </div>
   <div class='ocr_carea' id='block_1_35' title="bbox 157 2211 1768 2283">
    <p class='ocr_par' dir='ltr' id='par_1_35' title="bbox 157 2211 1768 2283">
     <span class='ocr_line' id='line_1_35' title="bbox 157 2211 1768 2283; baseline 0 -17"><span class='ocrx_word' id='word_1_311' title='bbox 157 2213 412 2281; x_wconf 86' lang='lat' dir='ltr'><strong>requievit</strong></span> <span class='ocrx_word' id='word_1_312' title='bbox 438 2229 592 2283; x_wconf 88' lang='lat' dir='ltr'><strong>super</strong></span> <span class='ocrx_word' id='word_1_313' title='bbox 628 2229 766 2277; x_wconf 88' lang='lat' dir='ltr'><strong>eum,</strong></span> <span class='ocrx_word' id='word_1_314' title='bbox 793 2222 839 2266; x_wconf 92' lang='lat' dir='ltr'><strong>et</strong></span> <span class='ocrx_word' id='word_1_315' title='bbox 866 2213 998 2267; x_wconf 77' lang='lat' dir='ltr'><strong>dixit</strong></span> <span class='ocrx_word' id='word_1_316' title='bbox 1041 2211 1119 2266; x_wconf 91' lang='lat' dir='ltr'><strong>illi</strong></span> <span class='ocrx_word' id='word_1_317' title='bbox 1143 2229 1161 2266; x_wconf 90' lang='lat'><strong><em>:</em></strong></span> <span class='ocrx_word' id='word_1_318' title='bbox 1187 2211 1300 2266; x_wconf 84' lang='lat' dir='ltr'><strong>Fili</strong></span> <span class='ocrx_word' id='word_1_319' title='bbox 1317 2214 1409 2277; x_wconf 89' lang='lat' dir='ltr'><strong>mi,</strong></span> <span class='ocrx_word' id='word_1_320' title='bbox 1441 2215 1496 2268; x_wconf 87' lang='lat' dir='ltr'><strong>in</strong></span> <span class='ocrx_word' id='word_1_321' title='bbox 1529 2213 1768 2267; x_wconf 89' lang='lat' dir='ltr'><strong>omnibus</strong></span> 
     </span>
    </p>
   </div>
   <div class='ocr_carea' id='block_1_36' title="bbox 155 2302 1770 2376">
    <p class='ocr_par' dir='ltr' id='par_1_36' title="bbox 155 2302 1770 2376">
     <span class='ocr_line' id='line_1_36' title="bbox 155 2302 1770 2376; baseline 0.001 -19"><span class='ocrx_word' id='word_1_322' title='bbox 155 2302 432 2376; x_wconf 84' lang='lat' dir='ltr'><strong>praphetis</strong></span> <span class='ocrx_word' id='word_1_323' title='bbox 449 2304 804 2376; x_wconf 63' lang='lat' dir='ltr'><strong>exspectabam</strong></span> <span class='ocrx_word' id='word_1_324' title='bbox 834 2313 903 2369; x_wconf 92' lang='lat' dir='ltr'><strong>te,</strong></span> <span class='ocrx_word' id='word_1_325' title='bbox 935 2312 990 2356; x_wconf 91' lang='lat' dir='ltr'><strong>ut</strong></span> <span class='ocrx_word' id='word_1_326' title='bbox 1018 2305 1238 2369; x_wconf 70' lang='lat' dir='ltr'><strong>venires,</strong></span> <span class='ocrx_word' id='word_1_327' title='bbox 1267 2315 1315 2358; x_wconf 93' lang='lat' dir='ltr'><strong>et</strong></span> <span class='ocrx_word' id='word_1_328' title='bbox 1329 2304 1692 2375; x_wconf 81' lang='lat' dir='ltr'><strong>requiescerent</strong></span> <span class='ocrx_word' id='word_1_329' title='bbox 1715 2305 1770 2359; x_wconf 90' lang='lat' dir='ltr'><strong>in</strong></span> 
     </span>
    </p>
   </div>
   <div class='ocr_carea' id='block_1_37' title="bbox 158 2395 1771 2470">
    <p class='ocr_par' dir='ltr' id='par_1_37' title="bbox 158 2395 1771 2470">
     <span class='ocr_line' id='line_1_37' title="bbox 158 2395 1771 2470; baseline 0.001 -20"><span class='ocrx_word' id='word_1_330' title='bbox 158 2405 228 2451; x_wconf 91' lang='lat' dir='ltr'><strong>te.</strong></span> <span class='ocrx_word' id='word_1_331' title='bbox 262 2395 346 2450; x_wconf 84' lang='lat' dir='ltr'><strong>Tu</strong></span> <span class='ocrx_word' id='word_1_332' title='bbox 375 2413 427 2451; x_wconf 91' lang='lat' dir='ltr'><strong>es</strong></span> <span class='ocrx_word' id='word_1_333' title='bbox 451 2397 588 2450; x_wconf 89' lang='lat' dir='ltr'><strong>enim</strong></span> <span class='ocrx_word' id='word_1_334' title='bbox 617 2398 820 2465; x_wconf 85' lang='lat' dir='ltr'><strong>requies</strong></span> <span class='ocrx_word' id='word_1_335' title='bbox 848 2413 982 2462; x_wconf 85' lang='lat' dir='ltr'><strong>mea,</strong></span> <span class='ocrx_word' id='word_1_336' title='bbox 1011 2406 1064 2449; x_wconf 86' lang='lat' dir='ltr'><strong>tu</strong></span> <span class='ocrx_word' id='word_1_337' title='bbox 1091 2414 1144 2451; x_wconf 92' lang='lat' dir='ltr'><strong>es</strong></span> <span class='ocrx_word' id='word_1_338' title='bbox 1171 2397 1314 2466; x_wconf 81' lang='lat' dir='ltr'><strong>ﬁlius</strong></span> <span class='ocrx_word' id='word_1_339' title='bbox 1345 2414 1488 2451; x_wconf 88' lang='lat' dir='ltr'><strong>meus</strong></span> <span class='ocrx_word' id='word_1_340' title='bbox 1511 2399 1771 2470; x_wconf 82' lang='lat' dir='ltr'><strong>primOge-</strong></span> 
     </span>
    </p>
   </div>
   <div class='ocr_carea' id='block_1_38' title="bbox 155 2487 1765 2560">
    <p class='ocr_par' dir='ltr' id='par_1_38' title="bbox 155 2487 1765 2560">
     <span class='ocr_line' id='line_1_38' title="bbox 155 2487 1765 2560; baseline 0.001 -18"><span class='ocrx_word' id='word_1_341' title='bbox 155 2488 324 2554; x_wconf 82' lang='lat' dir='ltr'><strong>nitus,</strong></span> <span class='ocrx_word' id='word_1_342' title='bbox 348 2489 436 2557; x_wconf 81' lang='lat' dir='ltr'><strong>qui</strong></span> <span class='ocrx_word' id='word_1_343' title='bbox 457 2504 643 2560; x_wconf 83' lang='lat' dir='ltr'><strong>regnas</strong></span> <span class='ocrx_word' id='word_1_344' title='bbox 665 2489 718 2541; x_wconf 89' lang='lat' dir='ltr'><strong>in</strong></span> <span class='ocrx_word' id='word_1_345' title='bbox 738 2489 1129 2559; x_wconf 87' lang='lat' dir='ltr'><strong>sempiternum.</strong></span> <span class='ocrx_word' id='word_1_346' title='bbox 1159 2487 1262 2554; x_wconf 88' lang='lat' dir='ltr'><strong>Qui</strong></span> <span class='ocrx_word' id='word_1_347' title='bbox 1288 2489 1526 2559; x_wconf 85' lang='lat' dir='ltr'><strong>Spiritus</strong></span> <span class='ocrx_word' id='word_1_348' title='bbox 1553 2489 1765 2544; x_wconf 87' lang='lat' dir='ltr'><strong>Domini</strong></span> 
     </span>
    </p>
   </div>
   <div class='ocr_carea' id='block_1_39' title="bbox 155 2578 1768 2654">
    <p class='ocr_par' dir='ltr' id='par_1_39' title="bbox 155 2578 1768 2654">
     <span class='ocr_line' id='line_1_39' title="bbox 155 2578 1768 2654; baseline 0.001 -20"><span class='ocrx_word' id='word_1_349' title='bbox 155 2581 470 2650; x_wconf 80' lang='lat' dir='ltr'><strong>appellatur</strong></span> <span class='ocrx_word' id='word_1_350' title='bbox 493 2592 545 2634; x_wconf 89' lang='lat' dir='ltr'><strong>et</strong></span> <span class='ocrx_word' id='word_1_351' title='bbox 575 2578 813 2648; x_wconf 83' lang='lat' dir='ltr'><strong>Spiritus</strong></span> <span class='ocrx_word' id='word_1_352' title='bbox 849 2579 1161 2649; x_wconf 73' lang='lat' dir='ltr'><strong>sapientim;</strong></span> <span class='ocrx_word' id='word_1_353' title='bbox 1194 2583 1370 2635; x_wconf 87' lang='lat' dir='ltr'><strong>omnia</strong></span> <span class='ocrx_word' id='word_1_354' title='bbox 1392 2583 1540 2635; x_wconf 82' lang='lat' dir='ltr'><strong>enim</strong></span> <span class='ocrx_word' id='word_1_355' title='bbox 1571 2597 1662 2652; x_wconf 85' lang='lat' dir='ltr'><strong>per</strong></span> <span class='ocrx_word' id='word_1_356' title='bbox 1683 2582 1768 2654; x_wconf 84' lang='lat' dir='ltr'><strong>ip-</strong></span> 
     </span>
    </p>
   </div>
   <div class='ocr_carea' id='block_1_40' title="bbox 155 2671 1770 2743">
    <p class='ocr_par' dir='ltr' id='par_1_40' title="bbox 155 2671 1770 2743">
     <span class='ocr_line' id='line_1_40' title="bbox 155 2671 1770 2743; baseline 0.001 -19"><span class='ocrx_word' id='word_1_357' title='bbox 155 2687 276 2725; x_wconf 89' lang='lat' dir='ltr'><strong>sum</strong></span> <span class='ocrx_word' id='word_1_358' title='bbox 311 2674 454 2742; x_wconf 80' lang='lat' dir='ltr'><strong>facta</strong></span> <span class='ocrx_word' id='word_1_359' title='bbox 475 2681 598 2724; x_wconf 87' lang='lat' dir='ltr'><strong>sunt</strong></span> <span class='ocrx_word' id='word_1_360' title='bbox 619 2688 638 2736; x_wconf 89' lang='lat'><em>;</em></span> <span class='ocrx_word' id='word_1_361' title='bbox 661 2681 708 2725; x_wconf 91' lang='lat' dir='ltr'><strong>et</strong></span> <span class='ocrx_word' id='word_1_362' title='bbox 731 2671 844 2724; x_wconf 88' lang='lat' dir='ltr'><strong>sine</strong></span> <span class='ocrx_word' id='word_1_363' title='bbox 866 2672 981 2742; x_wconf 87' lang='lat' dir='ltr'><strong>ipso</strong></span> <span class='ocrx_word' id='word_1_364' title='bbox 1003 2675 1200 2742; x_wconf 80' lang='lat' dir='ltr'><strong>factum</strong></span> <span class='ocrx_word' id='word_1_365' title='bbox 1223 2671 1466 2732; x_wconf 83' lang='lat' dir='ltr'><strong>estnihil,</strong></span> <span class='ocrx_word' id='word_1_366' title='bbox 1502 2673 1640 2741; x_wconf 87' lang='lat' dir='ltr'><strong>quod</strong></span> <span class='ocrx_word' id='word_1_367' title='bbox 1659 2677 1770 2743; x_wconf 79' lang='lat' dir='ltr'><strong>fac-</strong></span> 
     </span>
    </p>
   </div>
   <div class='ocr_carea' id='block_1_41' title="bbox 159 2760 1770 2834">
    <p class='ocr_par' dir='ltr' id='par_1_41' title="bbox 159 2760 1770 2834">
     <span class='ocr_line' id='line_1_41' title="bbox 159 2760 1770 2834; baseline 0.001 -18"><span class='ocrx_word' id='word_1_368' title='bbox 159 2770 274 2816; x_wconf 89' lang='lat' dir='ltr'><strong>tum</strong></span> <span class='ocrx_word' id='word_1_369' title='bbox 302 2773 378 2816; x_wconf 88' lang='lat' dir='ltr'><strong>est</strong></span> <span class='ocrx_word' id='word_1_370' title='bbox 411 2760 612 2834; x_wconf 84' lang='lat' dir='ltr'><strong>(Joan.</strong></span> <span class='ocrx_word' id='word_1_371' title='bbox 646 2778 684 2830; x_wconf 98' lang='grc' dir='ltr'><strong>ι,</strong></span> <span class='ocrx_word' id='word_1_372' title='bbox 719 2763 753 2818; x_wconf 83' lang='grc'><strong>’5</strong></span> <span class='ocrx_word' id='word_1_373' title='bbox 776 2763 816 2834; x_wconf 91' lang='grc'><strong>).</strong></span> <span class='ocrx_word' id='word_1_374' title='bbox 853 2763 919 2816; x_wconf 83' lang='grc' dir='ltr'><strong>Εῑ</strong></span> <span class='ocrx_word' id='word_1_375' title='bbox 949 2763 1003 2817; x_wconf 90' lang='lat' dir='ltr'><strong>in</strong></span> <span class='ocrx_word' id='word_1_376' title='bbox 1033 2764 1261 2819; x_wconf 89' lang='lat' dir='ltr'><strong>Psalmis</strong></span> <span class='ocrx_word' id='word_1_377' title='bbox 1297 2765 1512 2819; x_wconf 86' lang='lat' dir='ltr'><strong>canitur</strong></span> <span class='ocrx_word' id='word_1_378' title='bbox 1548 2782 1560 2818; x_wconf 89' lang='lat'>:</span> <span class='ocrx_word' id='word_1_379' title='bbox 1601 2763 1770 2831; x_wconf 86' lang='lat' dir='ltr'><strong>Quam</strong></span> 
     </span>
    </p>
   </div>
   <div class='ocr_carea' id='block_1_42' title="bbox 154 2855 1769 2928">
    <p class='ocr_par' dir='ltr' id='par_1_42' title="bbox 154 2855 1769 2928">
     <span class='ocr_line' id='line_1_42' title="bbox 154 2855 1769 2928; baseline 0.003 -21"><span class='ocrx_word' id='word_1_380' title='bbox 154 2855 498 2928; x_wconf 77' lang='lat' dir='ltr'><strong>magniﬁcam</strong></span> <span class='ocrx_word' id='word_1_381' title='bbox 519 2865 640 2908; x_wconf 89' lang='lat' dir='ltr'><strong>sunt</strong></span> <span class='ocrx_word' id='word_1_382' title='bbox 669 2871 828 2923; x_wconf 85' lang='lat' dir='ltr'><strong>opera</strong></span> <span class='ocrx_word' id='word_1_383' title='bbox 858 2865 970 2922; x_wconf 90' lang='lat' dir='ltr'><strong>tua,</strong></span> <span class='ocrx_word' id='word_1_384' title='bbox 997 2855 1258 2910; x_wconf 86' lang='lat' dir='ltr'><strong>Domine!</strong></span> <span class='ocrx_word' id='word_1_385' title='bbox 1274 2859 1447 2911; x_wconf 89' lang='lat' dir='ltr'><strong>omnia</strong></span> <span class='ocrx_word' id='word_1_386' title='bbox 1477 2860 1530 2911; x_wconf 90' lang='lat' dir='ltr'><strong>in</strong></span> <span class='ocrx_word' id='word_1_387' title='bbox 1560 2860 1769 2926; x_wconf 84' lang='lat' dir='ltr'><strong>sapien-</strong></span> 
     </span>
    </p>
   </div>
   <div class='ocr_carea' id='block_1_43' title="bbox 153 2945 1767 3020">
    <p class='ocr_par' dir='ltr' id='par_1_43' title="bbox 153 2945 1767 3020">
     <span class='ocr_line' id='line_1_43' title="bbox 153 2945 1767 3020; baseline 0.003 -20"><span class='ocrx_word' id='word_1_388' title='bbox 153 2947 234 3000; x_wconf 87' lang='lat' dir='ltr'><strong>tia</strong></span> <span class='ocrx_word' id='word_1_389' title='bbox 293 2948 463 3020; x_wconf 79' lang='lat' dir='ltr'><strong>fecisti</strong></span> <span class='ocrx_word' id='word_1_390' title='bbox 519 2945 650 3018; x_wconf 89' lang='lat' dir='ltr'><strong>(Ps.</strong></span> <span class='ocrx_word' id='word_1_391' title='bbox 708 2961 830 3012; x_wconf 78' lang='lat' dir='ltr'><strong>set,</strong></span> <span class='ocrx_word' id='word_1_392' title='bbox 882 2947 1000 3018; x_wconf 68' lang='grc'><strong>24).</strong></span> <span class='ocrx_word' id='word_1_393' title='bbox 1052 2949 1122 3003; x_wconf 85' lang='grc' dir='ltr'><strong>Εῑ</strong></span> <span class='ocrx_word' id='word_1_394' title='bbox 1166 2951 1464 3020; x_wconf 84' lang='lat' dir='ltr'><strong>Apostolus</strong></span> <span class='ocrx_word' id='word_1_395' title='bbox 1509 2952 1701 3006; x_wconf 87' lang='lat' dir='ltr'><strong>scribit</strong></span> <span class='ocrx_word' id='word_1_396' title='bbox 1751 2967 1767 3005; x_wconf 91' lang='lat'><strong>:</strong></span> 
     </span>
    </p>
   </div>
   <div class='ocr_carea' id='block_1_44' title="bbox 153 3037 1769 3114">
    <p class='ocr_par' dir='ltr' id='par_1_44' title="bbox 153 3037 1769 3114">
     <span class='ocr_line' id='line_1_44' title="bbox 153 3037 1769 3114; baseline 0.002 -21"><span class='ocrx_word' id='word_1_397' title='bbox 153 3037 405 3095; x_wconf 81' lang='lat' dir='ltr'><strong>Christus</strong></span> <span class='ocrx_word' id='word_1_398' title='bbox 431 3039 530 3094; x_wconf 89' lang='lat' dir='ltr'><strong>Dei</strong></span> <span class='ocrx_word' id='word_1_399' title='bbox 557 3041 721 3095; x_wconf 81' lang='lat' dir='ltr'><strong>virtus</strong></span> <span class='ocrx_word' id='word_1_400' title='bbox 772 3049 821 3094; x_wconf 90' lang='lat' dir='ltr'><strong>et</strong></span> <span class='ocrx_word' id='word_1_401' title='bbox 853 3040 950 3095; x_wconf 85' lang='lat' dir='ltr'><strong>Dei</strong></span> <span class='ocrx_word' id='word_1_402' title='bbox 991 3043 1249 3108; x_wconf 88' lang='lat' dir='ltr'><strong>sapientia</strong></span> <span class='ocrx_word' id='word_1_403' title='bbox 1276 3042 1316 3114; x_wconf 95' lang='lat' dir='ltr'><strong>(l</strong></span> <span class='ocrx_word' id='word_1_404' title='bbox 1343 3042 1464 3096; x_wconf 83' lang='lat' dir='ltr'><strong>Cor.</strong></span> <span class='ocrx_word' id='word_1_405' title='bbox 1497 3043 1558 3113; x_wconf 93' lang='grc' dir='ltr'><strong>ι).</strong></span> <span class='ocrx_word' id='word_1_406' title='bbox 1592 3043 1654 3097; x_wconf 86' lang='lat' dir='ltr'><strong>Et</strong></span> <span class='ocrx_word' id='word_1_407' title='bbox 1716 3043 1769 3097; x_wconf 92' lang='lat' dir='ltr'><strong>in</strong></span> 
     </span>
    </p>
   </div>
   <div class='ocr_carea' id='block_1_45' title="bbox 150 3131 1770 3203">
    <p class='ocr_par' dir='ltr' id='par_1_45' title="bbox 150 3131 1770 3203">
     <span class='ocr_line' id='line_1_45' title="bbox 150 3131 1770 3203; baseline -0.001 -15"><span class='ocrx_word' id='word_1_408' title='bbox 150 3133 478 3189; x_wconf 83' lang='lat' dir='ltr'><strong>Proverbiis</strong></span> <span class='ocrx_word' id='word_1_409' title='bbox 507 3134 707 3203; x_wconf 84' lang='lat' dir='ltr'><strong>legitur</strong></span> <span class='ocrx_word' id='word_1_410' title='bbox 753 3151 767 3187; x_wconf 87' lang='lat'><strong>:</strong></span> <span class='ocrx_word' id='word_1_411' title='bbox 815 3131 955 3187; x_wconf 85' lang='lat' dir='ltr'><strong>Deus</strong></span> <span class='ocrx_word' id='word_1_412' title='bbox 995 3135 1049 3187; x_wconf 91' lang='lat' dir='ltr'><strong>in</strong></span> <span class='ocrx_word' id='word_1_413' title='bbox 1079 3135 1338 3199; x_wconf 85' lang='lat' dir='ltr'><strong>sapientia</strong></span> <span class='ocrx_word' id='word_1_414' title='bbox 1383 3151 1479 3188; x_wconf 90' lang='lat' dir='ltr'><strong>sua</strong></span> <span class='ocrx_word' id='word_1_415' title='bbox 1526 3133 1770 3203; x_wconf 79' lang='lat' dir='ltr'><strong>fundavit</strong></span> 
     </span>
    </p>
   </div>
   <div class='ocr_carea' id='block_1_46' title="bbox 149 3223 1764 3297">
    <p class='ocr_par' dir='ltr' id='par_1_46' title="bbox 149 3223 1764 3297">
     <span class='ocr_line' id='line_1_46' title="bbox 149 3223 1764 3297; baseline -0.002 -17"><span class='ocrx_word' id='word_1_416' title='bbox 149 3236 380 3289; x_wconf 82' lang='lat' dir='ltr'><strong>terram.</strong></span> <span class='ocrx_word' id='word_1_417' title='bbox 414 3236 462 3280; x_wconf 90' lang='lat' dir='ltr'><strong>et</strong></span> <span class='ocrx_word' id='word_1_418' title='bbox 487 3226 692 3296; x_wconf 77' lang='lat' dir='ltr'><strong>paravit</strong></span> <span class='ocrx_word' id='word_1_419' title='bbox 719 3225 873 3279; x_wconf 73' lang='lat' dir='ltr'><strong>cwlos</strong></span> <span class='ocrx_word' id='word_1_420' title='bbox 899 3225 952 3278; x_wconf 91' lang='lat' dir='ltr'><strong>in</strong></span> <span class='ocrx_word' id='word_1_421' title='bbox 985 3226 1262 3294; x_wconf 84' lang='lat' dir='ltr'><strong>prudentia</strong></span> <span class='ocrx_word' id='word_1_422' title='bbox 1316 3225 1501 3297; x_wconf 86' lang='lat' dir='ltr'><strong>(Prov.</strong></span> <span class='ocrx_word' id='word_1_423' title='bbox 1533 3242 1618 3291; x_wconf 89' lang='grc' dir='ltr'>ιιι,</span> <span class='ocrx_word' id='word_1_424' title='bbox 1654 3223 1764 3296; x_wconf 81' lang='grc'><strong>19).</strong></span> 
     </span>
    </p>
   </div>
   <div class='ocr_carea' id='block_1_47' title="bbox 1872 2112 3482 2186">
    <p class='ocr_par' dir='ltr' id='par_1_47' title="bbox 1872 2112 3482 2186">
     <span class='ocr_line' id='line_1_47' title="bbox 1872 2112 3482 2186; baseline 0.001 -20"><span class='ocrx_word' id='word_1_425' title='bbox 1872 2126 1989 2186; x_wconf 86' lang='lat' dir='ltr'><strong>gttet</strong></span> <span class='ocrx_word' id='word_1_426' title='bbox 2017 2112 2242 2168; x_wconf 83' lang='lat' dir='ltr'><strong>humiles</strong></span> <span class='ocrx_word' id='word_1_427' title='bbox 2273 2125 2442 2169; x_wconf 55' lang='lat' dir='ltr'><strong>terrai.</strong></span> <span class='ocrx_word' id='word_1_428' title='bbox 2475 2113 2504 2153; x_wconf 68' lang='grc' dir='ltr'><strong>ι)</strong></span> <span class='ocrx_word' id='word_1_429' title='bbox 2535 2114 2752 2169; x_wconf 85' lang='lat' dir='ltr'><strong>Nullius</strong></span> <span class='ocrx_word' id='word_1_430' title='bbox 2776 2116 2922 2170; x_wconf 88' lang='lat' dir='ltr'><strong>enim</strong></span> <span class='ocrx_word' id='word_1_431' title='bbox 2951 2129 3244 2185; x_wconf 77' lang='lat' dir='ltr'><strong>personam</strong></span> <span class='ocrx_word' id='word_1_432' title='bbox 3278 2113 3482 2182; x_wconf 82' lang='lat' dir='ltr'><strong>accipit</strong></span> 
     </span>
    </p>
   </div>
   <div class='ocr_carea' id='block_1_48' title="bbox 1872 2207 3481 2278">
    <p class='ocr_par' dir='ltr' id='par_1_48' title="bbox 1872 2207 3481 2278">
     <span class='ocr_line' id='line_1_48' title="bbox 1872 2207 3481 2278; baseline 0.002 -18"><span class='ocrx_word' id='word_1_433' title='bbox 1872 2207 1926 2260; x_wconf 89' lang='lat' dir='ltr'><strong>in</strong></span> <span class='ocrx_word' id='word_1_434' title='bbox 1948 2207 2160 2275; x_wconf 89' lang='lat' dir='ltr'><strong>judicio</strong></span> <span class='ocrx_word' id='word_1_435' title='bbox 2195 2227 2207 2262; x_wconf 92' lang='lat'>:</span> <span class='ocrx_word' id='word_1_436' title='bbox 2243 2209 2338 2262; x_wconf 88' lang='lat' dir='ltr'><strong>sed</strong></span> <span class='ocrx_word' id='word_1_437' title='bbox 2370 2208 2585 2262; x_wconf 78' lang='lat' dir='ltr'><strong>Scribis</strong></span> <span class='ocrx_word' id='word_1_438' title='bbox 2614 2219 2671 2263; x_wconf 90' lang='lat' dir='ltr'><strong>et</strong></span> <span class='ocrx_word' id='word_1_439' title='bbox 2700 2207 2998 2262; x_wconf 70' lang='lat' dir='ltr'><strong>Pharisa-is</strong></span> <span class='ocrx_word' id='word_1_440' title='bbox 3039 2224 3103 2262; x_wconf 87' lang='lat' dir='ltr'><strong>ac</strong></span> <span class='ocrx_word' id='word_1_441' title='bbox 3133 2208 3481 2278; x_wconf 81' lang='lat' dir='ltr'><strong>principibus</strong></span> 
     </span>
    </p>
   </div>
   <div class='ocr_carea' id='block_1_49' title="bbox 1873 2297 3479 2372">
    <p class='ocr_par' dir='ltr' id='par_1_49' title="bbox 1873 2297 3479 2372">
     <span class='ocr_line' id='line_1_49' title="bbox 1873 2297 3479 2372; baseline -0.001 -19"><span class='ocrx_word' id='word_1_442' title='bbox 1873 2297 2121 2369; x_wconf 87' lang='lat' dir='ltr'><strong>loquitur</strong></span> <span class='ocrx_word' id='word_1_443' title='bbox 2147 2317 2161 2352; x_wconf 88' lang='lat'><strong>:</strong></span> <span class='ocrx_word' id='word_1_444' title='bbox 2201 2299 2287 2354; x_wconf 82' lang='lat' dir='ltr'><strong>Va:</strong></span> <span class='ocrx_word' id='word_1_445' title='bbox 2312 2299 2475 2364; x_wconf 78' lang='lat' dir='ltr'><strong>vobis,</strong></span> <span class='ocrx_word' id='word_1_446' title='bbox 2501 2300 2786 2372; x_wconf 75' lang='lat' dir='ltr'><strong>hypocrita:</strong></span> <span class='ocrx_word' id='word_1_447' title='bbox 2810 2315 2828 2353; x_wconf 89' lang='lat'><em>:</em></span> <span class='ocrx_word' id='word_1_448' title='bbox 2857 2299 2946 2364; x_wconf 84' lang='lat' dir='ltr'><strong>Et,</strong></span> <span class='ocrx_word' id='word_1_449' title='bbox 2973 2299 3250 2370; x_wconf 76' lang='lat' dir='ltr'><strong>Auferetur</strong></span> <span class='ocrx_word' id='word_1_450' title='bbox 3284 2316 3314 2352; x_wconf 94' lang='lat' dir='ltr'><strong>a</strong></span> <span class='ocrx_word' id='word_1_451' title='bbox 3336 2301 3479 2352; x_wconf 66' lang='lat' dir='ltr'><strong>vobis</strong></span> 
     </span>
    </p>
   </div>
   <div class='ocr_carea' id='block_1_50' title="bbox 1873 2389 3480 2462">
    <p class='ocr_par' dir='ltr' id='par_1_50' title="bbox 1873 2389 3480 2462">
     <span class='ocr_line' id='line_1_50' title="bbox 1873 2389 3480 2462; baseline 0.002 -19"><span class='ocrx_word' id='word_1_452' title='bbox 1873 2407 2091 2459; x_wconf 86' lang='lat' dir='ltr'><strong>regnum</strong></span> <span class='ocrx_word' id='word_1_453' title='bbox 2144 2389 2264 2455; x_wconf 88' lang='lat' dir='ltr'><strong>Dei,</strong></span> <span class='ocrx_word' id='word_1_454' title='bbox 2322 2401 2369 2444; x_wconf 89' lang='lat' dir='ltr'><strong>et</strong></span> <span class='ocrx_word' id='word_1_455' title='bbox 2421 2392 2632 2444; x_wconf 84' lang='lat' dir='ltr'><strong>dabitur</strong></span> <span class='ocrx_word' id='word_1_456' title='bbox 2687 2391 2826 2462; x_wconf 85' lang='lat' dir='ltr'><strong>genti</strong></span> <span class='ocrx_word' id='word_1_457' title='bbox 2879 2393 3089 2460; x_wconf 77' lang='lat' dir='ltr'><strong>facienti</strong></span> <span class='ocrx_word' id='word_1_458' title='bbox 3122 2397 3321 2461; x_wconf 78' lang='lat' dir='ltr'><strong>fructus</strong></span> <span class='ocrx_word' id='word_1_459' title='bbox 3363 2392 3480 2461; x_wconf 82' lang='lat' dir='ltr'><strong>ejus</strong></span> 
     </span>
    </p>
   </div>
   <div class='ocr_carea' id='block_1_51' title="bbox 1873 2485 3483 2558">
    <p class='ocr_par' dir='ltr' id='par_1_51' title="bbox 1873 2485 3483 2558">
     <span class='ocr_line' id='line_1_51' title="bbox 1873 2485 3483 2558; baseline -0.001 -20"><span class='ocrx_word' id='word_1_460' title='bbox 1873 2485 2093 2558; x_wconf 88' lang='lat' dir='ltr'><strong>(Matth.</strong></span> <span class='ocrx_word' id='word_1_461' title='bbox 2122 2500 2277 2547; x_wconf 85' lang='grc' dir='ltr'>χχιιι,</span> <span class='ocrx_word' id='word_1_462' title='bbox 2311 2485 2398 2553; x_wconf 78' lang='grc'><strong>15,</strong></span> <span class='ocrx_word' id='word_1_463' title='bbox 2417 2495 2466 2539; x_wconf 88' lang='lat' dir='ltr'><strong>et</strong></span> <span class='ocrx_word' id='word_1_464' title='bbox 2491 2485 2827 2550; x_wconf 72' lang='lat' dir='ltr'><strong>xx1,3).Nec</strong></span> <span class='ocrx_word' id='word_1_465' title='bbox 2846 2485 3147 2539; x_wconf 88' lang='lat' dir='ltr'><strong>secundum</strong></span> <span class='ocrx_word' id='word_1_466' title='bbox 3168 2498 3483 2538; x_wconf 87' lang='lat' dir='ltr'><strong>sermonem</strong></span> 
     </span>
    </p>
   </div>
   <div class='ocr_carea' id='block_1_52' title="bbox 1875 2577 3478 2647">
    <p class='ocr_par' dir='ltr' id='par_1_52' title="bbox 1875 2577 3478 2647">
     <span class='ocr_line' id='line_1_52' title="bbox 1875 2577 3478 2647; baseline -0.001 -15"><span class='ocrx_word' id='word_1_467' title='bbox 1875 2588 1932 2632; x_wconf 90' lang='lat' dir='ltr'><strong>et</strong></span> <span class='ocrx_word' id='word_1_468' title='bbox 1967 2577 2215 2632; x_wconf 86' lang='lat' dir='ltr'><strong>auditum</strong></span> <span class='ocrx_word' id='word_1_469' title='bbox 2242 2577 2456 2632; x_wconf 82' lang='lat' dir='ltr'><strong>aurium</strong></span> <span class='ocrx_word' id='word_1_470' title='bbox 2488 2579 2776 2647; x_wconf 80' lang='lat' dir='ltr'><strong>Corripuit.</strong></span> <span class='ocrx_word' id='word_1_471' title='bbox 2806 2577 2918 2632; x_wconf 85' lang='lat' dir='ltr'><strong>lllis</strong></span> <span class='ocrx_word' id='word_1_472' title='bbox 2945 2581 3088 2631; x_wconf 89' lang='lat' dir='ltr'><strong>enim</strong></span> <span class='ocrx_word' id='word_1_473' title='bbox 3120 2577 3433 2632; x_wconf 89' lang='lat' dir='ltr'><strong>dicentibus</strong></span> <span class='ocrx_word' id='word_1_474' title='bbox 3465 2596 3478 2631; x_wconf 85' lang='lat'><strong>:</strong></span> 
     </span>
    </p>
   </div>
   <div class='ocr_carea' id='block_1_53' title="bbox 1876 2665 3482 2742">
    <p class='ocr_par' dir='ltr' id='par_1_53' title="bbox 1876 2665 3482 2742">
     <span class='ocr_line' id='line_1_53' title="bbox 1876 2665 3482 2742; baseline 0.002 -20"><span class='ocrx_word' id='word_1_475' title='bbox 1876 2669 2147 2741; x_wconf 81' lang='lat' dir='ltr'><strong>Magister,</strong></span> <span class='ocrx_word' id='word_1_476' title='bbox 2177 2671 2368 2725; x_wconf 85' lang='lat' dir='ltr'><strong>scimus</strong></span> <span class='ocrx_word' id='word_1_477' title='bbox 2391 2671 2514 2742; x_wconf 90' lang='lat' dir='ltr'><strong>quia</strong></span> <span class='ocrx_word' id='word_1_478' title='bbox 2537 2686 2697 2725; x_wconf 70' lang='lat' dir='ltr'><strong>veras:</strong></span> <span class='ocrx_word' id='word_1_479' title='bbox 2727 2665 2799 2736; x_wconf 89' lang='lat' dir='ltr'><strong>es,</strong></span> <span class='ocrx_word' id='word_1_480' title='bbox 2828 2682 2878 2725; x_wconf 92' lang='lat' dir='ltr'><strong>et</strong></span> <span class='ocrx_word' id='word_1_481' title='bbox 2906 2673 3042 2725; x_wconf 80' lang='lat' dir='ltr'><strong>uiam</strong></span> <span class='ocrx_word' id='word_1_482' title='bbox 3065 2669 3166 2724; x_wconf 91' lang='lat' dir='ltr'><strong>Dei</strong></span> <span class='ocrx_word' id='word_1_483' title='bbox 3193 2672 3247 2724; x_wconf 90' lang='lat' dir='ltr'><strong>in</strong></span> <span class='ocrx_word' id='word_1_484' title='bbox 3269 2671 3482 2725; x_wconf 80' lang='lat' dir='ltr'><strong>veritate</strong></span> 
     </span>
    </p>
   </div>
   <div class='ocr_carea' id='block_1_54' title="bbox 1874 2762 3480 2836">
    <p class='ocr_par' dir='ltr' id='par_1_54' title="bbox 1874 2762 3480 2836">
     <span class='ocr_line' id='line_1_54' title="bbox 1874 2762 3480 2836; baseline 0 -20"><span class='ocrx_word' id='word_1_485' title='bbox 1874 2763 2048 2829; x_wconf 90' lang='lat' dir='ltr'><strong>doces,</strong></span> <span class='ocrx_word' id='word_1_486' title='bbox 2078 2774 2126 2817; x_wconf 90' lang='lat' dir='ltr'><strong>et</strong></span> <span class='ocrx_word' id='word_1_487' title='bbox 2148 2781 2249 2818; x_wconf 91' lang='lat' dir='ltr'><strong>non</strong></span> <span class='ocrx_word' id='word_1_488' title='bbox 2283 2764 2352 2817; x_wconf 92' lang='lat' dir='ltr'><strong>ad</strong></span> <span class='ocrx_word' id='word_1_489' title='bbox 2374 2774 2421 2818; x_wconf 90' lang='lat' dir='ltr'><strong>te</strong></span> <span class='ocrx_word' id='word_1_490' title='bbox 2449 2766 2670 2836; x_wconf 88' lang='lat' dir='ltr'><strong>pertinet</strong></span> <span class='ocrx_word' id='word_1_491' title='bbox 2694 2767 2757 2816; x_wconf 90' lang='lat' dir='ltr'><strong>de</strong></span> <span class='ocrx_word' id='word_1_492' title='bbox 2779 2762 2956 2834; x_wconf 87' lang='lat' dir='ltr'><strong>aliquo</strong></span> <span class='ocrx_word' id='word_1_493' title='bbox 2989 2781 3006 2817; x_wconf 93' lang='lat'><em>:</em></span> <span class='ocrx_word' id='word_1_494' title='bbox 3034 2779 3198 2835; x_wconf 88' lang='lat' dir='ltr'><strong>neque</strong></span> <span class='ocrx_word' id='word_1_495' title='bbox 3237 2764 3376 2818; x_wconf 91' lang='lat' dir='ltr'><strong>enim</strong></span> <span class='ocrx_word' id='word_1_496' title='bbox 3402 2765 3480 2816; x_wconf 79' lang='lat' dir='ltr'><strong>vi—</strong></span> 
     </span>
    </p>
   </div>
   <div class='ocr_carea' id='block_1_55' title="bbox 1873 2856 3479 2929">
    <p class='ocr_par' dir='ltr' id='par_1_55' title="bbox 1873 2856 3479 2929">
     <span class='ocr_line' id='line_1_55' title="bbox 1873 2856 3479 2929; baseline 0.002 -20"><span class='ocrx_word' id='word_1_497' title='bbox 1873 2858 1961 2910; x_wconf 88' lang='lat' dir='ltr'><strong>des</strong></span> <span class='ocrx_word' id='word_1_498' title='bbox 2011 2858 2063 2910; x_wconf 90' lang='lat' dir='ltr'><strong>in</strong></span> <span class='ocrx_word' id='word_1_499' title='bbox 2111 2860 2297 2928; x_wconf 76' lang='lat' dir='ltr'><strong>faciem</strong></span> <span class='ocrx_word' id='word_1_500' title='bbox 2332 2857 2599 2911; x_wconf 88' lang='lat' dir='ltr'><strong>hominunt</strong></span> <span class='ocrx_word' id='word_1_501' title='bbox 2650 2856 2883 2929; x_wconf 84' lang='lat' dir='ltr'><strong>(Matth.</strong></span> <span class='ocrx_word' id='word_1_502' title='bbox 2941 2873 3077 2921; x_wconf 77' lang='grc' dir='ltr'>χχιι,</span> <span class='ocrx_word' id='word_1_503' title='bbox 3139 2857 3479 2929; x_wconf 77' lang='grc'><strong>16);158</strong></span> 
     </span>
    </p>
   </div>
   <div class='ocr_carea' id='block_1_56' title="bbox 1873 2947 3480 3020">
    <p class='ocr_par' dir='ltr' id='par_1_56' title="bbox 1873 2947 3480 3020">
     <span class='ocr_line' id='line_1_56' title="bbox 1873 2947 3480 3020; baseline 0.001 -20"><span class='ocrx_word' id='word_1_504' title='bbox 1873 2947 2052 3001; x_wconf 90' lang='lat' dir='ltr'><strong>sciens</strong></span> <span class='ocrx_word' id='word_1_505' title='bbox 2097 2949 2362 3003; x_wconf 86' lang='lat' dir='ltr'><strong>malitiam</strong></span> <span class='ocrx_word' id='word_1_506' title='bbox 2394 2964 2611 3012; x_wconf 90' lang='lat' dir='ltr'><strong>eorum,</strong></span> <span class='ocrx_word' id='word_1_507' title='bbox 2645 2950 3057 3020; x_wconf 86' lang='lat' dir='ltr'><strong>respondebat:</strong></span> <span class='ocrx_word' id='word_1_508' title='bbox 3089 2948 3227 3016; x_wconf 85' lang='lat' dir='ltr'><strong>Quid</strong></span> <span class='ocrx_word' id='word_1_509' title='bbox 3260 2966 3340 3002; x_wconf 90' lang='lat' dir='ltr'><strong>me</strong></span> <span class='ocrx_word' id='word_1_510' title='bbox 3367 2959 3480 3003; x_wconf 90' lang='lat' dir='ltr'><strong>ten-</strong></span> 
     </span>
    </p>
   </div>
   <div class='ocr_carea' id='block_1_57' title="bbox 1876 3041 3486 3113">
    <p class='ocr_par' dir='ltr' id='par_1_57' title="bbox 1876 3041 3486 3113">
     <span class='ocr_line' id='line_1_57' title="bbox 1876 3041 3486 3113; baseline 0.004 -21"><span class='ocrx_word' id='word_1_511' title='bbox 1876 3041 2018 3101; x_wconf 87' lang='lat' dir='ltr'><strong>tatis.</strong></span> <span class='ocrx_word' id='word_1_512' title='bbox 2046 3043 2370 3113; x_wconf 70' lang='lat' dir='ltr'><strong>hypocritaz?</strong></span> <span class='ocrx_word' id='word_1_513' title='bbox 2393 3052 2451 3098; x_wconf 90' lang='lat' dir='ltr'><strong>et</strong></span> <span class='ocrx_word' id='word_1_514' title='bbox 2469 3052 2674 3097; x_wconf 82' lang='lat' dir='ltr'><strong>caetera</strong></span> <span class='ocrx_word' id='word_1_515' title='bbox 2697 3043 2786 3097; x_wconf 93' lang='lat' dir='ltr'><strong>his</strong></span> <span class='ocrx_word' id='word_1_516' title='bbox 2817 3043 3052 3098; x_wconf 88' lang='lat' dir='ltr'><strong>similia.</strong></span> <span class='ocrx_word' id='word_1_517' title='bbox 3071 3043 3261 3098; x_wconf 84' lang='lat' dir='ltr'><strong>Judiea</strong></span> <span class='ocrx_word' id='word_1_518' title='bbox 3273 3043 3368 3098; x_wconf 83' lang='lat' dir='ltr'><strong>hat</strong></span> <span class='ocrx_word' id='word_1_519' title='bbox 3390 3060 3486 3098; x_wconf 89' lang='lat' dir='ltr'><strong>au-</strong></span> 
     </span>
    </p>
   </div>
   <div class='ocr_carea' id='block_1_58' title="bbox 1875 3135 3478 3210">
    <p class='ocr_par' dir='ltr' id='par_1_58' title="bbox 1875 3135 3478 3210">
     <span class='ocr_line' id='line_1_58' title="bbox 1875 3135 3478 3210; baseline 0.005 -23"><span class='ocrx_word' id='word_1_520' title='bbox 1875 3142 1983 3188; x_wconf 88' lang='lat' dir='ltr'><strong>tem</strong></span> <span class='ocrx_word' id='word_1_521' title='bbox 2017 3135 2072 3187; x_wconf 94' lang='lat' dir='ltr'><strong>in</strong></span> <span class='ocrx_word' id='word_1_522' title='bbox 2117 3136 2331 3204; x_wconf 88' lang='lat' dir='ltr'><strong>justitia</strong></span> <span class='ocrx_word' id='word_1_523' title='bbox 2367 3151 2645 3204; x_wconf 83' lang='lat' dir='ltr'><strong>pauperes</strong></span> <span class='ocrx_word' id='word_1_524' title='bbox 2698 3137 2926 3206; x_wconf 89' lang='lat' dir='ltr'><strong>spiritu,</strong></span> <span class='ocrx_word' id='word_1_525' title='bbox 2958 3155 3190 3207; x_wconf 90' lang='lat' dir='ltr'><strong>quorum</strong></span> <span class='ocrx_word' id='word_1_526' title='bbox 3242 3151 3324 3194; x_wconf 92' lang='lat' dir='ltr'><strong>est</strong></span> <span class='ocrx_word' id='word_1_527' title='bbox 3357 3156 3478 3210; x_wconf 84' lang='lat' dir='ltr'><strong>reg-</strong></span> 
     </span>
    </p>
   </div>
   <div class='ocr_carea' id='block_1_59' title="bbox 1875 3227 3483 3298">
    <p class='ocr_par' dir='ltr' id='par_1_59' title="bbox 1875 3227 3483 3298">
     <span class='ocr_line' id='line_1_59' title="bbox 1875 3227 3483 3298; baseline 0.004 -18"><span class='ocrx_word' id='word_1_528' title='bbox 1875 3243 2006 3280; x_wconf 90' lang='lat' dir='ltr'><strong>num</strong></span> <span class='ocrx_word' id='word_1_529' title='bbox 2041 3227 2140 3280; x_wconf 88' lang='lat' dir='ltr'><strong>Dei</strong></span> <span class='ocrx_word' id='word_1_530' title='bbox 2173 3244 2185 3256; x_wconf 74' lang='grc' dir='ltr'><strong>ο</strong></span> <span class='ocrx_word' id='word_1_531' title='bbox 2222 3237 2279 3282; x_wconf 90' lang='lat' dir='ltr'><strong>et</strong></span> <span class='ocrx_word' id='word_1_532' title='bbox 2326 3227 2596 3298; x_wconf 80' lang='lat' dir='ltr'><strong>arguebat</strong></span> <span class='ocrx_word' id='word_1_533' title='bbox 2642 3229 2694 3282; x_wconf 93' lang='lat' dir='ltr'><strong>in</strong></span> <span class='ocrx_word' id='word_1_534' title='bbox 2748 3229 3011 3297; x_wconf 66' lang='lat' dir='ltr'><strong>aequitate</strong></span> <span class='ocrx_word' id='word_1_535' title='bbox 3055 3245 3375 3292; x_wconf 85' lang='lat' dir='ltr'><strong>mansuetos</strong></span> <span class='ocrx_word' id='word_1_536' title='bbox 3427 3241 3483 3286; x_wconf 86' lang='lat' dir='ltr'><strong>et</strong></span> 
     </span>
    </p>
   </div>
   <div class='ocr_carea' id='block_1_60' title="bbox 144 3309 3480 3390">
    <p class='ocr_par' dir='ltr' id='par_1_60' title="bbox 144 3309 3480 3390">
     <span class='ocr_line' id='line_1_60' title="bbox 144 3309 3480 3390; baseline 0.001 -15"><span class='ocrx_word' id='word_1_537' title='bbox 144 3320 218 3376; x_wconf 87' lang='lat' dir='ltr'><strong>Et</strong></span> <span class='ocrx_word' id='word_1_538' title='bbox 245 3318 536 3390; x_wconf 86' lang='lat' dir='ltr'><strong>quomodo</strong></span> <span class='ocrx_word' id='word_1_539' title='bbox 564 3317 708 3372; x_wconf 89' lang='lat' dir='ltr'><strong>idem</strong></span> <span class='ocrx_word' id='word_1_540' title='bbox 733 3331 916 3372; x_wconf 88' lang='lat' dir='ltr'><strong>sermo</strong></span> <span class='ocrx_word' id='word_1_541' title='bbox 940 3316 1036 3370; x_wconf 90' lang='lat' dir='ltr'><strong>Dei</strong></span> <span class='ocrx_word' id='word_1_542' title='bbox 1070 3329 1294 3372; x_wconf 81' lang='lat' dir='ltr'><strong>vocatur</strong></span> <span class='ocrx_word' id='word_1_543' title='bbox 1326 3319 1442 3384; x_wconf 83' lang='lat' dir='ltr'><strong>lux,</strong></span> <span class='ocrx_word' id='word_1_544' title='bbox 1463 3327 1520 3372; x_wconf 89' lang='lat' dir='ltr'><strong>et</strong></span> <span class='ocrx_word' id='word_1_545' title='bbox 1545 3319 1680 3384; x_wconf 90' lang='lat' dir='ltr'><strong>vita,</strong></span> <span class='ocrx_word' id='word_1_546' title='bbox 1713 3326 1768 3372; x_wconf 86' lang='lat' dir='ltr'><strong>et</strong></span> <span class='ocrx_word' id='word_1_547' title='bbox 1797 3309 1844 3372; x_wconf 88' lang='lat' dir='ltr'>C</span> <span class='ocrx_word' id='word_1_548' title='bbox 1877 3319 2117 3374; x_wconf 87' lang='lat' dir='ltr'><strong>humiles</strong></span> <span class='ocrx_word' id='word_1_549' title='bbox 2156 3329 2318 3374; x_wconf 83' lang='lat' dir='ltr'><strong>terrae</strong></span> <span class='ocrx_word' id='word_1_550' title='bbox 2344 3362 2358 3381; x_wconf 88' lang='lat'><strong>.</strong></span> <span class='ocrx_word' id='word_1_551' title='bbox 2404 3321 2597 3375; x_wconf 87' lang='lat' dir='ltr'><strong>dicens</strong></span> <span class='ocrx_word' id='word_1_552' title='bbox 2630 3320 2697 3374; x_wconf 65' lang='lat' dir='ltr'><strong>ad</strong></span> <span class='ocrx_word' id='word_1_553' title='bbox 2724 3321 3061 3390; x_wconf 85' lang='lat' dir='ltr'><strong>Apostolos:</strong></span> <span class='ocrx_word' id='word_1_554' title='bbox 3107 3322 3290 3376; x_wconf 83' lang='lat' dir='ltr'><strong>Adhuc</strong></span> <span class='ocrx_word' id='word_1_555' title='bbox 3317 3334 3364 3378; x_wconf 92' lang='lat' dir='ltr'><strong>et</strong></span> <span class='ocrx_word' id='word_1_556' title='bbox 3394 3341 3480 3378; x_wconf 83' lang='lat' dir='ltr'><strong>vos</strong></span> 
     </span>
    </p>
   </div>
   <div class='ocr_carea' id='block_1_61' title="bbox 143 3407 1772 3476">
    <p class='ocr_par' dir='ltr' id='par_1_61' title="bbox 143 3407 1772 3476">
     <span class='ocr_line' id='line_1_61' title="bbox 143 3407 1772 3476; baseline -0.003 -8"><span class='ocrx_word' id='word_1_557' title='bbox 143 3409 505 3468; x_wconf 86' lang='lat' dir='ltr'><strong>resurrectio</strong></span> <span class='ocrx_word' id='word_1_558' title='bbox 540 3426 552 3461; x_wconf 90' lang='lat'><strong>:</strong></span> <span class='ocrx_word' id='word_1_559' title='bbox 586 3409 667 3462; x_wconf 88' lang='lat' dir='ltr'><strong>sic</strong></span> <span class='ocrx_word' id='word_1_560' title='bbox 690 3407 914 3476; x_wconf 88' lang='lat' dir='ltr'><strong>spiritus</strong></span> <span class='ocrx_word' id='word_1_561' title='bbox 949 3409 1228 3476; x_wconf 75' lang='lat' dir='ltr'><strong>sapientia:</strong></span> <span class='ocrx_word' id='word_1_562' title='bbox 1253 3416 1310 3462; x_wconf 84' lang='lat' dir='ltr'><strong>et</strong></span> <span class='ocrx_word' id='word_1_563' title='bbox 1352 3409 1683 3470; x_wconf 88' lang='lat' dir='ltr'><strong>intellectus,</strong></span> <span class='ocrx_word' id='word_1_564' title='bbox 1719 3419 1772 3463; x_wconf 90' lang='lat' dir='ltr'><strong>et</strong></span> 
     </span>
    </p>
   </div>
   <div class='ocr_carea' id='block_1_62' title="bbox 143 3500 1774 3575">
    <p class='ocr_par' dir='ltr' id='par_1_62' title="bbox 143 3500 1774 3575">
     <span class='ocr_line' id='line_1_62' title="bbox 143 3500 1774 3575; baseline -0.002 -12"><span class='ocrx_word' id='word_1_565' title='bbox 143 3504 391 3563; x_wconf 88' lang='lat' dir='ltr'><strong>consilii</strong></span> <span class='ocrx_word' id='word_1_566' title='bbox 420 3513 475 3558; x_wconf 89' lang='lat' dir='ltr'><strong>et</strong></span> <span class='ocrx_word' id='word_1_567' title='bbox 504 3500 863 3568; x_wconf 77' lang='lat' dir='ltr'><strong>fortitudinis,</strong></span> <span class='ocrx_word' id='word_1_568' title='bbox 889 3512 943 3557; x_wconf 89' lang='lat' dir='ltr'><strong>et</strong></span> <span class='ocrx_word' id='word_1_569' title='bbox 968 3502 1231 3568; x_wconf 71' lang='lat' dir='ltr'><strong>scientiae,</strong></span> <span class='ocrx_word' id='word_1_570' title='bbox 1263 3513 1314 3557; x_wconf 92' lang='lat' dir='ltr'><strong>et</strong></span> <span class='ocrx_word' id='word_1_571' title='bbox 1340 3504 1578 3575; x_wconf 77' lang='lat' dir='ltr'><strong>pietatis,</strong></span> <span class='ocrx_word' id='word_1_572' title='bbox 1605 3520 1666 3559; x_wconf 92' lang='lat' dir='ltr'><strong>ac</strong></span> <span class='ocrx_word' id='word_1_573' title='bbox 1707 3504 1774 3559; x_wconf 92' lang='lat' dir='ltr'><strong>ti-</strong></span> 
     </span>
    </p>
   </div>
   <div class='ocr_carea' id='block_1_63' title="bbox 146 3593 1774 3665">
    <p class='ocr_par' dir='ltr' id='par_1_63' title="bbox 146 3593 1774 3665">
     <span class='ocr_line' id='line_1_63' title="bbox 146 3593 1774 3665; baseline -0.001 -13"><span class='ocrx_word' id='word_1_574' title='bbox 146 3598 335 3652; x_wconf 88' lang='lat' dir='ltr'><strong>moris</strong></span> <span class='ocrx_word' id='word_1_575' title='bbox 377 3593 592 3648; x_wconf 88' lang='lat' dir='ltr'><strong>Domini</strong></span> <span class='ocrx_word' id='word_1_576' title='bbox 644 3604 985 3663; x_wconf 88' lang='lat' dir='ltr'><strong>nuncupatur</strong></span> <span class='ocrx_word' id='word_1_577' title='bbox 1013 3612 1026 3648; x_wconf 87' lang='lat'><strong>:</strong></span> <span class='ocrx_word' id='word_1_578' title='bbox 1059 3610 1166 3649; x_wconf 90' lang='lat' dir='ltr'><strong>non</strong></span> <span class='ocrx_word' id='word_1_579' title='bbox 1215 3597 1357 3665; x_wconf 90' lang='lat' dir='ltr'><strong>quod</strong></span> <span class='ocrx_word' id='word_1_580' title='bbox 1395 3596 1648 3651; x_wconf 90' lang='lat' dir='ltr'><strong>diversus</strong></span> <span class='ocrx_word' id='word_1_581' title='bbox 1701 3598 1774 3653; x_wconf 91' lang='lat' dir='ltr'><strong>sit</strong></span> 
     </span>
    </p>
   </div>
   <div class='ocr_carea' id='block_1_64' title="bbox 150 3686 1773 3764">
    <p class='ocr_par' dir='ltr' id='par_1_64' title="bbox 150 3686 1773 3764">
     <span class='ocr_line' id='line_1_64' title="bbox 150 3686 1773 3764; baseline 0.004 -25"><span class='ocrx_word' id='word_1_582' title='bbox 150 3690 324 3764; x_wconf 76' lang='lat'><strong>157</strong></span> <span class='ocrx_word' id='word_1_583' title='bbox 356 3689 510 3759; x_wconf 79' lang='lat' dir='ltr'><strong>juxta</strong></span> <span class='ocrx_word' id='word_1_584' title='bbox 572 3686 910 3742; x_wconf 73' lang='lat' dir='ltr'><strong>differentias</strong></span> <span class='ocrx_word' id='word_1_585' title='bbox 950 3689 1231 3743; x_wconf 88' lang='lat' dir='ltr'><strong>nominum</strong></span> <span class='ocrx_word' id='word_1_586' title='bbox 1265 3732 1278 3755; x_wconf 92' lang='lat'><strong>,</strong></span> <span class='ocrx_word' id='word_1_587' title='bbox 1307 3691 1402 3746; x_wconf 88' lang='lat' dir='ltr'><strong>sed</strong></span> <span class='ocrx_word' id='word_1_588' title='bbox 1444 3706 1583 3746; x_wconf 91' lang='lat' dir='ltr'><strong>unus</strong></span> <span class='ocrx_word' id='word_1_589' title='bbox 1609 3700 1773 3758; x_wconf 87' lang='lat' dir='ltr'><strong>atque</strong></span> 
     </span>
    </p>
   </div>
   <div class='ocr_carea' id='block_1_65' title="bbox 146 3780 1764 3853">
    <p class='ocr_par' dir='ltr' id='par_1_65' title="bbox 146 3780 1764 3853">
     <span class='ocr_line' id='line_1_65' title="bbox 146 3780 1764 3853; baseline 0 -16"><span class='ocrx_word' id='word_1_590' title='bbox 146 3784 308 3838; x_wconf 87' lang='lat' dir='ltr'><strong>idem</strong></span> <span class='ocrx_word' id='word_1_591' title='bbox 340 3790 658 3836; x_wconf 88' lang='lat' dir='ltr'><strong>cunctarum</strong></span> <span class='ocrx_word' id='word_1_592' title='bbox 686 3781 946 3834; x_wconf 90' lang='lat' dir='ltr'><strong>virtutum</strong></span> <span class='ocrx_word' id='word_1_593' title='bbox 971 3780 1091 3836; x_wconf 83' lang='lat' dir='ltr'><strong>fons</strong></span> <span class='ocrx_word' id='word_1_594' title='bbox 1119 3782 1188 3835; x_wconf 88' lang='lat' dir='ltr'><strong>sit</strong></span> <span class='ocrx_word' id='word_1_595' title='bbox 1218 3791 1382 3853; x_wconf 91' lang='lat' dir='ltr'><strong>atque</strong></span> <span class='ocrx_word' id='word_1_596' title='bbox 1414 3783 1764 3852; x_wconf 77' lang='lat' dir='ltr'><strong>principium.</strong></span> 
     </span>
    </p>
   </div>
   <div class='ocr_carea' id='block_1_66' title="bbox 144 3873 1767 3946">
    <p class='ocr_par' dir='ltr' id='par_1_66' title="bbox 144 3873 1767 3946">
     <span class='ocr_line' id='line_1_66' title="bbox 144 3873 1767 3946; baseline 0.001 -16"><span class='ocrx_word' id='word_1_597' title='bbox 144 3876 389 3945; x_wconf 78' lang='lat' dir='ltr'><strong>Absque</strong></span> <span class='ocrx_word' id='word_1_598' title='bbox 411 3873 631 3932; x_wconf 87' lang='lat' dir='ltr'><strong>Christo</strong></span> <span class='ocrx_word' id='word_1_599' title='bbox 665 3875 829 3945; x_wconf 83' lang='lat' dir='ltr'><strong>igitur</strong></span> <span class='ocrx_word' id='word_1_600' title='bbox 864 3889 963 3928; x_wconf 91' lang='lat' dir='ltr'><strong>nec</strong></span> <span class='ocrx_word' id='word_1_601' title='bbox 991 3875 1209 3944; x_wconf 83' lang='lat' dir='ltr'><strong>sapiens</strong></span> <span class='ocrx_word' id='word_1_602' title='bbox 1231 3876 1356 3946; x_wconf 90' lang='lat' dir='ltr'><strong>quis</strong></span> <span class='ocrx_word' id='word_1_603' title='bbox 1388 3891 1512 3931; x_wconf 87' lang='lat' dir='ltr'><strong>esse</strong></span> <span class='ocrx_word' id='word_1_604' title='bbox 1562 3884 1767 3944; x_wconf 82' lang='lat' dir='ltr'><strong>potest,</strong></span> 
     </span>
    </p>
   </div>
   <div class='ocr_carea' id='block_1_67' title="bbox 145 3965 1768 4039">
    <p class='ocr_par' dir='ltr' id='par_1_67' title="bbox 145 3965 1768 4039">
     <span class='ocr_line' id='line_1_67' title="bbox 145 3965 1768 4039; baseline 0.001 -18"><span class='ocrx_word' id='word_1_605' title='bbox 145 3982 260 4022; x_wconf 92' lang='lat' dir='ltr'><strong>nec</strong></span> <span class='ocrx_word' id='word_1_606' title='bbox 295 3967 630 4039; x_wconf 77' lang='lat' dir='ltr'><strong>intelligens,</strong></span> <span class='ocrx_word' id='word_1_607' title='bbox 666 3982 768 4022; x_wconf 89' lang='lat' dir='ltr'><strong>nec</strong></span> <span class='ocrx_word' id='word_1_608' title='bbox 792 3965 1157 4030; x_wconf 85' lang='lat' dir='ltr'><strong>consiliarius,</strong></span> <span class='ocrx_word' id='word_1_609' title='bbox 1191 3983 1290 4021; x_wconf 90' lang='lat' dir='ltr'><strong>nec</strong></span> <span class='ocrx_word' id='word_1_610' title='bbox 1321 3969 1497 4032; x_wconf 81' lang='lat' dir='ltr'><strong>tortis,</strong></span> <span class='ocrx_word' id='word_1_611' title='bbox 1518 3983 1618 4022; x_wconf 90' lang='lat' dir='ltr'><strong>nec</strong></span> <span class='ocrx_word' id='word_1_612' title='bbox 1647 3984 1768 4022; x_wconf 84' lang='lat' dir='ltr'><strong>eru-</strong></span> 
     </span>
    </p>
   </div>
   <div class='ocr_carea' id='block_1_68' title="bbox 143 4058 1770 4128">
    <p class='ocr_par' dir='ltr' id='par_1_68' title="bbox 143 4058 1770 4128">
     <span class='ocr_line' id='line_1_68' title="bbox 143 4058 1770 4128; baseline 0.001 -16"><span class='ocrx_word' id='word_1_613' title='bbox 143 4058 336 4119; x_wconf 88' lang='lat' dir='ltr'><strong>ditus,</strong></span> <span class='ocrx_word' id='word_1_614' title='bbox 372 4072 473 4113; x_wconf 88' lang='lat' dir='ltr'><strong>nec</strong></span> <span class='ocrx_word' id='word_1_615' title='bbox 493 4059 611 4127; x_wconf 89' lang='lat' dir='ltr'><strong>pius</strong></span> <span class='ocrx_word' id='word_1_616' title='bbox 631 4100 647 4124; x_wconf 91' lang='lat'><strong>,</strong></span> <span class='ocrx_word' id='word_1_617' title='bbox 677 4073 779 4113; x_wconf 87' lang='lat' dir='ltr'><strong>nec</strong></span> <span class='ocrx_word' id='word_1_618' title='bbox 806 4058 1000 4128; x_wconf 89' lang='lat' dir='ltr'><strong>plenus</strong></span> <span class='ocrx_word' id='word_1_619' title='bbox 1031 4059 1241 4111; x_wconf 90' lang='lat' dir='ltr'><strong>timoris</strong></span> <span class='ocrx_word' id='word_1_620' title='bbox 1269 4059 1390 4112; x_wconf 79' lang='lat' dir='ltr'><strong>Dei.</strong></span> <span class='ocrx_word' id='word_1_621' title='bbox 1425 4059 1492 4112; x_wconf 89' lang='lat' dir='ltr'><strong>Et</strong></span> <span class='ocrx_word' id='word_1_622' title='bbox 1523 4059 1626 4113; x_wconf 91' lang='lat' dir='ltr'><strong>hoc</strong></span> <span class='ocrx_word' id='word_1_623' title='bbox 1674 4077 1770 4113; x_wconf 84' lang='lat' dir='ltr'><strong>no-</strong></span> 
     </span>
    </p>
   </div>
   <div class='ocr_carea' id='block_1_69' title="bbox 144 4149 1770 4219">
    <p class='ocr_par' dir='ltr' id='par_1_69' title="bbox 144 4149 1770 4219">
     <span class='ocr_line' id='line_1_69' title="bbox 144 4149 1770 4219; baseline 0.001 -16"><span class='ocrx_word' id='word_1_624' title='bbox 144 4149 398 4204; x_wconf 83' lang='lat' dir='ltr'><strong>tandum</strong></span> <span class='ocrx_word' id='word_1_625' title='bbox 424 4151 564 4219; x_wconf 83' lang='lat' dir='ltr'><strong>quod</strong></span> <span class='ocrx_word' id='word_1_626' title='bbox 593 4151 834 4219; x_wconf 87' lang='lat' dir='ltr'><strong>Spiritus</strong></span> <span class='ocrx_word' id='word_1_627' title='bbox 865 4149 1108 4214; x_wconf 89' lang='lat' dir='ltr'><strong>Domini,</strong></span> <span class='ocrx_word' id='word_1_628' title='bbox 1141 4151 1424 4219; x_wconf 71' lang='lat' dir='ltr'><strong>sapientia:</strong></span> <span class='ocrx_word' id='word_1_629' title='bbox 1449 4193 1462 4214; x_wconf 91' lang='lat'><strong>,</strong></span> <span class='ocrx_word' id='word_1_630' title='bbox 1497 4159 1554 4205; x_wconf 88' lang='lat' dir='ltr'><strong>et</strong></span> <span class='ocrx_word' id='word_1_631' title='bbox 1605 4153 1770 4206; x_wconf 86' lang='lat' dir='ltr'><strong>intel-</strong></span> 
     </span>
    </p>
   </div>
   <div class='ocr_carea' id='block_1_70' title="bbox 142 4242 1765 4312">
    <p class='ocr_par' dir='ltr' id='par_1_70' title="bbox 142 4242 1765 4312">
     <span class='ocr_line' id='line_1_70' title="bbox 142 4242 1765 4312; baseline -0.001 -13"><span class='ocrx_word' id='word_1_632' title='bbox 142 4243 370 4308; x_wconf 90' lang='lat' dir='ltr'><strong>lectus,</strong></span> <span class='ocrx_word' id='word_1_633' title='bbox 396 4243 628 4309; x_wconf 88' lang='lat' dir='ltr'><strong>consilii,</strong></span> <span class='ocrx_word' id='word_1_634' title='bbox 647 4255 701 4298; x_wconf 90' lang='lat' dir='ltr'><strong>et</strong></span> <span class='ocrx_word' id='word_1_635' title='bbox 724 4242 1078 4307; x_wconf 78' lang='lat' dir='ltr'><strong>fortitudinis,</strong></span> <span class='ocrx_word' id='word_1_636' title='bbox 1101 4252 1153 4296; x_wconf 87' lang='lat' dir='ltr'><strong>et</strong></span> <span class='ocrx_word' id='word_1_637' title='bbox 1170 4242 1432 4307; x_wconf 71' lang='lat' dir='ltr'><strong>scientim,</strong></span> <span class='ocrx_word' id='word_1_638' title='bbox 1456 4243 1765 4312; x_wconf 88' lang='lat' dir='ltr'><strong>etpietatis,</strong></span> 
     </span>
    </p>
   </div>
   <div class='ocr_carea' id='block_1_71' title="bbox 142 4335 1771 4405">
    <p class='ocr_par' dir='ltr' id='par_1_71' title="bbox 142 4335 1771 4405">
     <span class='ocr_line' id='line_1_71' title="bbox 142 4335 1771 4405; baseline -0.002 -12"><span class='ocrx_word' id='word_1_639' title='bbox 142 4347 201 4393; x_wconf 84' lang='lat' dir='ltr'><strong>et</strong></span> <span class='ocrx_word' id='word_1_640' title='bbox 232 4336 462 4392; x_wconf 85' lang='lat' dir='ltr'><strong>timoris</strong></span> <span class='ocrx_word' id='word_1_641' title='bbox 486 4336 713 4404; x_wconf 90' lang='lat' dir='ltr'><strong>Domini,</strong></span> <span class='ocrx_word' id='word_1_642' title='bbox 748 4337 799 4390; x_wconf 92' lang='lat' dir='ltr'><strong>id</strong></span> <span class='ocrx_word' id='word_1_643' title='bbox 839 4346 940 4399; x_wconf 82' lang='lat' dir='ltr'><strong>est,</strong></span> <span class='ocrx_word' id='word_1_644' title='bbox 979 4335 1330 4404; x_wconf 78' lang='lat' dir='ltr'><strong>septenarius</strong></span> <span class='ocrx_word' id='word_1_645' title='bbox 1369 4351 1651 4400; x_wconf 83' lang='lat' dir='ltr'><strong>numerus,</strong></span> <span class='ocrx_word' id='word_1_646' title='bbox 1678 4338 1771 4405; x_wconf 87' lang='lat' dir='ltr'><strong>qui</strong></span> 
     </span>
    </p>
   </div>
   <div class='ocr_carea' id='block_1_72' title="bbox 141 4429 1774 4502">
    <p class='ocr_par' dir='ltr' id='par_1_72' title="bbox 141 4429 1774 4502">
     <span class='ocr_line' id='line_1_72' title="bbox 141 4429 1774 4502; baseline -0.004 -14"><span class='ocrx_word' id='word_1_647' title='bbox 141 4442 384 4502; x_wconf 79' lang='lat' dir='ltr'><strong>Septem</strong></span> <span class='ocrx_word' id='word_1_648' title='bbox 427 4431 568 4487; x_wconf 89' lang='lat' dir='ltr'><strong>oculi</strong></span> <span class='ocrx_word' id='word_1_649' title='bbox 615 4431 667 4486; x_wconf 94' lang='lat' dir='ltr'><strong>in</strong></span> <span class='ocrx_word' id='word_1_650' title='bbox 715 4447 822 4486; x_wconf 88' lang='lat' dir='ltr'><strong>uno</strong></span> <span class='ocrx_word' id='word_1_651' title='bbox 877 4431 1055 4500; x_wconf 84' lang='lat' dir='ltr'><strong>lapide</strong></span> <span class='ocrx_word' id='word_1_652' title='bbox 1092 4429 1353 4483; x_wconf 89' lang='lat' dir='ltr'><strong>dicuntur</strong></span> <span class='ocrx_word' id='word_1_653' title='bbox 1398 4429 1451 4484; x_wconf 92' lang='lat' dir='ltr'><strong>in</strong></span> <span class='ocrx_word' id='word_1_654' title='bbox 1505 4429 1774 4483; x_wconf 85' lang='lat' dir='ltr'><strong>Zacharia</strong></span> 
     </span>
    </p>
   </div>
   <div class='ocr_carea' id='block_1_73' title="bbox 143 4521 1774 4596">
    <p class='ocr_par' dir='ltr' id='par_1_73' title="bbox 143 4521 1774 4596">
     <span class='ocr_line' id='line_1_73' title="bbox 143 4521 1774 4596; baseline -0.001 -18"><span class='ocrx_word' id='word_1_655' title='bbox 143 4521 323 4593; x_wconf 84' lang='lat' dir='ltr'><strong>(Cnp.</strong></span> <span class='ocrx_word' id='word_1_656' title='bbox 356 4523 474 4596; x_wconf 88' lang='grc' dir='ltr'>ιιι),</span> <span class='ocrx_word' id='word_1_657' title='bbox 510 4525 817 4595; x_wconf 84' lang='lat' dir='ltr'><strong>requiescat</strong></span> <span class='ocrx_word' id='word_1_658' title='bbox 861 4539 1026 4592; x_wconf 90' lang='lat' dir='ltr'><strong>super</strong></span> <span class='ocrx_word' id='word_1_659' title='bbox 1075 4522 1279 4592; x_wconf 81' lang='lat' dir='ltr'><strong>virgam</strong></span> <span class='ocrx_word' id='word_1_660' title='bbox 1311 4531 1365 4576; x_wconf 89' lang='lat' dir='ltr'><strong>et</strong></span> <span class='ocrx_word' id='word_1_661' title='bbox 1396 4522 1587 4576; x_wconf 89' lang='lat' dir='ltr'><strong>florem</strong></span> <span class='ocrx_word' id='word_1_662' title='bbox 1611 4562 1626 4587; x_wconf 95' lang='lat'><strong>,</strong></span> <span class='ocrx_word' id='word_1_663' title='bbox 1681 4523 1774 4592; x_wconf 85' lang='lat' dir='ltr'><strong>qui</strong></span> 
     </span>
    </p>
   </div>
   <div class='ocr_carea' id='block_1_74' title="bbox 143 4613 1774 4685">
    <p class='ocr_par' dir='ltr' id='par_1_74' title="bbox 143 4613 1774 4685">
     <span class='ocr_line' id='line_1_74' title="bbox 143 4613 1774 4685; baseline -0.003 -13"><span class='ocrx_word' id='word_1_664' title='bbox 143 4617 218 4672; x_wconf 88' lang='lat' dir='ltr'><strong>de</strong></span> <span class='ocrx_word' id='word_1_665' title='bbox 251 4615 442 4683; x_wconf 69' lang='lat' dir='ltr'><strong>Iesse,</strong></span> <span class='ocrx_word' id='word_1_666' title='bbox 475 4631 540 4671; x_wconf 89' lang='lat' dir='ltr'><strong>ac</strong></span> <span class='ocrx_word' id='word_1_667' title='bbox 573 4632 671 4685; x_wconf 91' lang='lat' dir='ltr'><strong>per</strong></span> <span class='ocrx_word' id='word_1_668' title='bbox 695 4616 798 4671; x_wconf 92' lang='lat' dir='ltr'><strong>hoc</strong></span> <span class='ocrx_word' id='word_1_669' title='bbox 819 4616 987 4670; x_wconf 82' lang='lat' dir='ltr'><strong>David</strong></span> <span class='ocrx_word' id='word_1_670' title='bbox 1019 4616 1187 4684; x_wconf 89' lang='lat' dir='ltr'><strong>stirpe</strong></span> <span class='ocrx_word' id='word_1_671' title='bbox 1209 4615 1472 4671; x_wconf 78' lang='lat' dir='ltr'><strong>surrexit.</strong></span> <span class='ocrx_word' id='word_1_672' title='bbox 1506 4613 1774 4683; x_wconf 88' lang='lat' dir='ltr'><strong>Speciali—</strong></span> 
     </span>
    </p>
   </div>
   <div class='ocr_carea' id='block_1_75' title="bbox 1878 3412 3483 3485">
    <p class='ocr_par' dir='ltr' id='par_1_75' title="bbox 1878 3412 3483 3485">
     <span class='ocr_line' id='line_1_75' title="bbox 1878 3412 3483 3485; baseline 0.004 -21"><span class='ocrx_word' id='word_1_673' title='bbox 1878 3412 2178 3483; x_wconf 86' lang='lat' dir='ltr'><strong>insipientes</strong></span> <span class='ocrx_word' id='word_1_674' title='bbox 2209 3415 2330 3466; x_wconf 88' lang='lat' dir='ltr'><strong>estis</strong></span> <span class='ocrx_word' id='word_1_675' title='bbox 2351 3418 2375 3467; x_wconf 70' lang='grc' dir='ltr'><strong>ἓν</strong></span> <span class='ocrx_word' id='word_1_676' title='bbox 2404 3412 2475 3467; x_wconf 87' lang='lat' dir='ltr'><strong>Et</strong></span> <span class='ocrx_word' id='word_1_677' title='bbox 2504 3413 2702 3467; x_wconf 89' lang='lat' dir='ltr'><strong>iterum</strong></span> <span class='ocrx_word' id='word_1_678' title='bbox 2737 3431 2750 3468; x_wconf 87' lang='lat'><strong>:</strong></span> <span class='ocrx_word' id='word_1_679' title='bbox 2784 3413 3022 3468; x_wconf 83' lang='lat' dir='ltr'><strong>Necdum</strong></span> <span class='ocrx_word' id='word_1_680' title='bbox 3044 3417 3185 3469; x_wconf 90' lang='lat' dir='ltr'><strong>scitis</strong></span> <span class='ocrx_word' id='word_1_681' title='bbox 3214 3433 3371 3485; x_wconf 87' lang='lat' dir='ltr'><strong>neque</strong></span> <span class='ocrx_word' id='word_1_682' title='bbox 3401 3418 3483 3470; x_wconf 83' lang='lat' dir='ltr'><strong>in-</strong></span> 
     </span>
    </p>
   </div>
   <div class='ocr_carea' id='block_1_76' title="bbox 1876 3504 3477 3578">
    <p class='ocr_par' dir='ltr' id='par_1_76' title="bbox 1876 3504 3477 3578">
     <span class='ocr_line' id='line_1_76' title="bbox 1876 3504 3477 3578; baseline 0.002 -20"><span class='ocrx_word' id='word_1_683' title='bbox 1876 3504 2147 3575; x_wconf 86' lang='lat' dir='ltr'><strong>telligitis?</strong></span> <span class='ocrx_word' id='word_1_684' title='bbox 2197 3505 2259 3560; x_wconf 88' lang='lat' dir='ltr'><strong>Et</strong></span> <span class='ocrx_word' id='word_1_685' title='bbox 2293 3506 2359 3560; x_wconf 91' lang='lat' dir='ltr'><strong>ad</strong></span> <span class='ocrx_word' id='word_1_686' title='bbox 2415 3507 2636 3562; x_wconf 82' lang='lat' dir='ltr'><strong>Petrqu</strong></span> <span class='ocrx_word' id='word_1_687' title='bbox 2686 3509 3005 3576; x_wconf 83' lang='lat' dir='ltr'><strong>specialiter</strong></span> <span class='ocrx_word' id='word_1_688' title='bbox 3037 3526 3049 3562; x_wconf 90' lang='lat'><strong>:</strong></span> <span class='ocrx_word' id='word_1_689' title='bbox 3080 3507 3304 3562; x_wconf 83' lang='lat' dir='ltr'><strong>Modij</strong></span> <span class='ocrx_word' id='word_1_690' title='bbox 3334 3509 3477 3578; x_wconf 79' lang='lat' dir='ltr'><strong>ﬁdei,</strong></span> 
     </span>
    </p>
   </div>
   <div class='ocr_carea' id='block_1_77' title="bbox 1877 3597 3484 3672">
    <p class='ocr_par' dir='ltr' id='par_1_77' title="bbox 1877 3597 3484 3672">
     <span class='ocr_line' id='line_1_77' title="bbox 1877 3597 3484 3672; baseline 0.005 -24"><span class='ocrx_word' id='word_1_691' title='bbox 1877 3614 2037 3666; x_wconf 86' lang='lat' dir='ltr'><strong>quare</strong></span> <span class='ocrx_word' id='word_1_692' title='bbox 2067 3597 2313 3651; x_wconf 88' lang='lat' dir='ltr'><strong>dubitasti</strong></span> <span class='ocrx_word' id='word_1_693' title='bbox 2353 3597 2551 3670; x_wconf 84' lang='lat' dir='ltr'><strong>(Marc.</strong></span> <span class='ocrx_word' id='word_1_694' title='bbox 2602 3615 2714 3664; x_wconf 86' lang='lat' dir='ltr'><strong>vm,</strong></span> <span class='ocrx_word' id='word_1_695' title='bbox 2752 3602 2885 3672; x_wconf 81' lang='lat' dir='ltr'><strong>l7)?</strong></span> <span class='ocrx_word' id='word_1_696' title='bbox 2913 3601 3012 3655; x_wconf 89' lang='lat' dir='ltr'><strong>Vel</strong></span> <span class='ocrx_word' id='word_1_697' title='bbox 3049 3613 3206 3656; x_wconf 89' lang='lat' dir='ltr'><strong>certe</strong></span> <span class='ocrx_word' id='word_1_698' title='bbox 3255 3616 3353 3672; x_wconf 85' lang='lat' dir='ltr'><strong>pro</strong></span> <span class='ocrx_word' id='word_1_699' title='bbox 3383 3602 3484 3656; x_wconf 88' lang='lat' dir='ltr'><strong>hu-</strong></span> 
     </span>
    </p>
   </div>
   <div class='ocr_carea' id='block_1_78' title="bbox 1879 3690 3481 3766">
    <p class='ocr_par' dir='ltr' id='par_1_78' title="bbox 1879 3690 3481 3766">
     <span class='ocr_line' id='line_1_78' title="bbox 1879 3690 3481 3766; baseline 0.006 -23"><span class='ocrx_word' id='word_1_700' title='bbox 1879 3690 2099 3744; x_wconf 89' lang='lat' dir='ltr'><strong>milibus</strong></span> <span class='ocrx_word' id='word_1_701' title='bbox 2150 3702 2316 3761; x_wconf 86' lang='lat' dir='ltr'><strong>alque</strong></span> <span class='ocrx_word' id='word_1_702' title='bbox 2368 3695 2676 3746; x_wconf 84' lang='lat' dir='ltr'><strong>mansuetis</strong></span> <span class='ocrx_word' id='word_1_703' title='bbox 2727 3695 2868 3749; x_wconf 92' lang='lat' dir='ltr'><strong>alios</strong></span> <span class='ocrx_word' id='word_1_704' title='bbox 2912 3695 3198 3766; x_wconf 85' lang='lat' dir='ltr'><strong>arguebat.</strong></span> <span class='ocrx_word' id='word_1_705' title='bbox 3240 3697 3332 3766; x_wconf 92' lang='lat' dir='ltr'><strong>qui</strong></span> <span class='ocrx_word' id='word_1_706' title='bbox 3385 3713 3481 3753; x_wconf 88' lang='lat' dir='ltr'><strong>eos</strong></span> 
     </span>
    </p>
   </div>
   <div class='ocr_carea' id='block_1_79' title="bbox 1876 3784 3477 3862">
    <p class='ocr_par' dir='ltr' id='par_1_79' title="bbox 1876 3784 3477 3862">
     <span class='ocr_line' id='line_1_79' title="bbox 1876 3784 3477 3862; baseline 0.006 -27"><span class='ocrx_word' id='word_1_707' title='bbox 1876 3784 2190 3850; x_wconf 88' lang='lat' dir='ltr'><strong>opprimere</strong></span> <span class='ocrx_word' id='word_1_708' title='bbox 2211 3785 2732 3856; x_wconf 81' lang='lat' dir='ltr'><strong>conabantur(!llat.</strong></span> <span class='ocrx_word' id='word_1_709' title='bbox 2757 3804 2868 3854; x_wconf 82' lang='lat' dir='ltr'><strong>xw,</strong></span> <span class='ocrx_word' id='word_1_710' title='bbox 2893 3790 3006 3859; x_wconf 79' lang='grc'><strong>51).</strong></span> <span class='ocrx_word' id='word_1_711' title='bbox 3034 3789 3312 3844; x_wconf 87' lang='lat' dir='ltr'><strong>Percussit</strong></span> <span class='ocrx_word' id='word_1_712' title='bbox 3339 3807 3477 3862; x_wconf 89' lang='lat' dir='ltr'><strong>quo-</strong></span> 
     </span>
    </p>
   </div>
   <div class='ocr_carea' id='block_1_80' title="bbox 1877 3878 3479 3951">
    <p class='ocr_par' dir='ltr' id='par_1_80' title="bbox 1877 3878 3479 3951">
     <span class='ocr_line' id='line_1_80' title="bbox 1877 3878 3479 3951; baseline 0.007 -24"><span class='ocrx_word' id='word_1_713' title='bbox 1877 3893 1984 3947; x_wconf 89' lang='lat' dir='ltr'><strong>que</strong></span> <span class='ocrx_word' id='word_1_714' title='bbox 2015 3878 2200 3931; x_wconf 89' lang='lat' dir='ltr'><strong>omnia</strong></span> <span class='ocrx_word' id='word_1_715' title='bbox 2228 3887 2442 3932; x_wconf 89' lang='lat' dir='ltr'><strong>terrena</strong></span> <span class='ocrx_word' id='word_1_716' title='bbox 2476 3895 2644 3949; x_wconf 87' lang='lat' dir='ltr'><strong>opera</strong></span> <span class='ocrx_word' id='word_1_717' title='bbox 2677 3882 2852 3951; x_wconf 85' lang='lat' dir='ltr'><strong>virga,</strong></span> <span class='ocrx_word' id='word_1_718' title='bbox 2887 3883 3004 3936; x_wconf 89' lang='lat' dir='ltr'><strong>sive</strong></span> <span class='ocrx_word' id='word_1_719' title='bbox 3032 3892 3090 3936; x_wconf 89' lang='lat' dir='ltr'><strong>ut</strong></span> <span class='ocrx_word' id='word_1_720' title='bbox 3120 3881 3263 3937; x_wconf 80' lang='lat' dir='ltr'><strong>LXX</strong></span> <span class='ocrx_word' id='word_1_721' title='bbox 3296 3895 3479 3939; x_wconf 83' lang='lat' dir='ltr'><strong>trans-</strong></span> 
     </span>
    </p>
   </div>
   <div class='ocr_carea' id='block_1_81' title="bbox 1881 3969 3478 4042">
    <p class='ocr_par' dir='ltr' id='par_1_81' title="bbox 1881 3969 3478 4042">
     <span class='ocr_line' id='line_1_81' title="bbox 1881 3969 3478 4042; baseline 0.004 -21"><span class='ocrx_word' id='word_1_722' title='bbox 1881 3969 2146 4034; x_wconf 87' lang='lat' dir='ltr'><strong>tulerunt,</strong></span> <span class='ocrx_word' id='word_1_723' title='bbox 2177 3971 2328 4022; x_wconf 82' lang='lat' dir='ltr'><strong>verbo</strong></span> <span class='ocrx_word' id='word_1_724' title='bbox 2373 3972 2477 4024; x_wconf 86' lang='lat' dir='ltr'><strong>oris</strong></span> <span class='ocrx_word' id='word_1_725' title='bbox 2508 3973 2611 4036; x_wconf 89' lang='lat' dir='ltr'><strong>sui,</strong></span> <span class='ocrx_word' id='word_1_726' title='bbox 2639 3973 2871 4042; x_wconf 86' lang='lat' dir='ltr'><strong>loquens</strong></span> <span class='ocrx_word' id='word_1_727' title='bbox 2904 3972 2958 4026; x_wconf 89' lang='lat' dir='ltr'><strong>in</strong></span> <span class='ocrx_word' id='word_1_728' title='bbox 2991 3974 3296 4042; x_wconf 84' lang='lat' dir='ltr'><strong>Evangelio</strong></span> <span class='ocrx_word' id='word_1_729' title='bbox 3322 3992 3334 4027; x_wconf 88' lang='lat'><strong>:</strong></span> <span class='ocrx_word' id='word_1_730' title='bbox 3363 3974 3478 4028; x_wconf 81' lang='lat' dir='ltr'><strong>No-</strong></span> 
     </span>
    </p>
   </div>
   <div class='ocr_carea' id='block_1_82' title="bbox 1877 4059 3476 4134">
    <p class='ocr_par' dir='ltr' id='par_1_82' title="bbox 1877 4059 3476 4134">
     <span class='ocr_line' id='line_1_82' title="bbox 1877 4059 3476 4134; baseline 0.004 -23"><span class='ocrx_word' id='word_1_731' title='bbox 1877 4059 1967 4114; x_wconf 89' lang='lat' dir='ltr'><strong>lite</strong></span> <span class='ocrx_word' id='word_1_732' title='bbox 1997 4072 2200 4127; x_wconf 86' lang='lat' dir='ltr'><strong>putare,</strong></span> <span class='ocrx_word' id='word_1_733' title='bbox 2231 4064 2351 4128; x_wconf 81' lang='lat' dir='ltr'><strong>quia</strong></span> <span class='ocrx_word' id='word_1_734' title='bbox 2383 4079 2472 4116; x_wconf 84' lang='lat' dir='ltr'><strong>ven</strong></span> <span class='ocrx_word' id='word_1_735' title='bbox 2485 4063 2603 4116; x_wconf 69' lang='lat' dir='ltr'><strong>erim</strong></span> <span class='ocrx_word' id='word_1_736' title='bbox 2633 4065 2831 4117; x_wconf 85' lang='lat' dir='ltr'><strong>mittere</strong></span> <span class='ocrx_word' id='word_1_737' title='bbox 2853 4080 3032 4133; x_wconf 88' lang='lat' dir='ltr'><strong>pacem</strong></span> <span class='ocrx_word' id='word_1_738' title='bbox 3057 4080 3212 4134; x_wconf 86' lang='lat' dir='ltr'><strong>super</strong></span> <span class='ocrx_word' id='word_1_739' title='bbox 3241 4074 3430 4116; x_wconf 88' lang='lat' dir='ltr'><strong>terram</strong></span> <span class='ocrx_word' id='word_1_740' title='bbox 3458 4083 3476 4118; x_wconf 66' lang='grc' dir='ltr'><strong><em>ε</em></strong></span> 
     </span>
    </p>
   </div>
   <div class='ocr_carea' id='block_1_83' title="bbox 1878 4151 3478 4225">
    <p class='ocr_par' dir='ltr' id='par_1_83' title="bbox 1878 4151 3478 4225">
     <span class='ocr_line' id='line_1_83' title="bbox 1878 4151 3478 4225; baseline 0.002 -21"><span class='ocrx_word' id='word_1_741' title='bbox 1878 4169 1980 4206; x_wconf 88' lang='lat' dir='ltr'><strong>non</strong></span> <span class='ocrx_word' id='word_1_742' title='bbox 2010 4155 2144 4206; x_wconf 87' lang='lat' dir='ltr'><strong>enim</strong></span> <span class='ocrx_word' id='word_1_743' title='bbox 2172 4155 2285 4206; x_wconf 85' lang='lat' dir='ltr'><strong>veni</strong></span> <span class='ocrx_word' id='word_1_744' title='bbox 2312 4154 2510 4207; x_wconf 86' lang='lat' dir='ltr'><strong>mittere</strong></span> <span class='ocrx_word' id='word_1_745' title='bbox 2549 4170 2748 4225; x_wconf 82' lang='lat' dir='ltr'><strong>pacem,</strong></span> <span class='ocrx_word' id='word_1_746' title='bbox 2782 4155 2873 4206; x_wconf 87' lang='lat' dir='ltr'><strong>sed</strong></span> <span class='ocrx_word' id='word_1_747' title='bbox 2903 4154 3157 4220; x_wconf 87' lang='lat' dir='ltr'><strong>gladium.</strong></span> <span class='ocrx_word' id='word_1_748' title='bbox 3189 4151 3254 4205; x_wconf 88' lang='lat' dir='ltr'><strong>Et</strong></span> <span class='ocrx_word' id='word_1_749' title='bbox 3287 4155 3478 4220; x_wconf 88' lang='lat' dir='ltr'><strong>spiritu</strong></span> 
     </span>
    </p>
   </div>
   <div class='ocr_carea' id='block_1_84' title="bbox 1877 4243 3483 4316">
    <p class='ocr_par' dir='ltr' id='par_1_84' title="bbox 1877 4243 3483 4316">
     <span class='ocr_line' id='line_1_84' title="bbox 1877 4243 3483 4316; baseline 0.002 -20"><span class='ocrx_word' id='word_1_750' title='bbox 1877 4244 2372 4300; x_wconf 87' lang='lat' dir='ltr'><strong>labiorumsuorum</strong></span> <span class='ocrx_word' id='word_1_751' title='bbox 2413 4247 2688 4313; x_wconf 84' lang='lat' dir='ltr'><strong>inter/iciet</strong></span> <span class='ocrx_word' id='word_1_752' title='bbox 2719 4246 2940 4312; x_wconf 88' lang='lat' dir='ltr'><strong>impium</strong></span> <span class='ocrx_word' id='word_1_753' title='bbox 2987 4243 3148 4316; x_wconf 85' lang='lat' dir='ltr'><strong>(Mat.</strong></span> <span class='ocrx_word' id='word_1_754' title='bbox 3207 4260 3262 4312; x_wconf 84' lang='grc' dir='ltr'><strong>χ,</strong></span> <span class='ocrx_word' id='word_1_755' title='bbox 3295 4245 3384 4309; x_wconf 72' lang='grc'><strong>54,</strong></span> <span class='ocrx_word' id='word_1_756' title='bbox 3435 4255 3483 4299; x_wconf 86' lang='lat' dir='ltr'><strong>et</strong></span> 
     </span>
    </p>
   </div>
   <div class='ocr_carea' id='block_1_85' title="bbox 1882 4335 3486 4409">
    <p class='ocr_par' dir='ltr' id='par_1_85' title="bbox 1882 4335 3486 4409">
     <span class='ocr_line' id='line_1_85' title="bbox 1882 4335 3486 4409; baseline 0.002 -19"><span class='ocrx_word' id='word_1_757' title='bbox 1882 4335 2011 4390; x_wconf 89' lang='lat' dir='ltr'><strong>Luc.</strong></span> <span class='ocrx_word' id='word_1_758' title='bbox 2044 4354 2139 4403; x_wconf 91' lang='grc' dir='ltr'>χιι,</span> <span class='ocrx_word' id='word_1_759' title='bbox 2167 4339 2263 4406; x_wconf 81' lang='grc'><strong>51)</strong></span> <span class='ocrx_word' id='word_1_760' title='bbox 2293 4357 2304 4391; x_wconf 91' lang='lat'>:</span> <span class='ocrx_word' id='word_1_761' title='bbox 2333 4339 2402 4392; x_wconf 85' lang='lat' dir='ltr'><strong>de</strong></span> <span class='ocrx_word' id='word_1_762' title='bbox 2434 4354 2544 4409; x_wconf 90' lang='lat' dir='ltr'><strong>quo</strong></span> <span class='ocrx_word' id='word_1_763' title='bbox 2576 4341 2628 4392; x_wconf 90' lang='lat' dir='ltr'><strong>in</strong></span> <span class='ocrx_word' id='word_1_764' title='bbox 2658 4355 2805 4392; x_wconf 87' lang='lat' dir='ltr'><strong>nono</strong></span> <span class='ocrx_word' id='word_1_765' title='bbox 2835 4339 3045 4408; x_wconf 82' lang='lat' dir='ltr'><strong>psalmo</strong></span> <span class='ocrx_word' id='word_1_766' title='bbox 3070 4339 3309 4409; x_wconf 82' lang='lat' dir='ltr'><strong>legimus</strong></span> <span class='ocrx_word' id='word_1_767' title='bbox 3341 4357 3352 4393; x_wconf 86' lang='lat'><strong>:</strong></span> <span class='ocrx_word' id='word_1_768' title='bbox 3386 4337 3486 4393; x_wconf 87' lang='lat' dir='ltr'><strong>In-</strong></span> 
     </span>
    </p>
   </div>
   <div class='ocr_carea' id='block_1_86' title="bbox 1878 4430 3481 4501">
    <p class='ocr_par' dir='ltr' id='par_1_86' title="bbox 1878 4430 3481 4501">
     <span class='ocr_line' id='line_1_86' title="bbox 1878 4430 3481 4501; baseline 0.004 -21"><span class='ocrx_word' id='word_1_769' title='bbox 1878 4430 2098 4498; x_wconf 88' lang='lat' dir='ltr'><strong>crepasti</strong></span> <span class='ocrx_word' id='word_1_770' title='bbox 2120 4438 2313 4498; x_wconf 89' lang='lat' dir='ltr'><strong>gentes,</strong></span> <span class='ocrx_word' id='word_1_771' title='bbox 2339 4441 2390 4483; x_wconf 91' lang='lat' dir='ltr'><strong>et</strong></span> <span class='ocrx_word' id='word_1_772' title='bbox 2436 4431 2586 4501; x_wconf 82' lang='lat' dir='ltr'><strong>periit</strong></span> <span class='ocrx_word' id='word_1_773' title='bbox 2614 4432 2804 4500; x_wconf 89' lang='lat' dir='ltr'><strong>impius</strong></span> <span class='ocrx_word' id='word_1_774' title='bbox 2827 4447 2845 4484; x_wconf 91' lang='lat'><strong><em>:</em></strong></span> <span class='ocrx_word' id='word_1_775' title='bbox 2869 4447 3053 4485; x_wconf 89' lang='lat' dir='ltr'><strong>nomen</strong></span> <span class='ocrx_word' id='word_1_776' title='bbox 3084 4448 3261 4486; x_wconf 86' lang='lat' dir='ltr'><strong>eorum</strong></span> <span class='ocrx_word' id='word_1_777' title='bbox 3301 4433 3481 4487; x_wconf 87' lang='lat' dir='ltr'><strong>delesti</strong></span> 
     </span>
    </p>
   </div>
   <div class='ocr_carea' id='block_1_87' title="bbox 1877 4517 3484 4592">
    <p class='ocr_par' dir='ltr' id='par_1_87' title="bbox 1877 4517 3484 4592">
     <span class='ocr_line' id='line_1_87' title="bbox 1877 4517 3484 4592; baseline 0.005 -21"><span class='ocrx_word' id='word_1_778' title='bbox 1877 4519 1934 4571; x_wconf 88' lang='lat' dir='ltr'><strong>in</strong></span> <span class='ocrx_word' id='word_1_779' title='bbox 1958 4517 2207 4571; x_wconf 75' lang='lat' dir='ltr'><strong>steculum</strong></span> <span class='ocrx_word' id='word_1_780' title='bbox 2250 4527 2298 4571; x_wconf 89' lang='lat' dir='ltr'><strong>et</strong></span> <span class='ocrx_word' id='word_1_781' title='bbox 2321 4519 2377 4571; x_wconf 90' lang='lat' dir='ltr'><strong>in</strong></span> <span class='ocrx_word' id='word_1_782' title='bbox 2397 4522 2646 4573; x_wconf 66' lang='lat' dir='ltr'><strong>saeculum</strong></span> <span class='ocrx_word' id='word_1_783' title='bbox 2670 4523 2851 4574; x_wconf 69' lang='lat' dir='ltr'><strong>saeculi</strong></span> <span class='ocrx_word' id='word_1_784' title='bbox 2879 4522 2996 4585; x_wconf 84' lang='lat' dir='ltr'><strong>(Ps.</strong></span> <span class='ocrx_word' id='word_1_785' title='bbox 3022 4538 3102 4587; x_wconf 86' lang='grc' dir='ltr'><strong>ιχ,</strong></span> <span class='ocrx_word' id='word_1_786' title='bbox 3137 4523 3213 4592; x_wconf 86' lang='grc'><strong>6).</strong></span> <span class='ocrx_word' id='word_1_787' title='bbox 3247 4523 3312 4578; x_wconf 88' lang='lat' dir='ltr'><strong>Et</strong></span> <span class='ocrx_word' id='word_1_788' title='bbox 3344 4524 3484 4579; x_wconf 87' lang='lat' dir='ltr'><strong>Pau-</strong></span> 
     </span>
    </p>
   </div>
   <div class='ocr_carea' id='block_1_88' title="bbox 1881 4611 3485 4686">
    <p class='ocr_par' dir='ltr' id='par_1_88' title="bbox 1881 4611 3485 4686">
     <span class='ocr_line' id='line_1_88' title="bbox 1881 4611 3485 4686; baseline 0.005 -23"><span class='ocrx_word' id='word_1_789' title='bbox 1881 4611 1966 4664; x_wconf 92' lang='lat' dir='ltr'><strong>lus</strong></span> <span class='ocrx_word' id='word_1_790' title='bbox 1999 4611 2294 4678; x_wconf 79' lang='lat' dir='ltr'><strong>Apostolus</strong></span> <span class='ocrx_word' id='word_1_791' title='bbox 2321 4612 2520 4664; x_wconf 85' lang='lat' dir='ltr'><strong>scrihit</strong></span> <span class='ocrx_word' id='word_1_792' title='bbox 2551 4630 2564 4664; x_wconf 89' lang='lat'>:</span> <span class='ocrx_word' id='word_1_793' title='bbox 2595 4613 2758 4678; x_wconf 85' lang='lat' dir='ltr'><strong>Quem</strong></span> <span class='ocrx_word' id='word_1_794' title='bbox 2811 4613 3068 4669; x_wconf 74' lang='lat' dir='ltr'><strong>Dominus</strong></span> <span class='ocrx_word' id='word_1_795' title='bbox 3098 4615 3254 4670; x_wconf 86' lang='lat' dir='ltr'><strong>Jesus</strong></span> <span class='ocrx_word' id='word_1_796' title='bbox 3283 4618 3485 4686; x_wconf 81' lang='lat' dir='ltr'><strong>interﬁ-</strong></span> 
     </span>
    </p>
   </div>
   <div class='ocr_carea' id='block_1_89' title="bbox 147 4696 3487 4778">
    <p class='ocr_par' dir='ltr' id='par_1_89' title="bbox 147 4696 3487 4778">
     <span class='ocr_line' id='line_1_89' title="bbox 147 4696 3487 4778; baseline -0.001 -14"><span class='ocrx_word' id='word_1_797' title='bbox 147 4719 238 4764; x_wconf 89' lang='lat' dir='ltr'><strong>ter</strong></span> <span class='ocrx_word' id='word_1_798' title='bbox 270 4717 472 4764; x_wconf 87' lang='lat' dir='ltr'><strong>autem</strong></span> <span class='ocrx_word' id='word_1_799' title='bbox 500 4710 726 4778; x_wconf 89' lang='lat' dir='ltr'><strong>spiritus</strong></span> <span class='ocrx_word' id='word_1_800' title='bbox 756 4707 966 4762; x_wconf 91' lang='lat' dir='ltr'><strong>timoris</strong></span> <span class='ocrx_word' id='word_1_801' title='bbox 1013 4707 1228 4760; x_wconf 87' lang='lat' dir='ltr'><strong>Domini</strong></span> <span class='ocrx_word' id='word_1_802' title='bbox 1276 4705 1589 4777; x_wconf 86' lang='lat' dir='ltr'><strong>impleverit</strong></span> <span class='ocrx_word' id='word_1_803' title='bbox 1644 4721 1769 4760; x_wconf 88' lang='lat' dir='ltr'><strong>eum</strong></span> <span class='ocrx_word' id='word_1_804' title='bbox 1801 4696 1854 4757; x_wconf 87' lang='lat' dir='ltr'><strong>D</strong></span> <span class='ocrx_word' id='word_1_805' title='bbox 1879 4706 1972 4758; x_wconf 89' lang='lat' dir='ltr'><strong>ciet</strong></span> <span class='ocrx_word' id='word_1_806' title='bbox 1989 4703 2181 4772; x_wconf 86' lang='lat' dir='ltr'><strong>spiritu</strong></span> <span class='ocrx_word' id='word_1_807' title='bbox 2202 4703 2308 4756; x_wconf 86' lang='lat' dir='ltr'><strong>oris</strong></span> <span class='ocrx_word' id='word_1_808' title='bbox 2330 4702 2409 4756; x_wconf 90' lang='lat' dir='ltr'><strong>sui</strong></span> <span class='ocrx_word' id='word_1_809' title='bbox 2431 4701 2499 4771; x_wconf 91' lang='lat' dir='ltr'><strong>(ll</strong></span> <span class='ocrx_word' id='word_1_810' title='bbox 2523 4701 2701 4756; x_wconf 80' lang='lat' dir='ltr'><strong>Thess.</strong></span> <span class='ocrx_word' id='word_1_811' title='bbox 2724 4719 2782 4767; x_wconf 93' lang='grc' dir='ltr'><strong>ιι,</strong></span> <span class='ocrx_word' id='word_1_812' title='bbox 2801 4704 2863 4767; x_wconf 91' lang='grc'><strong>8;</strong></span> <span class='ocrx_word' id='word_1_813' title='bbox 2888 4704 3192 4775; x_wconf 76' lang='lat' dir='ltr'><strong>h‘phes.vt).</strong></span> <span class='ocrx_word' id='word_1_814' title='bbox 3215 4707 3487 4762; x_wconf 60' lang='lat' dir='ltr'><strong>Percusso</strong></span> 
     </span>
    </p>
   </div>
   <div class='ocr_carea' id='block_1_90' title="bbox 147 4798 1775 4874">
    <p class='ocr_par' dir='ltr' id='par_1_90' title="bbox 147 4798 1775 4874">
     <span class='ocr_line' id='line_1_90' title="bbox 147 4798 1775 4874; baseline -0.004 -16"><span class='ocrx_word' id='word_1_815' title='bbox 147 4812 402 4874; x_wconf 83' lang='lat' dir='ltr'><strong>prOptcr</strong></span> <span class='ocrx_word' id='word_1_816' title='bbox 421 4817 518 4857; x_wconf 91' lang='lat' dir='ltr'><strong>eos</strong></span> <span class='ocrx_word' id='word_1_817' title='bbox 538 4801 629 4870; x_wconf 83' lang='lat' dir='ltr'><strong>qui</strong></span> <span class='ocrx_word' id='word_1_818' title='bbox 655 4805 850 4856; x_wconf 89' lang='lat' dir='ltr'><strong>timore</strong></span> <span class='ocrx_word' id='word_1_819' title='bbox 875 4799 1086 4854; x_wconf 91' lang='lat' dir='ltr'><strong>Domini</strong></span> <span class='ocrx_word' id='word_1_820' title='bbox 1110 4799 1354 4868; x_wconf 80' lang='lat' dir='ltr'><strong>indigent</strong></span> <span class='ocrx_word' id='word_1_821' title='bbox 1379 4819 1388 4852; x_wconf 90' lang='lat'><strong>:</strong></span> <span class='ocrx_word' id='word_1_822' title='bbox 1413 4799 1538 4869; x_wconf 87' lang='lat' dir='ltr'><strong>quia</strong></span> <span class='ocrx_word' id='word_1_823' title='bbox 1564 4798 1775 4868; x_wconf 89' lang='lat' dir='ltr'><strong>parvuli</strong></span> 
     </span>
    </p>
   </div>
   <div class='ocr_carea' id='block_1_91' title="bbox 144 4888 1776 4963">
    <p class='ocr_par' dir='ltr' id='par_1_91' title="bbox 144 4888 1776 4963">
     <span class='ocr_line' id='line_1_91' title="bbox 144 4888 1776 4963; baseline -0.004 -14"><span class='ocrx_word' id='word_1_824' title='bbox 144 4904 311 4963; x_wconf 89' lang='lat' dir='ltr'><strong>sunt,</strong></span> <span class='ocrx_word' id='word_1_825' title='bbox 343 4908 509 4961; x_wconf 80' lang='lat' dir='ltr'><strong>quem</strong></span> <span class='ocrx_word' id='word_1_826' title='bbox 550 4892 698 4947; x_wconf 82' lang='lat' dir='ltr'><strong>foras</strong></span> <span class='ocrx_word' id='word_1_827' title='bbox 730 4891 890 4946; x_wconf 89' lang='lat' dir='ltr'><strong>mittit</strong></span> <span class='ocrx_word' id='word_1_828' title='bbox 940 4888 1178 4960; x_wconf 82' lang='lat' dir='ltr'><strong>perfecta</strong></span> <span class='ocrx_word' id='word_1_829' title='bbox 1208 4889 1444 4943; x_wconf 90' lang='lat' dir='ltr'><strong>dilectio.</strong></span> <span class='ocrx_word' id='word_1_830' title='bbox 1478 4889 1580 4956; x_wconf 86' lang='lat' dir='ltr'><strong>Qui</strong></span> <span class='ocrx_word' id='word_1_831' title='bbox 1627 4889 1776 4943; x_wconf 91' lang='lat' dir='ltr'><strong>enim</strong></span> 
     </span>
    </p>
   </div>
   <div class='ocr_carea' id='block_1_92' title="bbox 145 4981 1774 5054">
    <p class='ocr_par' dir='ltr' id='par_1_92' title="bbox 145 4981 1774 5054">
     <span class='ocr_line' id='line_1_92' title="bbox 145 4981 1774 5054; baseline -0.004 -13"><span class='ocrx_word' id='word_1_832' title='bbox 145 4987 343 5054; x_wconf 90' lang='lat' dir='ltr'><strong>timet,</strong></span> <span class='ocrx_word' id='word_1_833' title='bbox 387 5000 604 5054; x_wconf 71' lang='lat' dir='ltr'><strong>pmnam</strong></span> <span class='ocrx_word' id='word_1_834' title='bbox 641 4985 828 5051; x_wconf 90' lang='lat' dir='ltr'><strong>habet,</strong></span> <span class='ocrx_word' id='word_1_835' title='bbox 875 4992 931 5039; x_wconf 86' lang='lat' dir='ltr'><strong>et</strong></span> <span class='ocrx_word' id='word_1_836' title='bbox 961 4998 1067 5038; x_wconf 90' lang='lat' dir='ltr'><strong>nou</strong></span> <span class='ocrx_word' id='word_1_837' title='bbox 1097 4989 1182 5037; x_wconf 88' lang='lat' dir='ltr'><strong>est</strong></span> <span class='ocrx_word' id='word_1_838' title='bbox 1220 4982 1492 5051; x_wconf 83' lang='lat' dir='ltr'><strong>perfectus</strong></span> <span class='ocrx_word' id='word_1_839' title='bbox 1540 4982 1583 5054; x_wconf 96' lang='lat' dir='ltr'><strong>(l</strong></span> <span class='ocrx_word' id='word_1_840' title='bbox 1612 4981 1774 5036; x_wconf 80' lang='lat' dir='ltr'><strong>Joan.</strong></span> 
     </span>
    </p>
   </div>
   <div class='ocr_carea' id='block_1_93' title="bbox 141 5075 1776 5150">
    <p class='ocr_par' dir='ltr' id='par_1_93' title="bbox 141 5075 1776 5150">
     <span class='ocr_line' id='line_1_93' title="bbox 141 5075 1776 5150; baseline -0.003 -16"><span class='ocrx_word' id='word_1_841' title='bbox 141 5095 228 5144; x_wconf 81' lang='lat' dir='ltr'><strong>tv,</strong></span> <span class='ocrx_word' id='word_1_842' title='bbox 272 5076 402 5150; x_wconf 76' lang='grc'><strong>18).</strong></span> <span class='ocrx_word' id='word_1_843' title='bbox 436 5077 592 5134; x_wconf 89' lang='lat' dir='ltr'><strong>Unde</strong></span> <span class='ocrx_word' id='word_1_844' title='bbox 633 5087 689 5133; x_wconf 87' lang='lat' dir='ltr'><strong>et</strong></span> <span class='ocrx_word' id='word_1_845' title='bbox 720 5076 1017 5147; x_wconf 85' lang='lat' dir='ltr'><strong>Apostolus</strong></span> <span class='ocrx_word' id='word_1_846' title='bbox 1050 5075 1291 5145; x_wconf 88' lang='lat' dir='ltr'><strong>loquitur</strong></span> <span class='ocrx_word' id='word_1_847' title='bbox 1326 5075 1393 5129; x_wconf 87' lang='lat' dir='ltr'><strong>ad</strong></span> <span class='ocrx_word' id='word_1_848' title='bbox 1437 5076 1731 5130; x_wconf 87' lang='lat' dir='ltr'><strong>credentes</strong></span> <span class='ocrx_word' id='word_1_849' title='bbox 1762 5094 1776 5129; x_wconf 90' lang='lat'><strong>:</strong></span> 
     </span>
    </p>
   </div>
   <div class='ocr_carea' id='block_1_94' title="bbox 147 5171 1780 5244">
    <p class='ocr_par' dir='ltr' id='par_1_94' title="bbox 147 5171 1780 5244">
     <span class='ocr_line' id='line_1_94' title="bbox 147 5171 1780 5244; baseline -0.006 -12"><span class='ocrx_word' id='word_1_850' title='bbox 147 5174 286 5232; x_wconf 85' lang='lat' dir='ltr'><strong>Non</strong></span> <span class='ocrx_word' id='word_1_851' title='bbox 315 5175 465 5230; x_wconf 86' lang='lat' dir='ltr'><strong>enim</strong></span> <span class='ocrx_word' id='word_1_852' title='bbox 494 5175 765 5244; x_wconf 83' lang='lat' dir='ltr'><strong>accepistis</strong></span> <span class='ocrx_word' id='word_1_853' title='bbox 787 5173 1032 5243; x_wconf 88' lang='lat' dir='ltr'><strong>spiritum</strong></span> <span class='ocrx_word' id='word_1_854' title='bbox 1053 5171 1320 5226; x_wconf 83' lang='lat' dir='ltr'><strong>servitutis</strong></span> <span class='ocrx_word' id='word_1_855' title='bbox 1345 5171 1533 5223; x_wconf 90' lang='lat' dir='ltr'><strong>iterum</strong></span> <span class='ocrx_word' id='word_1_856' title='bbox 1557 5171 1610 5223; x_wconf 90' lang='lat' dir='ltr'><strong>in</strong></span> <span class='ocrx_word' id='word_1_857' title='bbox 1630 5171 1780 5223; x_wconf 89' lang='lat' dir='ltr'><strong>timo-</strong></span> 
     </span>
    </p>
   </div>
   <div class='ocr_carea' id='block_1_95' title="bbox 225 5353 1792 5426">
    <p class='ocr_par' dir='ltr' id='par_1_95' title="bbox 225 5353 1792 5426">
     <span class='ocr_line' id='line_1_95' title="bbox 225 5353 1792 5426; baseline -0.007 -10"><span class='ocrx_word' id='word_1_858' title='bbox 225 5372 254 5401; x_wconf 75' lang='grc' dir='ltr'><strong>ι</strong></span> <span class='ocrx_word' id='word_1_859' title='bbox 301 5360 449 5416; x_wconf 54' lang='lat' dir='ltr'><strong>Hac</strong></span> <span class='ocrx_word' id='word_1_860' title='bbox 487 5359 557 5414; x_wconf 89' lang='lat' dir='ltr'><strong>de</strong></span> <span class='ocrx_word' id='word_1_861' title='bbox 586 5359 868 5426; x_wconf 86' lang='lat' dir='ltr'><strong>Baptismo</strong></span> <span class='ocrx_word' id='word_1_862' title='bbox 888 5356 1192 5412; x_wconf 87' lang='lat' dir='ltr'><strong>Salvatoris</strong></span> <span class='ocrx_word' id='word_1_863' title='bbox 1211 5356 1438 5411; x_wconf 88' lang='lat' dir='ltr'><strong>historia</strong></span> <span class='ocrx_word' id='word_1_864' title='bbox 1464 5371 1532 5410; x_wconf 81' lang='lat' dir='ltr'><strong>ex</strong></span> <span class='ocrx_word' id='word_1_865' title='bbox 1564 5353 1792 5409; x_wconf 88' lang='lat' dir='ltr'><strong>Ebioni-</strong></span> 
     </span>
    </p>
   </div>
   <div class='ocr_carea' id='block_1_96' title="bbox 147 5427 1790 5497">
    <p class='ocr_par' dir='ltr' id='par_1_96' title="bbox 147 5427 1790 5497">
     <span class='ocr_line' id='line_1_96' title="bbox 147 5427 1790 5497; baseline -0.007 -8"><span class='ocrx_word' id='word_1_866' title='bbox 147 5445 345 5490; x_wconf 88' lang='lat' dir='ltr'><strong>tarum</strong></span> <span class='ocrx_word' id='word_1_867' title='bbox 375 5431 574 5486; x_wconf 88' lang='lat' dir='ltr'><strong>codice</strong></span> <span class='ocrx_word' id='word_1_868' title='bbox 602 5432 788 5497; x_wconf 83' lang='lat' dir='ltr'><strong>(quem</strong></span> <span class='ocrx_word' id='word_1_869' title='bbox 832 5430 1084 5482; x_wconf 81' lang='lat' dir='ltr'><strong>eumdem</strong></span> <span class='ocrx_word' id='word_1_870' title='bbox 1122 5443 1244 5482; x_wconf 90' lang='lat' dir='ltr'><strong>cum</strong></span> <span class='ocrx_word' id='word_1_871' title='bbox 1280 5429 1382 5482; x_wconf 92' lang='lat' dir='ltr'><strong>hoc</strong></span> <span class='ocrx_word' id='word_1_872' title='bbox 1411 5429 1529 5496; x_wconf 87' lang='lat' dir='ltr'><strong>ipso</strong></span> <span class='ocrx_word' id='word_1_873' title='bbox 1553 5427 1790 5481; x_wconf 83' lang='lat' dir='ltr'><strong>Nazare-</strong></span> 
     </span>
    </p>
   </div>
   <div class='ocr_carea' id='block_1_97' title="bbox 150 5497 1792 5566">
    <p class='ocr_par' dir='ltr' id='par_1_97' title="bbox 150 5497 1792 5566">
     <span class='ocr_line' id='line_1_97' title="bbox 150 5497 1792 5566; baseline -0.007 -6"><span class='ocrx_word' id='word_1_874' title='bbox 150 5520 370 5560; x_wconf 88' lang='lat' dir='ltr'><strong>norum</strong></span> <span class='ocrx_word' id='word_1_875' title='bbox 409 5502 582 5556; x_wconf 68' lang='lat' dir='ltr'><strong>fuisse</strong></span> <span class='ocrx_word' id='word_1_876' title='bbox 615 5500 778 5554; x_wconf 90' lang='lat' dir='ltr'><strong>tradit</strong></span> <span class='ocrx_word' id='word_1_877' title='bbox 804 5499 953 5555; x_wconf 76' lang='lat' dir='ltr'><strong>Hier.</strong></span> <span class='ocrx_word' id='word_1_878' title='bbox 995 5501 1047 5552; x_wconf 91' lang='lat' dir='ltr'><strong>in</strong></span> <span class='ocrx_word' id='word_1_879' title='bbox 1075 5499 1261 5553; x_wconf 78' lang='lat' dir='ltr'><strong>Matth.</strong></span> <span class='ocrx_word' id='word_1_880' title='bbox 1295 5513 1415 5566; x_wconf 87' lang='lat' dir='ltr'><strong>cap.</strong></span> <span class='ocrx_word' id='word_1_881' title='bbox 1466 5500 1570 5565; x_wconf 84' lang='grc' dir='ltr'>χιι)</span> <span class='ocrx_word' id='word_1_882' title='bbox 1605 5497 1792 5549; x_wconf 82' lang='lat' dir='ltr'><strong>recita-</strong></span> 
     </span>
    </p>
   </div>
   <div class='ocr_carea' id='block_1_98' title="bbox 150 5567 1791 5641">
    <p class='ocr_par' dir='ltr' id='par_1_98' title="bbox 150 5567 1791 5641">
     <span class='ocr_line' id='line_1_98' title="bbox 150 5567 1791 5641; baseline -0.009 -8"><span class='ocrx_word' id='word_1_883' title='bbox 150 5591 248 5633; x_wconf 86' lang='lat' dir='ltr'><strong>tur</strong></span> <span class='ocrx_word' id='word_1_884' title='bbox 277 5577 357 5631; x_wconf 86' lang='lat' dir='ltr'><strong>ab</strong></span> <span class='ocrx_word' id='word_1_885' title='bbox 390 5572 734 5641; x_wconf 84' lang='lat' dir='ltr'><strong>Epiphanio,</strong></span> <span class='ocrx_word' id='word_1_886' title='bbox 761 5570 961 5625; x_wconf 74' lang='lat' dir='ltr'><strong>haeres.</strong></span> <span class='ocrx_word' id='word_1_887' title='bbox 983 5568 1167 5641; x_wconf 43' lang='grc' dir='ltr'>χχχηδ</span> <span class='ocrx_word' id='word_1_888' title='bbox 1189 5569 1278 5635; x_wconf 76' lang='grc'><strong>15,</strong></span> <span class='ocrx_word' id='word_1_889' title='bbox 1308 5569 1530 5641; x_wconf 69' lang='lat' dir='ltr'><strong>tametsi</strong></span> <span class='ocrx_word' id='word_1_890' title='bbox 1551 5567 1791 5631; x_wconf 86' lang='lat' dir='ltr'><strong>brevius,</strong></span> 
     </span>
    </p>
   </div>
   <div class='ocr_carea' id='block_1_99' title="bbox 150 5635 1790 5718">
    <p class='ocr_par' dir='ltr' id='par_1_99' title="bbox 150 5635 1790 5718">
     <span class='ocr_line' id='line_1_99' title="bbox 150 5635 1790 5718; baseline -0.008 -15"><span class='ocrx_word' id='word_1_891' title='bbox 150 5662 206 5704; x_wconf 87' lang='lat' dir='ltr'><strong>et</strong></span> <span class='ocrx_word' id='word_1_892' title='bbox 240 5635 706 5718; x_wconf 29' lang='lat' dir='ltr'><strong>paulo&#39;dive‘rsis</strong></span> <span class='ocrx_word' id='word_1_893' title='bbox 735 5643 1046 5718; x_wconf 66' lang='lat' dir='ltr'><strong>sententiis.</strong></span> <span class='ocrx_word' id='word_1_894' title='bbox 1071 5635 1447 5718; x_wconf 52' lang='lat' dir='ltr'><strong>Videquwﬁc</strong></span> <span class='ocrx_word' id='word_1_895' title='bbox 1487 5635 1790 5718; x_wconf 41' lang='lat' dir='ltr'><strong>Naﬁareno-l</strong></span> 
     </span>
    </p>
   </div>
   <div class='ocr_carea' id='block_1_100' title="bbox 152 5706 1798 5782">
    <p class='ocr_par' dir='ltr' id='par_1_100' title="bbox 152 5706 1798 5782">
     <span class='ocr_line' id='line_1_100' title="bbox 152 5706 1798 5782; baseline -0.009 -7"><span class='ocrx_word' id='word_1_896' title='bbox 152 5706 280 5776; x_wconf 78' lang='lat' dir='ltr'><strong>rum</strong></span> <span class='ocrx_word' id='word_1_897' title='bbox 317 5714 663 5782; x_wconf 72' lang='lat' dir='ltr'><strong>EVangelio,</strong></span> <span class='ocrx_word' id='word_1_898' title='bbox 691 5723 802 5766; x_wconf 87' lang='lat' dir='ltr'><strong>tum</strong></span> <span class='ocrx_word' id='word_1_899' title='bbox 828 5712 985 5778; x_wconf 89' lang='lat' dir='ltr'><strong>alibi,</strong></span> <span class='ocrx_word' id='word_1_900' title='bbox 1011 5718 1123 5764; x_wconf 84' lang='lat' dir='ltr'><strong>tum</strong></span> <span class='ocrx_word' id='word_1_901' title='bbox 1157 5711 1220 5764; x_wconf 89' lang='lat' dir='ltr'><strong>ad</strong></span> <span class='ocrx_word' id='word_1_902' title='bbox 1251 5709 1532 5764; x_wconf 88' lang='lat' dir='ltr'><strong>laudatum</strong></span> <span class='ocrx_word' id='word_1_903' title='bbox 1561 5706 1798 5760; x_wconf 59' lang='lat' dir='ltr'><strong>Mattba&#39;i</strong></span> 
     </span>
    </p>
   </div>
   <div class='ocr_carea' id='block_1_101' title="bbox 151 5787 665 5848">
    <p class='ocr_par' dir='ltr' id='par_1_101' title="bbox 151 5787 665 5848">
     <span class='ocr_line' id='line_1_101' title="bbox 151 5787 665 5848; baseline -0.027 0"><span class='ocrx_word' id='word_1_904' title='bbox 151 5794 351 5848; x_wconf 88' lang='lat' dir='ltr'><strong>locum</strong></span> <span class='ocrx_word' id='word_1_905' title='bbox 388 5787 665 5840; x_wconf 88' lang='lat' dir='ltr'><strong>dicimus.</strong></span> 
     </span>
    </p>
   </div>
   <div class='ocr_carea' id='block_1_102' title="bbox 231 5843 1804 5924">
    <p class='ocr_par' dir='ltr' id='par_1_102' title="bbox 231 5843 1804 5924">
     <span class='ocr_line' id='line_1_102' title="bbox 231 5843 1804 5924; baseline -0.011 -10"><span class='ocrx_word' id='word_1_906' title='bbox 231 5843 525 5917; x_wconf 10' lang='lat' dir='ltr'><strong>&#39;b&#39;VVGra-ce</strong></span> <span class='ocrx_word' id='word_1_907' title='bbox 558 5854 859 5924; x_wconf 84' lang='lat' dir='ltr'><strong>scripserat</strong></span> <span class='ocrx_word' id='word_1_908' title='bbox 892 5851 1190 5924; x_wconf 79' lang='lat' dir='ltr'><strong>Eusebius:</strong></span> <span class='ocrx_word' id='word_1_909' title='bbox 1217 5847 1564 5924; x_wconf 55' lang='grc' dir='ltr'><strong>Μηδενὸςγὰρ</strong></span> <span class='ocrx_word' id='word_1_910' title='bbox 1595 5843 1804 5924; x_wconf 56' lang='grc' dir='ltr'><strong>πρόσθι-</strong></span> 
     </span>
    </p>
   </div>
   <div class='ocr_carea' id='block_1_103' title="bbox 152 5917 1804 6001">
    <p class='ocr_par' dir='ltr' id='par_1_103' title="bbox 152 5917 1804 6001">
     <span class='ocr_line' id='line_1_103' title="bbox 152 5917 1804 6001; baseline -0.014 -9"><span class='ocrx_word' id='word_1_911' title='bbox 152 5957 258 5992; x_wconf 74' lang='grc' dir='ltr'><strong>πον</strong></span> <span class='ocrx_word' id='word_1_912' title='bbox 297 5928 603 6001; x_wconf 65' lang='grc' dir='ltr'><strong>λαμϐάνων</strong></span> <span class='ocrx_word' id='word_1_913' title='bbox 627 5963 640 5988; x_wconf 83' lang='grc'><strong>,</strong></span> <span class='ocrx_word' id='word_1_914' title='bbox 679 5917 869 5994; x_wconf 47' lang='grc' dir='ltr'><strong>ἔλεγχε</strong></span> <span class='ocrx_word' id='word_1_915' title='bbox 902 5925 997 5978; x_wconf 80' lang='grc' dir='ltr'><strong>σύν</strong></span> <span class='ocrx_word' id='word_1_916' title='bbox 1036 5921 1302 5994; x_wconf 76' lang='grc' dir='ltr'><strong>παρῤησὶᾳ</strong></span> <span class='ocrx_word' id='word_1_917' title='bbox 1343 5917 1682 5993; x_wconf 53' lang='grc' dir='ltr'><strong>πολλῇδπόὲι</strong></span> <span class='ocrx_word' id='word_1_918' title='bbox 1716 5919 1804 5984; x_wconf 68' lang='grc' dir='ltr'><strong>μὲν</strong></span> 
     </span>
    </p>
   </div>
   <div class='ocr_carea' id='block_1_104' title="bbox 1884 4793 3494 4866">
    <p class='ocr_par' dir='ltr' id='par_1_104' title="bbox 1884 4793 3494 4866">
     <span class='ocr_line' id='line_1_104' title="bbox 1884 4793 3494 4866; baseline 0.004 -18"><span class='ocrx_word' id='word_1_919' title='bbox 1884 4802 2067 4848; x_wconf 90' lang='lat' dir='ltr'><strong>autem</strong></span> <span class='ocrx_word' id='word_1_920' title='bbox 2100 4793 2293 4862; x_wconf 89' lang='lat' dir='ltr'><strong>impio,</strong></span> <span class='ocrx_word' id='word_1_921' title='bbox 2326 4796 2608 4849; x_wconf 87' lang='lat' dir='ltr'><strong>accinctus</strong></span> <span class='ocrx_word' id='word_1_922' title='bbox 2646 4805 2730 4849; x_wconf 84' lang='lat' dir='ltr'><strong>est</strong></span> <span class='ocrx_word' id='word_1_923' title='bbox 2770 4795 3040 4850; x_wconf 87' lang='lat' dir='ltr'><strong>Dominus</strong></span> <span class='ocrx_word' id='word_1_924' title='bbox 3067 4797 3274 4866; x_wconf 87' lang='lat' dir='ltr'><strong>justitia</strong></span> <span class='ocrx_word' id='word_1_925' title='bbox 3306 4809 3360 4851; x_wconf 87' lang='lat' dir='ltr'><strong>et</strong></span> <span class='ocrx_word' id='word_1_926' title='bbox 3397 4813 3494 4854; x_wconf 79' lang='lat' dir='ltr'><strong>ve-</strong></span> 
     </span>
    </p>
   </div>
   <div class='ocr_carea' id='block_1_105' title="bbox 1886 4887 3485 4958">
    <p class='ocr_par' dir='ltr' id='par_1_105' title="bbox 1886 4887 3485 4958">
     <span class='ocr_line' id='line_1_105' title="bbox 1886 4887 3485 4958; baseline 0.002 -15"><span class='ocrx_word' id='word_1_927' title='bbox 1886 4889 2050 4943; x_wconf 90' lang='lat' dir='ltr'><strong>ritate</strong></span> <span class='ocrx_word' id='word_1_928' title='bbox 2079 4899 2133 4942; x_wconf 90' lang='lat' dir='ltr'><strong>et</strong></span> <span class='ocrx_word' id='word_1_929' title='bbox 2159 4887 2287 4944; x_wconf 83' lang='lat' dir='ltr'><strong>fide.</strong></span> <span class='ocrx_word' id='word_1_930' title='bbox 2333 4887 2455 4958; x_wconf 85' lang='lat' dir='ltr'><strong>Ipse</strong></span> <span class='ocrx_word' id='word_1_931' title='bbox 2481 4889 2626 4944; x_wconf 90' lang='lat' dir='ltr'><strong>enim</strong></span> <span class='ocrx_word' id='word_1_932' title='bbox 2659 4887 2838 4942; x_wconf 79' lang='lat' dir='ltr'><strong>lactus</strong></span> <span class='ocrx_word' id='word_1_933' title='bbox 2886 4897 2971 4943; x_wconf 85' lang='lat' dir='ltr'><strong>est</strong></span> <span class='ocrx_word' id='word_1_934' title='bbox 3000 4889 3158 4943; x_wconf 89' lang='lat' dir='ltr'><strong>nobis</strong></span> <span class='ocrx_word' id='word_1_935' title='bbox 3199 4903 3228 4942; x_wconf 90' lang='lat' dir='ltr'><strong>a</strong></span> <span class='ocrx_word' id='word_1_936' title='bbox 3257 4887 3374 4945; x_wconf 88' lang='lat' dir='ltr'><strong>Deo</strong></span> <span class='ocrx_word' id='word_1_937' title='bbox 3398 4905 3485 4946; x_wconf 84' lang='lat' dir='ltr'><strong>sa—</strong></span> 
     </span>
    </p>
   </div>
   <div class='ocr_carea' id='block_1_106' title="bbox 1888 4983 3496 5056">
    <p class='ocr_par' dir='ltr' id='par_1_106' title="bbox 1888 4983 3496 5056">
     <span class='ocr_line' id='line_1_106' title="bbox 1888 4983 3496 5056; baseline 0.002 -20"><span class='ocrx_word' id='word_1_938' title='bbox 1888 4983 2124 5052; x_wconf 87' lang='lat' dir='ltr'><strong>pientia,</strong></span> <span class='ocrx_word' id='word_1_939' title='bbox 2175 4993 2227 5037; x_wconf 89' lang='lat' dir='ltr'><strong>et</strong></span> <span class='ocrx_word' id='word_1_940' title='bbox 2265 4983 2512 5051; x_wconf 89' lang='lat' dir='ltr'><strong>justitia,</strong></span> <span class='ocrx_word' id='word_1_941' title='bbox 2567 4993 2621 5036; x_wconf 87' lang='lat' dir='ltr'><strong>et</strong></span> <span class='ocrx_word' id='word_1_942' title='bbox 2673 4983 3046 5037; x_wconf 76' lang='lat' dir='ltr'><strong>sanctificatio</strong></span> <span class='ocrx_word' id='word_1_943' title='bbox 3090 4991 3146 5038; x_wconf 88' lang='lat' dir='ltr'><strong>et</strong></span> <span class='ocrx_word' id='word_1_944' title='bbox 3187 4983 3496 5056; x_wconf 83' lang='lat' dir='ltr'><strong>redemptio</strong></span> 
     </span>
    </p>
   </div>
   <div class='ocr_carea' id='block_1_107' title="bbox 1887 5074 3486 5151">
    <p class='ocr_par' dir='ltr' id='par_1_107' title="bbox 1887 5074 3486 5151">
     <span class='ocr_line' id='line_1_107' title="bbox 1887 5074 3486 5151; baseline 0.004 -23"><span class='ocrx_word' id='word_1_945' title='bbox 1887 5074 1931 5144; x_wconf 92' lang='lat' dir='ltr'><strong>(l</strong></span> <span class='ocrx_word' id='word_1_946' title='bbox 1956 5074 2076 5130; x_wconf 85' lang='lat' dir='ltr'><strong>Cor.</strong></span> <span class='ocrx_word' id='word_1_947' title='bbox 2102 5074 2260 5147; x_wconf 86' lang='lat' dir='ltr'><strong>t),qui</strong></span> <span class='ocrx_word' id='word_1_948' title='bbox 2280 5083 2336 5130; x_wconf 84' lang='lat' dir='ltr'><strong>et</strong></span> <span class='ocrx_word' id='word_1_949' title='bbox 2368 5076 2421 5129; x_wconf 92' lang='lat' dir='ltr'><strong>in</strong></span> <span class='ocrx_word' id='word_1_950' title='bbox 2452 5074 2751 5143; x_wconf 77' lang='lat' dir='ltr'><strong>Evangelia</strong></span> <span class='ocrx_word' id='word_1_951' title='bbox 2777 5075 3020 5146; x_wconf 89' lang='lat' dir='ltr'><strong>loquitur</strong></span> <span class='ocrx_word' id='word_1_952' title='bbox 3046 5074 3194 5151; x_wconf 83' lang='lat' dir='ltr'><strong>:Ego</strong></span> <span class='ocrx_word' id='word_1_953' title='bbox 3215 5095 3328 5132; x_wconf 89' lang='lat' dir='ltr'><strong>sum</strong></span> <span class='ocrx_word' id='word_1_954' title='bbox 3355 5079 3449 5134; x_wconf 78' lang='lat' dir='ltr'><strong>tua:</strong></span> <span class='ocrx_word' id='word_1_955' title='bbox 3471 5121 3486 5146; x_wconf 90' lang='lat'><strong>,</strong></span> 
     </span>
    </p>
   </div>
   <div class='ocr_carea' id='block_1_108' title="bbox 1881 5164 3486 5242">
    <p class='ocr_par' dir='ltr' id='par_1_108' title="bbox 1881 5164 3486 5242">
     <span class='ocr_line' id='line_1_108' title="bbox 1881 5164 3486 5242; baseline 0.005 -21"><span class='ocrx_word' id='word_1_956' title='bbox 1881 5179 1930 5224; x_wconf 85' lang='lat' dir='ltr'><strong>et</strong></span> <span class='ocrx_word' id='word_1_957' title='bbox 1959 5170 2091 5237; x_wconf 82' lang='lat' dir='ltr'><strong>vita,</strong></span> <span class='ocrx_word' id='word_1_958' title='bbox 2122 5177 2169 5222; x_wconf 91' lang='lat' dir='ltr'><strong>et</strong></span> <span class='ocrx_word' id='word_1_959' title='bbox 2189 5169 2376 5222; x_wconf 83' lang='lat' dir='ltr'><strong>veritas</strong></span> <span class='ocrx_word' id='word_1_960' title='bbox 2402 5164 2585 5237; x_wconf 80' lang='lat' dir='ltr'><strong>(Joan.</strong></span> <span class='ocrx_word' id='word_1_961' title='bbox 2613 5182 2725 5230; x_wconf 85' lang='lat' dir='ltr'><strong>vtu.</strong></span> <span class='ocrx_word' id='word_1_962' title='bbox 2755 5167 2788 5224; x_wconf 88' lang='lat'><strong>6</strong></span> <span class='ocrx_word' id='word_1_963' title='bbox 2825 5181 2872 5224; x_wconf 91' lang='lat' dir='ltr'><strong>et</strong></span> <span class='ocrx_word' id='word_1_964' title='bbox 2898 5174 3032 5242; x_wconf 77' lang='lat' dir='ltr'><strong>xw).</strong></span> <span class='ocrx_word' id='word_1_965' title='bbox 3061 5172 3128 5226; x_wconf 82' lang='lat' dir='ltr'><strong>Et</strong></span> <span class='ocrx_word' id='word_1_966' title='bbox 3154 5171 3223 5227; x_wconf 83' lang='lat' dir='ltr'><strong>de</strong></span> <span class='ocrx_word' id='word_1_967' title='bbox 3250 5174 3486 5229; x_wconf 85' lang='lat' dir='ltr'><strong>Psalmis</strong></span> 
     </span>
    </p>
   </div>
   <div class='ocr_carea' id='block_1_109' title="bbox 1905 5355 3507 5437">
    <p class='ocr_par' dir='ltr' id='par_1_109' title="bbox 1905 5355 3507 5437">
     <span class='ocr_line' id='line_1_109' title="bbox 1905 5355 3507 5437; baseline 0.007 -31"><span class='ocrx_word' id='word_1_968' title='bbox 1905 5360 2028 5418; x_wconf 78' lang='grc' dir='ltr'><strong>τοὺς</strong></span> <span class='ocrx_word' id='word_1_969' title='bbox 2044 5364 2396 5437; x_wconf 39' lang='grc' dir='ltr'><strong>..γραμματεῖς</strong></span> <span class='ocrx_word' id='word_1_970' title='bbox 2428 5358 2515 5437; x_wconf 65' lang='grc' dir='ltr'><strong>τεῌαί</strong></span> <span class='ocrx_word' id='word_1_971' title='bbox 2548 5359 2890 5437; x_wconf 55' lang='lat' dir='ltr'><strong>fornicatione,</strong></span> <span class='ocrx_word' id='word_1_972' title='bbox 2920 5355 3050 5437; x_wconf 62' lang='grc' dir='ltr'><strong>πότε</strong></span> <span class='ocrx_word' id='word_1_973' title='bbox 3076 5358 3132 5437; x_wconf 70' lang='grc' dir='ltr'><strong>δὲ</strong></span> <span class='ocrx_word' id='word_1_974' title='bbox 3167 5363 3289 5437; x_wconf 50' lang='grc' dir='ltr'><strong>τοὺς</strong></span> <span class='ocrx_word' id='word_1_975' title='bbox 3317 5359 3507 5437; x_wconf 29' lang='lat' dir='ltr'><strong>rip-xu;</strong></span> 
     </span>
    </p>
   </div>
   <div class='ocr_carea' id='block_1_110' title="bbox 1897 5426 3509 5504">
    <p class='ocr_par' dir='ltr' id='par_1_110' title="bbox 1897 5426 3509 5504">
     <span class='ocr_line' id='line_1_110' title="bbox 1897 5426 3509 5504; baseline 0.002 -22"><span class='ocrx_word' id='word_1_976' title='bbox 1897 5437 2007 5504; x_wconf 77' lang='grc' dir='ltr'><strong>ρείς</strong></span> <span class='ocrx_word' id='word_1_977' title='bbox 2034 5426 2172 5504; x_wconf 49' lang='lat' dir='ltr'><strong>{udos</strong></span> <span class='ocrx_word' id='word_1_978' title='bbox 2201 5426 2249 5478; x_wconf 80' lang='grc' dir='ltr'><strong>ἐν</strong></span> <span class='ocrx_word' id='word_1_979' title='bbox 2277 5434 2352 5498; x_wconf 80' lang='grc' dir='ltr'>τῷ</span> <span class='ocrx_word' id='word_1_980' title='bbox 2375 5433 2498 5504; x_wconf 46' lang='lat' dir='ltr'><strong>uarii,</strong></span> <span class='ocrx_word' id='word_1_981' title='bbox 2523 5428 2593 5487; x_wconf 77' lang='grc' dir='ltr'><strong>οἷς</strong></span> <span class='ocrx_word' id='word_1_982' title='bbox 2614 5429 2911 5504; x_wconf 46' lang='grc' dir='ltr'><strong>καὶέλὲγω,</strong></span> <span class='ocrx_word' id='word_1_983' title='bbox 2928 5426 2939 5435; x_wconf 84' lang='grc'><em>’</em></span> <span class='ocrx_word' id='word_1_984' title='bbox 2955 5431 3235 5500; x_wconf 76' lang='grc' dir='ltr'><strong>Αρθήσεται</strong></span> <span class='ocrx_word' id='word_1_985' title='bbox 3255 5426 3509 5502; x_wconf 63' lang='grc' dir='ltr'><strong>ἀφ”ὗρῶν</strong></span> 
     </span>
    </p>
   </div>
   <div class='ocr_carea' id='block_1_111' title="bbox 1900 5494 3512 5574">
    <p class='ocr_par' dir='ltr' id='par_1_111' title="bbox 1900 5494 3512 5574">
     <span class='ocr_line' id='line_1_111' title="bbox 1900 5494 3512 5574; baseline 0.003 -24"><span class='ocrx_word' id='word_1_986' title='bbox 1900 5494 2233 5574; x_wconf 42' lang='lat' dir='ltr'><strong>piscariis-ig,</strong></span> <span class='ocrx_word' id='word_1_987' title='bbox 2267 5494 2650 5574; x_wconf 41' lang='lat' dir='ltr'><strong>regibofiriqsrat</strong></span> <span class='ocrx_word' id='word_1_988' title='bbox 2689 5494 2825 5574; x_wconf 51' lang='lat' dir='ltr'><strong>{Gyge</strong></span> <span class='ocrx_word' id='word_1_989' title='bbox 2849 5494 3081 5574; x_wconf 62' lang='grc' dir='ltr'><strong>ποιρῖίντι</strong></span> <span class='ocrx_word' id='word_1_990' title='bbox 3114 5501 3243 5574; x_wconf 65' lang='grc' dir='ltr'><strong>τοὺς⁸</strong></span> <span class='ocrx_word' id='word_1_991' title='bbox 3275 5494 3512 5574; x_wconf 54' lang='lat' dir='ltr'><strong>nupsi-cu):</strong></span> 
     </span>
    </p>
   </div>
   <div class='ocr_carea' id='block_1_112' title="bbox 1903 5564 3511 5649">
    <p class='ocr_par' dir='ltr' id='par_1_112' title="bbox 1903 5564 3511 5649">
     <span class='ocr_line' id='line_1_112' title="bbox 1903 5564 3511 5649; baseline 0.001 -28"><span class='ocrx_word' id='word_1_992' title='bbox 1903 5564 2081 5626; x_wconf 75' lang='grc' dir='ltr'><strong>αὖτῆς·</strong></span> <span class='ocrx_word' id='word_1_993' title='bbox 2127 5565 2233 5619; x_wconf 73' lang='grc' dir='ltr'>ἀλλ’</span> <span class='ocrx_word' id='word_1_994' title='bbox 2255 5565 2368 5649; x_wconf 56' lang='grc' dir='ltr'><strong>οι)δὲ</strong></span> <span class='ocrx_word' id='word_1_995' title='bbox 2407 5569 2539 5649; x_wconf 51' lang='lat' dir='ltr'><strong>forte}</strong></span> <span class='ocrx_word' id='word_1_996' title='bbox 2577 5573 2670 5623; x_wconf 66' lang='grc' dir='ltr'><strong>τήν</strong></span> <span class='ocrx_word' id='word_1_997' title='bbox 2701 5564 2877 5649; x_wconf 49' lang='grc' dir='ltr'><strong>λεᾌὶαν</strong></span> <span class='ocrx_word' id='word_1_998' title='bbox 2898 5565 3151 5649; x_wconf 28' lang='grc' dir='ltr'><strong>κήλιγᾉεν·</strong></span> <span class='ocrx_word' id='word_1_999' title='bbox 3197 5570 3256 5649; x_wconf 48' lang='grc' dir='ltr'><strong>οἱ.</strong></span> <span class='ocrx_word' id='word_1_1000' title='bbox 3281 5564 3372 5640; x_wconf 55' lang='grc' dir='ltr'><strong>μέλι</strong></span> <span class='ocrx_word' id='word_1_1001' title='bbox 3410 5574 3511 5649; x_wconf 66' lang='grc' dir='ltr'><strong>γὰρ</strong></span> 
     </span>
    </p>
   </div>
   <div class='ocr_carea' id='block_1_113' title="bbox 1905 5627 3514 5715">
    <p class='ocr_par' dir='ltr' id='par_1_113' title="bbox 1905 5627 3514 5715">
     <span class='ocr_line' id='line_1_113' title="bbox 1905 5627 3514 5715; baseline 0.002 -23"><span class='ocrx_word' id='word_1_1002' title='bbox 1905 5661 1944 5715; x_wconf 81' lang='lat' dir='ltr'><strong>1r_</strong></span> <span class='ocrx_word' id='word_1_1003' title='bbox 1950 5642 2207 5715; x_wconf 72' lang='grc' dir='ltr'><strong>ροσήεσᾳν</strong></span> <span class='ocrx_word' id='word_1_1004' title='bbox 2220 5638 2376 5715; x_wconf 37' lang='grc' dir='ltr'><strong>ἰέύτῷ</strong></span> <span class='ocrx_word' id='word_1_1005' title='bbox 2387 5636 2651 5715; x_wconf 60' lang='grc' dir='ltr'><strong>⁵ὶέοχοιφιςες.</strong></span> <span class='ocrx_word' id='word_1_1006' title='bbox 2676 5631 2992 5715; x_wconf 34' lang='grc' dir='ltr'><strong>Διιδάᾳκς).ει,¹</strong></span> <span class='ocrx_word' id='word_1_1007' title='bbox 3007 5627 3211 5715; x_wconf 57' lang='lat' dir='ltr'><strong>bidentes:</strong></span> <span class='ocrx_word' id='word_1_1008' title='bbox 3231 5627 3514 5715; x_wconf 51' lang='lat' dir='ltr'><strong>dcto&#39;ln&#39;en}</strong></span> 
     </span>
    </p>
   </div>
   <div class='ocr_carea' id='block_1_114' title="bbox 1907 5703 3506 5786">
    <p class='ocr_par' dir='ltr' id='par_1_114' title="bbox 1907 5703 3506 5786">
     <span class='ocr_line' id='line_1_114' title="bbox 1907 5703 3506 5786; baseline 0.001 -27"><span class='ocrx_word' id='word_1_1009' title='bbox 1907 5703 1970 5786; x_wconf 56' lang='grc' dir='ltr'><strong>εἶ’,</strong></span> <span class='ocrx_word' id='word_1_1010' title='bbox 2001 5712 2087 5786; x_wconf 53' lang='grc' dir='ltr'><strong>καί</strong></span> <span class='ocrx_word' id='word_1_1011' title='bbox 2118 5709 2182 5763; x_wconf 83' lang='grc' dir='ltr'><strong>τὰ</strong></span> <span class='ocrx_word' id='word_1_1012' title='bbox 2213 5703 2358 5770; x_wconf 69' lang='grc' dir='ltr'><strong>ἑξῆς-⁸⁷</strong></span> <span class='ocrx_word' id='word_1_1013' title='bbox 2379 5704 2405 5758; x_wconf 85' lang='grc' dir='ltr'>ὁ</span> <span class='ocrx_word' id='word_1_1014' title='bbox 2429 5703 2492 5786; x_wconf 43' lang='grc' dir='ltr'><strong>δέ.</strong></span> <span class='ocrx_word' id='word_1_1015' title='bbox 2514 5708 2571 5759; x_wconf 79' lang='grc' dir='ltr'><strong>οὐ</strong></span> <span class='ocrx_word' id='word_1_1016' title='bbox 2594 5705 2726 5786; x_wconf 62' lang='grc' dir='ltr'><strong>κριτᾴ</strong></span> <span class='ocrx_word' id='word_1_1017' title='bbox 2753 5708 2862 5786; x_wconf 32' lang='grc' dir='ltr'><strong>τῆξ.</strong></span> <span class='ocrx_word' id='word_1_1018' title='bbox 2880 5703 3055 5762; x_wconf 80' lang='grc' dir='ltr'><strong>λαλῖαν</strong></span> <span class='ocrx_word' id='word_1_1019' title='bbox 3093 5703 3257 5762; x_wconf 51' lang='lat' dir='ltr'><strong>ainth</strong></span> <span class='ocrx_word' id='word_1_1020' title='bbox 3294 5703 3506 5786; x_wconf 58' lang='grc' dir='ltr'><strong>ἠλεσγχιλ</strong></span> 
     </span>
    </p>
   </div>
   <div class='ocr_carea' id='block_1_115' title="bbox 1911 5771 3505 5855">
    <p class='ocr_par' dir='ltr' id='par_1_115' title="bbox 1911 5771 3505 5855">
     <span class='ocr_line' id='line_1_115' title="bbox 1911 5771 3505 5855; baseline 0 -22"><span class='ocrx_word' id='word_1_1021' title='bbox 1911 5771 1988 5855; x_wconf 57' lang='lat' dir='ltr'><strong>die</strong></span> <span class='ocrx_word' id='word_1_1022' title='bbox 2018 5778 2160 5838; x_wconf 80' lang='grc' dir='ltr'><strong>εἰδὼς</strong></span> <span class='ocrx_word' id='word_1_1023' title='bbox 2188 5779 2562 5855; x_wconf 23' lang='lat' dir='ltr'><strong>fde-pompm;</strong></span> <span class='ocrx_word' id='word_1_1024' title='bbox 2583 5777 2775 5855; x_wconf 62' lang='grc' dir='ltr'><strong>αὐτῷν,</strong></span> <span class='ocrx_word' id='word_1_1025' title='bbox 2812 5771 2985 5855; x_wconf 55' lang='grc' dir='ltr'><strong>ἔλεγες</strong></span> <span class='ocrx_word' id='word_1_1026' title='bbox 3021 5782 3082 5855; x_wconf 72' lang='lat' dir='ltr'><strong>Ti.</strong></span> <span class='ocrx_word' id='word_1_1027' title='bbox 3112 5798 3175 5855; x_wconf 62' lang='lat' dir='ltr'><strong>pte</strong></span> <span class='ocrx_word' id='word_1_1028' title='bbox 3198 5771 3468 5855; x_wconf 68' lang='grc' dir='ltr'><strong>πειράζὲιῖιῖ</strong></span> <span class='ocrx_word' id='word_1_1029' title='bbox 3489 5826 3505 5849; x_wconf 83' lang='lat'><strong>,</strong></span> 
     </span>
    </p>
   </div>
   <div class='ocr_carea' id='block_1_116' title="bbox 1915 5845 3515 5970">
    <p class='ocr_par' dir='ltr' id='par_1_116' title="bbox 1915 5845 3515 5970">
     <span class='ocr_line' id='line_1_116' title="bbox 1915 5845 3515 5970; baseline -0.001 -68"><span class='ocrx_word' id='word_1_1030' title='bbox 1915 5848 2201 5970; x_wconf 50' lang='lat' dir='ltr'><strong>DTBOthTa{</strong></span> <span class='ocrx_word' id='word_1_1031' title='bbox 2223 5865 2236 5910; x_wconf 92' lang='lat'><strong>;</strong></span> <span class='ocrx_word' id='word_1_1032' title='bbox 2269 5853 2400 5914; x_wconf 63' lang='lat' dir='ltr'><strong>Qua</strong></span> <span class='ocrx_word' id='word_1_1033' title='bbox 2432 5845 2654 5901; x_wconf 73' lang='lat' dir='ltr'><strong>totidem</strong></span> <span class='ocrx_word' id='word_1_1034' title='bbox 2691 5847 2802 5897; x_wconf 74' lang='lat' dir='ltr'><strong>fere</strong></span> <span class='ocrx_word' id='word_1_1035' title='bbox 2831 5845 3012 5901; x_wconf 84' lang='lat' dir='ltr'><strong>verbis</strong></span> <span class='ocrx_word' id='word_1_1036' title='bbox 3059 5845 3251 5905; x_wconf 72' lang='lat' dir='ltr'><strong>Latine</strong></span> <span class='ocrx_word' id='word_1_1037' title='bbox 3286 5845 3515 5909; x_wconf 60' lang='grc' dir='ltr'><strong>ἰιιέποιί.</strong></span> 
     </span>
     <span class='ocr_line' id='line_1_117' title="bbox 1915 5923 2100 5970; baseline 0.005 -1"><span class='ocrx_word' id='word_1_1038' title='bbox 1915 5932 1965 5970; x_wconf 88' lang='lat' dir='ltr'><strong>re</strong></span> <span class='ocrx_word' id='word_1_1039' title='bbox 2044 5923 2100 5970; x_wconf 85' lang='lat' dir='ltr'><strong>it.</strong></span> 
     </span>
    </p>
   </div>
   <div class='ocr_carea' id='block_1_117' title="bbox 1906 5923 2100 5972">
    <p class='ocr_par' dir='ltr' id='par_1_117' title="bbox 1906 5923 2100 5972">
     <span class='ocr_line' id='line_1_118' title="bbox 1906 5923 2100 5972; baseline 0.01 -3"><span class='ocrx_word' id='word_1_1040' title='bbox 1906 5923 2100 5972; x_wconf 83' lang='lat' dir='ltr'><strong>reddit.</strong></span> 
     </span>
    </p>
   </div>
  </div>
