4008 6322
555 339 662 395 147

1786 339 1852 396 's.
1896 324 2590 397 ommutescitth

3754 333 3853 393 148

554 453 756 511 dicitur
787 475 802 510 :
832 455 1035 512 Veritas
1066 457 1131 512 de
1169 466 1308 512 terra
1345 466 1457 511 artu
1481 464 1557 511 est
1577 472 1596 510 :
1624 464 1675 511 et
1694 457 1906 530 iustitia
1933 456 1999 511 de
2023 457 2149 512 calo
2179 458 2224 519 Α
2253 455 2397 511 viter
2447 455 2707 522 diximus,
2743 463 2798 508 ut
2854 453 3200 508 ludaizantcs
3256 459 3475 506 nostros
3529 454 3852 523 gravissimo

555 550 818 620 prospexit
849 549 971 622 (Ps.
1000 566 1232 619 Lsxxiv,
1281 552 1360 622 Ξ).
1420 550 1579 608 Unde
1600 559 1659 607 et
1688 549 1985 621 Apostolus
2019 552 2149 606 hor-

550 650 703 696 tatur
732 643 1003 714 Ephesios
1026 663 1041 698 :
1067 645 1222 702 State
1241 659 1364 717 ergo
1384 645 1636 698 succincti
1662 642 1865 699 lumbos
1886 652 2081 700 vestros
2097 643 2152 698 in

547 735 779 806 veritate,
812 748 863 793 et
891 738 1064 793 induti
1094 739 1261 793 lorica
1285 738 1506 805 iustitia?
1538 735 1701 810 (Eph.
1732 752 1813 805 Vl,
1845 736 1958 808 ιι).
1993 736 2152 803 Quod

546 830 591 884 si
622 845 724 898 pro
752 831 1015 898 veritate,
1050 832 1179 901 ﬁdes
1224 832 1441 903 legitur.
1474 831 1605 886 illud
1652 830 1969 897 dicendum,
2004 830 2152 900 quod

545 921 829 992 cingulum
854 923 1100 990 Domini,
1130 938 1241 994 quo
1269 924 1486 980 cinctus
1512 935 1596 978 cat
1630 923 1899 978 leremias
1932 918 2147 994 (Jerem.

548 1017 694 1089 xm),
729 1017 865 1072 lidcs
891 1017 1245 1074 credentium
1276 1018 1366 1072 sit.

621 1108 808 1182 (γεγε.
844 1111 880 1167 ϐ
900 1113 1107 1184 seqq).
1155 1110 1414 1166 Dubitabit
1445 1111 1601 1182 lupus
1627 1126 1743 1165 rum
1763 1126 1925 1181 agno,
1949 1117 1997 1164 et
2024 1124 2150 1180 par-

549 1201 651 1256 dus
673 1218 791 1257 cum
823 1204 973 1257 modo
1002 1205 1270 1259 accnbabit
1295 1220 1315 1269 ;
1336 1204 1551 1271 vitulus,
1577 1211 1629 1258 et
1650 1204 1751 1270 leo,
1782 1213 1830 1257 et
1862 1203 1970 1258 ovis
1994 1203 2150 1257 simul

551 1294 921 1364 morabuntur,
955 1305 1002 1351 et
1033 1312 1161 1368 puer
1189 1300 1441 1369 paruulus
1466 1295 1688 1350 minabit
1714 1312 1823 1351 eos.
1860 1294 2071 1349 Vitulus
2101 1303 2151 1349 et

548 1404 701 1442 ursus
725 1400 1000 1457 pascentur
1024 1406 1042 1444 :
1066 1390 1222 1444 simul
1240 1391 1557 1460 requiescent
1586 1389 1749 1443 catuli
1771 1403 1970 1452 eorum,
2003 1395 2047 1441 et
2067 1388 2149 1441 leo

550 1485 702 1552 quasi
753 1483 841 1540 bos
866 1486 1097 1540 comedet
1149 1485 1346 1555 paleas.
1380 1483 1449 1539 Et
1498 1484 1835 1540 delectabitur
1878 1484 2054 1555 infans
2083 1483 2147 1538 ab

550 1580 705 1634 ubere
746 1597 903 1652 super
932 1581 1189 1653 foramine
1232 1580 1466 1652 aspidis;
1511 1590 1557 1634 et
1599 1581 1653 1633 in
1700 1595 1919 1634 caverna
1956 1579 2144 1652 reguli,

547 1673 638 1741 qui
666 1673 950 1728 ablactatur
973 1674 1154 1755 fuerit,
1186 1688 1398 1727 manum
1437 1688 1583 1726 suam
1619 1673 1806 1726 mittet.
1840 1670 1961 1725 Non
1993 1685 2143 1726 noce-

547 1766 695 1833 bunt,
742 1777 793 1822 et
845 1783 947 1822 non
972 1767 1207 1822 occident
1245 1768 1299 1820 in
1328 1767 1565 1820 universo
1608 1777 1782 1820 monte
1811 1775 1987 1819 sancto
2011 1765 2143 1832 meo,

2256 563 2448 604 somno
2472 558 2704 604 stertere
2732 548 3164 601 monvinramus.
3193 543 3468 600 Craterum
3492 545 3648 615 juxta
3677 546 3853 602 viviﬁ-

2253 648 2466 695 cantem
2498 638 2746 709 spiritum
2774 638 2947 694 facilis
2975 636 3330 707 intelligentia
3361 647 3465 692 εει.
3494 635 3682 707 Lupus
3707 640 3851 695 enim

2254 731 2477 797 Paulus,
2503 731 2591 802 qui
2622 732 2856 801 primum
2881 729 3335 801 persequebatur,
3373 726 3531 813 ιβο
3556 739 3612 785 et
3638 730 3851 786 lacera-

2254 826 2345 881 bat
2368 824 2668 882 Ecclesium
2697 867 2713 893 ,
2748 826 2816 881 de
2845 842 2953 896 quo
2984 825 3189 882 dictum
3227 836 3311 881 est
3342 842 3355 879 :
3381 822 3663 900 Benjamin
3696 829 3853 896 lupus

2252 933 2440 988 rapax,
2473 917 2740 973 habitavit
2768 933 2891 975 cum
2918 933 3083 990 agno,
3117 919 3203 975 vel
3232 918 3443 974 Anania
3472 933 3502 974 a
3544 936 3655 987 quo
3680 921 3853 993 bapti-

2254 1020 2404 1064 zatus
2450 1020 2534 1065 est
2587 1008 2745 1081 (Gen.
2810 1027 2974 1075 xux,
3014 1012 3124 1077 27;
3170 1010 3284 1065 Act.
3342 1012 3498 1083 vni).
3548 1013 3637 1067 vel
3691 1012 3850 1071 Petro

2253 1105 2613 1175 ap0stolo,cui
2635 1105 2838 1161 dictum
2856 1114 2967 1161 est:
2988 1102 3156 1160 Pasce
3172 1118 3333 1179 agnas
3349 1116 3488 1161 ineas
3504 1103 3691 1179 (Joan.
3708 1108 3844 1180 nt).

2253 1197 2324 1253 Et
2344 1198 2544 1268 pardus
2576 1200 2667 1269 qui
2694 1201 2842 1271 prius
2865 1217 2971 1255 non
3007 1201 3251 1255 mutabat
3272 1202 3568 1256 varietates
3594 1218 3743 1272 suas,
3771 1203 3852 1258 lo-

2252 1305 2340 1349 tus
2373 1296 2426 1350 in
2479 1295 2625 1351 fonte
2656 1295 2870 1351 Domini
2899 1296 3153 1352 accubuit
3187 1312 3309 1351 cum
3344 1296 3524 1364 btcdo,
3562 1312 3669 1355 non
3702 1300 3787 1371 qui
3814 1313 3851 1355 a

2250 1385 2491 1441 sinistris
2520 1397 2626 1454 est,
2652 1387 2750 1443 sed
2796 1390 2887 1458 qui
2921 1387 3235 1443 immolatur
3260 1388 3315 1442 in
3366 1391 3568 1459 pascha
3616 1389 3847 1448 Domini.

2251 1477 2317 1533 Et
2342 1478 2446 1533 hoc
2492 1480 2815 1547 notandum,
2846 1478 2990 1551 quod
3040 1495 3150 1535 non
3177 1494 3351 1557 agnus
3400 1492 3455 1552 et
3486 1480 3855 1538 haedushahi-

2250 1584 2386 1639 tent,
2421 1584 2477 1631 et
2500 1575 2768 1632 accubent
2812 1590 2933 1631 cum
2982 1577 3109 1646 lupo
3138 1586 3193 1631 et
3222 1576 3412 1645 pardo,
3461 1577 3559 1631 sed
3598 1576 3759 1647 lupus
3795 1583 3852 1632 et

2251 1668 2453 1738 pardus
2474 1669 2596 1748 agni
2619 1678 2675 1726 et
2696 1666 2837 1724 lia-di
2860 1669 3145 1725 imitentur
3166 1670 3556 1725 innocentiam.
3586 1668 3701 1726 Leo
3721 1682 3852 1741 quo-

2250 1775 2356 1832 que
2382 1762 2530 1831 prius
2584 1760 3010 1829 ferocissimum,
3036 1768 3091 1815 et
3139 1761 3280 1829 ovis,
3330 1770 3385 1815 et
3415 1759 3618 1816 vitulus
3650 1762 3851 1833 pariter

547 1860 673 1929 quia
692 1860 890 1929 repleta
915 1871 989 1913 est
1018 1869 1156 1914 terra
1182 1859 1399 1913 scientia
1426 1855 1636 1911 Domini
1661 1873 1679 1911 :
1701 1858 1835 1912 sicut
1862 1872 2010 1929 aqum
2038 1873 2150 1910 ma-
2178 1875 2225 1935 Β
2255 1853 2630 1909 morabuntur.
2661 1852 2689 1891 ι)
2719 1852 2876 1923 Quod
2907 1853 3147 1924 quotidie
3175 1854 3454 1920 cernimus
3494 1853 3547 1907 in
3583 1852 3846 1920 Ecclesia,

548 1956 623 2008 ris
654 1956 959 2024 aperientes.
994 1954 1120 2010 llzec
1146 1968 1363 2025 quoque
1383 1951 1555 2008 Judaei
1588 1959 1643 2008 et
1673 1952 1843 2006 nostri
1868 1948 2151 2020 judaizan-

550 2054 635 2100 tes
667 2044 827 2115 juxta
872 2046 1111 2102 litteram
1136 2046 1311 2100 futura
1344 2044 1709 2106 contendunt,
1735 2051 1794 2099 ut
1833 2046 1884 2099 in
1906 2043 2153 2100 claritate

548 2137 783 2204 Christi,
817 2156 980 2221 quem
1015 2147 1204 2219 putant
1231 2138 1284 2192 in
1314 2137 1422 2192 line
1449 2135 1639 2191 mundi
1665 2151 1789 2193 esse
1827 2143 2150 2211 venturum,

548 2243 742 2285 omnes
784 2232 974 2287 bestiae.
1008 2231 1170 2313 159
1200 2229 1518 2299 redigantur
1550 2228 1604 2282 in
1641 2227 2148 2295 mansuetudinem,

549 2330 604 2378 et
626 2324 857 2392 pristina
885 2324 1099 2380 feritate
1121 2324 1394 2395 deposita,
1415 2322 1576 2393 lupus
1594 2329 1649 2379 et
1670 2337 1842 2394 agnus
1859 2330 2154 2394 pascantur

543 2417 731 2485 simul,
766 2430 821 2475 et
852 2429 1053 2475 caetera
1099 2432 1223 2474 cum
1274 2417 1516 2483 caeteris,
1548 2431 1669 2484 quia:
1708 2428 1856 2470 nunc
1903 2414 2152 2469 videmus

546 2510 651 2566 sibi
700 2526 824 2567 esse
872 2512 1169 2568 contraria.
1223 2511 1372 2579 Quos
1423 2512 1762 2581 interrogare
1792 2508 2079 2573 debemus,
2106 2507 2153 2573 si

550 2604 734 2658 omnia
790 2604 1078 2673 praesentis
1126 2603 1233 2657 loci
1284 2604 1362 2657 sic
1412 2602 1800 2672 accipiuntur,
1850 2613 1907 2656 ut
1948 2603 2152 2672 scripta

551 2706 702 2773 sunt,
733 2706 787 2750 et
824 2695 957 2761 nihil
989 2695 1226 2750 refertur
1266 2694 1332 2759 ad
1376 2693 1794 2764 intelligentiam
1824 2694 2150 2763 Spiritalcm,

546 2787 702 2857 juxta
728 2786 863 2841 illud
892 2788 1161 2857 Apostoli,
1188 2788 1278 2857 qui
1310 2789 1386 2841 ait
1411 2804 1425 2840 :
1455 2784 1762 2841 Benedictus
1791 2785 1948 2848 Deus,
1979 2793 2027 2839 et
2046 2784 2153 2839 Pa-

557 2895 633 2936 ter
660 2879 876 2935 Domini
924 2883 1088 2936 nostri
1131 2879 1259 2935 Iesu
1289 2879 1503 2945 Christi,
1535 2883 1625 2951 qui
1656 2879 1917 2933 benedixit
1958 2896 2050 2933 nos
2100 2880 2153 2933 in

555 2974 699 3027 omni
731 2974 1078 3029 benedictione
1112 2976 1342 3043 spiritali
1380 2976 1432 3027 in
1462 2972 1748 3028 caelestibus
1773 2974 1825 3027 in
1855 2971 2056 3028 Christo
2087 2969 2155 3043 (ll

563 3065 707 3129 Con,
739 3082 776 3131 ι,
806 3066 884 3134 5),
914 3083 1048 3135 ergo
1078 3078 1129 3123 et
1167 3066 1348 3131 radix,
1377 3074 1433 3122 et
1458 3067 1630 3136 virga,
1660 3075 1713 3120 et
1737 3066 1840 3122 llus
1879 3082 1985 3120 non
2015 3063 2154 3121 refe-

556 3166 749 3213 rantur
778 3159 843 3213 ad
877 3173 1099 3214 sensum
1129 3177 1140 3212 :
1171 3169 1428 3239 terraque
1460 3171 1721 3228 percussa
1751 3158 1920 3213 verbo
1951 3158 2069 3222 Dei,
2099 3166 2154 3212 et

2255 1943 2454 2000 divites
2484 1952 2541 2001 et
2572 1960 2871 2019 pauperes,
2904 1954 3156 2014 potentes
3197 1953 3248 2000 et
3291 1944 3549 2009 humiles,
3582 1958 3741 2015 reges
3767 1952 3850 1998 at-

2255 2054 2361 2111 que
2386 2040 2628 2111 privatos
2657 2039 2860 2110 pariter
2881 2039 3233 2105 commorari,
3261 2046 3317 2094 et
3339 2052 3367 2092 a
3393 2036 3577 2109 pueris
3599 2036 3849 2108 parvulis,

2253 2147 2389 2201 quos
2419 2130 2709 2203 Aposmlos
2754 2130 3132 2201 intelligimus,
3168 2140 3223 2185 et
3279 2128 3629 2199 Apostolicos
3677 2127 3848 2193 viros,

2253 2225 2533 2296 imperitos
2563 2239 2839 2295 sermone,
2873 2223 2968 2279 sed
3001 2240 3105 2278 non
3140 2223 3393 2285 scientia,
3426 2224 3539 2294 regi
3570 2224 3623 2278 in
3671 2221 3854 2277 Eccle«

2254 2317 2353 2374 sia.
2386 2318 2487 2387 Qui
2516 2334 2638 2374 cum
2665 2319 2807 2375 inter
2837 2332 2896 2373 se
2918 2318 3205 2387 disciplina
3253 2316 3471 2371 Domini
3507 2316 3713 2371 fuerint
3758 2315 3851 2371 ite-

2254 2412 2455 2480 derati,
2488 2414 2560 2467 ita
2594 2421 2652 2468 ut
2677 2427 2867 2469 eorum
2910 2426 3127 2482 quoque
3166 2410 3386 2467 laiuiliae
3416 2409 3848 2485 coniungantur,

2255 2516 2381 2562 tunc
2409 2504 3016 2576 complebitur:8imul
3072 2505 3384 2576 requiescent
3433 2500 3601 2556 catuli
3658 2516 3847 2555 eorum.

2252 2597 2364 2654 Leo
2396 2613 2613 2683 quoque
2648 2613 2753 2652 non
2796 2586 2995 2654 carnes
3035 2594 3308 2664 comedet,
3341 2595 3437 2651 sed
3473 2594 3684 2664 paleas,
3713 2589 3852 2661 quod

2254 2693 2465 2747 scilicet
2489 2700 2741 2746 vescatur
2769 2691 2891 2745 cibo
2920 2688 3185 2759 simplici.
3223 2688 3289 2741 Et
3318 2685 3407 2740 hic
3430 2683 3849 2751 observandum,

2254 2786 2401 2858 quod
2438 2802 2541 2841 non
2588 2786 2685 2841 bos
2718 2802 2931 2850 carnes,
2977 2785 3072 2840 sed
3105 2784 3191 2839 leo
3237 2782 3423 2861 paleas
3449 2778 3727 2841 comedat.
3755 2779 3849 2833 Pa-

2253 2880 2370 2935 leas
2394 2891 2521 2951 puto
2547 2880 2597 2934 in
2632 2880 2928 2950 Scripturis
2961 2878 3168 2935 sanctis
3200 2874 3360 2931 verba
3393 2874 3668 2945 simplicia
3702 2870 3856 2931 intel-

2254 2975 2368 3045 ligi.
2395 2973 2659 3030 Triticum
2693 2984 2896 3033 autem.
2932 2981 2990 3027 et
3021 2971 3341 3031 interiorem
3386 2969 3704 3031 medullam,
3731 2981 3850 3021 sen-

2254 3050 2371 3129 su'm
2408 3070 2496 3137 qui
2544 3070 2822 3126 invenitur
2863 3069 2914 3123 in
2946 3068 3131 3122 littera
3162 3075 3252 3120 τρι
3285 3065 3609 3141 frequenter
3654 3062 3851 3137 evenit,

2257 3170 2314 3224 ut
2336 3161 2586 3217 homines
2608 3159 2816 3225 surculi,
2842 3160 3071 3233 mystica
3095 3158 3429 3227 nescientes,
3454 3156 3689 3228 simplici
3714 3155 3854 3213 Scri-

556 3250 881 3306 interfectns
905 3252 1102 3321 impius
1134 3253 1328 3322 Spiritu
1363 3251 1633 3308 labiorum
1665 3251 1806 3320 ejus,
1838 3251 1917 3305 sic
1941 3249 2148 3306 intelli-
2178 3253 2225 3317 C
2257 3267 2542 3330 pturarum
2594 3256 2831 3311 lectione
2878 3264 3190 3328 pascantur.
3244 3254 3432 3310 Infans
3480 3268 3721 3327 quoque,
3773 3250 3857 3325 qui

556 3352 775 3409 gautur,
806 3352 865 3397 ut
910 3344 1111 3411 scripta
1164 3355 1289 3399 sunt
1326 3353 1422 3398 :et
1449 3343 1649 3398 docere
1699 3351 1985 3413 eugantur,
2024 3359 2160 3414 quo-

555 3435 721 3491 modo
749 3436 913 3491 rebus
946 3437 1319 3509 incorporeis,
1347 3435 1586 3505 jusﬁiia,
1619 3447 1673 3490 et
1711 3436 1960 3495 veritate,
1998 3446 2162 3490 renes

555 3528 772 3581 Domini
799 3529 1245 3583 circumdentur?
1264 3528 1376 3582 Sed
1398 3527 1579 3582 ethoc
1604 3542 1702 3581 eos
1733 3528 2153 3596 interrogemus,

559 3617 688 3685 quid
721 3617 947 3686 dignum
981 3620 1052 3673 sit
1077 3619 1291 3672 Domini
1321 3618 1630 3689 majestate,
1654 3628 1713 3671 ut
1735 3618 1895 3688 lupus
1912 3630 1963 3672 et
1988 3633 2160 3689 agnus

560 3721 856 3778 pascantur
869 3710 1116 3774 simul,et
1132 3712 1330 3778 pardus
1345 3724 1467 3765 cum
1486 3709 1642 3764 Indo
1654 3711 1874 3764 accubet
1889 3719 1962 3774 ,et
1976 3712 2058 3765 leo
2072 3725 2162 3782 pa-

560 3803 674 3857 leas
687 3806 1020 3869 comedat,et
1048 3820 1181 3874 puer
1206 3803 1466 3874 parvulus
1488 3805 1903 3861 mittatmanum
1928 3823 2079 3863 suam
2107 3810 2160 3865 in

558 3893 830 3950 foramine
849 3895 1136 3964 aSpidum’l
1165 3895 1269 3951 nisi
1297 3894 1437 3950 forte
1460 3895 1613 3966 juxta
1629 3896 1839 3951 fabulas
1855 3907 2157 3975 poetarum,

559 4002 784 4042 aureum
803 3988 1191 4046 nobisSatnrni
1204 3989 1464 4044 s:rculum
1481 3990 1849 4055 restituent,in
1865 4005 1972 4061 quo
1989 3994 2094 4061 lupi
2110 4000 2164 4047 et

559 4083 681 4150 agni
717 4094 1010 4152 pascentur
1039 4083 1476 4150 simul,etmulso
1503 4084 1628 4138 vino
1658 4082 2045 4147 plenacurrent
2064 4084 2165 4140 llu-

557 4173 790 4240 mina,et
816 4174 883 4229 de
912 4176 1052 4231 foliis
1064 4176 1320 4231 arborum
1352 4175 1636 4230 stillabunt
1649 4175 1807 4230 mella
1825 4176 2162 4245 dulcissima,

558 4265 859 4335 lacteisque
882 4268 1127 4326 fontibus
1153 4271 1332 4324 omnia
1351 4268 1786 4338 complebuntur.
1815 4268 1968 4339 Quod
2006 4271 2051 4326 si
2078 4285 2164 4328 re—

562 4358 885 4426 sponderint
906 4376 1005 4431 pro
1038 4363 1372 4419 beatitudine
1394 4372 1700 4433 temporum
1732 4364 1849 4419 hmc
1879 4363 2080 4433 futura,
2108 4375 2166 4423 ut

563 4446 770 4519 absque
817 4451 1135 4524 cujusquam
1194 4469 1355 4518 noxa,
1409 4454 1653 4511 homines
1704 4456 1864 4512 bonis
1913 4459 2165 4516 omnibus

564 4538 934 4613 perfruantur,
966 4547 1189 4603 audiant
1218 4548 1487 4617 ﬂaiiobis,
1520 4550 1653 4606 nihil
1682 4566 1804 4608 esse
1834 4552 2035 4613 bonum
2060 4553 2163 4609 nisi

2262 3350 2466 3409 malitia
2500 3351 2757 3422 parvulus
2806 3357 2912 3418 est,
2948 3347 3114 3405 mittit
3140 3364 3360 3404 manum
3395 3348 3449 3402 in
3484 3345 3756 3409 foramine
3777 3361 3856 3400 as-

2264 3443 2424 3521 pidis,
2453 3452 2510 3498 et
2538 3442 2606 3500 de
2634 3442 2876 3499 obsessis
2912 3441 3189 3495 hominum
3226 3440 3551 3511 corporibus
3570 3437 3722 3511 fugat
3748 3436 3855 3492 da:-

2265 3551 2479 3591 mones.
2511 3536 2613 3615 Qui
2647 3544 2831 3588 autem
2864 3533 3173 3589 ablactatus
3203 3544 3311 3605 est,
3346 3547 3691 3603 nequaquam
3722 3530 3857 3597 [ante

2266 3626 2502 3683 nutritur
2533 3625 2803 3689 infantiae,
2832 3622 2926 3679 sed
2971 3625 3080 3697 jam
3114 3623 3292 3679 solido
3323 3623 3565 3677 vescitur
3586 3618 3857 3691 cibo..lste_

2264 3717 2319 3773 in
2346 3718 2520 3789 reguli
2542 3732 2833 3773 cavernam
2864 3714 3031 3772 mittit
3071 3733 3312 3782 manum,
3341 3715 3443 3768 hoc
3472 3726 3582 3781 est,
3610 3713 3660 3767 in
3692 3712 3856 3781 ipsius

2267 3811 2483 3869 Satanae
2519 3809 2909 3876 habitaculum,
2938 3818 2993 3865 et
3022 3808 3149 3866 inde
3180 3824 3302 3863 eum
3330 3807 3593 3865 extrahit.
3630 3803 3782 3861 Unde
3806 3809 3860 3857 et

2266 3902 2551 3976 Apostolis
2582 3915 2828 3976 potestas
2865 3904 2990 3958 data
3020 3912 3126 3970 est,
3162 3910 3217 3969 ut
3244 3901 3526 3957 calcarent
3557 3914 3727 3984 super
3749 3910 3859 3952 ser-

2268 4008 2481 4068 pentes,
2508 4005 2563 4053 et
2584 3997 2927 4068 scorpiones,
2952 4004 3009 4052 et
3032 4010 3198 4069 super
3228 4008 3450 4051 onmem
3482 3990 3858 4059 fortitudinem

2269 4089 2470 4146 inimici
2522 4089 2674 4163 (Luc.
2715 4088 2797 4162 χ).
2831 4087 3040 4143 Nocere
3073 4098 3255 4142 autem
3283 4096 3336 4143 et
3366 4083 3626 4140 occidere
3657 4096 3857 4155 nequa-

2266 4198 2426 4255 quam
2455 4192 2709 4255 pOIerunt
2734 4189 2999 4238 venenata
3025 4180 3179 4253 prius
3198 4178 3451 4237 animalia
3476 4192 3573 4234 eos
3596 4177 3687 4247 qui
3717 4174 3861 4230 habi-

2270 4276 2505 4331 taverint
2557 4273 2611 4329 in
2666 4282 2850 4328 monte
2880 4282 3073 4327 sancto
3126 4269 3421 4342 Dei,quud
3472 4270 3856 4338 interpretatur

2267 4365 2532 4433 Ecclesia,
2568 4364 2638 4422 de
2680 4381 2791 4437 quo
2832 4364 2887 4419 in
2919 4362 3224 4435 Evangelio
3264 4362 3469 4418 dicitur
3498 4380 3510 4416 :
3542 4359 3669 4417 Non
3701 4365 3860 4430 potest

2268 4459 2445 4512 ciuitas
2476 4457 2720 4515 abscondi
2749 4472 2905 4527 super
2934 4466 3157 4510 montem
3182 4458 3352 4529 posita
3376 4453 3538 4527 (Mat.
3571 4470 3625 4521 ν,
3662 4452 3770 4528 ll).
3795 4451 3861 4507 At

2271 4567 2339 4607 ne
2373 4549 2475 4605 hoc
2509 4559 2758 4619 putemus
2783 4549 2891 4604 dici
2927 4548 2996 4605 de
3028 4557 3214 4607 monte
3242 4548 3374 4605 Sion
3399 4548 3554 4618 juxta
3601 4546 3859 4604 Hebraeo-

565 4636 841 4706 virtutem,
872 4647 928 4695 et
958 4640 1090 4695 nihil
1123 4641 1324 4696 malum
1375 4643 1475 4697 nisi
1501 4642 1718 4711 vitium,
1763 4644 1978 4700 dicente
2008 4645 2163 4700 Psal-
2190 4646 2246 4708 D
2270 4660 2386 4700 rum
2411 4659 2681 4708 errorem,
2714 4644 2970 4725 sequenti
3001 4642 3274 4699 versiculo
3305 4641 3648 4714 Evangelicae
3673 4640 3861 4723 prsidi-

571 4732 729 4786 mista
758 4751 769 4787 :
798 4732 926 4800 Quis
960 4746 1032 4789 est
1054 4732 1210 4790 homo
1242 4736 1462 4807 quivult
1488 4737 1663 4801 vitam,
1688 4746 1733 4803 et
1754 4737 1923 4813 diligit
1944 4736 2054 4792 dies
2085 4739 2163 4792 vi-

567 4824 687 4877 dere
717 4824 917 4879 bonos.’
947 4823 1223 4896 Compesce
1266 4828 1501 4899 linguam
1531 4838 1671 4882 luant
1699 4846 1730 4881 a
1755 4831 1917 4895 malo,
1946 4840 1994 4889 et
2028 4832 2165 4886 labia

566 4925 653 4968 tua
684 4933 747 4970 ne
775 4918 1055 4988 loquantur
1081 4921 1279 4987 dolum.
1314 4920 1534 4977 Declina
1562 4940 1593 4989 ᾳ
1619 4922 1782 4990 malo,
1804 4932 1852 4977 et
1869 4928 1954 4997 fac
1974 4925 2165 4983 bonum

567 5001 744 5075 (Psal.
774 5022 968 5083 χχχιιι,
1002 5010 1099 5078 ll;
1144 5026 1273 5085 xxx,
1303 5012 1419 5087 27).
1452 5013 1666 5083 Divitiae
1687 5028 1890 5085 autem,
1936 5026 1993 5071 et
2021 5018 2165 5075 sani-

559 5104 645 5149 tas
688 5102 959 5167 corporis,
1004 5103 1059 5156 e‘t
1085 5116 1268 5158 rerum
1314 5090 1555 5161 omnium
1585 5088 1935 5177 abundantia,
1971 5117 2027 5162 et
2077 5108 2162 5167 his

559 5191 864 5273 contraria,
911 5205 1235 5273 paupertas,
1289 5197 1595 5266 infirmitas,
1638 5209 1693 5257 et
1736 5202 1952 5273 inopia,
1994 5203 2159 5267 etiam

560 5279 706 5351 apud
739 5280 1092 5363 philosophos
1121 5284 1327 5354 surculi,
1357 5301 1458 5342 nec
1477 5290 1620 5355 inter
1646 5291 1785 5357 bona
1814 5301 2156 5365 repetantur,

561 5385 663 5441 nec
687 5374 831 5436 inter
851 5376 1016 5445 mala.
1041 5375 1141 5447 sed
1162 5378 1510 5451 appellantur
1529 5368 1913 5448 iudiﬂcrmitia.
1931 5384 2086 5452 Uade
2105 5396 2158 5445 et

561 5467 756 5537 Stoici,
782 5469 875 5541 qui
907 5482 1099 5529 nostra
1136 5474 1377 5543 dogmati
1412 5477 1467 5532 in
1493 5477 1768 5550 plerisque
1797 5480 2155 5545 concordant,

561 5560 696 5613 nihil
727 5562 1003 5631 appellant
1028 5566 1252 5635 bonum,
1288 5567 1392 5627 nisi
1419 5570 1592 5626 solam
1625 5573 1965 5635 honestatem
1998 5582 2159 5642 atque

560 5651 817 5719 virtutem
850 5672 862 5707 :
896 5656 1029 5723 nihil
1053 5658 1279 5735 titulum,
1300 5659 1402 5727 nisi
1435 5664 1849 5734 turpitudinem.
1881 5664 2006 5725 "th
2030 5665 2157 5723 bre-

634 5775 659 5847 ςι
685 5766 836 5847 Χιιη
860 5770 1081 5826 audiant
1099 5772 1212 5829 haec
1241 5792 1438 5844 omnes,
1470 5779 1624 5847 nihil,
1655 5789 1762 5836 etc.

627 5838 654 5878 ιι
691 5838 848 5892 Hune
874 5854 1093 5914 quoque
1122 5848 1310 5915 paucis
1337 5838 1640 5905 immutatis
1672 5852 1851 5908 locum
1887 5853 1955 5909 ab
1987 5855 2156 5913 Euse-

2267 4736 2502 4792 cationis
2530 4736 2684 4819 ιρι
2705 4746 3048 4803 sacramenta
3077 4745 3488 4803 monstrantur;
3519 4734 3862 4813 Quiarepleta

2269 4835 2342 4882 est
2373 4836 2511 4882 terra
2540 4830 2754 4893 scientia
2796 4824 3010 4882 Domini
3040 4827 3184 4884 :hoc
3227 4838 3310 4883 est
3344 4826 3478 4885 illud
3510 4827 3657 4897 quod
3700 4841 3859 4901 supra

2269 4917 2553 4975 dicebatur
2577 4918 3198 4989 obscuriuszﬂabitabit
3253 4921 3407 4989 lupus
3446 4935 3567 4985 cum
3612 4937 3769 5003 agno,
3817 4928 3865 4972 et

2269 5013 2463 5080 pardus
2482 5030 2598 5068 cum
2626 5014 2777 5077 Ita'do
2804 5014 3072 5076 accubabit
3096 5032 3115 5091 ,'
3148 5023 3204 5073 et
3223 5014 3377 5089 juxta
3399 5015 3863 5075 consuetudinem

2267 5122 2421 5162 suam
2455 5107 2795 5177 prophetalia
2841 5109 2892 5160 in
2955 5108 3060 5162 line
3115 5108 3279 5162 verba
3333 5105 3866 5176 panduntur:Sicut

2264 5216 2434 5273 aquaa,
2460 5200 2657 5269 inquit,
2683 5202 2839 5261 maris
2869 5200 3173 5273 aperientes.
3197 5199 3487 5269 Quomodo
3510 5215 3672 5270 aquae
3701 5199 3866 5257 maris

2261 5292 2517 5364 operiunt
2545 5290 2810 5364 profunda
2836 5292 3028 5358 maris,
3060 5290 3163 5351 hoc
3192 5300 3299 5359 est,
3325 5301 3527 5348 terram
3552 5306 3678 5363 quis
3706 5305 3872 5362 oper-

2264 5396 2315 5444 ta
2343 5397 2429 5444 est
2479 5386 2757 5453 ﬂuctibus,
2798 5386 2880 5441 sic
2925 5386 3153 5443 scientia
3220 5384 3434 5440 Domini
3485 5387 3673 5441 omnis
3717 5394 3865 5440 terra

2261 5480 2651 5551 complebitur.
2699 5478 2872 5548 Quam
2925 5478 3266 5534 diversorum
3300 5478 3452 5547 prius
3480 5493 3700 5532 morum
3732 5490 3873 5532 con-

2257 5575 2596 5647 iunctionem
2628 5574 2791 5639 etiam
2840 5573 3037 5643 beatus
3065 5571 3369 5643 Apostolus
3405 5571 3608 5638 Petrus
3647 5569 3703 5635 in
3733 5583 3872 5639 vase

2258 5667 2433 5723 linteo
2458 5667 2597 5741 (Act.
2622 5668 2705 5737 ι),
2732 5667 2880 5737 quod
2906 5666 2975 5722 de
3004 5665 3147 5722 ctelo
3192 5661 3482 5721 dimissum
3515 5674 3627 5732 est,
3678 5680 3744 5722 se
3788 5664 3875 5722 vi-

2268 5783 2361 5840 hio
2384 5780 2459 5859 S._
2486 5778 2650 5859 Pater
2699 5782 2989 5853 expressit.
3038 5781 3327 5849 Breviores
3348 5781 3513 5853 alios,
3541 5782 3637 5859 qui
3673 5798 3881 5840 occur-

2263 5863 2412 5922 runt,
2447 5851 2688 5910 indicare
2719 5851 2825 5910 non
2849 5860 3023 5911 vacat.
