4008 6354
207 354 305 411 M9

775 354 1427 417 COMMENTARIORUM
1467 358 1533 415 IN
1572 358 1812 419 ISAIAM
1852 358 2274 419 PROPHIL‘TAM
2315 363 2446 419 LIB.
2487 362 2579 419 IV.
2620 363 2777 420 CAP.
2818 363 2911 419 XI.

3394 366 3499 423 150

206 470 352 527 disse
383 459 636 537 testatur,
670 472 902 527 habente
923 481 1161 543 quatuor
1193 475 1481 545 principia,
1513 490 1637 546 qua:
1661 492 1791 547 qua-
1819 484 1869 541 Α
1898 489 1953 534 et
1983 478 2141 534 istam
2156 478 2221 533 ad
2248 479 2546 545 secundum
2576 498 2589 534 :
2614 496 2683 539 ne
2705 495 2802 552 per
2830 479 2946 536 haec
2965 497 3084 565 quae
3102 495 3425 561 sequuntur,
3448 495 3504 555 et

208 572 332 618 tuor
364 563 547 618 mundi
575 564 757 634 plagas
785 564 1163 635 intelligimus,
1197 580 1254 621 ιιι
1284 567 1552 637 repletam
1591 579 1790 623 terram

209 653 304 710 Dei
330 656 552 711 scientia
599 657 1109 724 cognoscanms:in
1155 672 1263 729 quo
1308 674 1438 714 vase
1474 664 1633 715 erant
1662 674 1795 731 qna-

208 745 488 817 drupedia.
520 755 573 802 et
601 754 903 818 serpentes,
938 759 991 803 et
1034 749 1247 817 bestiae,
1280 764 1335 806 et
1375 751 1620 808 volatilia
1648 751 1792 817 (mli,

206 838 424 906 utquod
473 837 612 894 Area
667 840 719 894 in
760 839 989 905 diluvio,
1039 840 1142 897 hoc
1176 841 1417 898 Ecclesia
1470 852 1693 914 prmstet
1734 843 1793 898 in

202 930 425 986 mundo.

268 1020 337 1077 In
364 1023 446 1077 die
474 1022 567 1078 illa
595 1026 751 1079 radix.
778 1024 945 1093 Iesse,
975 1028 1064 1096 qui
1101 1038 1205 1082 stat
1244 1030 1299 1083 in
1337 1030 1544 1102 signum
1575 1028 1797 1100 populo—

197 1132 316 1170 rum
341 1135 357 1171 :
386 1119 559 1187 ipsum
589 1132 761 1190 gentes
804 1120 1233 1193 deprecabuntur,
1291 1133 1337 1179 et
1377 1125 1476 1178 erit
1503 1122 1798 1191 sepulcrum

199 1213 312 1282 ejus
336 1210 642 1280 gloriosum.
680 1212 825 1269 LXX
853 1232 865 1267 :
903 1215 971 1268 Et
999 1217 1096 1270 erit
1130 1218 1185 1270 in
1217 1216 1304 1271 die
1332 1218 1426 1272 illa
1451 1218 1603 1271 radix
1628 1214 1796 1283 Iesse,

196 1313 246 1357 et
271 1306 361 1375 qui
387 1317 675 1379 consurget,
698 1318 752 1361 ut
778 1310 1016 1382 princeps
1046 1312 1111 1365 sit
1140 1313 1388 1383 gentium,
1414 1314 1470 1366 in
1492 1313 1606 1383 ipso
1630 1321 1801 1383 gentes

192 1400 495 1468 sperabunt,
527 1412 576 1455 et
598 1404 694 1455 erit
722 1404 922 1475 requies
943 1406 1053 1473 ejus
1095 1404 1280 1460 honor.
1307 1406 1412 1461 Pro
1445 1407 1631 1474 requie
1661 1406 1801 1475 ejus,

194 1489 248 1544 in
282 1490 555 1546 Hebraico
605 1497 842 1562 positum
884 1505 988 1563 est,
1041 1512 1298 1552 uxunao
1357 1497 1606 1570 (manu),
1660 1498 1803 1568 quod

193 1597 391 1641 omnes
422 1586 683 1641 similiter
707 1587 1125 1641 transtulerunt.
1152 1588 1259 1643 Pro
1286 1588 1494 1645 honore
1516 1605 1727 1667 quoque
1750 1591 1803 1645 in

195 1676 434 1733 Hebrzeo
467 1679 669 1749 legitur
704 1694 907 1735 cuasoo
947 1682 1137 1754 (πω),
1174 1684 1316 1753 quod
1363 1676 1655 1754 perspicue
1692 1685 1806 1757 glo-

194 1770 333 1823 riam
384 1781 561 1824 sonat.
596 1773 659 1824 Et
689 1781 773 1827 est
813 1786 1008 1826 sensus
1041 1789 1056 1827 :
1089 1775 1193 1828 erit
1220 1789 1367 1829 mors
1396 1775 1514 1842 ejus
1540 1775 1798 1846 gloriosa,

1900 571 1989 626 illa
2019 587 2136 643 qua:
2167 580 2570 642 pI‘TCESScI‘UIll
2600 573 2665 628 ad
2699 590 2824 628 eum
2856 572 3145 633 referenda
3177 576 3284 630 sint
3313 575 3505 643 Chris-

1899 673 2035 730 tum,
2065 680 2224 734 quem
2267 663 2442 719 ,ἰηιιωί
2493 665 2725 720 necdum
2785 668 3024 734 venisse,
3071 667 3167 729 sed
3213 681 3505 741 venturum

1897 768 2020 810 esse
2050 757 2412 811 contendunt.
2463 754 2591 812 Post
2634 757 2978 813 vocationem
3028 760 3192 829 igitur
3236 762 3501 835 gentium,

1898 860 2018 915 qum
2070 849 2342 918 quondam
2386 848 2439 902 in
2475 847 2707 913 caudam
2752 859 3018 918 reputatae
3062 862 3209 915 sunt,
3246 850 3412 906 Israel
3454 851 3509 908 in

1897 937 2125 994 condam
2157 940 2503 1008 reputabitur
2535 939 2717 1013 (Sup.,
2765 957 2882 1025 cap.
2920 939 3006 1012 s):
3042 951 3102 995 ut
3130 952 3371 1014 apponat
3406 943 3509 997 Do-

1903 1030 2080 1086 minus
2107 1032 2349 1087 secundo
2376 1049 2594 1101 manum
2630 1049 2805 1102 suam,
2837 1044 2889 1087 et
2919 1034 3199 1105 possideat
3228 1034 3509 1091 residuum

1902 1124 2083 1192 populi
2118 1126 2223 1192 sui,
2259 1124 2326 1180 de
2357 1142 2464 1195 quo
2493 1135 2547 1181 et
2571 1142 2731 1197 supra
2763 1125 3016 1196 legimus,
3050 1143 3157 1186 non
3178 1142 3400 1183 omnem
3426 1129 3507 1183 ls-

1904 1217 2035 1284 rael,
2067 1217 2161 1272 sed
2199 1218 2460 1286 reliquias
2491 1234 2614 1274 esse
2643 1219 2955 1286 salvandas,
2995 1235 3117 1289 qua:
3152 1219 3359 1275 relicta:
3391 1218 3511 1281 fue-

1904 1308 2014 1361 rint
2041 1308 2108 1361 ab
2143 1310 2379 1381 Assyriis
2407 1319 2463 1365 et
2489 1310 2556 1365 ab
2582 1309 2836 1389 ΑΞίςγριοῃ
2862 1323 2917 1366 et
2946 1328 2971 1364 a
3004 1312 3245 1367 diversis
3278 1326 3374 1383 per
3400 1312 3511 1367 cir-

1908 1398 2112 1453 cuitum
2140 1402 2468 1456 nationibus.
2488 1402 2725 1457 Primum
2753 1405 2896 1458 enim
2925 1405 3219 1460 duodecim
3238 1404 3516 1475 Apostoli,

1909 1499 1962 1544 et
1989 1492 2352 1561 septuaginta,
2378 1502 2664 1561 etcentum
2686 1494 2875 1564 viginti
2900 1495 3113 1561 animae,
3132 1504 3189 1551 et
3208 1496 3509 1569 quingenti,

1908 1582 2107 1651 quibus
2136 1585 2338 1650 pariter
2355 1586 2698 1655 Congregatis
2729 1586 2995 1641 Dominus
3026 1587 3514 1657 apparuit,tleinde

1911 1674 2009 1728 tria
2036 1675 2226 1739 millia,
2259 1685 2313 1731 et
2334 1678 2573 1746 quinque
2600 1680 2765 1733 millia
2792 1678 3104 1735 Judmorum
3135 1681 3188 1734 iu
3222 1680 3509 1747 Dominum

1910 1766 2286 1823 crediderunt.
2317 1767 2556 1825 Iacobus
2587 1786 2806 1841 quoque
2834 1774 2899 1825 ad
2928 1770 3157 1825 Paulum
3208 1774 3515 1841 apostolum

194 1868 256 1913 ut
290 1860 583 1929 impleatur
609 1861 741 1916 illud
760 1865 903 1931 quod
933 1864 1184 1919 Salvator
1211 1868 1262 1920 in
1281 1866 1577 1937 Evangelia
1608 1867 1801 1935 depre-
1830 1855 1877 1915 Β
1907 1860 2164 1931 loquitur,
2195 1864 2285 1931 qui
2331 1874 2384 1918 et
2429 1865 2546 1933 ipse
2587 1864 2655 1919 de
2700 1865 2926 1930 reliquis
2973 1872 3092 1920 erat
3122 1885 3134 1918 :
3190 1865 3370 1933 Vides,
3400 1870 3511 1938 [ra-

192 1961 354 2008 c.itur
382 1970 395 2006 :
447 1952 625 2022 Pater,
659 1955 900 2025 glori/ica
942 1973 1021 2011 me
1060 1958 1250 2028 gloria,
1283 1975 1439 2029 quam
1468 1958 1627 2013 habui
1657 1961 1801 2031 prius

193 2060 353 2115 quam
383 2045 609 2099 mundus
645 2056 776 2101 esset
808 2046 951 2115 apud
1004 2056 1052 2101 te
1082 2047 1264 2117 (Ioan.
1301 2065 1433 2117 xv",
1468 2050 1550 2120 5).
1590 2050 1800 2105 Dictum

194 2147 279 2193 est
307 2138 378 2193 de
410 2137 689 2193 uativitate
716 2141 859 2207 ejus,
878 2140 1082 2195 dictum
1116 2142 1277 2196 estde
1302 2144 1513 2197 ueteris
1539 2142 1591 2195 iu
1622 2144 1804 2199 medio

197 2228 575 2285 Sacramentis
608 2247 623 2288 :
657 2233 807 2285 venit
844 2230 911 2285 ad
945 2241 1196 2299 mortem,
1230 2247 1351 2304 quae
1384 2248 1495 2288 non
1538 2243 1807 2289 consueto

197 2321 514 2376 mortalium
563 2324 809 2380 nomine.
844 2323 940 2377 sed
992 2325 1118 2393 quia
1175 2325 1227 2378 in
1267 2325 1485 2381 Christo
1523 2334 1647 2381 erat
1696 2326 1805 2380 vita

199 2423 489 2484 perpetua,
520 2415 721 2483 requies
743 2415 1071 2485 appellatur.
1096 2415 1208 2470 Nos
1236 2425 1438 2483 autem,
1472 2427 1530 2472 ut
1552 2418 1807 2473 manifes-

200 2515 315 2562 tmn
346 2507 548 2577 legenti
580 2522 801 2563 sensum
826 2508 1154 2575 faceremus,
1186 2523 1283 2579 pro
1305 2511 1631 2579 dormitione,
1656 2522 1807 2566 etreo

199 2600 337 2665 quie,
370 2599 542 2655 altero
574 2600 763 2655 verbo.
790 2599 885 2654 sed
910 2600 1106 2656 eodem
1146 2615 1331 2669 sensu,
1363 2602 1657 2675 sepulcrum
1686 2619 1810 2658 ver-

201 2692 390 2746 timus.
423 2689 482 2745 In
513 2699 759 2761 tempore
787 2691 950 2763 igitur
981 2692 1095 2759 illo,
1124 2694 1343 2763 quando
1373 2695 1579 2749 Christi
1610 2695 1663 2750 in
1694 2704 1808 2751 toto

203 2782 411 2838 mundo
440 2782 789 2854 Evangelium
819 2785 1141 2852 coruscarit,
1171 2794 1224 2840 et
1255 2786 1465 2856 repleta
1501 2787 1657 2842 fuerit
1687 2803 1808 2842 etn-

204 2879 295 2932 nis
330 2888 472 2933 terra
509 2880 739 2935 scientia
769 2878 1011 2945 Domini,
1042 2881 1189 2935 sicut
1230 2895 1385 2951 aqua:
1416 2883 1587 2937 maris
1609 2890 1809 2937 terram

202 2971 543 3040 Operieutes,
577 2972 684 3027 erit
729 2971 888 3026 radix
918 2971 1092 3039 Iesse,
1128 2980 1185 3026 et
1230 2975 1322 3042 qui
1365 2973 1434 3026 de
1480 2973 1601 3041 ejus
1644 2973 1813 3040 stirpe

201 3063 545 3119 conscendet
596 3065 648 3119 in
690 3065 904 3133 signum
954 3066 1197 3119 omnium
1242 3066 1587 3135 pepulerunt,
1635 3076 1694 3119 ut
1735 3066 1813 3120 vi-

201 3158 377 3213 deant
422 3158 607 3227 ponuli
637 3159 855 3227 signum
902 3158 1025 3214 Filii
1061 3157 1299 3214 hominis
1329 3159 1382 3214 in
1415 3161 1554 3217 cmlo
1593 3158 1810 3233 (Matth.

1904 1963 1997 2017 ter,
2027 1961 2221 2025 quanta
2246 1956 2414 2009 millia
2434 1957 2537 2010 sint
2555 1954 2863 2011 Iudaeorum
2884 1959 3199 2012 credentium
3214 1958 3239 2012 ἒ)
3255 1960 3311 2013 Iti
3334 1977 3511 2035 omnes

1903 2044 2227 2100 azmulatores
2252 2047 2379 2118 legis
2398 2058 2518 2102 sunt
2541 2046 2681 2122 (Art.
2710 2065 2822 2118 xxi,
2855 2047 2969 2120 ΞΟ).
3003 2051 3070 2105 Et
3102 2052 3154 2105 in
3192 2049 3387 2106 eodem
3415 2067 3513 2105 vo-

1906 2137 2107 2193 lumine
2130 2138 2387 2210 legimus:
2418 2138 2583 2195 Erant
2612 2153 2779 2196 autem
2810 2144 2864 2197 in
2895 2142 3191 2205 Jerusalem
3222 2142 3518 2199 habitantes

1904 2226 2083 2284 Iudici
2123 2232 2221 2285 viri
2250 2234 2499 2300 timorati,
2535 2235 2598 2286 de
2635 2234 2894 2290 universis
2935 2232 3091 2308 163
3134 2236 3367 2310 gentibus
3398 2253 3516 2308 qua:

1906 2325 2000 2378 sub
2028 2324 2153 2376 caelo
2179 2334 2320 2391 sunt,
2349 2326 2439 2393 qui
2464 2340 2655 2380 omnes
2670 2328 3009 2393 mirabantur
3032 2338 3192 2395 atque
3220 2329 3513 2403 dicebant:

1910 2412 2098 2468 Nonne
2141 2414 2231 2468 isti
2273 2412 2485 2469 Οτιιίιωὶ
2512 2425 2647 2482 sunt,
2687 2426 2737 2469 et
2774 2418 3036 2485 quomodo
3074 2434 3169 2472 nos
3217 2418 3511 2474 audivimus

1908 2508 2259 2576 unusquisque
2280 2507 2514 2579 linguam
2534 2518 2787 2573 nostram,
2803 2508 2857 2562 in
2877 2522 2976 2578 qua
3002 2509 3110 2562 nati
3132 2522 3311 2564 sumus
3332 2508 3357 2563 ?
3378 2509 3515 2563 Par-

1911 2599 2002 2664 thi,
2036 2610 2083 2653 et
2117 2596 2279 2665 Medi,
2327 2609 2373 2654 et
2412 2596 2675 2665 Elamitte,
2713 2612 2760 2655 et
2789 2599 3085 2657 habitantes
3115 2601 3170 2657 in
3216 2601 3522 2672 Mesopota-

1909 2693 2013 2745 mia
2057 2700 2105 2746 et
2144 2691 2324 2763 Syria,
2354 2691 2716 2769 Cappadocia,
2755 2692 2925 2748 Ponto
2956 2703 3004 2749 et
3025 2693 3173 2763 Asia,
3210 2693 3444 2767 Phrygia
3473 2702 3522 2765 et

1912 2782 2237 2853 Pamphilio,
2262 2792 2311 2840 et
2341 2783 2578 2857 AEggpto
2618 2796 2665 2840 et
2690 2782 2872 2857 Libya,
2902 2794 2950 2840 et
2978 2784 3196 2860 Cyrene,
3226 2795 3273 2840 et
3311 2785 3524 2857 adreug

1914 2873 2157 2941 Romani,
2182 2872 2360 2930 Judaei
2374 2886 2425 2930 et
2442 2862 2728 2947 Proselyti,
2755 2874 2930 2932 Cretes
2942 2884 2992 2932 et
3010 2874 3208 2931 Arabes
3225 2878 3525 2932 audiuimus

1914 2967 2170 3036 loquentes
2212 2984 2297 3023 eos
2323 2970 2514 3024 nostris
2555 2969 2748 3040 linguis
2787 2970 3054 3043 magnalia
3084 2968 3184 3024 Dei
3219 2966 3358 3042 (Act.
3392 2985 3450 3037 ιι,
3486 2966 3521 3024 5

1916 3060 2105 3141 seqq.).
2136 3060 2215 3114 De
2242 3061 2323 3114 bis
2338 3062 2499 3131 igitur
2525 3062 2801 3117 universis
2826 3064 3083 3135 gentibus
3102 3077 3200 3132 per
3222 3060 3526 3132 Apostolos

1920 3150 2087 3206 Israel
2135 3151 2377 3221 reliquitn
2415 3151 2791 3207 salvabuntur.
2824 3152 3073 3208 Tradunt
3119 3154 3523 3211 Ecclesiastica't

198 3252 344 3321 xw).
380 3249 487 3317 Qui
517 3249 739 3306 habebit
764 3265 963 3306 cornua
991 3252 1044 3305 iu
1076 3251 1333 3307 manibus
1364 3255 1498 3319 suis,
1528 3253 1579 3308 in
1604 3231 1810 3324 quibus

1920 3242 2185 3310 historiae,
2217 3243 2361 3313 quod
2395 3242 2644 3314 Apostoli
2677 3245 2729 3297 in
2764 3253 2880 3300 toto
2911 3246 3045 3299 orbe
3072 3246 3305 3315 dispersi
3338 3246 3520 3302 Evan-

198 3342 586 3397 abseondetur
614 3344 881 3397 fortitudo
900 3344 1117 3407 e,ius,ut
1146 3344 1414 3397 exaltatus
1437 3347 1618 3400 omnia
1640 3345 1819 3399 trahat

199 3438 273 3494 ad
306 3452 375 3492 se
390 3434 574 3501 (Abac.
592 3435 694 3507 tn).
718 3437 846 3493 Sive
872 3444 931 3492 ut
956 3436 1099 3491 LXX
1124 3437 1543 3504 transtulerunt,
1575 3447 1822 3510 resurget

202 3549 230 3587 a
257 3530 524 3595 mortuis,
548 3541 602 3585 ut
635 3534 894 3601 princeps
922 3532 990 3587 sit
1016 3534 1259 3586 omnium
1298 3534 1598 3599 nationum,
1632 3546 1682 3589 et
1708 3534 1822 3588 uni-

202 3641 389 3682 versa:
418 3631 613 3695 gentes
641 3623 797 3696 162
824 3633 1053 3693 sperent
1094 3625 1148 3679 in
1177 3638 1265 3679 eo.
1295 3624 1450 3693 Quod
1475 3624 1632 3680 etiam
1652 3624 1821 3681 Iacob

208 3719 375 3788 (Gen.
400 3734 552 3787 xux,
584 3718 674 3790 10)
699 3722 764 3774 tle
797 3718 941 3774 tribu
965 3718 1101 3774 Jnda
1127 3719 1358 3792 my<tico
1378 3734 1635 3776 sermone
1660 3730 1822 3775 testa-

210 3824 308 3868 tur
339 3830 354 3867 :
391 3809 515 3867 Non
545 3810 750 3880 deficiet
797 3812 1034 3882 princeps
1086 3827 1150 3866 ea:
1198 3809 1373 3878 Iuda,
1424 3824 1585 3879 neque
1616 3809 1727 3865 dua:
1756 3810 1820 3864 de

212 3906 498 3979 femoribus
535 3909 674 3980 ejus,
702 3907 863 3961 donec
883 3910 1052 3962 veniat
1082 3909 1165 3960 cui
1192 3908 1475 3978 repositum
1505 3916 1600 3970 est,
1634 3916 1680 3960 et
1711 3906 1822 3975 ipse

211 4002 314 4055 erit
340 3986 656 4073 exspectatio
676 4002 924 4073 gentium.
955 3999 1019 4055 Et
1042 4002 1139 4056 erit
1163 4002 1218 4054 in
1240 4001 1324 4055 die
1342 4000 1455 4066 illa,
1480 4000 1692 4074 adjiciet
1713 3999 1819 4056 Do-

214 4094 397 4147 minus
424 4092 646 4148 secundo
665 4109 876 4148 manum
903 4108 1053 4147 suam
1067 4092 1136 4148 ad
1163 4092 1533 4164 possidendum
1554 4093 1820 4148 residuum

216 4184 409 4257 pepuli
437 4184 536 4249 sui,
577 4185 716 4249 quod
743 4185 1126 4255 derelinquetur
1152 4183 1213 4237 ab
1256 4185 1500 4256 Assyriis,
1545 4183 1682 4238 etab
1719 4180 1824 4238 18-

216 4285 405 4348 ggpta,
436 4285 484 4330 et
511 4293 542 4331 a
567 4274 808 4345 Phetros,
831 4278 960 4333 etab
990 4275 1283 4350 Ethiopia,
1321 4288 1367 4331 et
1394 4277 1457 4333 ab
1487 4276 1689 4344 xElam,
1718 4284 1765 4331 et
1792 4294 1825 4333 a

218 4369 492 4437 Sennanr,
516 4379 564 4425 et
593 4371 655 4425 ab
687 4369 899 4439 Emath,
941 4380 987 4424 et
1017 4370 1080 4424 ab
1110 4370 1293 4425 insulis
1319 4371 1496 4425 maris.
1542 4368 1610 4424 Et
1641 4370 1827 4424 levabit

219 4462 431 4530 signum
455 4462 512 4515 in
539 4463 795 4541 nationes,
835 4473 881 4517 et
910 4464 1241 4551 congregabit
1271 4465 1521 4537 profugos
1548 4459 1735 4526 Israel,
1776 4469 1828 4516 et

222 4556 495 4625 dispersos
520 4552 677 4610 Iuda
703 4554 906 4626 colliget
929 4572 960 4608 a
987 4565 1209 4624 quatuor
1237 4551 1405 4626 plagis
1427 4565 1577 4610 teme
1600 4569 1618 4607 :
1645 4561 1691 4608 et
1729 4570 1825 4607 au-

221 4648 424 4718 feretur
442 4645 583 4703 zelus
600 4646 871 4716 Ephraim,
887 4656 931 4702 et
948 4645 1116 4701 hostes
1132 4645 1273 4701 Iuda
1284 4647 1543 4718 peribunt.
1574 4646 1823 4717 Ephrat’m

220 4754 330 4793 non
358 4736 689 4793 conlabitur
723 4736 939 4803 Iudam,
971 4747 1017 4792 et
1042 4736 1212 4792 Iudas
1234 4755 1335 4792 non
1375 4738 1624 4809 pugnabit
1644 4746 1828 4792 contra

228 4830 511 4901 Ephraim.
538 4828 608 4886 Et
631 4832 870 4885 volabunt
892 4831 948 4884 in
968 4829 1181 4883 humero
1205 4828 1529 4885 Pbilisthiim
1551 4848 1640 4900 per
1655 4846 1822 4895 mare,

223 4923 387 4977 simul
413 4922 787 4993 prtedabuntur
808 4921 946 4992 ﬁlios
975 4920 1204 4976 Orientis
1227 4937 1247 4976 :
1268 4929 1317 4976 et
1340 4920 1572 4977 Idumam
1593 4932 1641 4977 et
1671 4920 1826 4976 Moab

224 5027 551 5087 praeceptum
587 5031 773 5069 inaniis
809 5029 1007 5077 eorum,
1052 5022 1099 5067 et
1139 5011 1237 5085 ﬁlii
1275 5012 1497 5067 Ammon
1539 5012 1829 5067 obedientes

226 5116 405 5164 erunt.
442 5108 500 5163 In
526 5107 621 5163 die
658 5107 776 5173 illa,
817 5108 919 5161 hoc
951 5114 1056 5173 est,
1101 5104 1153 5160 in
1192 5104 1288 5159 illo
1325 5114 1587 5174 tempore,
1621 5104 1688 5158 de
1727 5116 1831 5173 qua

1917 3335 2117 3408 gelium
2149 3333 2498 3405 prmdicarint
2528 3353 2541 3389 :
2588 3336 2656 3388 ita
2689 3342 2748 3389 ut
2769 3334 2990 3405 quidam
3029 3336 3225 3391 Persas
3254 3337 3527 3407 Indosque

1917 3437 2297 3501 penetrarent,
2328 3437 2383 3483 et
2409 3426 2687 3499 EthiOpia
2729 3429 2885 3483 daret
2913 3442 3105 3483 manus
3143 3444 3271 3483 suas
3302 3416 3443 3497 Deo,
3469 3438 3526 3485 ct

1922 3533 2071 3576 trans
2097 3520 2317 3575 ﬂumina
2339 3519 2637 3591 EthiOpim
2682 3520 2807 3577 inde
2832 3519 3054 3577 Christo
3085 3536 3309 3577 munera
3341 3520 3525 3578 defer-

1923 3622 2130 3668 rentur.
2171 3614 2249 3669 Δρ
2278 3629 2346 3669 ne
2377 3615 2553 3667 solum
2600 3613 2896 3669 orientales
2933 3612 3161 3684 populos
3209 3612 3526 3685 signiﬁcare

1920 3706 2189 3772 videatur,
2214 3705 2388 3776 jungit
2415 3715 2470 3761 et
2497 3704 2705 3774 reliqua
2736 3722 2749 3758 :
2788 3702 2851 3759 Et
2888 3707 2953 3759 ab
2993 3706 3180 3759 insulis
3219 3705 3404 3760 utaris.
3438 3704 3526 3761 Iu-

1921 3798 2069 3852 sulas
2110 3808 2289 3852 autem
2336 3798 2503 3851 maris
2531 3794 2925 3855 occidentalem
2967 3797 3178 3867 plagam
3228 3796 3523 3867 significat,

1922 3904 2041 3958 quae
2071 3889 2272 3944 Oceani
2300 3889 2507 3945 ambitu
2534 3888 2826 3945 clauditur.
2856 3888 3086 3945 Lcrabit
3115 3890 3282 3960 igitur
3311 3889 3524 3961 signum

1922 3983 2112 4038 Crucis
2137 3983 2189 4037 in
2222 3983 2505 4037 universas
2528 3983 2800 4047 nationes,
2827 3990 2881 4037 et
2900 3980 2968 4037 de
2990 3982 3281 4065 synagogis
3306 3980 3526 4035 Iudaeos

1924 4091 2041 4130 rmn
2073 4077 2304 4144 primum
2343 4074 2510 4130 Israel
2541 4074 2801 4145 populant
2833 4073 3221 4143 eongregabit,
3266 4078 3328 4125 ut
3381 4073 3529 4153 Apo,

1924 4162 2054 4220 stoli
2096 4175 2427 4237 praeceptum
2478 4161 2781 4221 Salvutoris
2814 4163 3127 4232 implerent,
3160 4162 3252 4233 qui
3284 4162 3527 4218 dixerat:

1926 4256 2007 4315 Ite
2044 4258 2112 4313 ad
2138 4274 2258 4314 oves
2285 4259 2513 4331 perditas
2539 4256 2722 4313 domus
2767 4253 3170 4328 Israel(Mattlt.
3216 4270 3271 4323 x,
3305 4254 3386 4325 6).
3422 4256 3525 4311 De-

1927 4353 2089 4424 nique
2117 4362 2173 4410 et
2200 4354 2399 4409 Paulus
2428 4353 2493 4409 ad
2550 4352 2861 4409 incredulos
2891 4351 3136 4424 loquitur
3168 4365 3235 4406 ex
3276 4348 3483 4407 Iudaeis
3510 4366 3525 4405 :
3570 4354 3573 4355 ⁷

1935 4444 2093 4500 Vobis
2109 4444 2379 4512 oportebat
2399 4446 2627 4516 primum
2648 4444 2789 4515 loqui
2802 4445 3013 4499 verbum
3033 4442 3160 4511 Dei;
3178 4444 3270 4498 sed
3284 4445 3533 4515 quoniam

1930 4535 2193 4605 repulistis
2219 4536 2378 4601 illud,
2407 4545 2454 4588 et
2480 4535 2720 4606 indignos
2745 4550 2831 4589 vos
2844 4536 3130 4607 judicastis
3149 4542 3358 4591 teter-nar
3385 4537 3526 4602 vita,

1851 4609 1906 4672 D
1929 4643 2043 4682 ecce
2072 4629 2421 4683 conrertlmur
2446 4626 2517 4679 ad
2540 4637 2732 4699 gentes,
2758 4628 2891 4680 sicut
2914 4630 3162 4698 praecepit
3183 4626 3330 4683 nobis
3353 4628 3532 4683 Domi-

1931 4738 2028 4776 nus
2059 4720 2195 4795 (Act.
2231 4735 2346 4784 xm,
2376 4718 2469 4784 46,
2491 4716 2607 4791 47).
2628 4718 2871 4786 Quatuor
2894 4726 3078 4773 autem
3107 4719 3315 4789 plagas,
3348 4721 3532 4774 orien-

1931 4825 2066 4883 tem,
2097 4824 2151 4870 et
2182 4814 2549 4880 occidentem,
2592 4811 2874 4868 meridiem
2907 4820 2959 4867 et
2987 4813 3419 4882 septentrionem
3455 4814 3535 4871 sic,

1930 4912 2169 4982 gniticat,
2203 4918 2263 4966 ut
2293 4925 2390 4981 per
2413 4910 2528 4966 haec
2554 4907 2737 4965 mundi
2763 4907 2976 4964 vocatio
2997 4906 3428 4963 demonstretur.
3455 4904 3534 4965 Eo

1934 5014 2203 5076 tempore,
2236 5005 2412 5077 inquit
2442 5005 2633 5069 Isaias,
2682 5018 3024 5075 nequaquam
3066 5001 3325 5074 prraim
3358 5012 3412 5057 et
3442 4999 3536 5058 Ju-

1934 5099 2051 5167 das,
2078 5101 2169 5168 qui
2198 5114 2365 5165 nunc,
2392 5113 2478 5152 me
2502 5096 2893 5177 prophetante,
2925 5096 3068 5152 inter
3107 5109 3167 5152 se
3194 5092 3377 5150 hostili
3406 5094 3535 5150 odio

224 5208 285 5254 et
314 5214 483 5271 supra
512 5199 715 5255 dictum
762 5206 866 5265 est,
899 5213 1021 5253 cum
1068 5196 1368 5253 surrexerit
1400 5194 1553 5250 radix
1592 5182 1759 5249 Jesse'
1778 5194 1836 5251 in
1938 5190 2228 5254 dissident,
2262 5189 2464 5244 inimici
2502 5195 2687 5255 erunt,
2734 5189 2831 5245 sed
2874 5186 3026 5259 juxta
3062 5183 3366 5244 Ezechielis
3414 5198 3542 5256 proxL

227 5294 455 5360 signum
489 5290 841 5363 populorum,
870 5290 985 5344 sive
1015 5297 1070 5343 ut
1099 5289 1414 5345 dominetur
1441 5286 1708 5359 gentium,
1740 5300 1837 5356 ap-
1938 5287 2204 5359 phetiam,
2236 5282 2357 5336 dua:
2382 5282 2549 5351 virgm
2582 5282 2635 5335 in
2679 5294 2840 5337 unam
2872 5282 3084 5349 virgam
3115 5274 3535 5345 coptilabuntur,

228 5393 400 5454 ponet
436 5382 697 5436 Dominus
718 5381 958 5435 secundo
983 5396 1389 5445 manumsuam,
1413 5390 1469 5433 ut
1499 5392 1838 5450 nequaquam
1940 5389 1997 5435 et
2033 5377 2339 5447 jungeptur
2366 5371 2420 5425 in
2452 5371 2653 5449 Christi
2706 5371 2974 5436 Ecclesia.
3013 5369 3106 5437 qui
3140 5364 3292 5434 Ρτίυε
3336 5366 3550 5421 “ieram

224 5479 388 5548 juxta
423 5482 645 5545 nostros
666 5473 1015 5535 Judaizautes
1047 5475 1100 5529 in
1134 5475 1241 5541 line
1270 5472 1482 5537 mutuli,
1516 5486 1639 5525 cum
1672 5469 1836 5540 intra-
1942 5454 2181 5535 seper-lii
2227 5460 2449 5532 (ﬂectit.
2499 5466 2621 5552 ut).
2672 5460 2766 5552 ita,
2802 5470 2863 5552 ut
2906 5458 2962 5523 in
2983 5454 3246 5552 gentibus
3266 5454 3548 5552 giliitmimi

232 5539 385 5625 verit
419 5544 987 5637 plenitudogentium,
1019 5566 1334 5620 tunenmnis
1358 5562 1521 5619 Israel
1555 5560 1842 5621 salvusﬁat
1937 5559 2131 5623 labem
2155 5551 2728 5631 desudantmtvalcm
2756 5550 2810 5604 in
2837 5545 3073 5637 humero
3093 5539 3550 5637 Pbilislltiiutm

229 5629 433 5733 (Rom:
458 5660 560 5730 xi);
591 5659 683 5713 sed
714 5629 829 5714 lucc
857 5629 1038 5713 omnia
1070 5658 1123 5710 in
1155 5659 1330 5727 primo
1363 5652 1730 5719 intelligamus
1749 5654 1844 5707 ad-
1943 5665 2116 5713 mare,
2150 5647 2253 5702 hoc
2275 5652 2386 5706 est,
2418 5642 2650 5733 primum
2685 5636 2987 5695 maritimis
3019 5629 3326 5733 pandite-nt
3351 5631 3559 5690 Palaes-

229 5766 433 5811 vcutu.
468 5751 661 5821 Neque
689 5752 833 5806 enim
863 5763 1172 5820 possumus,
1206 5766 1325 5805 cum
1351 5761 1458 5803 una
1488 5746 1606 5798 dies
1637 5745 1811 5799 dicatu

1949 5746 2077 5799 tinis
2104 5737 2217 5813 [Αἰ.
2249 5729 2583 5817 Ρειιίεειὶιιῖις]
2601 5740 2655 5809 et
2687 5746 2782 5805 per
2809 5742 2963 5800 mare
2989 5726 3416 5821 γοιιιοιςξξιξιτδυ
3443 5740 3565 5797 per-

228 5860 289 5907 et
310 5861 457 5901 nunc
480 5855 537 5899 et
566 5807 755 5916 supra,
779 5807 926 5898 illam
950 5841 1156 5897 referre
1181 5841 1245 5898 ad
1272 5843 1508 5915 primum
1535 5836 1844 5904 adventum,
1949 5847 2075 5906 gant
2118 5833 2184 5887 ad
2217 5834 2449 5883 caeteras
2481 5807 2753 5879 nationes.
2785 5823 2913 5878 Sive
2932 5818 3086 5888 juxta
3116 5807 3262 5870 LXX
3286 5807 3574 5887 ιιιιει-ιπε-
