4008 6288
481 223 574 276 151

1712 223 1769 278 S.
1817 219 2092 278 EUSEBII
2133 217 2516 274 HIERONYMI

3670 218 3778 275 £52

475 351 601 398 tes:
631 343 875 399 volabunt
926 345 981 397 in
1019 342 1234 398 navibus
1263 343 1691 415 alienigenarum,
1731 357 1874 396 mare
1915 340 2073 394 simul
2100 337 2147 398 A
2179 337 2368 408 pitres,
2413 344 2662 402 noctuas,
2703 353 2892 405 canes,
2925 349 2980 394 et
3009 338 3216 405 hircos,
3257 347 3313 393 et
3342 338 3553 402 asinos,
3583 335 3778 390 divino

475 436 846 503 pradabuntur
872 450 891 488 :
919 433 1061 505 quod
1091 434 1160 489 de
1189 434 1352 488 unius
1377 433 1531 489 Pauli
1558 433 1797 504 apostoli
1821 429 2074 501 exemplo

471 530 861 599 intelligamus.
891 529 983 596 qui
1018 543 1117 600 per
1144 526 1534 596 Pamphiliam,
1567 534 1624 581 et
1651 527 1856 588 Asiam,
1886 534 1941 578 et
1965 523 2076 577 Ma-

471 621 778 687 cedoniam,
813 618 971 692 165
992 631 1048 675 et
1078 621 1360 684 Achaiam,
1386 628 1442 673 et
1471 618 1719 673 divvrsas
1751 616 1962 672 insulas
1995 625 2068 670 at-

472 733 578 787 que
619 715 958 786 provincias,
1003 713 1069 768 ad
1101 712 1312 767 Italiam
1344 727 1563 782 quoque
1594 711 1733 780 (Act.
1775 709 1992 780 xxvttt),
2023 717 2078 763 et

469 821 530 866 ut
575 811 693 879 ipse
718 809 936 874 scribit,
969 807 1037 861 ad
1065 806 1385 873 Hispanias,
1432 805 1861 874 alienigenarum
1894 811 2077 873 porta-

471 913 558 958 tus
588 913 671 958 est
702 901 931 956 navibus
967 899 1145 969 (Rom.
1169 899 1288 966 xv).
1315 897 1484 967 Igitur
1517 895 1774 966 Ephraim
1803 905 1859 950 et
1883 894 2072 961 ludas,

470 997 524 1052 id
551 1007 656 1058 est,
689 995 781 1064 qui
814 993 882 1047 de
908 990 1196 1045 duodecim
1229 989 1474 1045 tribubus
1507 989 1559 1042 in
1585 988 1866 1044 Chi-ismm
1889 986 2074 1042 credi-

468 1091 670 1144 derunt
698 1103 764 1142 ex
800 1085 1027 1150 .ludzcis,
1058 1085 1222 1139 simul
1257 1083 1643 1154 praedabuntttr
1667 1082 1979 1146 Orientem,
2023 1091 2077 1137 et

468 1183 526 1236 in
558 1179 799 1235 ldumzea
830 1186 888 1233 et
916 1177 1074 1232 Moab
1097 1176 1400 1232 extendent
1433 1191 1625 1230 manus
1650 1190 1798 1241 suas,
1828 1175 1981 1245 juxta
2013 1173 2077 1229 il-

470 1272 566 1327 lud
591 1270 735 1340 quod
768 1270 868 1323 sub
899 1283 1133 1340 persona
1169 1267 1336 1323 David
1360 1268 1616 1322 Christus
1636 1268 1866 1340 mystice
1899 1267 2076 1337 loqui-

473 1375 562 1418 tur
583 1379 597 1416 :
624 1362 690 1416 In
708 1361 732 1415 Ι
743 1361 1283 1431 ἄπρηωαηιξεπιεηᾱαηι
1305 1360 1710 1416 calceamentum
1726 1376 1891 1414 meum
1908 1378 1926 1416 :
1947 1362 2075 1415 mihi

473 1455 779 1527 alienigenw
807 1455 1026 1508 servient
1054 1452 1173 1526 (Ps.
1203 1469 1316 1520 th,
1349 1453 1461 1525 10).
1495 1453 1588 1508 lla:
1616 1455 1765 1508 enim
1791 1464 1979 1524 gentes
2009 1469 2075 1507 eo

473 1557 725 1619 tempore
753 1563 864 1620 quo
893 1549 1061 1603 Isaias
1109 1548 1497 1618 prophetabat,
1543 1547 1877 1603 adversaria:
1919 1557 2076 1602 erant

474 1644 676 1712 populo
705 1641 1049 1709 Judzeorum,
1083 1652 1137 1696 et
1179 1641 1383 1696 idcirco
1416 1655 1558 1695 nunc
1584 1640 1717 1695 dicit
1748 1640 1888 1710 quod
1921 1647 2074 1710 post-

2177 433 2398 487 nomine
2429 441 2849 499 consecrarent,
2881 431 2950 487 de
2981 432 3192 487 infinita
3221 429 3369 501 regni
3398 428 3646 501 potentia
3680 443 3782 496 per

2176 525 2420 595 singulos
2432 524 2662 579 Romani
2685 525 2901 594 imperii
2922 525 3134 592 jmlices
3153 523 3519 584 distribuerit,
3533 530 3590 576 ut
3609 521 3774 574 alium

2171 619 2412 690 judicem
2443 620 2639 675 habeat
2667 619 2876 685 Thebe,
2899 620 3066 674 alium
3092 619 3284 690 Libya,
3315 619 3478 672 alium
3505 615 3781 684 Pentapo-

2177 715 2265 780 lis,
2314 716 2478 770 alium
2519 715 2804 787 AZgypIus,
2839 713 3004 768 alium
3047 713 3402 775 Alexandria,
3435 719 3492 764 et
3538 709 3779 765 diversae

2177 807 2455 877 regiones,
2502 805 2530 844 ἱ)
2559 822 2693 878 quas
2719 804 2905 881 νόμους
2941 805 3182 878 )Egyptii
3213 813 3434 860 vocant.
3483 803 3778 874 Propterea

2176 908 2358 954 autem
2389 901 2490 955 sub
2521 902 2837 969 metaphora
2870 899 3022 954 Nilus
3052 898 3262 952 divisus
3295 899 3347 951 in
3383 906 3572 966 partes
3594 904 3700 958 est,
3725 903 3780 951 et

2178 991 2382 1046 scissus
2418 989 2528 1064 [ΑΙ.
2572 990 2756 1062 casus]
2799 991 2850 1046 in
2891 989 3063 1055 rivos,
3106 998 3163 1043 ιιι
3203 987 3378 1059 possit
3419 988 3629 1056 absque
3667 986 3776 1042 ullo

2177 1083 2568 1154 impedimento
2610 1084 2974 1149 Evangelicus
3019 1097 3201 1138 sermo
3237 1081 3579 1147 discurrere,
3616 1089 3673 1135 et
3709 1079 3774 1134 ad

2179 1179 2407 1250 populos
2428 1177 2648 1250 Egypti
2678 1178 2902 1233 ultimos
2922 1179 3235 1249 pervenire.
3263 1176 3326 1231 Et
3341 1174 3619 1246 quomodo
3643 1182 3780 1229 tem-

2181 1271 2404 1342 poribus
2433 1271 2604 1344 Moysi
2632 1269 2875 1326 Rubrum
2909 1269 3172 1326 siccatum
3206 1278 3291 1324 est
3313 1284 3486 1335 mare,
3516 1276 3578 1323 ut
3603 1282 3777 1338 popu-

2176 1369 2261 1424 lus
2283 1368 2351 1422 de
2377 1365 2614 1438 Egypto
2648 1364 3053 1436 transfugeret:
3085 1365 3163 1420 sic
3186 1379 3217 1419 e
3241 1363 3519 1420 contrario
3560 1359 3779 1432 Egypti

2180 1461 2405 1516 ﬂumina
2429 1461 2804 1526 siccabuntur,
2835 1470 2896 1515 ut
2923 1458 3166 1530 reliquiae
3200 1457 3383 1528 populi
3419 1457 3537 1520 Dei,
3571 1471 3692 1522 quze
3714 1453 3778 1508 ab

2179 1555 2422 1627 Assyriis
2452 1564 2502 1609 et
2533 1555 2768 1609 diversis
2795 1553 3050 1624 gentibus
3080 1552 3466 1616 salvabuntur,
3499 1554 3779 1604 transeant

2181 1649 2234 1705 in
2250 1647 2564 1718 Egyptum,
2587 1661 2924 1718 nequaquam
2948 1645 3218 1717 fugientes
3233 1660 3353 1700 eam
3365 1687 3380 1707 ,
3394 1641 3488 1698 sed
3505 1643 3778 1712 capientes

475 1750 637 1805 quam
680 1733 984 1789 surrexerit
1025 1733 1178 1788 radi!
1206 1733 1384 1799 18558,
1417 1743 1473 1788 ιιι
1498 1743 1688 1804 νοεηθι
1719 1735 1769 1788 in
1796 1733 2074 1806 ﬁctilibus.
2107 1724 2157 1784 Β
2182 1751 2238 1797 et
2274 1755 2374 1796 suo
2397 1742 2672 1796 calcantes
2703 1739 2860 1810 pede.
2896 1739 3140 1794 Prudens
3168 1747 3224 1793 et
3253 1737 3582 1794 christianus
3613 1736 3780 1790 lector

469 1835 527 1880 et
555 1827 818 1881 vexillum
837 1825 1029 1880 Crucis
1051 1827 1121 1880 ob
1147 1826 1379 1882 salutem
1411 1827 1577 1882 tctius
1599 1827 1749 1881 orbis
1779 1826 1942 1882 fuerit
1961 1827 2074 1882 ele-

470 1929 681 1987 vatum,
711 1931 841 1974 tunc
872 1920 1038 1974 etiam
1069 1919 1309 1974 ldumma
1335 1929 1392 1976 et
1420 1920 1580 1976 Moab
1607 1931 1664 1976 et
1695 1920 1788 1976 lilii
1819 1922 2073 1986 Ammon,

473 2013 656 2066 omnis
701 2011 913 2067 scilicet
956 2011 1173 2066 Arabiae
1216 2011 1447 2066 latitudo
1487 2011 1618 2067 dent
1659 2011 1935 2084 Apostolis
1965 2028 2078 2067 ma-

476 2120 605 2170 nus,
638 2114 694 2160 et
733 2105 787 2160 in
833 2103 969 2160 locis
1007 2103 1335 2159 idololatriae
1365 2103 1569 2159 Christi
1604 2104 1861 2160 Ecclesia:
1892 2107 2077 2160 susci-

478 2208 689 2255 tentur.

549 2290 618 2346 Et
646 2291 896 2345 desolabit
927 2289 1184 2346 Dominus
1211 2291 1447 2363 linguam
1474 2292 1634 2346 maris
1661 2290 1904 2365 /Egypti,
1933 2302 1978 2345 et
2002 2291 2081 2347 le-

477 2383 618 2438 vabit
641 2400 850 2438 manum
870 2401 1025 2453 super
1047 2385 1242 2454 ﬂumen
1265 2384 1318 2436 in
1352 2384 1658 2454 fortitudine
1675 2385 1889 2456 spiritus
1911 2385 2016 2450 sui,
2037 2395 2084 2438 et

477 2479 726 2547 percutiet
758 2494 873 2530 eum
900 2478 957 2530 in
977 2479 1103 2530 rivis
1130 2485 1326 2545 septem
1349 2493 1367 2530 :
1389 2478 1464 2530 ita
1493 2488 1549 2530 ut
1573 2487 1840 2532 transeant
1866 2493 1957 2548 per
1971 2493 2086 2530 eum

484 2569 708 2623 calciati.
737 2569 802 2624 Et
829 2570 926 2623 erit
954 2571 1036 2622 via
1061 2568 1266 2622 residuo
1296 2569 1491 2640 papula
1518 2586 1630 2624 meo
1654 2571 1744 2640 qui
1775 2568 2088 2638 relinquetur

479 2665 543 2718 ab
571 2663 821 2734 Assyriis,
847 2663 982 2717 sicut
1005 2663 1106 2732 fuit
1131 2661 1302 2727 Israel
1319 2664 1374 2716 in
1388 2665 1472 2718 die
1497 2679 1598 2732 qua
1613 2663 1845 2718 ascendit
1874 2663 2089 2716 deterra

484 2755 730 2827 IEgypli.
763 2755 1058 2824 Quomodo
1081 2754 1317 2811 ldumasa
1348 2764 1405 2810 et
1431 2756 1620 2822 Moab,
1651 2764 1706 2811 et
1731 2756 1827 2810 lllii
1857 2755 2092 2811 Ammon

482 2847 703 2903 tradent
726 2862 921 2903 manus
949 2862 1082 2904 suas
1111 2847 1417 2919 Apostolis,
1455 2860 1514 2906 ut
1541 2847 1803 2904 obediant
1844 2847 2094 2919 Evange-

2182 1833 2321 1888 hane
2345 1833 2541 1888 habeat
2571 1833 3063 1901 repromissionum
3090 1831 3486 1902 prophetalium
3517 1830 3776 1900 regulam,

2181 1936 2242 1982 ut
2271 1942 2391 1997 quae
2427 1924 2596 1980 Judaei
2628 1935 2682 1978 et
2714 1925 2907 1987 nostri,
2943 1925 3110 1978 immo
3138 1939 3246 1978 non
3289 1923 3458 1978 nostri
3491 1921 3786 1978 Judaizan-

2184 2029 2288 2082 tes,
2337 2017 2627 2072 carnaliter
2668 2015 2846 2071 futura
2895 2016 3252 2083 contendunt,
3289 2029 3388 2071 nos
3433 2015 3786 2085 spiritualiter

2178 2115 2289 2181 jam
2317 2120 2587 2166 transacta
2617 2109 2932 2173 doceamus,
2981 2124 3049 2162 ne
3087 2123 3183 2177 per
3211 2107 3557 2163 occasionem
3605 2105 3790 2162 istius-

2185 2206 2330 2260 modi
2361 2204 2667 2260 fabularum
2690 2212 2746 2258 et
2785 2202 3247 2258 inestricaliilium
3272 2200 3428 2271 juxta
3465 2200 3784 2271 Apostolum

2186 2297 2255 2370 (Il
2284 2295 2422 2352 Tim.
2453 2297 2512 2365 ιι)
2541 2295 2928 2366 qua-stionttm,
2975 2294 3258 2364 judaizare
3283 2309 3570 2364 cogamur.

2258 2390 2428 2462 (Cap.
2458 2389 2811 2446 X||.—Vers.
2840 2389 2890 2452 1,
2910 2387 2965 2443 2.
2991 2389 3009 2458 )
3033 2386 3098 2442 Et
3131 2389 3270 2443 dices
3300 2389 3353 2442 in
3382 2388 3466 2442 die
3491 2387 3586 2441 illa
3618 2383 3790 2441 :Con-

2187 2482 2368 2553 ﬁtebor
2397 2481 2514 2546 tibi,
2549 2481 2791 2547 Domine,
2823 2483 3070 2552 quoniam
3099 2482 3265 2534 iratus
3295 2496 3349 2534 es
3384 2479 3553 2533 mihi:
3577 2493 3791 2532 concer-

2187 2590 2277 2628 sus
2318 2583 2392 2627 est
2433 2578 2581 2644 furor
2628 2585 2767 2638 tuus,
2817 2583 2864 2628 et
2910 2571 3212 2626 consolatus
3241 2589 3294 2626 es
3339 2588 3437 2626 me.
3486 2569 3622 2625 Ecce
3651 2569 3786 2624 Deus

2193 2666 2441 2721 Salvator
2469 2683 2634 2732 meus,
2663 2665 2982 2736 ﬁducialiter
3009 2680 3186 2738 agam,
3211 2673 3260 2718 et
3297 2680 3398 2718 non
3428 2662 3640 2728 timebo,
3673 2662 3790 2732 quia

2193 2758 2446 2828 fortitudo
2475 2774 2612 2824 utea,
2645 2769 2694 2813 et
2723 2759 2838 2812 laus
2883 2773 2997 2811 mea
3042 2756 3300 2810 Dominus
3341 2754 3509 2820 Deus,
3549 2764 3598 2808 et
3628 2758 3794 2824 factus

2193 2863 2268 2908 est
2291 2854 2417 2907 mihi
2446 2854 2500 2907 in
2531 2853 2768 2907 salutem.
2804 2863 2825 2890 ο
2851 2852 2952 2918 Qui
2981 2852 3135 2921 prius
3161 2851 3214 2905 in
3247 2849 3542 2904 solitudine
3572 2848 3797 2903 dixera-

480 2941 603 2998 licte
628 2943 1029 3013 prredicationi,
1065 2943 1144 2997 sic
1168 2943 1289 3012 ipse
1323 2942 1586 2998 Dominus
1610 2943 1702 3014 qui
1728 2942 1782 2997 in
1813 2941 2095 3012 Apostolis
2196 2947 2289 3014 tis,
2330 2945 2549 3016 quando
2591 2945 2921 3000 aseendistis
2948 2943 3018 2998 de
3057 2953 3200 2999 terra
3249 2942 3495 3014 Egypti,
3540 2950 3598 2997 et
3648 2955 3797 2996 mare

483 3033 602 3089 suis
635 3034 727 3088 illa
768 3034 1018 3105 perfecit,
1052 3032 1326 3089 desolabit
1371 3049 1478 3090 non
1529 3049 1680 3089 mare
1721 3033 1876 3104 juxta
1924 3031 2092 3099 LXX,
2138 3103 2167 3106 _
2197 3039 2458 3094 siccatum
2503 3044 2590 3093 est
2620 3036 2865 3091 Rubrum
2904 3033 3223 3092 :Cantemus
3276 3033 3524 3099 Domino,
3573 3032 3798 3106 gloriose

482 3127 579 3183 sed
599 3127 750 3196 juxta
770 3103 1051 3192 Hebraeos,
1075 3129 1318 3200 linguam
1348 3125 1771 3199 marisASgypti,
1795 3142 1916 3198 quae
1941 3127 2093 3194 prius
2121 3103 2169 3167 ο
2199 3133 2334 3187 enim
2383 3131 2746 3202 magniﬁcatus
2783 3129 2802 3202 [
2833 3130 2922 3186 Al.
2990 3130 3361 3197 lionoriﬁcatus
3387 3128 3410 3201 ]
3453 3137 3529 3183 est
3621 3125 3798 3182 Exod.

481 3230 673 3274 contra
704 3217 995 3274 Dominum
1023 3219 1444 3290 blasphemsbat
1479 3227 1537 3274 et
1573 3220 1960 3290 superstitioni
1997 3217 2098 3274 Ε·
2201 3218 2402 3291 xv,l),
2428 3233 2481 3277 et
2511 3221 2723 3290 reliqua
2761 3237 2773 3273 :
2807 3234 2952 3275 nunc
2981 3235 3240 3289 percussa
3274 3221 3455 3290 lingua
3487 3221 3658 3274 maris
3697 3216 3798 3274 Δί-

481 3313 682 3384 gyptiat
728 3324 981 3382 praeerat.
1023 3313 1180 3369 Unde
1205 3323 1260 3368 et
1306 3313 1358 3367 in
1392 3313 1626 3369 Psalmis
1673 3313 1945 3384 legimus:
1980 3312 2098 3367 Hoc
2197 3315 2370 3387 gypti,
2407 3323 2460 3368 ct
2493 3314 2716 3369 ﬂumine
2766 3311 2916 3367 illius
2964 3312 3208 3368 arefacto
3249 3321 3413 3383 atque
3457 3313 3701 3376 conciso,
3745 3319 3800 3366 et

482 3420 622 3459 mare
665 3422 910 3478 magnum
957 3416 1002 3459 et
1043 3407 1353 3477 spatiosum,
1393 3407 1464 3460 ibi
1504 3406 1714 3478 reptilia
1743 3424 1960 3477 quorum
1994 3423 2098 3462 non

483 3507 559 3551 est
585 3513 829 3552 numerus
855 3497 1032 3565 (Psal.
1069 3499 1238 3563 x,‘25,
1262 3497 1891 3567 26).Quibusinfertur:
1928 3499 2098 3551 Draco

483 3588 580 3641 iste
606 3605 752 3657 quem
780 3591 1072 3660 plusmasti,
1118 3599 1173 3641 ut
1211 3587 1452 3642 illuderet
1491 3590 1557 3642 ei.
1588 3589 1878 3644 Desolabit
1913 3590 2097 3659 igitur,

483 3683 604 3738 sive
627 3683 953 3746 interliciet,
977 3681 1084 3736 hoc
1105 3691 1190 3737 est
1213 3690 1239 3717 ιι
1266 3685 1648 3754 ἀναθεματίσιι,
1677 3693 1736 3736 ιιι
1761 3683 2098 3748 Theodotio,

486 3777 692 3846 Aquila
725 3785 782 3830 et
805 3775 1174 3846 Symmachus
1207 3777 1626 3843 transtulerunt,
1658 3777 1897 3848 linguam
1931 3778 2102 3832 maris

489 3866 740 3940 Egypti,
767 3879 821 3924 et
856 3869 1060 3923 levabit
1103 3884 1325 3924 manum
1362 3884 1514 3924 suam
1555 3885 1720 3940 super
1748 3870 1974 3924 ﬂumina
2001 3869 2103 3926 1E-

485 3962 642 4033 gypti
684 3963 738 4018 in
778 3960 1105 4017 fortitudine
1142 3963 1378 4032 spiritus
1400 3963 1508 4027 sui,
1546 3963 1634 4018 vel
1655 3965 1857 4033 spiritu
1887 3964 2103 4020 violen-

487 4056 724 4123 tissimo,
749 4056 893 4127 quod
924 4071 1152 4126 regnum
1179 4057 1540 4128 intelligimus
1563 4055 1963 4111 Romanorum.
1990 4056 2101 4113 Re-

488 4158 694 4219 gnante
721 4150 869 4203 enim
916 4145 1134 4203 Caesare
1159 4149 1408 4220 Augusto
1437 4148 1589 4222 (Luc.
1623 4147 1706 4219 tt),
1735 4149 1958 4218 quando
2001 4149 2103 4206 llos

491 4242 561 4296 de
582 4241 766 4297 radice
782 4241 940 4296 Jesse
964 4243 1316 4307 conscendit,
1343 4253 1398 4297 et
1416 4243 1474 4298 in
1501 4243 1634 4298 orbe
1659 4243 1904 4299 Romano
1925 4247 2099 4315 prima

492 4335 632 4388 facta
682 4343 767 4388 est
814 4331 1143 4400 descriptio,
1176 4335 1619 4403 potentissimum
1660 4336 1821 4406 prius
1869 4353 2097 4409 regnum

494 4427 904 4499 Egyptiorum,
935 4426 1082 4497 quod
1113 4428 1302 4483 multis
1325 4429 1545 4486 duravit
1573 4432 2097 4506 aetatibus,Cleopa-

491 4531 595 4576 trte
644 4529 822 4576 morte
860 4520 1204 4577 destructum
1234 4531 1340 4590 est,
1384 4523 1541 4598 165
1585 4535 1642 4580 et
1677 4541 1972 4597 percussus
2013 4538 2099 4584 est

493 4616 674 4671 amnis
690 4613 983 4689 Egyptius
1010 4615 1062 4670 in
1093 4625 1304 4687 septem
1335 4619 1488 4685 rivis,
1520 4619 1636 4675 sive
1665 4621 1717 4675 in
1741 4632 1956 4691 septem
1982 4623 2097 4676 val-

2202 3409 2510 3474 ltumiliato,
2557 3409 2858 3479 gloriﬁcate
2912 3406 3224 3473 Dominum,
3273 3418 3328 3462 et
3370 3407 3537 3462 dicite
3582 3425 3596 3461 :
3649 3403 3800 3478 ιω

2201 3501 2496 3571 Conﬁtebor
2541 3501 2650 3565 tibi,
2711 3499 2928 3553 Domine
2958 3515 2977 3554 :
3007 3500 3269 3570 quoniam
3314 3500 3406 3570 qui
3452 3500 3587 3554 iram
3630 3496 3800 3553 merui

2200 3606 2258 3651 et
2287 3595 2526 3651 furorem
2558 3604 2732 3661 tttum,
2783 3594 3219 3650 misericordiam
3271 3602 3606 3650 consecutus
3644 3605 3797 3658 sum;

2203 3697 2260 3742 tu
2291 3703 2350 3742 es
2377 3688 2524 3741 enim
2562 3687 2814 3742 Salvator
2844 3701 3017 3750 meus,
3057 3685 3107 3740 id
3141 3696 3248 3751 est,
3291 3685 3480 3750 Jesus,
3513 3692 3568 3738 et
3599 3697 3803 3751 nequa—

2202 3793 2365 3848 quam
2401 3777 2654 3832 tlduciam
2689 3777 2866 3832 habeo
2897 3778 2950 3832 in
2979 3776 3165 3842 idolis,
3191 3790 3292 3831 nec
3319 3775 3522 3830 timebo
3550 3790 3672 3845 quae
3693 3788 3799 3828 non

2204 3881 2331 3924 sunt
2361 3868 2630 3934 timenda;
2662 3869 2759 3924 sed
2791 3879 2847 3923 tu
2869 3883 2930 3924 es
2959 3866 3222 3922 fortitudo
3253 3883 3395 3931 mea.
3421 3875 3478 3922 et
3510 3867 3634 3922 laus
3661 3880 3798 3930 mea,

2203 3963 2295 4034 qui
2315 3962 2488 4018 factus
2508 3979 2568 4018 es
2597 3961 2734 4018 mihi
2773 3963 2826 4018 in
2862 3963 3114 4016 salutem.
3146 3961 3344 4016 Audiat
3373 3959 3800 4016 sceleratissima

2207 4057 2456 4122 literesis,
2487 4055 2690 4112 factum
2723 4057 3008 4111 Dominum
3041 4055 3125 4109 his
3147 4056 3238 4125 qui
3262 4055 3564 4119 salvantur,
3593 4063 3650 4110 et
3670 4066 3805 4123 quo-

2203 4165 2321 4204 rum
2346 4152 2500 4220 prius
2533 4149 2792 4205 Dominus
2820 4163 2929 4204 non
2959 4156 3101 4215 erat,
3129 4156 3189 4201 ut
3210 4147 3550 4202 creationem
3581 4147 3636 4202 in
3658 4144 3806 4202 Scri-

2205 4243 2380 4312 pturis
2408 4242 2614 4298 sanctis
2640 4251 2806 4312 atque
2828 4241 3116 4306 facturam,
3149 4253 3255 4294 non
3287 4254 3508 4311 semper
3529 4240 3801 4295 conditio-

2205 4351 2329 4391 nem
2360 4350 2551 4391 eorum
2582 4348 2709 4406 quae
2737 4348 2848 4387 non
2893 4343 3075 4398 erant,
3107 4333 3202 4387 sed
3254 4333 3536 4388 interdum
3567 4331 3804 4404 gratiam

2204 4429 2260 4485 in
2293 4445 2389 4486 eos
2421 4431 2513 4500 qui
2547 4429 2848 4485 meruerint
2875 4427 2979 4481 sibi
3020 4426 3194 4482 Deum
3227 4426 3370 4494 ﬂeri,
3409 4427 3802 4498 intelligamus.

2273 4521 2464 4596 (Vers.
2491 4519 2586 4593 5.)
2621 4518 2885 4574 Haurietis
2930 4536 3092 4590 aquas
3114 4521 3167 4574 in
3207 4521 3426 4592 gaudio,
3473 4521 3537 4576 de
3576 4522 3804 4593 fontibus

2204 4618 2517 4674 Saluatoris.
2551 4615 2724 4684 Quem
2756 4629 2922 4686 supra
2962 4613 3312 4679 Emmanuel,
3355 4614 3579 4680 deinde,
3628 4614 3804 4686 spolia

488 4707 652 4763 libus.
689 4707 845 4764 Nilus
875 4708 1024 4764 enim
1051 4723 1318 4779 aquarum
1343 4709 1662 4776 multarum,
1694 4713 1787 4782 qui
1818 4715 1968 4781 prius
1989 4729 2100 4770 uno
2204 4708 2452 4773 detrahe,
2485 4708 2682 4762 festina
2716 4707 2970 4776 praedari,
3003 4717 3058 4762 et
3089 4706 3315 4777 reliquis
3354 4707 3668 4776 appellarat
3707 4721 3809 4764 no-

491 4799 699 4856 ﬂuebat
726 4802 912 4870 alveo,
948 4809 1005 4857 et
1033 4801 1399 4858 intransibilis
1431 4811 1574 4863 erat,
1603 4801 1657 4857 in
1683 4812 1898 4872 septem
1929 4805 2102 4861 valles
2206 4802 2470 4865 minibus,
2504 4815 2575 4856 ne
2601 4799 2886 4856 videretur
2915 4799 3058 4854 alter
3100 4812 3223 4854 esse
3248 4807 3451 4870 prteter
3478 4815 3608 4854 eum
3639 4815 3802 4871 quem

493 4891 838 4947 humillimas
879 4901 936 4947 et
977 4892 1132 4947 rivos
1169 4892 1381 4948 divisus
1415 4901 1500 4949 est
1528 4902 1694 4964 atque
1723 4894 2005 4960 concisus,
2046 4905 2104 4951 ut
2205 4893 2428 4953 Gabriel
2460 4892 2667 4963 Virgini
2700 4891 2992 4958 nuntiavit,
3023 4891 3214 4946 dicens
3245 4908 3257 4944 :
3285 4889 3354 4945 Et
3385 4892 3592 4946 vocabis
3619 4909 3809 4948 nomen

493 4983 740 5038 calciatls
766 4983 996 5052 pedibus
1020 4984 1368 5040 transiretur.
1398 4983 1711 5040 Hocautem
1736 4985 2099 5057 Tropologice
2205 4991 2318 5056 eius
2347 4988 2545 5054 Jesum,
2577 4989 2687 5060 ipse
2733 4987 2869 5041 enim
2910 4985 3108 5040 saluum
3153 4986 3310 5056 faciet
3355 4983 3612 5057 populum
3653 5003 3807 5041 suum

495 5075 790 5146 signiﬁcat,
815 5075 960 5147 quod
981 5086 1199 5145 gentem
1227 5077 1634 5150 Egyptiorum,
1659 5080 1712 5135 in
1745 5089 1958 5137 tantum
1982 5082 2099 5139 ido-
2207 5081 2439 5156 (Matth.
2471 5097 2512 5148 ι,
2543 5081 2608 5136 21
2637 5081 2688 5151 ):
2714 5094 2861 5136 nunc
2904 5087 3066 5134 vocat
3089 5079 3457 5145 Salvatorem,
3489 5089 3542 5135 et
3589 5079 3660 5136 de
3688 5080 3809 5150 ejus

494 5167 728 5225 lolatria:
753 5175 810 5224 et
843 5167 1160 5223 vanissimas
1185 5170 1560 5239 superstitioni
1582 5171 1846 5241 deditam,
1873 5186 1932 5231 ut
1953 5177 2101 5231 acei-
2209 5177 2451 5235 fontibus
2479 5191 2647 5247 aquas
2673 5173 2934 5244 praedicat
2961 5172 3319 5241 hauriendas,
3347 5188 3700 5247 nequaquam
3739 5175 3809 5232 de

570 5340 597 5369 ει
639 5326 898 5399 Legimus
934 5342 1002 5382 ex
1045 5325 1221 5381 Vatic.
1269 5327 1646 5400 ὰναθεματίσιι.
1688 5330 1780 5388 Sic
1827 5333 2099 5390 Eusebius

665 5402 842 5480 ιοοι.ιηι
862 5400 1106 5480 κρίνας
1129 5403 1431 5480 queam.
1453 5400 1972 5480 οῦςῳςὴρμνενσνσαν,
1997 5406 2102 5464 καί

497 5473 862 5551 iuuerunt-riae:
890 5471 1464 5551 Κύριος-’τὴνὴλῶσςαν
1499 5471 1762 5551 Galatians-
1805 5471 2099 5551 Αἱγύτὲεεον,

501 5545 626 5598 Tres
651 5542 772 5614 pari
803 5542 1052 5595 consensu
1085 5542 1408 5614 interpretati
1435 5553 1578 5614 sunt,
1609 5546 1672 5599 Et
1701 5542 1953 5602 desolabit
1985 5542 2100 5601 Do;

500 5612 670 5668 minus
693 5612 950 5684 linguam
989 5612 1148 5684 maris
1176 5612 1417 5684 Egypti.
1460 5613 1592 5671 Erat
1630 5625 1812 5674 tamen
1849 5618 1903 5674 in
1941 5629 2101 5674 antea

501 5682 735 5752 vulgatis
764 5681 1084 5750 Hieronymi
1112 5681 1559 5752 ἀναθίματίσσται.

2275 5336 2302 5376 ιδ
2343 5335 2592 5392 Martian.
2622 5348 2750 5402 quos
2779 5350 2793 5386 :
2820 5334 3149 5406 putabatque
3173 5351 3361 5406 parum
3386 5337 3646 5406 equidem
3669 5341 3808 5397 scite

2203 5407 2390 5480 νόμους
2419 5423 2528 5480 non
2561 5408 2832 5480 regiones,
2866 5406 2960 5460 sed
2993 5405 3216 5480 .ludices
3259 5405 3533 5478 Egyptiis
3561 5413 3808 5480 appella-

2206 5475 2311 5544 to's,
2347 5478 2492 5562 quod
2525 5475 2869 5550 postmodum
2897 5478 3234 5533 retractavit.
3264 5475 3560 5535 Vide'iulra
3591 5475 3650 5536 iu
3677 5499 3806 5554 cap.

2206 5565 2318 5660 “xc,
2344 5564 2637 5679 Entisgium
2669 5634 2859 5692 presso
2888 5620 3118 5692 vestigio
3144 5619 3414 5694 sequitur.
