4008 6408
171 296 274 355 153
746 301 1395 362 COMMENTARIORUM
1433 304 1500 363 IN
1540 303 1753 363 ISAIM

1863 307 2237 366 ROPHETAM
2277 308 2410 366 LIB.
2454 309 2521 367 V.
2561 310 2718 367 CAP.
2756 310 2902 369 χιιι.
3371 313 3475 374 1δὸ

169 409 329 483 aquis
359 412 608 472 ﬂuminis
647 415 886 488 Egypti,
916 433 1039 488 quas
1079 434 1355 489 percussa:
1393 428 1547 488 sunt,
1591 436 1770 492 ncque
1795 423 1852 485 A
1873 426 2071 493 sciant,
2107 428 2364 498 quoniam
2388 426 2541 482 solus
2582 426 2835 484 excelsus
2860 436 2948 483 est
2979 431 3105 486 :cui
3134 434 3465 489 cantandum

171 501 243 561 de
270 508 435 575 aquis
465 508 702 565 ﬂuminis
727 509 919 577 Rasin,
964 511 1060 567 sed
1101 511 1172 568 de
1213 511 1453 570 fontibus
1475 512 1625 579 Iesu.
1661 514 1766 570 boc

172 597 321 653 enim
351 600 701 657 Hebraeorum
732 603 915 674 lingua
947 603 1193 659 Salvator
1218 606 1569 676 exprimitur.
1613 605 1769 663 Unde

173 698 232 745 et
259 692 377 762 ipse
404 694 678 751 clamabat
718 696 772 751 in
808 697 1127 769 Evangelii),
1180 698 1283 764 Qui
1321 700 1450 768 sitit,
1483 699 1653 755 veniat
1699 701 1768 754 ad

172 798 269 846 me,
288 784 507 841 etbibat.
534 787 638 856 Qui
654 790 931 844 crediderit
956 807 1009 845 tn
1032 808 1132 859 me,
1156 793 1283 847 sicut
1307 794 1431 848 dicit
1454 793 1732 865 Scriptura
1747 811 1766 849 :

170 871 421 932 Flumina
449 880 515 932 de
542 891 718 936 ventre
746 885 860 955 ejus
888 885 1052 954 ﬂuent
1076 901 1230 956 aqua:
1258 887 1402 941 vivat,
1439 885 1550 941 Hoc
1574 897 1763 954 autem,

164 966 345 1039 inquit
394 970 746 1044 Evangelista
774 1022 788 1045 ,
819 976 1019 1032 dicebat
1049 978 1115 1032 de
1153 978 1357 1052 Spiritu
1385 990 1585 1047 sancto,
1616 997 1770 1052 quem

162 1062 428 1118 credentes
453 1064 508 1119 in
531 1081 651 1120 eum
676 1071 939 1140 accepturi
966 1081 1136 1125 erant.
1181 1071 1250 1127 Et
1290 1072 1346 1128 in
1376 1073 1491 1129 alio
1531 1074 1649 1145 ipse
1689 1074 1768 1129 lo-

160 1154 353 1223 quitur
393 1155 669 1229 Evangelii
702 1161 823 1216 loco
847 1179 862 1216 :
887 1160 990 1230 Qui
1017 1161 1197 1217 biberit
1233 1163 1300 1218 de
1328 1181 1465 1236 aqua
1489 1181 1646 1237 quam
1672 1181 1766 1236 ego

162 1246 365 1303 dedero
386 1249 457 1314 ei,
486 1266 589 1305 non
614 1252 753 1307 sitiet
783 1255 839 1308 in
864 1264 1114 1310 teternunt
1142 1272 1161 1311 :
1181 1256 1272 1311 sed
1303 1274 1440 1327 aqua
1481 1274 1636 1329 quam
1675 1273 1770 1327 ego

158 1336 299 1394 dabo
323 1340 396 1408 ei,
421 1341 511 1411 ﬁet
535 1344 593 1398 in
613 1360 674 1398 eo
694 1344 813 1414 fons
836 1363 987 1417 aqua:
1012 1348 1246 1402 salienfis
1270 1350 1326 1402 in
1348 1350 1505 1402 uitam
1525 1358 1771 1403 cateruam

160 1426 359 1502 (Joan.
389 1447 485 1502 vtt,
517 1435 583 1502 8;
608 1451 684 1503 tv,
712 1437 803 1504 i5,
826 1436 955 1508 14).
986 1438 1189 1495 Fontes
1216 1440 1544 1508 Salvatoris,
1575 1442 1773 1497 doctri-

154 1538 291 1579 nam
327 1526 706 1599 intelligamus
755 1531 1166 1603 Evangelicam,
1196 1533 1269 1589 de
1298 1550 1402 1604 qua
1451 1535 1503 1589 iu
1549 1548 1775 1606 sexage-

150 1616 303 1673 simo
334 1620 577 1689 septimo
599 1622 818 1693 psalmo
844 1624 1098 1694 legimus,
1123 1623 1190 1679 In
1216 1625 1467 1682 Ecclesiis
1490 1627 1773 1684 benedicite

146 1708 269 1766 Deo
299 1710 528 1769 Domino
557 1715 622 1769 de
648 1717 872 1788 fontibus
896 1715 1070 1773 Israel
1100 1721 1119 1790 (
1144 1719 1293 1777 Psal.
1323 1736 1493 1787 van,
1527 1721 1655 1791 27).

1870 520 2106 590 sitquod
2137 521 2417 591 magniﬁce
2448 519 2657 586 fecerit,
2688 530 2743 576 et
2773 521 2827 576 in
2851 525 3000 577 omni
3027 524 3164 581 orbe
3186 525 3332 582 illius
3361 528 3469 583 mi-

1870 610 2168 667 sericordia
2199 610 2545 681 praedicetur.

1940 701 1961 775 (
1978 701 2130 758 Vers.
2180 702 2233 758 6.
2260 703 2277 774 )
2321 702 2543 758 Exsulta
2569 712 2614 756 et
2641 704 2824 773 lauda,
2852 705 3104 761 habitatio
3140 706 3269 763 Sion
3302 726 3322 764 :
3347 711 3470 781 quia

1868 813 2083 869 magnus
2104 796 2159 850 in
2184 796 2357 851 medio
2384 797 2461 851 tui
2488 797 2713 853 Sanctus
2762 796 2953 853 Israel.
2992 799 3236 855 Primum
3287 801 3480 858 dicen-

1868 889 2162 962 dumjuxta
2188 889 2428 946 litteram
2448 909 2461 945 :
2481 889 2526 945 0
2544 889 2814 945 habitatio
2829 892 2981 958 Sion,
3006 893 3222 948 BXSItlla
3240 905 3293 950 et
3317 895 3475 950 lauda

1870 984 2036 1040 Deum
2090 994 2263 1051 tuum,
2294 984 2441 1056 quod
2485 986 2577 1055 qui
2617 993 2743 1040 tuus
2790 997 2919 1042 ante
2970 987 3258 1043 videbatur
3310 990 3473 1051 Deus.

1868 1086 1925 1133 et
1952 1078 2185 1133 modicis
2211 1077 2414 1133 ludam:
2439 1085 2601 1133 terra:
2622 1078 2981 1134 claudebatur
3005 1081 3298 1150 angustiis,
3330 1097 3476 1136 nunc

1868 1169 2163 1239 repleverit
2189 1184 2409 1225 omnem
2441 1177 2640 1224 terram
2685 1171 2910 1225 scientia
2944 1185 3065 1235 sua,
3103 1179 3159 1225 et
3183 1171 3252 1225 de
3293 1182 3474 1226 morte

1869 1275 2225 1333 consurgens,
2275 1271 2467 1331 regnet
2495 1260 2547 1316 io
2589 1262 2865 1332 gentibus,
2897 1275 2950 1317 et
2984 1262 3163 1332 ipsum
3214 1264 3469 1319 nationes

1870 1353 2257 1423 deprecentur,
2290 1364 2455 1423 atque
2499 1354 2757 1419 adorent;
2792 1355 2862 1408 ita
2893 1354 3202 1419 dmutamt,
3242 1367 3295 1410 ut
3330 1355 3471 1426 adji-

1871 1445 1979 1499 ciat
2024 1444 2287 1502 secundo.
2314 1459 2537 1499 manum
2568 1445 2728 1517 168
2752 1461 2906 1499 suam
2954 1445 3021 1500 ad
3070 1447 3465 1517 possidendum

1871 1539 2014 1611 quod
2042 1540 2309 1607 reliquum
2339 1549 2423 1594 est
2454 1540 2638 1608 populi
2667 1539 2773 1604 sui,
2804 1549 2858 1593 et
2888 1541 3305 1610 congregandos
3336 1557 3465 1611 pro-

1870 1634 2027 1707 fugos
2057 1634 2245 1698 Israel,
2275 1642 2330 1690 et
2355 1633 2633 1705 dispersos
2658 1631 2795 1689 Juda
2820 1634 3159 1704 colligendos
3181 1651 3209 1688 a
3228 1644 3469 1705 quatuor

1872 1725 2045 1795 plagis
2078 1736 2237 1780 terra:
2265 1741 2280 1780 :
2307 1725 2431 1794 quia
2463 1725 2816 1779 seminarium
2868 1723 3151 1793 Evangelii
3182 1741 3280 1795 per
3309 1724 3458 1793 Apo-

232 1802 443 1874 (Vers.
480 1805 535 1873 4,
578 1806 678 1878 5.)
719 1806 787 1861 Et
838 1810 1019 1864 dicetis
1062 1811 1118 1865 in
1172 1810 1266 1866 illa
1294 1812 1400 1879 die,
1445 1813 1761 1880 conﬁtemini
1792 1830 1840 1889 Β
1866 1818 2063 1883 stolos,
2110 1818 2200 1888 qui
2247 1834 2312 1873 ex
2363 1815 2569 1872 Iudaeis
2612 1823 2794 1878 erant,
2847 1816 3115 1885 processit
3143 1831 3173 1870 a
3226 1814 3467 1871 fontibus

147 1894 388 1952 Domino
415 1907 464 1952 et
503 1900 734 1956 invocate
776 1917 959 1957 nomen
990 1906 1104 1977 ejus
1138 1921 1158 1959 :
1188 1914 1336 1960 notas
1374 1906 1532 1975 facite
1572 1906 1627 1960 in
1667 1922 1761 1978 po-

148 1988 295 2060 pulis
320 1991 708 2048 adinventiones
736 1996 851 2066 ejus
889 2011 908 2049 :
936 2006 1261 2066 mementote,
1314 1999 1559 2069 quoniam
1590 1998 1759 2054 excel-

148 2096 266 2137 sum
292 2091 370 2138 est
392 2089 743 2159 nomenejus.
777 2087 996 2144 Cantate
1020 2089 1260 2157 Domino,
1289 2095 1533 2162 quoniam
1558 2093 1757 2163 magni-

149 2177 251 2248 ﬁce
308 2177 431 2248 fecit
470 2195 491 2233 :
529 2182 837 2236 annuntiate
888 2183 985 2238 hoc
1024 2183 1080 2238 in
1116 2186 1354 2240 universa
1405 2196 1566 2242 terra.
1628 2185 1755 2240 Haec

148 2274 549 2345 pracipiuntur
588 2276 656 2331 ab
682 2276 963 2349 Apostolis
997 2287 1053 2335 et
1080 2281 1326 2353 reliquiis
1353 2281 1518 2338 Israel
1547 2282 1632 2337 his
1659 2282 1752 2354 qui

147 2365 220 2422 de
266 2366 528 2437 gentibus
557 2369 912 2426 crediderunt
942 2391 956 2426 :
983 2385 1041 2427 ut
1091 2375 1194 2430 soli
1245 2378 1614 2431 conﬁteantur
1642 2375 1752 2430 Do-

145 2457 325 2527 mino,
353 2466 409 2515 et
440 2458 605 2516 idolis
630 2461 929 2529 derelictis,
978 2466 1237 2523 invocent
1268 2483 1466 2525 nomen
1498 2469 1619 2538 ejus
1647 2486 1661 2524 :
1694 2478 1750 2525 et

142 2562 343 2613 cuncta
386 2567 557 2624 opera
603 2555 722 2626 ejus
752 2558 1055 2628 praedicent
1099 2560 1445 2628 inﬁdelibus;
1482 2563 1639 2635 167
1688 2571 1748 2617 ut

142 2707 883 2737 *-

1864 1910 2046 1966 lsrael.
2087 1909 2285 1965 Melius
2320 1919 2501 1963 autem
2531 1917 2635 1976 est,
2667 1919 2726 1962 ut
2755 1909 2907 1973 Sion,
2940 1908 2991 1962 id
3045 1918 3154 1971 est,
3201 1908 3466 1978 speculam

1864 2004 1918 2059 in
1947 2002 2273 2059 sublimibus
2298 2003 2644 2069 colloralam,
2678 2004 3100 2071 interpretemur
3128 2003 3456 2067 Ecclesiam.

1863 2097 1931 2152 de
1957 2111 2059 2169 qua
2092 2106 2149 2153 et
2190 2096 2668 2167 quinquagesimns
2720 2094 2963 2163 psalmus
3009 2095 3156 2149 canit
3181 2112 3193 2148 :
3222 2093 3455 2166 Benigne

1861 2193 1967 2262 fac,
1999 2187 2235 2253 Domine,
2266 2190 2319 2243 in
2354 2188 2485 2243 bona
2513 2190 2772 2242 voluntate
2800 2197 2888 2241 tua
2922 2187 3072 2250 Sion,
3108 2197 3152 2240 et
3182 2187 3447 2257 aediﬁcen-

1859 2290 1943 2336 tur
1968 2282 2102 2335 muri
2122 2280 2412 2335 Jerusalem
2441 2279 2623 2353 (Psal.
2658 2297 2714 2346 ι,
2741 2279 2883 2349 ‘20);
2915 2288 2978 2334 ut
3003 2280 3338 2350 acceptabile
3361 2281 3456 2334 ﬁat

1861 2375 1914 2429 in
1959 2388 2023 2429 ea
2069 2373 2182 2429 Deo
2210 2373 2538 2427 sacriﬁcium
2580 2372 2830 2442 justitize,
2860 2373 3196 2435 oblationes,
3230 2380 3284 2425 et
3313 2370 3448 2424 hau-

1858 2468 2121 2534 locausta,
2152 2478 2207 2522 et
2235 2466 2460 2531 vitulus,
2492 2481 2654 2537 quem
2688 2465 2801 2521 ﬁlio
2840 2464 3127 2535 ptenitenti
3161 2472 3315 2533 pater
3346 2464 3463 2525 cle-

1858 2561 2236 2617 mentissimus
2266 2560 2568 2617 immolavit
2597 2559 2615 2631 (
2640 2558 2770 2614 Luc.
2817 2574 2884 2613 xv
2906 2558 2951 2626 ).

1114 2872 1605 2983 LIBER
1692 2871 2447 2999 QUINTUS.

208 3212 569 3290 167-168
604 3213 796 3270 Plures
817 3222 845 3252 ἰ
869 3214 998 3269 anni
1025 3223 1153 3270 sunt
1177 3214 1322 3285 quod
1348 3229 1378 3271 a
1402 3224 1608 3271 sanctae
1637 3228 1746 3270 me-
1774 3226 1820 3289 ρ
1852 3215 2000 3270 mina
2030 3213 2417 3281 condiderunt,
2448 3213 2772 3270 Hebraicam
2801 3215 3097 3284 panderem
3124 3216 3452 3270 veritatem:

130 3309 338 3364 moria
381 3307 509 3359 viro
534 3305 769 3361 Amabili
809 3306 1069 3375 episcopo
1094 3317 1338 3377 rogatus,
1385 3306 1524 3361 utin
1552 3305 1743 3361 decem
1849 3321 2047 3376 meque
2074 3313 2497 3371 retractantem,
2530 3314 2588 3362 et
2618 3306 3070 3361 molestissimum
3098 3307 3443 3375 explanatio-

130 3395 301 3455 lsaite
331 3393 631 3451 scriberem
676 3393 954 3459 Visiones,
1004 3410 1102 3465 pro
1131 3396 1376 3467 angustia
1408 3395 1559 3452 illius
1606 3404 1747 3452 tem-
1848 3396 1933 3451 nis
1979 3411 2151 3466 genus
2194 3396 2250 3450 in
2285 3405 2499 3465 tempus
2552 3396 2698 3451 aliud
2728 3396 3096 3462 diﬂ‘crentem,
3147 3399 3455 3468 smpissime

128 3488 288 3563 poris
319 3487 453 3558 quid
487 3486 621 3542 mihi
652 3487 936 3543 videretur
963 3487 1015 3542 in
1044 3488 1278 3559 singulis
1306 3486 1459 3543 brevi
1489 3502 1746 3544 sermone
1844 3488 2262 3545 commonebas.
2291 3487 2405 3543 Hoc
2420 3498 2601 3544 autem
2625 3504 2769 3543 anno
2793 3487 2987 3543 misisti
3013 3487 3178 3541 ﬁlium
3203 3500 3447 3541 nostrum

130 3581 438 3657 perstrinxi
468 3598 483 3638 :
510 3580 797 3637 historiam
834 3589 1040 3636 tantum
1082 3580 1225 3651 quod
1256 3582 1492 3652 petebat,
1524 3581 1746 3638 edisse-
1847 3583 2154 3640 ileracliutn
2179 3581 2494 3646 diaconum,
2528 3581 2621 3652 qui
2672 3596 2758 3636 me
2788 3594 2949 3635 manu
2980 3587 3236 3635 conserta
3281 3580 3333 3633 iu
3361 3578 3452 3649 jus

135 3689 288 3732 rens.
342 3671 501 3729 Nunc
530 3673 598 3727 ad
646 3684 721 3740 te,
754 3674 1128 3746 φιλοπονωτάτῃ
1163 3674 1538 3741 Eustochium,
1575 3688 1744 3744 cogor
1842 3688 2088 3741 vocaret,
2121 3687 2178 3732 et
2208 3675 2535 3748 promissum
2567 3691 2665 3746 per
2713 3685 2987 3729 momenta
3015 3673 3279 3743 exigeret.
3309 3671 3449 3740 Quid

136 3767 193 3825 in
227 3776 402 3825 totum
436 3766 759 3838 prophetam
809 3766 1250 3823 Commentarios
1281 3767 1548 3835 scribere,
1579 3778 1635 3824 et
1658 3767 1743 3823 in-
1842 3771 2009 3841 igitur
2054 3768 2290 3824 faciam?
2335 3768 2633 3823 subcamne
2662 3783 2798 3837 opus
2830 3767 2881 3823 in
2908 3781 3019 3838 quo
3048 3766 3147 3820 viri
3182 3766 3445 3822 eruditis-

135 3860 302 3918 terim
330 3860 680 3916 orationibus
708 3860 817 3915 tuis
845 3859 912 3914 ad
940 3860 1276 3933 Babylonem
1306 3875 1480 3929 usque
1510 3860 1739 3931 perveni
1841 3862 1966 3918 simi
2026 3862 2390 3927 sudavcrunt,
2439 3860 2728 3932 Origeoem
2781 3861 2994 3929 loquor,
3048 3869 3105 3915 et
3152 3860 3444 3916 Eusebium

138 3951 264 4027 [AL
307 3950 737 4025 pervenimus],
777 3967 897 4022 quze
970 3951 1151 4023 prima
1215 3953 1407 4007 decem
1466 3952 1736 4008 visionum
1838 3953 2133 4024 Pamphili,
2163 3969 2398 4023 quorum
2428 3954 2568 4008 alter
2592 3953 2786 4007 liberis
2808 3952 3085 4022 allegoria:
3108 3952 3299 4022 spatiis
3323 3966 3450 4005 cva-

137 4052 250 4111 est,
296 4045 364 4102 de
407 4047 605 4116 quibus
654 4053 783 4100 ante
818 4049 931 4114 jam
979 4045 1113 4100 dixi.
1161 4044 1506 4116 Superﬂuum
1551 4056 1734 4101 autem
1838 4055 2017 4117 gatur,
2046 4056 2100 4101 et
2131 4046 2507 4115 interpretatis
2538 4044 2857 4099 nominibus
2888 4042 3257 4113 singulorum,
3291 4043 3443 4112 iuge-

139 4137 281 4195 mihi
308 4138 482 4192 visum
500 4149 607 4203 est,
634 4144 729 4192 aut
744 4136 937 4195 eadem
965 4152 1155 4192 rursus
1183 4138 1405 4201 iterare,
1428 4138 1598 4193 autin
1628 4154 1737 4193 uno
1840 4140 1987 4193 nium
2035 4153 2193 4194 suum
2225 4136 2353 4193 facit
2386 4136 2653 4192 Ecclesia:
2684 4143 3050 4195 sacramenta,
3091 4134 3234 4188 alter
3269 4133 3444 4188 histo-

136 4243 313 4301 opere
352 4228 596 4285 diversas
640 4229 944 4285 sententias
1001 4244 1274 4299 promere.
1319 4229 1474 4285 Unde
1513 4230 1737 4300 quintus
1842 4234 2013 4289 ricam
2045 4232 2450 4299 expositionem
2484 4230 2641 4284 titulo
2697 4227 3115 4297 repromittens,
3173 4226 3447 4282 interdum

134 4323 195 4385 in
216 4320 412 4379 lcaiam
441 4322 577 4378 liber
603 4324 711 4379 erit
757 4321 875 4388 hic,
923 4323 1013 4395 qui
1045 4322 1321 4392 quondam
1369 4326 1520 4379 solus
1557 4324 1737 4380 editus
1846 4324 2193 4399 169—170
2218 4323 2563 4379 obliviscitur
2606 4321 2895 4391 propositi,
2934 4330 2954 4358 ο
2980 4329 3036 4376 et
3082 4322 3135 4375 in
3184 4318 3440 4390 Origenis

131 4424 240 4484 est,
291 4429 405 4488 quo
429 4415 499 4471 ad
528 4415 734 4472 calcem
763 4431 936 4487 usque
962 4415 1230 4487 Perfecto,
1273 4416 1416 4471 sexti
1440 4416 1736 4473 voluminis
1838 4421 1982 4472 scita
2012 4416 2306 4473 concedit?
2339 4416 2420 4471 An
2454 4424 2691 4477 taceam.
2735 4422 2791 4469 et
2815 4422 3007 4483 aperte
3040 4413 3202 4484 hujus
3221 4413 3445 4485 generis

131 4506 284 4579 juxta
316 4509 676 4581 trapologiam
707 4509 1033 4581 arripiamus
1084 4508 1398 4573 exordium.
1446 4517 1502 4563 et
1540 4508 1732 4564 eadem
1838 4509 2245 4578 expOsitionem
2276 4510 2493 4562 nescire
2524 4521 2611 4562 me
2637 4506 2859 4561 dicam?
2888 4514 2945 4561 et
2970 4506 3191 4577 quando
3224 4506 3321 4561 tibi
3350 4520 3448 4576 po.

132 4609 187 4657 te
208 4602 500 4658 Dominum
531 4600 887 4674 deprecante,
918 4602 1182 4671 spiritalis
1211 4602 1591 4674 intelligentiae
1616 4603 1734 4658 cul-
1848 4611 1970 4657 tero
2002 4601 2354 4670 persuadere,
2404 4613 2490 4653 me
2539 4611 2646 4653 non
2676 4597 2921 4667 potuisse
2963 4599 3135 4668 magis
3159 4613 3320 4668 quam
3355 4612 3452 4651 no-

134 4692 281 4751 mina
313 4709 735 4766 persequemur.
1848 4695 2060 4750 luisse:
2093 4707 2324 4763 quorum
2359 4692 2593 4746 alterum
2637 4689 3034 4745 imbecillitatis
3066 4699 3172 4754 est,
3215 4691 3450 4745 alterum

206 4806 229 4842 s
265 4787 567 4859 [lucusque
597 4803 736 4861 papa
768 4788 1059 4855 Amabilis,
1085 4788 1113 4827 δ
1144 4790 1396 4846 columen
1453 4790 1742 4846 charitatis

140 4889 198 4936 et
226 4895 457 4950 nomen,
486 4897 554 4938 ac
585 4882 720 4938 mibi
744 4882 993 4938 omnium
1020 4896 1159 4952 quos
1186 4891 1333 4938 terra
1353 4882 1535 4953 genuit
1555 4898 1746 4938 aman-

137 4973 372 5042 tissime,
426 4990 526 5047 per
565 4975 781 5032 litteras
825 4974 1133 5045 ﬂagitabas,
1189 4985 1249 5029 ut
1294 4974 1391 5029 tibi
1424 4975 1612 5030 decem
1659 4975 1744 5029 vi-

136 5066 327 5126 siones
372 5056 499 5142 que
553 5072 608 5128 in
640 5068 780 5125 Isaia
828 5068 1241 5125 obscurissima:
1293 5078 1443 5135 sunt,
1490 5068 1755 5125 historica

137 5161 487 5230 expositione
513 5162 871 5230 dissererem,
901 5172 958 5219 et
989 5160 1210 5218 omissis
1245 5170 1552 5217 nostrorum
1579 5162 1744 5217 Com-

134 5255 442 5323 mentariis,
482 5256 576 5326 qui
605 5255 792 5313 varias
820 5254 1115 5328 opiniones
1142 5252 1342 5322 secuti,
1387 5253 1559 5310 multa
1589 5254 1744 5310 volu-

206 5439 234 5469 ι
272 5429 474 5488 Fertne
520 5432 811 5497 tredecim,
859 5431 1071 5488 scilicet
1097 5431 1167 5486 ab
1195 5442 1344 5484 anno
1385 5427 1517 5493 397,
1569 5434 1631 5481 ut
1678 5427 1733 5484 in

137 5502 280 5557 notis
309 5503 718 5575 chronologicis
747 5501 926 5573 Epist.
957 5503 1029 5558 68
1058 5502 1127 5558 ad
1156 5499 1502 5557 Castrucium
1533 5499 1735 5568 proba-

138 5581 249 5629 tum
279 5583 390 5628 est.

208 5643 238 5683 δ
277 5644 340 5700 ιη
363 5642 544 5700 Vatic.
571 5645 772 5701 culmen
797 5643 1085 5701 charitatis.
1114 5652 1223 5700 etc.

213 5726 238 5755 ε
266 5688 341 5768 ἓξ
379 5688 445 5771 ii?
453 5688 1164 5842 'iir'giiiié'i'ciﬁi'iéiiini
1173 5688 1470 5771 Erasmus,
1492 5716 1541 5762 et
1563 5708 1743 5780 Orige-

179 5790 216 5842 is
242 5788 370 5842 fata
395 5790 544 5842 conci
584 5795 643 5842 tt.
665 5787 820 5842 Ouod
841 5787 1093 5842 suspicor
1106 5784 1177 5839 ab
1204 5781 1434 5836 Erasmo
1452 5787 1742 5842 mutatum;

138 5790 216 5842 nis
241 5788 370 5857 fata
395 5781 643 5842 concidit.
665 5787 820 5855 Quod
841 5787 1093 5856 suspicor
1106 5784 1177 5839 ab
1204 5781 1434 5836 Erasmo
1452 5787 1742 5845 mutatum;

1852 4786 2161 4859 superbiat?
2196 4785 2405 4854 Quibus
2443 4785 2672 4840 adactus
2702 4786 2906 4850 causis,
2952 4783 3117 4838 malui
3144 4800 3172 4838 a
3206 4792 3261 4838 te
3300 4783 3452 4852 inge-

1856 4884 2007 4937 nium
2056 4897 2238 4938 meum
2276 4896 2438 4952 quam
2468 4879 2810 4935 voluntatem
2858 4877 3031 4948 quaeri
3061 4895 3074 4931 :
3102 4877 3451 4949 breviterque

1859 4975 2138 5030 annotabo
2161 4989 2281 5045 qua:
2304 4972 2495 5039 didici,
2528 4971 2881 5027 fundamenta
2906 4967 3114 5040 iaciens
3135 4968 3449 5042 Scriptura-

1860 5084 2005 5125 rum.
2027 5068 2298 5125 Cteterum
2321 5067 2366 5122 si
2393 5078 2486 5122 aut
2516 5076 2573 5122 tu
2601 5064 2860 5132 volueris,
2888 5072 2983 5119 aut
3006 5058 3235 5136 spatium
3261 5062 3446 5126 fuerit.

1855 5171 1913 5220 et
1954 5163 2222 5219 voluntati
2250 5171 2455 5217 nostras
2483 5160 2736 5215 Chrlstus
2763 5158 3039 5227 annuerit,
3080 5158 3327 5230 spiritale
3357 5175 3443 5213 su-

1850 5271 1945 5327 pra
1984 5254 2307 5312 strueudum
2335 5264 2420 5311 est
2450 5253 2766 5320 aediﬁcium,
2796 5261 2856 5310 ut
2879 5253 3141 5324 imposito
3180 5239 3444 5313 culmine,

1842 5445 1970 5486 nam
2004 5441 2137 5485 mss.
2187 5428 2413 5486 codices
2457 5428 2968 5498 distincte_legunt_,
3017 5434 3066 5498 et
3108 5425 3163 5478 in
3212 5423 3450 5494 Origenis

1843 5501 1975 5555 scita
1998 5499 2232 5569 concedit
2260 5516 2280 5553 :
2309 5515 2413 5568 qua
2441 5499 2633 5569 phrasi
2657 5493 2828 5569 utitur
2867 5493 3001 5569 infra
3032 5494 3087 5569 in
3117 5508 3241 5562 cap.
3276 5493 3407 5569 Lvttt
3431 5511 3445 5549 :

1847 5568 2211 5643 Symmachus,
2239 5564 2522 5643 inquit,'_in
2570 5564 2934 5643 Theodotiopis
2976 5565 3104 5643 scita
3146 5565 3448 5643 concedens,

1849 5634 2078 5712 torquem
2108 5641 2298 5711 posuit,
2315 5634 2438 5693 'etc.
2464 5637 2581 5692 Liv.
2611 5649 2656 5712 tt_
2679 5634 2799 5689 Bel.
2817 5634 3048 5712 Maced._,
3071 5634 3126 5687 in
3149 5634 3451 5712 sententiam

1850 5702 2073 5785 alicujus
2095 5702 2396 5775 concedere,
2428 5722 2528 5779 pro
2554 5703 2750 5764 eodem
2788 5706 3095 5777 usurpavit.
3176 5702 3449 5763 Manum.
