4008 6342
269 371 365 427 15¹ἵ

788 369 1431 429 COMMENTARIOBL‘M
1468 364 1537 426 ιΝ
1575 368 1818 429 ιδΑιΑΜ
1856 368 2285 427 PROPHETAM
2323 370 2452 426 LIB.
2500 372 2563 426 V.
2608 371 2761 428 CAP.
2801 373 2944 430 Xlll.

3438 379 3543 436 158

269 500 348 543 ιω.
371 483 643 540 Crmiulem
664 485 803 553 diem
825 497 981 540 vocat
1008 527 1023 550 ,
1058 498 1165 541 non
1188 486 1388 541 merito
1416 485 1532 553 sui,
1562 494 1592 524 ι
1623 488 1722 541 sed
1750 503 1843 556 po-
1873 495 1924 554 Α
1950 486 2210 557 gnatione
2240 485 2333 543 Dei
2360 499 2411 541 et
2437 489 2634 559 caelum
2666 492 2818 545 triste
2840 492 2911 545 sit
2937 533 2949 555 ,
2983 502 3035 545 et
3066 503 3208 547 terra
3240 507 3541 567 moveatur,

272 576 399 647 puli.
429 574 539 637 Non
576 586 657 631 est
697 577 843 630 enim
874 576 1121 632 crudelis
1154 575 1250 647 qui
1274 576 1531 633 crudeles
1572 576 1788 648 jugulat
1817 593 1833 630 :

266 668 361 725 sed
386 666 518 739 quod
545 666 779 724 crudelis
804 668 1138 737 patientibus
1163 682 1288 724 esse
1316 669 1588 724 videatur.
1620 668 1755 723 Nam
1785 676 1843 724 et

270 761 399 820 latro
434 775 728 829 suspensus
769 762 1048 831 patibulo,
1086 762 1366 819 crudelem
1393 762 1635 833 judicem
1664 773 1835 835 putat.

263 854 525 924 Simulque
550 854 786 911 solitudo
812 864 870 910 et
897 856 1128 911 vastitas
1154 866 1312 911 terra:
1339 855 1655 928 Babyloniae
1694 871 1840 911 nun-

258 948 458 1003 tiatur:
501 958 555 1004 et
578 962 745 1004 causa
777 948 1045 1004 vastitatis
1075 949 1373 1019 exponitur
1410 947 1518 1021 [AL
1552 946 1838 1020 ponitur],

255 1042 398 1113 quod
427 1053 649 1113 propter
676 1043 894 1098 accolas
918 1043 1040 1112 ejus
1072 1042 1193 1097 haec
1221 1043 1404 1097 omnia
1437 1041 1590 1096 ﬁant.

330 1135 506 1205 (itera.
538 1135 655 1206 to.)
687 1135 944 1201 Quoniam
979 1134 1147 1190 stellis
1172 1136 1287 1189 σωκ
1312 1143 1361 1189 et
1385 1133 1633 1207 splendor
1660 1147 1842 1187 earum

257 1244 357 1282 non
384 1228 668 1299 expandat
706 1226 881 1282 lumen
917 1244 1071 1282 suum
1110 1244 1129 1283 :
1178 1226 1536 1281 obtenebratus
1564 1234 1641 1281 est
1682 1224 1760 1279 sol
1786 1225 1842 1279 in

252 1328 365 1375 ortu
385 1336 509 1388 suo,
538 1328 585 1374 et
613 1321 753 1376 luna
776 1336 883 1375 non
905 1320 1192 1391 splendebit
1225 1320 1383 1391 172
1425 1320 1481 1373 in
1510 1318 1704 1372 lumine
1724 1333 1839 1372 suo.

255 1412 488 1467 Verbum
542 1412 871 1468 llebraicum
912 1411 942 1449 ι»
975 1424 1184 1466 cuisth
1212 1396 1410 1482 (τίπτε)
1463 1406 1608 1464 LXX
1644 1410 1842 1485 ὡρίωνα

248 1507 674 1563 transtulerunt.
729 1506 1028 1572 Hebraeus,
1062 1519 1176 1576 quo
1202 1519 1304 1575 ego
1347 1516 1686 1576 praeceptore
1713 1518 1842 1559 usus

250 1613 369 1655 sum
392 1640 407 1663 ,
460 1598 743 1654 Arcturum
790 1598 1192 1668 interpretatus
1232 1606 1337 1653 est.
1365 1597 1476 1652 Nos
1514 1596 1843 1667 generaliter

246 1701 549 1762 sequentes
569 1692 982 1763 Symmachum,
1001 1689 1204 1745 stellam
1225 1690 1334 1762 [AL
1359 1688 1560 1763 stellas]
1581 1689 1837 1746 diximus.

251 1784 351 1839 Est
379 1793 566 1841 autem
593 1798 825 1850 sensus,
853 1783 999 1854 quod
1031 1798 1152 1839 cum
1186 1782 1301 1838 dies
1342 1781 1558 1837 Domini
1600 1781 1842 1837 crudelis

1941 577 2210 634 elementa
2235 594 2448 651 quoque
2476 581 2656 635 omnia
2681 582 2814 635 iram
2839 580 3120 637 Creatoris
3149 597 3461 655 agnoscant.

2013 671 2211 744 (Vers.
2246 675 2335 729 14.
2369 671 2388 744 )
2421 673 2488 729 Et
2517 676 2614 729 erit
2640 675 2790 746 quasi
2820 676 3035 732 damula
3065 677 3292 753 fugiens,
3323 689 3372 733 et
3397 682 3547 753 quasi

1940 765 2067 831 ovis,
2104 774 2149 820 et
2178 782 2281 819 non
2310 766 2403 820 erit
2434 768 2521 838 qui
2551 778 2844 840 congreget.
2884 769 3244 842 Babylonium
3277 770 3550 845 significat

1940 862 1997 911 et
2022 854 2338 911 Chaldaaum
2371 860 2651 926 populum,
2690 859 2833 928 quod
2866 858 2939 913 ita
2996 860 3225 930 pavidus
3248 861 3316 917 ad
3374 862 3552 932 irrup-

1940 947 2142 1004 tionem
2173 947 2452 1004 Medorum
2480 948 2874 1021 Persarumque
2920 952 3107 1021 fugiat,
3145 952 3300 1021 quasi
3330 952 3551 1023 damula

1942 1050 1997 1097 et
2024 1042 2139 1097 ovis
2166 1040 2233 1096 ad
2265 1043 2497 1111 rngitum
2521 1042 2695 1098 leonis
2732 1053 2787 1099 et
2818 1043 3085 1099 ululatum
3115 1043 3263 1113 lupi:
3319 1061 3423 1101 nec
3454 1046 3551 1100 ha-

1941 1137 2032 1193 bet
2060 1136 2405 1194 defensorem
2425 1148 2517 1194 aut
2543 1139 2865 1210 principem,
2901 1138 3057 1211 cujus
3087 1151 3349 1219 sequatur
3378 1140 3553 1217 impe-

1940 1244 2105 1285 rium.

2017 1318 2378 1394 Unusquisque
2408 1324 2478 1377 ad
2509 1325 2759 1397 populum
2793 1342 2945 1379 suum
2974 1333 3326 1391 convertatur,
3359 1334 3407 1379 et
3437 1325 3548 1382 siu-

1941 1415 2052 1487 gnli
2083 1416 2151 1469 ad
2180 1424 2367 1469 terram
2396 1432 2544 1483 suam
2574 1400 2791 1488 fugient.
2852 1417 3146 1491 Postquam
3179 1426 3335 1485 capta
3387 1417 3551 1475 fuerit

1942 1508 2206 1579 Babylon,
2238 1517 2291 1564 ct
2315 1524 2409 1580 per
2442 1518 2624 1583 portas
2652 1510 2769 1580 ejus
2816 1511 3035 1566 intrarit
3072 1512 3285 1569 hostilis
3339 1510 3554 1568 exerci-

1944 1612 2049 1669 tus,
2078 1615 2273 1657 cuncta
2313 1602 2510 1658 auxilia
2561 1612 2616 1659 et
2663 1605 3004 1660 diversarum
3052 1607 3294 1675 gentium
3330 1618 3546 1679 furtum,

1941 1695 2137 1766 quibus
2164 1696 2311 1764 prius
2341 1695 2532 1751 civitas
2553 1696 2961 1764 defensabatur,
2989 1697 3055 1755 ad
3080 1713 3210 1757 suas
3240 1699 3546 1767 provincias

1942 1796 2304 1844 revertentur.

247 1879 564 1944 advenerit,
607 1887 664 1934 et
713 1876 866 1950 furor
892 1879 1011 1949 ejus
1040 1877 1287 1932 universa
1319 1877 1584 1941 vastarit,
1620 1891 1732 1945 prie
1764 1876 1833 1928 ti-
1865 1882 1915 1943 Β
2012 1880 2032 1952 (
2064 1880 2217 1935 Vers.
2247 1879 2332 1937 l5.
2362 1879 2382 1952 )
2418 1878 2600 1935 Omnis
2629 1883 2717 1952 qui
2747 1883 2976 1937 inretitus
3006 1884 3183 1956 fuerit,
3235 1882 3498 1936 occidetur
3530 1900 3549 1939 .·

245 1972 416 2028 moris
441 1971 817 2041 magnitudine
846 1969 1174 2025 mortalibus
1213 1977 1409 2025 cuncta
1428 1968 1837 2033 tenebrcscaut,

244 2074 299 2121 et
326 2067 408 2121 sol
436 2066 557 2135 ipse
585 2073 643 2120 et
671 2065 795 2120 luna
825 2073 1084 2131 astraque
1112 2062 1387 2117 rutilantia
1431 2075 1591 2116 suum
1615 2059 1842 2115 videon:-

246 2166 332 2212 tur
376 2173 583 2229 negare
627 2157 918 2228 fulgorem.
953 2155 1106 2211 Unde
1137 2163 1193 2210 et
1220 2155 1419 2209 celum
1461 2168 1625 2209 sacco
1653 2152 1839 2229 indui-

244 2262 362 2319 tur,
392 2252 541 2323 quod
575 2252 790 2307 scilicet
819 2249 1063 2307 tenebras
1086 2257 1282 2304 cuneta
1313 2247 1593 2317 cperim,
1632 2254 1690 2300 et
1718 2259 1838 2315 pre-

245 2345 518 2401 mentibus
546 2345 713 2401 malis
737 2386 753 2412 ,
788 2344 924 2399 nihil
964 2342 1111 2398 aliud
1142 2342 1387 2396 sentiant
1411 2338 1660 2394 homines
1686 2379 1701 2404 ,
1735 2337 1840 2392 nisi

240 2438 382 2512 quod
410 2454 571 2495 mens
599 2438 789 2493 videre
814 2436 1116 2507 compellit.

310 2531 490 2604 (Vere.
526 2531 646 2601 11.)
670 2528 744 2587 Et
768 2529 985 2584 visitabo
1011 2544 1164 2602 super
1196 2527 1332 2583 orbis
1363 2527 1500 2582 mala
1525 2565 1540 2593 ,
1571 2532 1620 2580 et
1662 2533 1842 2578 contra

238 2625 419 2697 impios
446 2626 780 2696 iniquitatem
815 2638 994 2678 eorum
1022 2638 1039 2676 :
1067 2632 1114 2677 et
1140 2623 1404 2693 quiescere
1432 2621 1627 2692 faciam
1663 2635 1842 2691 super-

239 2715 371 2771 biant
416 2715 718 2786 inﬁdelium
741 2756 758 2783 ,
803 2724 850 2769 ct
879 2714 1233 2787 arrogantiam
1278 2713 1491 2785 fortium
1534 2710 1837 2765 humiliabo.

240 2807 321 2871 Es
350 2808 457 2865 hoc
484 2811 614 2864 loco
642 2818 699 2864 et
719 2822 786 2863 ex
805 2808 1125 2878 superiore,
1153 2805 1242 2861 ubi
1275 2806 1537 2873 scriptum
1567 2810 1668 2869 est,
1701 2800 1842 2872 quod

239 2903 663 2960 obtenebresest
692 2901 777 2957 sol
803 2901 856 2954 in
895 2908 1019 2955 ortu
1049 2914 1150 2954 suo
1170 2940 1184 2962 ,
1205 2899 1397 2954 etlnna
1426 2897 1661 2966 caligine
1688 2910 1842 2950 com-

237 2996 483 3066 plenior,
519 3006 576 3049 et
604 2994 780 3050 stellae
808 2991 1078 3062 fulgorem
1110 2992 1399 3046 retrabaut
1422 3032 1435 3055 ,
1479 2998 1536 3044 et
1566 2989 1732 3043 totius
1759 3002 1846 3042 or-

236 3088 323 3146 bis
346 3088 620 3158 iniquitas
651 3084 937 3152 visitetur,
967 3082 1189 3155 quidam
1222 3091 1413 3153 putant
1445 3096 1550 3136 non
1578 3081 1649 3136 de
1677 3081 1848 3153 Baby-

233 3180 383 3237 lonis
413 3180 581 3236 ruina
606 3218 622 3245 ,
654 3177 750 3234 sed
775 3178 844 3233 de
872 3177 1057 3232 mundi
1086 3175 1557 3232 consummatione
1580 3173 1800 3244 ιπεράίρὶ
1833 3190 1846 3226 :

231 3291 365 3329 cum
400 3274 598 3342 utique
642 3271 942 3328 secundum
975 3269 1256 3338 superiora
1305 3280 1361 3323 et
1407 3269 1584 3332 orbis,
1617 3269 1708 3338 qui
1740 3267 1837 3322 ilco
1871 3269 1917 3329 ϐ

234 3366 437 3425 braice
478 3364 683 3420 dicitur
726 3378 935 3418 rusum.
970 3349 1152 3435 (ιω-α),
1188 3371 1244 3416 et
1292 3362 1486 3417 Graece
1534 3364 1802 3433 οἰκουμένη
1831 3402 1846 3427 ,

232 3458 491 3530 Babylon
521 3454 875 3526 intelligenda
906 3456 997 3510 sit.
1029 3455 1312 3526 οἰκουμένη
1342 3452 1484 3507 enim
1517 3454 1693 3523 lingua
1724 3467 1849 3508 nos-

235 3561 317 3607 tra
348 3550 648 3605 habitatura
694 3555 882 3612 sonat;
913 3556 967 3601 et
1019 3545 1258 3601 habitata
1302 3552 1524 3615 propter
1570 3548 1844 3614 ingentem

240 3645 434 3717 populi
467 3642 886 3701 multitudinem
920 3640 1163 3712 Babylon
1210 3639 1411 3695 dicitur
1443 3658 1456 3692 :
1490 3647 1546 3692 ut
1575 3639 1662 3693 ubi
1696 3638 1846 3708 prius

240 3738 422 3795 fuerat
474 3734 898 3793 innumerabilis
927 3733 1085 3795 turba
1115 3732 1446 3804 populorum
1467 3773 1480 3798 ,
1515 3731 1586 3787 ibi
1619 3732 1691 3787 sit
1721 3746 1846 3787 vas-

244 3834 370 3888 titas
399 3841 460 3887 et
488 3830 760 3886 habitatio
782 3828 1106 3885 bestiartmi.

317 3925 500 3997 (Vers.
545 3920 665 3995 l3.)
695 3920 983 3977 Prctiosior
1009 3920 1107 3976 erit
1135 3916 1214 3975 uir
1250 3934 1404 3985 auro,
1434 3926 1482 3973 et
1512 3919 1662 3974 Itonia
1690 3934 1844 3972 inun-

246 4019 314 4070 do
332 4019 530 4072 obriso.
555 4014 735 4072 Causa
766 4013 1053 4070 manifesta
1086 4026 1254 4083 quare
1283 4012 1426 4066 Deus
1464 4012 1650 4067 visitet
1674 4015 1840 4067 οἰκου-

248 4111 421 4181 μένην,
452 4107 507 4164 id
533 4118 653 4174 est,
680 4106 981 4180 Babylonis
1006 4106 1176 4160 mnia:
1210 4115 1266 4160 ut
1300 4105 1602 4160 habitatore
1625 4105 1843 4160 deserta.

250 4201 531 4271 redigatur
572 4201 627 4256 in
657 4200 1031 4256 solitudinem.
1080 4197 1388 4253 Pretiosuin
1422 4206 1601 4252 autem
1647 4198 1848 4252 dicitur

247 4307 413 4348 ornne
438 4291 589 4364 quod
617 4305 797 4347 rarum
820 4301 939 4358 est;
966 4287 1246 4362 quomodo
1277 4297 1333 4343 et
1359 4301 1521 4357 supra
1547 4289 1695 4356 iusta
1727 4288 1849 4342 liis-

249 4387 469 4455 tnriam,
497 4402 600 4460 pro
628 4386 910 4442 hominum
933 4385 1160 4441 raritate
1188 4380 1599 4453 apprehendere
1622 4382 1851 4450 legimus

245 4496 461 4555 septem
493 4482 757 4538 mulieres
803 4495 970 4537 unum
1017 4480 1231 4540 virum,
1287 4475 1534 4530 dicentes
1589 4491 1603 4527 :
1650 4471 1853 4527 Panem

245 4588 482 4632 nostrum
503 4575 853 4637 comedemus.
883 4582 932 4628 et
956 4570 1266 4627 uestimentis
1296 4568 1489 4623 nostris
1517 4565 1851 4639 aperientur;

1942 1984 1990 2029 et
2020 1975 2185 2030 omnis
2236 1975 2324 2053 qui
2370 1977 2740 2057 supervenerit,
2777 1977 2922 2029 cadet
2972 1978 3026 2030 in
3058 1976 3255 2049 gladio.
3290 1975 3391 2045 Qui
3440 1992 3547 2033 non

1943 2067 2156 2139 fugerit,
2189 2080 2453 2125 mucrone
2477 2070 2702 2124 ferietur
2726 2090 2739 2123 :
2766 2070 2856 2138 qui
2886 2086 3018 2125 vero
3049 2081 3141 2123 aut
3173 2071 3432 2124 resisti-rc
3456 2084 3549 2124 v0-

1940 2158 2122 2228 lucrit,
2153 2170 2245 2216 aut
2266 2162 2485 2227 reverti,
2516 2161 2570 2215 in
2594 2170 2804 2216 tantum
2846 2170 3019 2232 captae
3059 2161 3179 2215 urbi
3212 2178 3318 2216 non
3348 2161 3547 2235 prude-

1942 2253 2034 2319 rit,
2066 2261 2130 2307 ut
2157 2253 2275 2321 ipse
2298 2267 2515 2323 quoque
2536 2255 2856 2323 sanguinem
2888 2265 2909 2291 ο
2943 2253 3152 2308 fundat.

2014 2344 2037 2415 (
2070 2344 2222 2400 Vers.
2250 2345 2337 2401 16.
2371 2344 2389 2416 )
2422 2343 2660 2414 Infantes
2692 2361 2867 2398 eorum
2889 2345 3172 2399 allidentur
3196 2347 3249 2398 in
3279 2347 3441 2399 oculis
3464 2363 3549 2401 eo-

1941 2454 2059 2493 rum
2091 2454 2110 2493 :
2139 2438 2450 2506 diripientur
2480 2439 2664 2492 domus
2694 2452 2895 2501 eorum,
2941 2445 2988 2490 et
3016 2451 3206 2490 uxores
3236 2452 3412 2489 eorum
3443 2438 3550 2489 vio-

1945 2530 2201 2583 lnbuntur.
2239 2527 2351 2583 Hoc
2381 2539 2462 2587 est
2490 2528 2634 2598 quod
2669 2528 2837 2582 David
2887 2527 2941 2582 in
2987 2527 3181 2596 spiritu
3214 2527 3547 2599 prophetat:

1944 2622 2088 2678 Filia
2117 2620 2396 2695 Babylonis
2428 2624 2636 2689 misera,
2673 2624 2849 2677 beatus
2878 2622 2968 2694 qui
2990 2620 3177 2676 tribuet
3210 2622 3299 2675 tibi
3323 2624 3552 2676 retribu-

1945 2717 2131 2770 tionem
2155 2727 2315 2783 tuam,
2347 2733 2502 2785 quam
2529 2715 2812 2770 retribuisti
2838 2715 3001 2769 nobis.
3024 2711 3219 2767 Beatus
3248 2717 3337 2786 qui
3367 2713 3552 2768 tenebit

1944 2822 1992 2864 et
2023 2809 2199 2864 aliide!
2237 2808 2480 2880 parvulos
2525 2819 2640 2865 tuos
2679 2809 2749 2863 ad
2787 2818 2985 2885 petram
3025 2808 3142 2881 (Ps.
3189 2824 3419 2878 cxxxrx,
3465 2808 3545 2879 8).

1945 2900 2117 2956 Tanta
2146 2902 2248 2956 erit
2270 2902 2419 2957 urbis
2441 2904 2670 2958 vastitas
2695 2913 2748 2956 et
2774 2904 3044 2956 victorum
3090 2902 3328 2969 sacvitia,
3363 2909 3420 2955 ut
3449 2915 3550 2959 nec

1947 2994 2181 3048 innoxia:
2209 3007 2464 3063 parcatur
2506 2995 2682 3063 tutati,
2740 3004 2797 3049 ut
2824 3004 3033 3051 cuncta:
3079 2995 3363 3050 dumorum
3416 2996 3548 3052 diri-

1947 3085 2167 3154 piantur
2189 3101 2339 3154 opes,
2369 3096 2423 3141 et
2444 3088 2496 3140 in
2521 3096 2818 3154 conspectu
2844 3088 3085 3142 maritali
3110 3104 3339 3143 uxorum
3373 3088 3552 3142 viole-

1953 3187 2038 3230 tur
2069 3175 2347 3245 pudicitia.

2024 3270 2043 3343 (
2067 3268 2224 3326 Vers.
2251 3269 2341 3325 17.
2370 3269 2389 3341 )
2443 3268 2580 3323 Ecce
2607 3285 2698 3337 ego
2727 3269 2980 3323 suscitabo
3010 3284 3163 3339 super
3203 3286 3288 3324 eos
3338 3253 3551 3347 Metios,

1952 3364 2042 3433 qui
2079 3372 2345 3433 argentum
2370 3379 2471 3417 non
2498 3373 2753 3433 quierant,
2784 3377 2944 3432 neque
2970 3377 3154 3414 aurum
3184 3362 3357 3415 velint.
3379 3366 3552 3430 Aper-

1956 3467 2065 3511 tum
2115 3468 2199 3512 est
2230 3456 2372 3524 quod
2423 3457 2671 3510 latebat:
2712 3455 2853 3525 quod
2899 3469 3240 3526 nequaquam
3288 3454 3458 3509 fortes
3502 3463 3558 3511 et

1951 3551 2218 3622 gigantes,
2264 3548 2457 3621 Angell
2485 3548 2825 3620 intelligendi
2864 3558 2989 3603 sunt
3027 3560 3083 3603 et
3122 3548 3422 3615 daemones,
3456 3547 3552 3604 sed

1951 3644 2228 3699 Medorum
2261 3659 2415 3716 gens,
2449 3658 2677 3713 quorum
2712 3643 2969 3714 princeps
2998 3640 3190 3696 Darius
3220 3641 3428 3710 primus
3450 3640 3550 3695 Ba-

1949 3737 2297 3810 byloniorum
2350 3736 2622 3792 destruxit
2666 3736 2976 3805 imperium,
3034 3735 3219 3790 occiso
3269 3732 3559 3789 Bnlthasar

1948 3842 2145 3911 nepote
2170 3831 2690 3897 Nabnclmdnnosor,
2710 3832 2801 3901 qui
2825 3828 3237 3884 Evilmerodacb
3262 3827 3379 3901 [ΑΙ.
3413 3827 3559 3883 Evil-

1948 3924 2282 4003 marodach]
2315 3926 2458 3981 illius
2485 3925 2588 3981 fuit
2616 3921 2797 3997 (Dan.
2834 3941 2864 3977 v
2889 3927 2930 3993 ).
2952 3923 3183 3977 Tantam
3213 3928 3395 3975 autem
3425 3920 3561 3975 scri-

1947 4019 2026 4075 bit
2057 4019 2333 4074 Medorum
2362 4018 2765 4089 Pcrsarumqne
2790 4016 3075 4082 stevitiam,
3097 4024 3157 4069 ut
3186 4013 3385 4067 ardore
3432 4028 3558 4067 san-

1949 4111 2128 4181 guinis
2149 4110 2483 4179 ellundendi,
2520 4125 2711 4165 aurum
2741 4119 3140 4175 argentumque
3162 4114 3549 4174 contemnant,

1958 4201 2117 4274 174.
2144 4211 2199 4256 et
2225 4202 2435 4257 oblatas
2464 4215 2597 4268 epes
2631 4215 2727 4268 pro
2760 4198 2874 4251 luto
2907 4204 3185 4267 reputent.

2025 4293 2043 4365 (_
2072 4292 2225 4348 Vers.
2257 4294 2344 4349 18.
2372 4292 2390 4364 )
2413 4292 2519 4348 Sed
2540 4290 2739 4361 sagittis
2763 4287 3005 4359 parvulos
3028 4286 3355 4358 interﬁcienl,
3377 4294 3426 4340 et
3453 4285 3558 4341 lac-

1956 4384 2173 4438 tentibus
2203 4385 2335 4438 uteri
2355 4401 2458 4438 non
2490 4384 2878 4449 miserebantur,
2908 4391 2955 4435 et
2982 4398 3136 4450 super
3153 4380 3290 4450 filios
3321 4396 3562 4449 noupur-

1955 4483 2034 4528 cet
2085 4475 2264 4529 oculus
2317 4491 2513 4528 eorum.
2566 4472 2971 4527 lnterﬂcientur
3018 4472 3269 4542 parvuli,
3323 4485 3557 4543 quorum

1959 4564 2180 4620 vulnera
2223 4571 2384 4620 erunt
2414 4580 2520 4617 non
2552 4565 2765 4616 minora
2798 4578 2958 4632 quam
2988 4577 3249 4633 corpora,
3280 4570 3335 4616 et
3387 4577 3560 4629 praeg-

250 4670 618 4726 tantumntodo
661 4669 926 4724 invocetur
946 4680 1131 4726 nomen
1161 4673 1307 4718 tuum
1337 4674 1492 4734 super
1520 4675 1644 4726 nos,
1677 4668 1723 4715 et
1752 4674 1849 4713 au~
1879 4650 1929 4713 Ι)
1958 4657 2204 4715 nantium
2239 4657 2383 4713 uteri
2406 4657 2752 4725 secabantur,
2788 4654 3172 4725 elideulurque
3205 4654 3467 4719 infantes,
3504 4662 3559 4707 et

253 4765 329 4835 fer
353 4761 698 4837 opprobrium
736 4770 971 4816 nostrum
1005 4757 1140 4831 (lsa.
1172 4770 1248 4823 tv,
1292 4754 1367 4828 1).
1393 4743 1458 4810 Et
1485 4754 1538 4809 in
1582 4752 1853 4809 Samuelis

253 4857 533 4912 volumine
560 4854 883 4912 continetur
912 4871 926 4907 :
961 4849 1150 4907 Sermo
1171 4847 1384 4902 Domini
1395 4857 1504 4903 erat
1524 4849 1778 4919 pretiosus
1797 4846 1853 4901 in

254 4948 433 5003 diebus
474 4946 590 5002 illis
638 4945 799 5018 (Reg.
848 4959 908 5001 tu
938 4986 953 5010 ,
989 4945 1065 5013 1),
1100 4940 1155 4997 id
1202 4954 1286 4996 est
1317 4954 1495 4995 rarus.
1526 4940 1659 4995 Nota
1705 4939 1853 5010 quod

253 5039 308 5097 in
341 5040 618 5116 Hebraico
649 5055 748 5112 pro
776 5037 1018 5112 generali
1049 5048 1186 5101 sum
1215 5047 1350 5103 sunt;
1373 5031 1504 5106 (τε),
1538 5048 1638 5103 ι)ρο
1662 5033 1853 5097 obrizo

252 5148 410 5191 orum
437 5134 680 5207 (ﬁrmat),
712 5133 974 5203 scriptum
1003 5139 1107 5187 est.

325 5229 513 5301 (vers.
541 5228 657 5300 13.)
687 5226 857 5300 Super
884 5225 982 5280 Itoc
1010 5223 1197 5280 emtum
1220 5220 1432 5285 turbabo
1452 5262 1466 5283 ,
1496 5230 1545 5275 et
1578 5218 1858 5277 movebitur

254 5329 394 5387 terra
427 5321 494 5387 de
513 5320 632 5385 loco
648 5338 741 5387 suo
768 5338 787 5377 :
807 5327 1013 5393 propter
1038 5316 1446 5391 indignationem
1478 5312 1634 5389 173
1652 5313 1857 5381 Domini

258 5417 574 5473 exercituum
584 5457 599 5482 ,
614 5423 665 5471 ct
680 5421 888 5484 prapter
901 5412 1036 5467 diem
1048 5412 1142 5466 ira:
1154 5409 1347 5481 furoris
1360 5406 1604 5481 ejus.Vel
1617 5421 1685 5460 eo
1695 5419 1858 5460 sensu

260 5512 451 5579 accipe
477 5550 493 5575 ,
528 5522 641 5577 quo
686 5518 851 5583 supra
883 5504 951 5560 de
971 5504 1146 5559 stellis
1176 5543 1192 5567 ,
1227 5511 1282 5556 et
1320 5500 1440 5554 sole
1464 5542 1479 5565 ,
1513 5505 1568 5552 et
1602 5500 1758 5562 luna,
1808 5510 1864 5554 et

260 5601 395 5657 orbe
445 5602 807 5673 exposuimus
842 5615 856 5652 :
895 5597 980 5653 vel
1026 5595 1406 5675 ὑπερϐολιηιῶς,
1441 5589 1585 5661 quod
1623 5591 1692 5653 ab
1722 5588 1863 5661 indi-

333 5746 359 5807 f
390 5734 449 5793 in
479 5735 661 5807 Vatic.
692 5737 857 5805 verba
890 5735 980 5793 sed
1010 5732 1323 5807 papulinon
1357 5727 1651 5807 adduntur,

332 5802 363 5846 δ
399 5804 601 5864 νθιὶεᾘ
624 5807 776 5865 Cissle
800 5798 819 5875 ,’
843 5798 1211 5862 νθιιιέῡὶυςίὶ
1251 5798 1391 5875 mss.
1416 5799 1597 5875 Cbgilc
1622 5798 1662 5875 :'_
1681 5798 1868 5875 mallet

262 5877 383 5953 ipse
414 5882 602 5953 legere
629 5871 823 5949 Chsile',
858 5876 1117 5952 authle.
1148 5876 1281 5935 Vide
1311 5873 1448 5930 infra
1478 5873 1626 5929 Hier.
1648 5871 1744 5928 lib.
1772 5886 1864 5939 vu,

1962 4753 2029 4809 ad
2052 4751 2214 4807 ubera
2248 4764 2467 4823 pressos
2498 4748 2639 4804 illius
2668 4746 2902 4803 crudelis
2927 4747 3095 4800 victor
3121 4744 3351 4799 occidet.

2034 4847 2053 4925 (
2086 4846 2241 4902 Vers.
2273 4844 2360 4901 19.
2390 4846 2410 4916 )
2436 4843 2504 4898 Et
2529 4844 2624 4898 erit
2657 4841 2889 4912 Babylon
2910 4837 3005 4892 illa
3032 4838 3259 4910 gloriosa
3290 4838 3342 4890 in
3368 4838 3560 4911 regnis,

1928 4942 2153 5013 .inclyta
2181 4941 2234 4997 in
2288 4939 2531 5013 superbia
2560 4932 2961 4994 Chaldarorum:
2987 4935 3118 4988 sicut
3157 4931 3404 4988 subvertit
3452 4929 3565 4988 Do-

1960 5037 2131 5091 minus
2161 5035 2440 5090 Sodomam
2464 5041 2510 5086 et
2542 5030 2921 5085 Gomorrltam:
2945 5044 3047 5082 non
3073 5025 3389 5082 habitabitur
3409 5042 3568 5096 usque

1960 5132 2016 5184 in
2059 5130 2214 5205 ﬁnem
2235 5170 2249 5195 ,
2283 5137 2331 5182 et
2369 5142 2473 5180 non
2503 5123 2804 5194 fundabitur
2827 5138 2987 5193 usque
3023 5122 3079 5176 in
3105 5121 3483 5192 qenrrationem
3514 5126 3564 5173 et

1958 5218 2703 5294 generationem.Audivimus
2733 5214 2953 5281 Medos,
2990 5215 3294 5269 audivimus
3324 5211 3568 5281 Babylo-

1960 5332 2104 5380 nem,
2135 5313 2444 5379 audivimus
2473 5311 2734 5382 inclytam
2768 5310 2821 5367 in
2854 5308 3110 5373 superbia
3143 5304 3522 5358 Chaldaeorum
3546 5317 3566 5369 ς,

1959 5409 2215 5463 nolumus
2262 5404 2566 5473 intelligere
2616 5402 2762 5474 quod
2794 5399 2917 5462 fuit,
2945 5405 3000 5448 et
3028 5394 3324 5464 quaerimus
3378 5392 3567 5448 audire

1961 5497 2104 5573 quod
2130 5511 2238 5556 non
2267 5495 2389 5555 fuit.
2424 5493 2493 5547 Et
2543 5495 2660 5547 hinc
2689 5489 2957 5548 dicimus,
3003 5498 3109 5543 non
3142 5482 3286 5551 quod
3321 5483 3565 5563 tropolo-

1960 5594 2140 5665 gieam
2168 5584 2578 5658 intelligentiam
2609 5579 3038 5637 condemnemus
3058 5618 3072 5643 ,
3107 5576 3203 5631 sed
3227 5573 3369 5641 quod
3407 5573 3569 5644 Epiri-

1965 5730 2059 5803 tibi
2092 5731 2194 5808 liqc
2222 5727 2366 5808 idem
2399 5732 2581 5808 caput,
2612 5732 2665 5778 et
2694 5710 3499 5808 versiettluttI-dennupexponit.

2288 5781 2496 5864 vatis-.2
2528 5781 2836 5867 sanguinem
2879 5800 3060 5847 eorum
3086 5781 3293 5858 fundat.
