4008 6336
439 301 544 360 159

1686 300 1748 358 S.
1789 301 2063 358 EUSEBII
2101 300 2484 360 HIERONYMI

3636 294 3743 354 160

440 417 603 473 tualis
631 417 1004 490 interpretatio
1052 414 1205 483 sequi
1235 414 1437 471 debeat
1464 415 1714 471 ordinem
1741 413 2029 470 historias:
2060 419 2114 478 Α
2138 416 2201 470 de
2230 413 2420 481 Israel,
2436 425 2486 470 et
2512 415 2835 486 requiescere
2854 431 2943 470 eos
2971 416 3122 485 faciet
3152 429 3309 486 super
3337 412 3736 466 humumsuam.

443 509 585 580 quod
610 510 851 581 plerique
890 510 1233 581 ignorantes,
1262 508 1595 581 lymphatico
1634 509 1689 564 in
1739 506 2039 578 Scripturis

2141 507 2216 561 De
2240 506 2344 561 hoc
2357 505 2670 574 Sophonias
2689 507 2908 576 plenius
2931 506 3202 575 loquitur:
3224 503 3432 570 Lauda,
3450 503 3564 570 filia
3583 501 3740 568 Sion;

440 616 704 674 vagamur
729 618 934 658 errore.
966 602 1146 674 Usque
1169 603 1223 658 in
1253 611 1577 674 praesentem
1600 617 1732 673 ergo
1753 601 1894 657 diem
1915 618 2040 671 pro-
2132 600 2328 669 jubila,
2349 597 2561 665 Israel;
2588 599 2762 653 laetare
2784 609 2830 652 et
2854 599 3057 654 exsulta
3078 602 3131 654 in
3155 599 3296 652 omni
3321 597 3500 662 corde,
3513 594 3630 667 ﬁlia
3648 596 3744 650 Je-

441 696 624 768 phetia
657 695 948 767 Babylonis
995 696 1244 765 expletur
1278 713 1292 750 :
1328 707 1383 752 et
1421 697 1561 751 sicut
1596 695 1866 751 subvertit
1893 695 2040 750 Dens

441 789 732 846 Sodomam
764 799 820 846 et
844 788 1207 845 Gomorrham
1240 808 1253 845 :
1289 791 1368 846 sic
1400 800 1456 846 et
1486 792 1591 846 ista
1636 791 1900 847 subversa
1930 807 2039 846 non

443 881 776 938 habitabitur
800 883 854 937 in
888 891 1180 937 aeternum.
1215 882 1320 938 Pro
1350 883 1440 938 illa
1473 884 1619 940 enim
1652 883 1958 940 Seleuciam
1989 891 2045 940 et

445 971 857 1041 Ctesiphontem
886 976 1049 1030 urbes
1081 974 1373 1030 Persarum
1406 976 1640 1049 inclytas
1665 977 1933 1032 fecerunt.

516 1065 698 1138 (Vers.
726 1063 945 1136 20-22.)
969 1065 1082 1122 Nec
1103 1079 1255 1138 ponet
1281 1069 1352 1122 ibi
1383 1070 1604 1124 tentoria
1622 1069 1821 1136 Arabs;
1843 1087 1933 1125 nec
1953 1087 2046 1138 pa-

445 1169 611 1212 stores
646 1160 963 1230 requiescent
988 1161 1062 1214 ibi
1101 1177 1120 1215 :
1141 1165 1233 1216 sed
1259 1172 1408 1217 erunt
1435 1163 1507 1217 ibi
1535 1162 1739 1228 bestias,
1766 1162 2044 1233 repleban-

450 1259 536 1305 tur
559 1252 742 1305 donius
774 1268 949 1306 eorum
997 1253 1309 1308 draconibus
1335 1295 1350 1321 ,
1394 1264 1442 1308 et
1473 1254 1776 1310 habitabant
1799 1254 1870 1309 ibi
1911 1265 2048 1310 stru-

451 1343 684 1411 thiones,
709 1355 756 1398 et
781 1343 937 1416 pilosi
965 1343 1229 1399 saltabant
1258 1347 1348 1400 ibi.
1383 1345 1454 1400 Et
1483 1347 1867 1416 respondebunt
1888 1345 2049 1402 ulula:

452 1437 508 1490 in
538 1435 732 1490 aedibus
763 1440 876 1510 ejus
902 1479 917 1503 ,
961 1447 1008 1490 et
1051 1435 1251 1492 Sirena?
1285 1439 1339 1492 in
1377 1437 1608 1492 delubris
1648 1436 1946 1511 voluptatis.
1991 1439 2048 1493 lu

456 1537 667 1585 tantum
696 1531 936 1603 Babylon
961 1541 1169 1585 vastata
1199 1534 1305 1586 erit
1325 1540 1490 1602 atque
1518 1532 1734 1588 deserta
1759 1573 1774 1598 ,
1807 1542 1868 1586 ut
1889 1548 1957 1587 ne
1984 1530 2051 1587 ad

454 1637 654 1697 pascua
687 1624 903 1694 quidem
937 1635 1316 1680 armentorum
1367 1635 1421 1680 et
1470 1640 1724 1694 pecorum
1777 1626 1928 1680 utilis
1957 1625 2048 1680 sit.

456 1715 572 1770 Non
602 1717 744 1770 enim
777 1715 962 1770 tendet
994 1716 1070 1771 ibi
1107 1717 1282 1772 Arabs
1328 1717 1748 1788 Saracenusque
1793 1719 2051 1783 tentoria,

2141 692 2370 745 rusalem
2412 693 2580 758 :quia
2637 691 2851 746 abstulit
2906 691 3162 746 Dominus
3207 690 3476 764 judicium
3524 699 3672 742 tuum
3717 704 3739 743 :

2142 786 2325 836 avertit
2352 784 2590 838 inimicos
2613 793 2728 836 tuos
2763 783 2957 854 (Sapit.
2990 799 3071 848 ιιι,
3099 781 3187 846 14,
3220 779 3623 855 15).Signilicat
3647 796 3745 836 au-

2146 885 2252 930 tem
2297 884 2510 944 tempus
2548 889 2656 944 quo
2677 873 2853 946 Cyrus
2895 891 2991 930 rex
3029 875 3318 930 Persarum
3342 873 3622 942 captivum
3653 887 3750 942 po—

2147 968 2327 1037 pulum
2351 967 2652 1023 Jerusalem
2677 967 2861 1024 redire
2887 967 3151 1038 permisit.
3168 966 3312 1036 Lege
3333 966 3524 1023 Esdra:
3549 967 3750 1022 librum

2149 1059 2196 1131 (Ι
2234 1057 2390 1115 Esdr.
2419 1057 2490 1132 1),
2523 1058 2784 1130 Aggaaum
2814 1060 3020 1134 (Λετρωὶ
3051 1059 3092 1133 ι)
3123 1072 3178 1116 et
3205 1059 3526 1115 Zachariam
3557 1058 3748 1129 (Zaclt.

2148 1149 2212 1221 ι),
2244 1152 2464 1221 quando
2490 1153 2590 1207 sub
2612 1152 2938 1218 Zorobabcl,
2972 1162 3029 1208 et
3062 1153 3193 1208 Jesu
3217 1152 3507 1209 sacerdOte
3533 1167 3748 1224 magno,

2149 1254 2206 1300 et
2249 1247 2442 1312 Esdra,
2488 1258 2542 1301 et
2590 1247 2832 1314 Neemia,
2877 1247 3089 1319 altare,
3141 1247 3462 1319 Templum,
3499 1247 3755 1318 murique

2152 1338 2301 1394 urbis
2331 1341 2593 1395 exstructi
2627 1349 2772 1395 sunt.

2225 1432 2408 1504 (Vers.
2435 1434 2518 1503 9..)
2567 1436 2903 1508 Adjungetur
2933 1436 3138 1489 advena
3176 1434 3246 1489 ad
3286 1452 3371 1490 eos
3395 1476 3412 1502 ,
3444 1443 3492 1490 et
3521 1434 3760 1488 adlicere-

2151 1525 2223 1581 bit
2248 1527 2425 1581 domui
2465 1527 2662 1592 Jacob,
2695 1537 2742 1582 et
2771 1529 3015 1583 tenebunt
3041 1545 3126 1583 eos
3149 1527 3335 1598 pepuli
3361 1571 3375 1596 ,
3423 1538 3470 1582 et
3497 1529 3760 1583 adducent

2153 1637 2237 1676 eos
2260 1622 2315 1675 in
2345 1621 2511 1675 locant
2540 1638 2687 1676 suum
2714 1663 2728 1686 ,
2759 1632 2806 1677 et
2827 1623 3108 1695 possidebit
3129 1639 3213 1676 eos
3245 1622 3430 1676 domus
3453 1619 3624 1676 Israel
3673 1638 3763 1677 su-

2155 1732 2244 1786 per
2273 1725 2464 1770 terram
2503 1715 2712 1771 Domini
2742 1717 2796 1771 in
2823 1733 2993 1772 servos
3013 1728 3062 1771 et
3085 1716 3310 1772 ancillas
3337 1735 3356 1773 :
3401 1728 3450 1771 et
3482 1727 3636 1772 erunt
3667 1735 3754 1772 ca—

458 1822 560 1866 nec
590 1818 838 1877 pastores
864 1815 989 1878 post
1033 1810 1258 1880 vestigia
1286 1825 1510 1880 gregum
1543 1810 1671 1866 fessi
1701 1811 1886 1866 labore
1904 1811 2057 1881 (μήθ.-
2085 1813 2133 1872 Β
2159 1808 2355 1879 pientes
2381 1825 2469 1862 eos
2492 1809 2581 1879 qui
2602 1826 2657 1863 se
2676 1820 2941 1879 ceperant,
2958 1818 3007 1863 et
3025 1809 3303 1876 subjicient
3328 1819 3594 1865 exactores
3614 1826 3759 1864 suos.

458 1910 614 1958 scent
646 1920 660 1957 :
688 1901 784 1958 sed
807 1903 950 1958 inter
972 1903 1271 1973 parietinas
1295 1914 1348 1956 et
1369 1904 1648 1973 angustias
1668 1913 1916 1960 veterum
1945 1904 2056 1959 rui-

460 2007 651 2047 narum
687 1991 1008 2047 habitabunt
1034 2009 1139 2047 Stlll
1163 1993 1339 2065 (utut)
1364 2011 1378 2049 :
1403 1994 1549 2065 quod
1565 1995 1670 2050 soli
1694 1995 1834 2051 LXX
1868 1997 2056 2051 bestias

460 2089 856 2141 transtulerunt
891 2103 904 2140 :
938 2087 1030 2142 alii
1058 2088 1178 2158 ipso
1205 2089 1422 2144 nomine
1451 2088 1598 2159 quod
1629 2092 1769 2157 apud
1803 2089 2059 2146 Hebraeos

457 2178 720 2248 scriptum
753 2189 834 2233 est
852 2220 867 2244 ,
894 2179 1144 2236 volentes
1164 2196 1368 2251 genera
1387 2182 1698 2238 daemonum
1716 2182 1948 2252 intelligi
1973 2185 2057 2239 vel

462 2273 861 2342 phantasmata.
907 2273 975 2328 Et
998 2274 1361 2344 replebuntur,
1395 2277 1601 2347 inquit,
1636 2278 1840 2342 domus,
1870 2286 1929 2331 ut
1960 2292 2060 2332 nos

462 2365 728 2431 diximus,
755 2366 1065 2421 draconibus
1096 2383 1117 2422 :
1151 2376 1208 2421 ut
1233 2367 1430 2431 Aquila
1457 2369 1777 2435 transtulit,
1823 2367 2060 2440 typltoni—

463 2457 557 2513 bus
582 2499 598 2524 ,
652 2469 710 2513 ut
756 2458 1117 2531 Symmachus
1145 2470 1168 2499 η
1201 2477 1332 2516 eum
1371 2461 1590 2535 (Dinis),
1624 2463 1798 2532 ipsum
1831 2463 2058 2519 verbum

462 2549 787 2607 Hebraicnm
815 2553 1125 2623 exprimens
1158 2569 1171 2605 :
1209 2554 1351 2608 LXX
1390 2571 1523 2610 vero
1549 2563 1604 2609 et
1624 2554 1930 2610 Theodotio
1955 2556 2064 2610 cla-

461 2660 649 2713 mores,
683 2645 766 2702 vel
794 2647 996 2700 sonitus
1025 2648 1368 2717 interpretati
1399 2656 1544 2703 sunt.
1573 2648 1841 2720 Quodque
1871 2653 2060 2720 sequi-

465 2749 553 2794 tur
585 2757 600 2794 :
626 2738 793 2793 Pilosi
814 2740 1076 2795 saltabant
1096 2741 1189 2806 ibi,
1223 2742 1307 2795 vel
1335 2743 1668 2808 incubones,
1698 2745 1782 2798 vel
1813 2753 2026 2815 satyros
2046 2786 2061 2808 ,

471 2831 628 2904 175
655 2830 740 2884 vel
763 2831 1046 2886 silvestres
1058 2833 1322 2903 quosdam
1345 2833 1600 2890 homines
1621 2877 1635 2900 ,
1655 2850 1793 2905 quos
1819 2836 2063 2892 nonnulli

466 2920 668 2977 Fatuos
696 2921 723 2959 ιι
757 2922 974 2978 ﬁcarios
1000 2936 1200 2980 vocant
1229 2968 1243 2989 ,
1288 2936 1380 2980 aut
1408 2926 1720 2983 daemonum
1748 2942 1946 2997 genera
1978 2926 2062 2981 in-

467 3012 736 3083 telligunt.
768 3014 876 3070 Pro
908 3015 1071 3070 ululis
1117 3032 1333 3088 quoque
1382 3032 1576 3074 omnes
1610 3022 1786 3087 ipsum
1840 3019 2062 3074 verbum

467 3105 793 3163 liebraicum
847 3119 869 3147 ο
927 3125 1005 3164 ιιιί
1058 3111 1258 3184 (Ditis),
1321 3112 1424 3166 soli
1476 3111 1623 3168 LXX
1689 3125 2066 3168 onocentauros

2157 1897 2349 1952 Multos
2366 1899 2434 1954 de
2463 1899 2697 1955 diversis
2738 1902 2991 1971 gentibus
3034 1916 3159 1957 cum
3212 1903 3408 1972 popqu
3439 1901 3755 1958 Jndmorum

2158 1990 2550 2064 Jerosolymam
2580 1995 2799 2050 venisse
2827 1997 3156 2066 conjicimus
3179 2040 3191 2057 .
3223 1996 3512 2053 credentes
3556 1997 3668 2053 Deo
3689 1997 3768 2053 ls-

2160 2084 2272 2138 rael
2296 2125 2311 2150 ,
2339 2094 2394 2140 et
2423 2101 2671 2140 errorum
2707 2086 2845 2141 idola
2872 2088 3268 2160 relinquentes.
3289 2089 3446 2156 Quod
3474 2101 3655 2145 autem
3678 2105 3766 2146 re-

2160 2175 2304 2232 ducti
2331 2179 2439 2232 sint
2465 2179 2534 2234 ad
2567 2181 2779 2236 litteras
2807 2182 2951 2252 regis
2972 2225 2986 2246 ,
3018 2193 3073 2238 et
3100 2185 3419 2254 acceperint
3440 2199 3671 2239 munera
3711 2192 3768 2240 et

2164 2267 2440 2336 impensas
2463 2269 2675 2341 Templi
2703 2312 2718 2336 ,
2747 2273 2892 2327 nulla
2925 2273 3194 2328 dubitatio
3234 2284 3339 2328 est.
3371 2273 3426 2329 In
3456 2273 3563 2330 hoc
3589 2275 3768 2331 solum

2169 2363 2328 2434 176
2355 2364 2550 2418 arctari
2579 2365 2797 2420 videtur
2825 2366 3178 2437 intelligentia
3209 2408 3223 2430 ,
3252 2368 3533 2439 quomodo
3574 2384 3768 2439 posse-

2163 2457 2307 2511 derit
2338 2457 2501 2513 Israel
2523 2458 2576 2513 in
2611 2467 2755 2514 terra
2784 2460 2995 2515 Domini
3040 2462 3276 2518 victores
3302 2462 3578 2532 quondam
3601 2478 3765 2529 suos,

2164 2560 2220 2606 et
2267 2551 2600 2620 subjecerint
2631 2565 2950 2620 exactores,
2995 2570 3298 2626 servosque
3327 2571 3429 2611 eos
3475 2555 3772 2612 habuerint

2165 2651 2221 2699 et
2247 2643 2494 2699 ancillas.
2522 2645 2632 2699 Nisi
2659 2645 2798 2701 forte
2819 2646 3253 2718 synecdochicés
3282 2657 3456 2702 totum
3489 2648 3770 2720 intelliga-

2164 2750 2286 2790 mus
2313 2751 2382 2791 ex
2415 2745 2568 2806 parte.
2612 2757 2624 2792 :
2660 2739 2803 2808 quod
2840 2748 3001 2794 tanta:
3033 2750 3218 2808 postea
3245 2739 3523 2796 felicitatis
3547 2741 3786 2808 fuerint,

2165 2837 2223 2882 ut
2253 2828 2321 2884 de
2356 2829 2589 2885 diversis
2627 2845 2845 2902 quoque
2896 2848 2992 2903 per
3029 2833 3322 2888 circuitum
3369 2834 3623 2903 gentibus
3669 2835 3772 2891 sibi

2166 2933 2454 2975 servorum
2479 2930 2534 2975 et
2556 2921 2878 2976 ancillarum
2904 2922 3140 2979 familias
3161 2928 3557 2995 compararint.
3584 2927 3773 2983 Potest

2166 3024 2221 3070 et
2246 3015 2298 3069 in
2323 3016 2544 3070 Assueri
2575 3018 2912 3085 temporibus
2948 3019 3176 3091 intelligi
3201 3019 3379 3092 (Est/1.
3415 3020 3519 3087 1X;
3559 3019 3771 3077 Iudith.

2169 3110 2309 3180 xm),
2344 3109 2566 3180 quando
2597 3111 2778 3166 occiso
2818 3111 3116 3168 llolol‘erne
3149 3113 3362 3170 hostilis
3391 3115 3459 3169 ab
3491 3114 3652 3168 Israel
3685 3122 3775 3169 est

464 3200 883 3257 transtulerunt.
916 3202 1125 3258 Sirenas
1162 3205 1848 3278 autern—rueuum:(nt3n)
1870 3221 2063 3261 vocan-
2092 3199 2138 3262 C
2168 3217 2343 3258 cassus
2389 3205 2683 3259 exercitus.
2735 3205 2889 3274 Quod
2940 3205 3125 3262 haereo
3173 3208 3372 3263 litterte
3396 3250 3412 3273 ,
3445 3218 3500 3263 et
3531 3209 3585 3263 in
3618 3223 3776 3265 more

469 3301 589 3361 tur,
620 3310 755 3364 quas
785 3312 883 3352 nos
912 3306 1006 3350 aut
1035 3297 1344 3364 daztttones,
1380 3310 1472 3355 aut
1517 3311 1758 3356 monstra
1788 3303 2062 3372 quaedam,

468 3390 549 3443 vel
575 3399 726 3444 certe
757 3390 1027 3446 dracones
1074 3409 1298 3464 magnos
1346 3391 1372 3431 ἀ
1412 3394 1903 3464 interpretabimur
1930 3437 1944 3461 ,
1976 3396 2068 3465 qui

469 3481 678 3536 cristati
706 3492 832 3538 sunt
858 3490 915 3538 et
943 3484 1212 3539 volantes.
1235 3485 1340 3539 Per
1364 3501 1486 3556 quae
1509 3487 1694 3542 omnia
1724 3487 1993 3542 vastitatis
2015 3495 2070 3542 et

468 3575 778 3629 solitudinis
806 3581 961 3645 signa
996 3585 1371 3632 monstrantur
1399 3594 1412 3630 :
1443 3579 1585 3647 quod
1619 3587 1766 3633 tanta
1804 3580 1875 3634 sit
1903 3579 2072 3647 depo-

470 3669 676 3738 pulatio
701 3669 848 3722 urbis
875 3669 1150 3736 quondam
1179 3671 1580 3740 potentissima:
1605 3715 1618 3737 ,
1655 3682 1712 3726 nt
1751 3687 1864 3743 prce
1893 3672 2074 3726 multi-

475 3761 663 3815 tudine
685 3760 996 3814 dremonttm
1029 3776 1094 3815 ac
1120 3762 1422 3816 bestiarum
1448 3764 1631 3818 nullus
1659 3763 1712 3818 in
1726 3778 1848 3818 eam
1877 3765 2077 3819 audeat

473 3860 786 3926 pastorum,
820 3853 871 3906 id
919 3861 1034 3920 est,
1069 3854 1271 3908 deserti
1313 3856 1588 3926 appetitor
1625 3856 1849 3910 intrare.
1881 3855 2077 3910 Didici-

475 3960 596 4000 mus
641 3960 670 3999 a
711 3946 942 4017 quodam
991 3946 1154 4001 fratre
1202 3947 1469 4013 Elamita,
1513 3949 1606 4018 qui
1633 3948 1701 4004 de
1743 3948 1850 4003 illis
1880 3948 2075 4005 ﬁnibus

473 4036 801 4108 egrediens,
833 4053 977 4093 nunc
1023 4037 1386 4112 Jerosolymis
1435 4041 1600 4094 vitam
1674 4039 1846 4110 exigit
1898 4056 2079 4094 mona-

472 4129 732 4195 chorum,
781 4131 1105 4185 venationes
1164 4133 1344 4202 regias
1385 4147 1509 4187 esse
1557 4132 1612 4186 in
1647 4132 1924 4203 Babylone
1955 4176 1970 4198 ,
2025 4143 2078 4188 et

473 4223 652 4276 omnis
695 4224 916 4290 generis
958 4221 1162 4277 bestias
1191 4237 1472 4278 murorum
1505 4222 1624 4292 ejus
1660 4231 1683 4259 ί·
1727 4232 1932 4278 tantum
1959 4238 2079 4278 am-

477 4312 591 4366 bitu
619 4312 885 4368 coerceri.

547 4403 703 4478 (Cap.
733 4404 872 4460 XIV.
901 4435 974 4448 —
998 4406 1150 4461 Vers.
1173 4409 1253 4478 1.)
1277 4408 1450 4478 PrOpe
1496 4420 1648 4464 estut
1683 4411 1854 4465 reniat
1880 4421 2080 4481 tempus

476 4501 592 4570 ejus
616 4515 634 4555 :
654 4508 700 4554 et
720 4499 830 4554 dies
857 4504 970 4574 ejus
999 4517 1102 4555 non
1133 4501 1530 4573 elongabuutur.
1551 4504 1759 4560 Instare
1773 4503 1909 4560 dicit
1939 4514 2080 4558 tem-

2170 3295 2444 3364 serpentis
2479 3307 2682 3352 terram
2717 3298 2946 3354 comedo
2970 3339 2987 3366 ,
3039 3309 3144 3352 tute
3193 3308 3278 3354 est
3306 3300 3610 3355 voluntatis
3635 3341 3652 3366 ,
3683 3301 3775 3372 qui

2175 3387 2500 3444 historicam
2535 3400 2741 3446 tantum
2776 3393 3282 3462 interpretationem
3317 3394 3503 3449 audire
3531 3395 3773 3451 voluisti.

2245 3481 2426 3551 (Vers.
2460 3483 2541 3552 5.)
2565 3481 2633 3537 Et
2662 3484 2757 3538 erit
2779 3485 2832 3537 in
2854 3484 2938 3538 die
2959 3483 3053 3538 illa
3072 3501 3188 3537 cum
3212 3486 3436 3555 requiem
3461 3484 3668 3540 dederit
3689 3486 3777 3539 tibi

2175 3573 2428 3629 Dominus
2454 3591 2486 3628 a
2516 3575 2691 3629 labore
2719 3586 2809 3630 tuo
2835 3619 2849 3638 .
2884 3586 2928 3631 et
2953 3594 2984 3630 a
3013 3578 3356 3631 concussione
3383 3588 3502 3642 tua,
3538 3588 3584 3631 et
3607 3596 3640 3632 a
3663 3594 3778 3632 ser—

2175 3669 2334 3722 vitate
2360 3677 2451 3722 tua
2479 3669 2614 3722 dura
2641 3671 2764 3738 quia
2787 3670 2899 3741 (AI.
2933 3673 3108 3741 quam)
3140 3680 3259 3725 ante
3282 3672 3535 3726 servivisti
3560 3689 3577 3726 :
3608 3687 3780 3725 sumes

2178 3761 2479 3831 parabolam
2514 3763 2671 3817 istam
2703 3773 2884 3817 contra
2930 3781 3101 3836 regem
3148 3762 3472 3836 Babylonis,
3523 3773 3570 3817 et
3611 3765 3775 3818 dices.

2181 3851 2372 3907 Sermo
2419 3854 2668 3920 dirigitur
2715 3854 2783 3908 ad
2835 3854 3093 3911 Israelem
3121 3897 3138 3921 ,
3188 3855 3330 3925 quod
3374 3865 3659 3926 postquam
3692 3870 3781 3911 re-

2181 3959 2372 3998 versus
2405 3944 2564 4000 fuerit
2595 3945 2894 4002 Jerusalem
2920 3989 2934 4012 ,
2967 3958 3015 4002 et
3047 3949 3237 4018 jugutn
3271 3948 3551 4002 servitutis
3579 3962 3778 4002 excus-

2181 4036 2350 4102 serit,
2387 4037 2704 4092 recordetur
2745 4039 3002 4107 pmentia:
3033 4039 3304 4109 quondam
3337 4037 3781 4094 Nabuchodono-

2183 4143 2276 4182 sor
2299 4171 2312 4190 .
2346 4141 2397 4184 et
2430 4131 2686 4185 culminis
2716 4129 3002 4202 Babylonii
3031 4173 3046 4197 ,
3073 4130 3482 4200 miserabilique
3503 4146 3627 4186 eum
3650 4145 3784 4185 voce

2183 4222 2431 4291 deploret
2464 4242 2476 4278 :
2510 4226 2633 4295 quia
2665 4224 2731 4279 ad
2767 4235 2968 4278 tantam
3001 4225 3213 4280 venerit
3259 4225 3629 4280 calamitatem
3659 4265 3674 4292 ,
3727 4230 3785 4279 ut

2186 4318 2434 4375 hostibus
2463 4334 2677 4390 quoque
2708 4323 2821 4374 suis
2850 4318 3048 4390 dignus
3080 4317 3431 4373 miseratione
3464 4317 3736 4373 videatur.

2254 4413 2439 4480 (Vers.
2493 4411 2641 4484 4-7.)
2682 4412 2952 4479 Quomodo
2985 4412 3202 4466 cessavit
3235 4420 3449 4466 exactor
3473 4427 3492 4464 :
3535 4411 3788 4481 requievit

2183 4506 2471 4562 tributum?
2500 4503 2754 4559 Contrivit
2783 4501 3040 4558 Dominus
3071 4503 3309 4558 baculum
3339 4504 3650 4577 impiorum,
3678 4505 3788 4556 vir-

481 4609 582 4666 pus
608 4611 717 4667 quo
746 4595 814 4650 ab
855 4595 1104 4652 hostibus
1131 4597 1394 4667 capienda
1430 4597 1519 4654 sit.
1555 4598 1686 4654 Post
1709 4599 2077 4669 captivitatem
2108 4589 2162 4650 D
2185 4618 2303 4672 gain
2335 4599 2712 4654 dominantium
2737 4598 3016 4653 credentem
3045 4597 3263 4671 p0pulos
3290 4599 3344 4652 in
3382 4598 3742 4668 indignatione
3769 4611 3789 4651 :

478 4691 678 4758 quippe
699 4689 1005 4747 Jerusalem
1023 4732 1039 4757 ,
1065 4707 1171 4747 non
1196 4693 1425 4748 multum
1454 4701 1668 4764 tempus
1698 4694 1752 4749 in
1788 4691 1971 4748 medio
1991 4733 2006 4758 ,
2026 4702 2080 4747 et

477 4797 508 4837 a
540 4783 711 4839 Medis
743 4783 1033 4856 Persisque
1056 4795 1268 4840 vastata
1298 4795 1383 4840 est

553 4874 888 4931 Miserebitur
918 4878 1056 4932 enim
1083 4876 1340 4933 Dominus
1367 4874 1536 4932 Iacob
1560 4918 1577 4945 ,
1628 4888 1679 4932 et
1723 4877 1878 4950 eliget
1907 4876 2079 4931 adhuc

556 5021 582 5088 ξι
613 5011 823 5088 G_rtecis
852 5012 1076 5088 litteris,
1109 5017 1300 5088 διχείμς

558 5081 586 5121 δ
633 5083 834 5137 Fatuos
863 5084 1102 5153 ﬁcarios,
1135 5081 1253 5140 etc:
1288 5083 1432 5140 Editi
1474 5083 1597 5140 libri
1627 5081 1827 5153 {legunt
1864 5081 2080 5138 Faunos

485 5156 724 5225 ficartos;
747 5154 840 5210 sed
865 5152 1063 5208 'omnes
1101 5169 1230 5209 mss.
1274 5157 1444 5210 nostri
1473 5157 1690 5211 codices
1722 5152 1921 5208 Fatuos
1959 5156 2082 5219 ﬁca-

485 5228 593 5281 rios
616 5229 870 5280 retinent.
909 5225 1076 5291 Fauni
1105 5236 1354 5280 autemet
1384 5225 1544 5280 Fatui
1564 5226 1754 5282 eadem
1776 5235 1903 5282 sunt
1931 5241 2087 5280 mon-

487 5309 620 5362 stra,
653 5298 769 5352 sive
813 5296 1089 5351 silvestres
1139 5296 1406 5361 homines,
1455 5297 1547 5366 qtti
1593 5312 1844 5359 agrorum
1887 5308 1941 5352 et
1990 5298 2086 5350 sil-

489 5384 676 5424 varum
730 5368 898 5436 putati
929 5377 1056 5423 sunt
1081 5367 1177 5421 dii.
1213 5366 1396 5422 Fauni
1444 5367 1582 5437 apud
1613 5367 1860 5434 Latinos,
1897 5369 1930 5422 ii
1962 5377 2088 5423 sunt

492 5440 582 5517 qui
612 5443 753 5506 apud
784 5439 1033 5517 Grascos_
1052 5442 1288 5517 σάτυροε,
1341 5440 1434 5517 lilii
1459 5439 1748 5517 ASatnrni.“
1769 5439 1904 5517 Vide
1948 5438 2087 5517 Plin.

492 5509 585 5567 lib.
615 5529 714 5576 xu,
750 5526 869 5581 cap.
905 5511 953 5565 ‘l.
991 5509 1158 5565 Fauni
1189 5509 1218 5566 Ξι
1254 5511 1414 5566 fando
1455 5511 1669 5566 luerunt
1697 5510 1851 5578 dicti,
1883 5512 2005 5581 quia
2037 5512 2088 5564 in

491 5583 833 5638 silvestribus
874 5583 1010 5637 locis
1059 5583 1314 5636 traditum
1369 5591 1455 5638 est
1491 5584 1683 5638 Solitos
1731 5583 1850 5638 lari.
1902 5581 2092 5635 Incubi

490 5668 703 5725 quoque
737 5653 870 5708 dicti
897 5663 1023 5725 sunt
1061 5651 1229 5725 Fauni
1270 5664 1327 5725 et
1353 5653 1553 5725 Sa'yri,
1586 5654 1655 5708 ab
1692 5652 1929 5725 ineundo
1972 5666 2094 5720 pas-

492 5722 595 5777 sim
623 5722 756 5779 cum
817 5722 1072 5779 omnibus
1113 5722 1465 5778 animalibus;
1510 5723 1750 5784 Consule
1789 5723 2092 5779 Varronem

489 5792 586 5848 lib.
618 5807 668 5847 Vl
695 5794 761 5849 de
791 5793 995 5864 Lingua
1027 5792 1233 5849 Latina.
1275 5794 1543 5849 Murrum.

2191 4695 2345 4765 plaga
2375 4689 2652 4745 insanabili
2683 4690 3037 4764 subjicientem
3073 4691 3126 4744 in
3159 4693 3338 4762 furore
3368 4699 3574 4760 gentes,
3608 4703 3788 4761 perse-

2187 4795 2422 4858 quentem
2446 4782 2722 4839 crudeliter
2749 4800 2768 4839 :
2791 4785 3080 4856 conquievit
3124 4794 3171 4837 et
3199 4782 3347 4838 siluit
3386 4800 3405 4837 :
3445 4782 3612 4836 omnis
3655 4791 3788 4834 terra

2187 4878 2365 4951 gavisa
2394 4885 2470 4930 est
2515 4887 2561 4930 et
2591 4874 2889 4931 exsultavit.
2927 4876 3038 4930 Vox
3073 4875 3174 4929 ista
3209 4874 3515 4945 plangentis
3544 4883 3600 4928 et
3631 4873 3792 4926 misc-

2254 5041 2324 5053 —-
2352 5009 2488 5065 Vide
2517 5025 2638 5081 quae
2662 5009 2729 5064 ad
2753 5007 2933 5064 Vitam
2967 5007 3024 5064 S.
3055 5007 3204 5062 Pauli
3239 5007 3402 5078 primi
3433 5003 3682 5060 eremita:
3701 5002 3792 5058 oh-

2187 5096 2470 5138 servamus
2501 5090 2613 5136 tom
2649 5096 2706 5145 ιι,
2744 5096 2866 5150 pag.
2902 5081 2954 5138 7.
2991 5088 3103 5133 not.

2261 5165 2283 5193 ο
2337 5153 2511 5208 Vatic.
2562 5147 2762 5215 aspirsi
2815 5151 3013 5204 Hibim.
3071 5152 3150 5205 Ex
3183 5164 3292 5218 quo
3332 5164 3457 5203 mox
3493 5147 3790 5218 Tltennim,

2185 5226 2626 5299 juxta__\'et_erutn
2650 5220 2926 5299 scribendi
2950 5237 3153 5299 morem
3186 5216 3417 5299 restituo
3439 5262 3453 5285 ,
3489 5235 3588 5299 pro
3617 5216 3796 5299 Then-

2193 5288 2299 5351 itim
2329 5293 2648 5350 Martianaei.
2685 5292 2862 5346 Drusii
2895 5306 3058 5358 supra
3085 5291 3331 5346 laudatus
3353 5288 3789 5345 mssIThemeni.

2265 5365 2292 5404 τι
2323 5367 2498 5422 Minus
2532 5371 2677 5419 recte
2716 5374 2874 5417 antea
2906 5374 3023 5417 erat
3055 5364 3377 5434 interpretati
3407 5377 3607 5416 sumus.

2268 5448 2291 5476 θ
2330 5438 2585 5506 Legimus
2634 5445 2830 5506 tanturn
2863 5449 2959 5503 pro
2992 5449 3098 5501 quo
3144 5427 3305 5506 antea
3353 5443 3470 5488 erat
3507 5441 3700 5506 tamen.
3733 5427 3792 5482 In

2193 5524 2312 5565 eam
2367 5501 2480 5563 rem
2533 5517 2588 5560 tu
2615 5501 3184 5582 _vitleris'nostrat(_etn
3238 5501 3665 5582 Plinittm_._‘lih._
3713 5513 3790 5582 vt,

2193 5596 2314 5645 cap.
2347 5579 2449 5641 26;
2485 5577 2812 5634 Strahooem
2837 5591 3076 5645 quoque,
3116 5577 3207 5629 Iih.
3236 5591 3350 5636 xvi,
3387 5591 3438 5642 ιι.
3466 5572 3599 5630 738:
3625 5572 3794 5645 deni-

2193 5641 2299 5722 que
2346 5661 2402 5706 et
2448 5649 2775 5705 Pausaniam
2800 5689 2816 5714 ,
2853 5641 3256 5722 in_Arcad_icis_.
3308 5641 3463 5722 Paria
3499 5641 3792 5722 hishabet

2195 5714 2558 5794 Hieronymus
2589 5727 2780 5775 noster
2805 5761 2820 5784 ,
2853 5719 2991 5775 intra
3018 5759 3032 5782 ,
3069 5718 3132 5774 ad
3163 5715 3422 5786 subsequi
3454 5714 3647 5783 capitis
3667 5726 3798 5768 ver-

2195 5794 2422 5845 siculum
2452 5791 2542 5845 ‘35.

2189 5794 2422 5850 siculum
2452 5794 2542 5846 ‘35.
