4008 6358
224 245 306 306 161

764 236 1414 300 COMMENTARIORUM
1454 235 1521 295 IN
1559 234 1793 295 ISAIAM
1832 232 2259 295 PROPHETAM
2303 234 2436 295 LIB.
2477 235 2544 294 γ.
2585 233 2740 297 CAP.
2780 236 2922 298 XIV.

3389 241 3490 305 i6!

219 356 372 412 rantis
397 362 487 410 est
511 354 732 412 lsraelis
755 399 770 422 ,
805 357 1075 426 quomodo
1097 356 1362 412 Dominus
1383 354 1657 426 quondam
1688 354 1801 410 vic-
1827 360 1879 419 Α
1904 355 1970 408 sti
2001 355 2052 408 in
2084 364 2282 410 terram
2304 355 2548 425 gentium
2576 355 2904 423 vulnerator,
2926 357 3017 427 qui
3049 373 3145 428 per
3176 358 3489 427 superbiam

224 456 394 518 torque
442 456 747 512 terrarum,
799 457 852 501 et
902 449 1119 503 tributis
1165 457 1362 502 cuncta
1409 445 1786 516 depopulans,

223 541 470 594 contritus
499 538 566 593 sit
593 548 649 593 et
679 539 930 594 redactus
977 541 1031 594 in
1064 537 1218 594 nihil.
1270 537 1386 607 Ille,
1422 537 1664 606 inquam,
1699 533 1791 604 qui

223 632 315 688 fuit
338 633 548 690 baculus
576 632 866 701 impiorum
893 674 909 701 ,
943 632 1034 703 qui
1065 643 1341 702 sceptrum
1371 642 1428 688 et
1454 631 1604 702 virga
1635 645 1794 701 rega-

223 725 286 783 lis
311 741 484 781 omnes
514 725 807 782 furibunde
857 727 1210 796 percntiens,
1264 726 1423 797 cujus
1473 727 1629 797 plaga
1679 740 1789 780 non

220 825 408 888 poterat
453 817 753 885 sustineri,
803 818 896 888 qui
946 817 1216 888 fugientes
1246 832 1466 889 quoque
1494 815 1793 872 crudeliter

216 913 621 986 persequebatur
652 928 667 967 :
701 913 983 984 quomodo
1029 913 1344 983 conquievit
1391 922 1446 968 et
1471 911 1793 966 humiliatus

213 1015 290 1060 est
313 1047 326 1072 ,
372 1014 430 1062 et
479 1005 547 1060 ad
577 1005 788 1061 ruinam
823 1005 941 1074 ejus
971 1005 1150 1060 omnis
1183 1016 1324 1060 terra
1356 1003 1651 1070 consiluit,
1693 1016 1792 1056 vo-

209 1115 323 1156 cem
372 1109 576 1157 tantutn
629 1100 739 1174 [AL
789 1105 993 1174 tamen]
1041 1099 1244 1157 lzetitiae
1297 1099 1582 1172 gestientis
1633 1097 1794 1154 emit-

213 1202 324 1249 tcns
343 1193 364 1248 t

273 1286 445 1356 (Vers.
469 1285 552 1358 8.)
592 1287 794 1341 Abietes
834 1303 1033 1356 quoque
1079 1285 1269 1341 (celata:
1316 1292 1434 1338 sunt
1482 1297 1635 1353 super
1673 1291 1720 1334 te
1748 1289 1796 1336 et

207 1378 338 1434 cedri
359 1377 543 1433 Libani
567 1395 585 1434 :
608 1378 693 1434 Ex
722 1395 824 1448 quo
846 1378 1104 1441 dormisti,
1131 1393 1236 1431 non
1261 1375 1492 1430 ascendit
1523 1376 1610 1446 qui
1632 1373 1798 1428 succi-

203 1471 287 1526 dat
315 1488 430 1526 nos.
463 1471 568 1526 Per
597 1472 813 1526 abietes
843 1480 900 1526 ct
927 1470 1121 1524 cedros
1152 1469 1343 1524 Libani
1376 1465 1648 1537 principes
1669 1481 1796 1535 gen-

203 1563 332 1619 tium
365 1564 612 1634 intellige
635 1603 652 1629 ,
676 1563 766 1633 qui
794 1561 1292 1617 Nabuchodonosor
1313 1559 1656 1630 percutiente
1676 1572 1798 1612 suc—

199 1656 300 1712 cisi
330 1665 464 1712 sunt
488 1697 504 1722 ,
535 1655 629 1727 qui
660 1666 714 1710 et
735 1655 836 1725 ipsi
861 1657 911 1709 in
934 1669 1123 1709 vocem
1157 1653 1356 1708 laetitia:
1379 1660 1794 1722 prorumpentes

1892 445 2235 515 loquebaris:
2253 447 2484 503 Tantam
2506 449 2799 517 potentiam
2820 461 3146 505 consecutus
3168 468 3307 520 sum,
3330 453 3489 523 178

1894 549 1954 594 ut
1979 540 2174 596 ccelum
2221 541 2350 596 mihi
2384 552 2558 597 restet
2581 552 2638 597 et
2680 541 2859 597 sidera
2890 555 2948 598 ut
2969 542 3071 598 sub
3100 543 3327 613 pedibus
3357 545 3492 601 meis

1893 647 2126 702 superna
2155 632 2388 689 debeant
2409 633 2716 703 subiacere.
2741 633 3078 706 Quamqttam
3100 635 3273 691 Judaei
3292 636 3490 692 coelum

1893 734 1948 780 et
1973 735 2126 781 astra
2161 727 2252 782 Dei
2277 741 2337 782 se
2367 727 2539 782 velint
2563 727 2824 799 intelligi,
2851 744 2921 784 ex
2951 744 3016 784 eo
3037 728 3181 800 quod
3205 730 3449 800 sequitur
3474 744 3490 783 :

1895 816 2094 872 Sedebo
2116 819 2171 873 in
2197 830 2370 874 monte
2387 821 2695 887 testamenti,
2722 821 2774 875 id
2797 832 2904 887 est,
2931 821 2985 876 in
3005 821 3254 888 Templa,
3282 823 3373 878 ubi
3397 821 3492 878 Dei

1889 908 2010 978 jura
2051 921 2177 966 sunt
2202 911 2445 980 condita,
2482 913 2605 967 etin
2649 912 2890 967 lateribus
2912 914 3204 984 Aquilonis,
3239 913 3290 969 id
3314 919 3492 982 est,in

1893 999 2220 1058 Jerusalem.
2253 1005 2537 1075 Scriptum
2574 1015 2655 1061 est
2687 1008 2834 1062 enim
2881 1024 2894 1060 :
2932 1005 3137 1062 Montes
3168 1007 3303 1063 Sion
3329 1009 3496 1064 latera

1895 1093 2300 1169 Aquilonis(Ps.
2326 1113 2493 1164 xnvn,
2527 1099 2607 1170 5).
2631 1098 2744 1155 Nec
2766 1099 3057 1157 sullecerat
3083 1101 3353 1173 superbiae
3374 1103 3494 1174 ejus

1895 1185 2214 1244 desiderare
2241 1191 2513 1257 caelestia,
2546 1193 2650 1246 nisi
2698 1192 2766 1247 ad
2798 1201 3001 1249 tantam
3054 1196 3391 1267 prorupisset
3413 1197 3495 1253 in-

1897 1275 2105 1330 saniam
2125 1319 2140 1344 ,
2168 1278 2340 1334 utDei
2371 1281 2474 1333 sibi
2504 1281 2921 1338 similitudinem
2951 1284 3274 1343 vindicaret.

1897 1386 1900 1393 ’
1971 1368 2288 1441 (Vers.15.)
2330 1371 2697 1429 Verumtamen
2729 1377 2800 1431 ad
2840 1379 3096 1445 infernum
3129 1381 3414 1440 detraheris
3439 1385 3495 1441 in

1899 1462 2216 1530 profundum
2243 1464 2364 1518 laci.
2395 1465 2497 1534 Qui
2529 1482 2626 1535 per
2652 1470 2965 1539 superbiam
3001 1471 3211 1529 dixerat
3241 1492 3254 1528 ε
3281 1472 3350 1528 1η
3393 1493 3496 1531 co:-

1898 1553 2004 1605 lum
2024 1554 2329 1622 ascendam,
2355 1573 2442 1611 ero
2461 1558 2645 1613 similis
2657 1561 2945 1630 Altissimo,
2970 1581 3076 1618 non
3109 1565 3285 1622 Solum
3316 1568 3382 1622 ad
3408 1570 3493 1624 in-

1896 1644 2131 1712 fernum,
2162 1648 2259 1703 sed
2288 1649 2355 1702 ad
2393 1650 2668 1706 infernum
2722 1654 2974 1709 ultimum
3015 1656 3344 1715 detrahitur.
3380 1661 3494 1717 lloc

201 1751 395 1807 dicunt
428 1769 443 1807 :
478 1751 558 1806 Ex
585 1765 692 1822 quo
711 1751 776 1804 ad
801 1749 1009 1804 inferna
1033 1749 1187 1820 177
1209 1747 1472 1804 deductus
1500 1762 1582 1813 es,
1614 1745 1795 1800 nullus
1825 1760 1875 1820 Β
1901 1740 2048 1794 enim
2095 1742 2368 1812 significat
2397 1745 2498 1799 laci
2541 1745 2914 1816 profunditas,
2955 1765 3052 1820 pro
3081 1767 3190 1820 quo
3219 1753 3270 1806 in
3317 1753 3496 1809 Evan-

199 1845 342 1900 alius
376 1845 554 1914 potuit
583 1843 812 1898 inveniri
839 1883 854 1910 ,
891 1841 984 1912 qui
1022 1855 1246 1911 magnos
1279 1849 1636 1912 potentesque
1674 1852 1798 1892 suc-

194 1937 426 1993 cideret.

264 2029 451 2103 (Vers.
488 2028 570 2100 9.)
597 2026 844 2099 Infernus
869 2029 1044 2082 subter
1071 2037 1119 2082 le
1145 2026 1476 2082 conturbatus
1501 2033 1598 2090 est,
1629 2024 1682 2077 in
1711 2038 1800 2076 oc-

191 2140 399 2179 cursum
444 2126 700 2178 adventus
746 2123 820 2176 tui
871 2121 1133 2176 suscitavit
1173 2119 1264 2174 tibi
1311 2120 1546 2193 gigantes
1575 2134 1593 2171 :
1625 2131 1799 2170 omnes

190 2217 452 2287 principes
480 2226 633 2271 terra:
661 2225 1000 2271 surrexerunt
1023 2213 1085 2268 de
1107 2213 1254 2267 soliis
1278 2214 1386 2266 suis
1415 2229 1434 2266 :
1465 2211 1636 2265 cuncti
1664 2211 1802 2279 prin-

189 2311 325 2379 cipes
352 2311 630 2364 nationum
659 2308 885 2363 universi
927 2306 1334 2376 respondebunt,
1366 2314 1414 2360 et
1460 2305 1633 2356 dicent
1688 2301 1798 2355 tibi.

186 2400 320 2458 Haec
346 2401 706 2472 emphaticés
737 2398 969 2471 legenda
1003 2408 1131 2454 sunt
1163 2410 1219 2454 et
1248 2413 1431 2454 scenae
1459 2397 1623 2452 modo
1648 2412 1664 2462 ;
1691 2411 1799 2450 non

186 2498 335 2569 quod
379 2499 529 2554 facta
549 2497 681 2562 sint,
713 2495 810 2550 sed
841 2493 985 2564 quod
1021 2493 1140 2548 fieri
1171 2493 1450 2562 potuerint
1481 2508 1494 2544 :
1526 2489 1630 2545 nisi
1661 2491 1803 2544 forte

185 2594 403 2650 animas
447 2607 648 2664 regum
708 2605 848 2660 quos
887 2587 1273 2653 interfecerat,
1313 2586 1641 2642 insultantes
1689 2582 1801 2653 regi

182 2683 503 2756 Babylonio
524 2682 830 2739 occurrisse
872 2679 1166 2736 credimus.
1212 2679 1482 2736 Solatium
1513 2676 1658 2733 enim
1690 2690 1803 2730 ma-

182 2775 366 2833 lorum
391 2788 510 2845 est,
541 2791 668 2831 cum
703 2774 954 2830 inimicos
976 2773 1213 2828 viderint
1251 2771 1443 2826 eadem
1469 2770 1761 2825 sustinere;

259 2869 454 2941 (Vers.
486 2869 578 2934 10,
609 2867 724 2938 11.)
751 2866 818 2920 Et
847 2877 900 2919 tu
933 2864 1231 2919 vulneratus
1269 2880 1324 2917 es
1351 2864 1481 2916 sicut
1503 2879 1617 2926 nos,
1645 2861 1806 2914 nostri

1899 1833 2042 1904 gelio
2099 1837 2355 1893 tenebras
2385 1840 2687 1897 exteriores
2734 1842 2990 1913 legimus,
3020 1844 3112 1901 ubi
3143 1857 3226 1902 est
3251 1845 3410 1903 ﬂetus
3441 1859 3497 1904 et

1899 1924 2104 1981 stridor
2130 1928 2373 1983 dentium
2404 1931 2558 2004 (Luc.
2591 1948 2706 2000 xm,
2735 1931 2849 1998 28).

1973 2017 2156 2088 (Vers.
2188 2020 2276 2087 16,
2306 2023 2420 2093 17.)
2454 2024 2556 2089 Qui
2577 2036 2624 2079 te
2641 2027 2888 2094 viderint,
2917 2029 2987 2082 ad
3013 2039 3061 2086 te
3084 2031 3493 2101 inclinabantur,
3548 2056 3550 2058 ν

1901 2119 2056 2180 teque
2075 2114 2745 2186 prospicient(subauditur
2773 2119 3041 2192 dicentes)
3073 2139 3085 2176 ε
3116 2121 3388 2193 Numquid
3403 2125 3499 2180 iste

1903 2211 1975 2254 est
1998 2202 2075 2254 vir
2085 2205 2172 2273 qui
2185 2207 2506 2260 conturbavit
2524 2217 2738 2274 terram,
2755 2213 2840 2280 qui
2857 2216 3114 2268 concussit
3127 2232 3282 2286 regna
3292 2219 3397 2288 ,qui
3416 2236 3502 2287 po-

1901 2294 2005 2348 suit
2025 2297 2198 2350 orbem
2224 2297 2502 2364 desertum,
2547 2310 2593 2353 et
2621 2302 2772 2356 urbes
2824 2306 2939 2374 ejus
2986 2309 3239 2362 destruxit
3269 2327 3288 2374 ;
3317 2312 3503 2367 vinctis

1902 2391 2015 2451 eius
2045 2403 2149 2441 non
2176 2389 2385 2458 aperuit
2405 2393 2709 2447 carcerem?
2735 2393 2805 2448 Et
2836 2397 2953 2450 hanc
2980 2411 3082 2452 vox
3125 2400 3502 2458 insultantium

1904 2491 1989 2536 est
2011 2491 2177 2552 atque
2229 2484 2567 2552 mirantium,
2599 2488 2875 2558 quomodo
2902 2500 3147 2546 vastator
3179 2494 3420 2550 omnium
3453 2504 3510 2553 et
3607 2504 3615 2512 '

1902 2573 2021 2643 ipse
2049 2586 2298 2631 vastatus
2356 2578 2450 2632 sit.
2479 2578 2634 2647 Quod
2675 2593 2856 2638 autem
2887 2583 2963 2638 ait
2991 2583 3216 2640 :Vinctis
3246 2587 3360 2658 ejus
3404 2604 3508 2644 non

1903 2668 2110 2736 aperuit
2139 2685 2398 2724 carcerem
2426 2671 2452 2726 .9
2479 2673 2801 2743 magnitudo
2831 2677 3178 2734 crudelitatis
3217 2688 3272 2735 et
3313 2680 3509 2752 impie-

1905 2762 2034 2816 tatis
2061 2764 2407 2833 exprimitur,
2430 2769 2672 2824 utetiam
2695 2771 2908 2828 vinctos
2931 2782 3144 2830 teneret
3165 2775 3216 2830 in
3242 2790 3507 2833 carcere:

1905 2862 1962 2909 et
1987 2870 2094 2909 non
2123 2856 2442 2913 sufficerent
2474 2861 2690 2916 miseris
2717 2874 2946 2933 catenae,
2983 2866 3087 2922 nisi
3119 2867 3244 2922 illos
3276 2877 3333 2924 et
3358 2878 3512 2926 tene-

177 2965 374 3020 similis
405 2963 632 3032 effectus
650 2977 739 3016 es:
765 2961 996 3014 detracta
1023 2959 1180 3012 estad
1202 2957 1397 3026 inferos
1425 2956 1796 3028 superbiatua:

1907 2943 2130 2999 brarum
2161 2947 2358 3001 horror
2386 2949 2710 3008 includeret.

177 3059 420 3113 concidit
455 3055 575 3130 [ΑΙ.
628 3050 950 3124 concidetur]
976 3050 1195 3105 cadauer
1220 3060 1388 3112 tuum,
1419 3047 1591 3102 subter
1619 3056 1665 3100 te
1683 3056 1796 3100 ster-

1978 3035 2165 3130 (γεγε.
2193 3037 2279 3102 18,
2313 3039 2427 3109 19.)
2457 3040 2649 3097 Omnes
2672 3061 2815 3117 reges
2846 3051 3098 3118 gentium,
3123 3054 3351 3110 universi
3378 3057 3508 3112 dor-

173 3162 338 3205 netur
371 3129 552 3216 tinea,
581 3157 628 3201 et
651 3146 1020 3215 operimentum
1048 3154 1193 3196 tuum
1219 3150 1598 3195 eruntt'erntes.
1618 3138 1812 3193 Sermo
1837 3141 1883 3203 (ζ
1916 3129 2140 3182 mictum
2171 3131 2224 3182 in
2250 3130 2440 3203 gloria,
2471 3135 2549 3186 uir
2566 3136 2619 3189 in
2640 3137 2792 3192 domo
2817 3141 3020 3197 sua.Tu
3051 3156 3220 3200 autent
3246 3154 3511 3223 projectus

167 3242 520 3313 potentium
575 3247 630 3292 et
673 3239 978 3306 principum
1020 3242 1185 3289 terra:
1205 3273 1220 3298 ,
1262 3247 1399 3302 quos
1425 3246 1588 3299 supra
1616 3227 1808 3284 cedros
1915 3237 1968 3274 es
1996 3221 2060 3274 de
2085 3221 2325 3293 sepulcro
2351 3234 2439 3277 tuo
2466 3227 2619 3296 quasi
2642 3229 2798 3300 stirps
2828 3231 3056 3302 inutilis,
3087 3235 3318 3307 pollutus
3338 3221 3393 3296 et
3418 3243 3513 3297 ob.

165 3343 230 3390 ει
256 3333 506 3387 ευίειθε
529 3328 850 3398 appellarat,
874 3326 942 3379 ad
965 3340 1145 3395 regem
1171 3322 1529 3394 Babylonium
1556 3321 1812 3390 dirigitur
1913 3313 2117 3367 volutus
2146 3331 2261 3368 cum
2291 3315 2372 3371 his
2399 3318 2490 3386 qui
2512 3319 2771 3389 interfecti
2795 3334 2912 3379 sunt
2935 3327 3135 3396 gladio,
3163 3342 3210 3386 et
3241 3334 3516 3390 descende-

163 3429 223 3484 in
248 3424 482 3482 inferis
534 3421 917 3476 constitutum.
942 3418 1060 3472 lam
1103 3432 1210 3470 non
1237 3415 1486 3470 dolemus
1516 3428 1614 3468 nos
1645 3412 1813 3468 fuisse
1913 3416 2036 3460 runt
2061 3407 2129 3461 ad
2153 3409 2495 3479 fundamenta
2515 3410 2618 3465 laci
2644 3428 2665 3478 ;
2695 3421 2844 3485 quasi
2864 3419 3085 3475 cadaver
3116 3425 3382 3492 putridum
3413 3444 3515 3482 non

169 3520 477 3580 succisos,
510 3527 638 3569 eum
670 3524 726 3569 et
759 3523 812 3565 tu
843 3508 1035 3566 eadem
1080 3507 1262 3565 securi
1295 3506 1592 3561 corrueris.
1623 3505 1812 3559 omnis
1913 3496 2123 3552 habebis
2153 3501 2494 3568 consortium,
2523 3519 2688 3575 neque
2717 3523 2832 3561 cum
2871 3513 2948 3565 eis
2980 3512 3033 3566 in
3056 3513 3344 3586 sepultura.
3380 3516 3517 3574 Nar-

167 3613 444 3686 p0tentia
486 3617 687 3674 tua,et
717 3607 772 3661 in
807 3605 1006 3661 caelum
1061 3603 1274 3658 elevata
1309 3599 1584 3670 superbia,
1617 3598 1682 3654 ad
1711 3606 1812 3653 ter-
1911 3601 2036 3686 rat)!
2086 3592 2300 3649 Hebraei
2340 3593 2650 3665 hujttsmodi
2710 3599 2954 3658 fabulam
2982 3623 2996 3659 :
3023 3615 3046 3643 ο
3091 3608 3513 3670 Evilmarodach

165 3684 294 3763 ram
317 3707 590 3763 detracta
615 3699 946 3769 est.Ergone
965 3707 1017 3751 et
1040 3707 1188 3751 tutnn
1202 3693 1440 3750 cadaver
1457 3692 1659 3747 tineam
1683 3706 1796 3746 sus-

1911 3684 2025 3754 qui,
2054 3695 2210 3756 patre
2240 3701 2341 3743 suo
2367 3687 2880 3750 Nabuchodonosor
2923 3699 3144 3757 vivente
3175 3717 3272 3772 per
3301 3717 3512 3776 septem

164 3799 458 3862 tentabit,
508 3804 566 3849 et
592 3790 924 3850 scatentium
947 3789 1157 3860 operiet
1188 3786 1455 3843 vermium
1491 3785 1811 3840 multitudo?
1910 3789 2083 3831 annos
2113 3779 2257 3834 inter
2306 3778 2532 3847 bestias,
2565 3793 2695 3841 ante
2727 3799 3079 3858 regnaverat,
3104 3805 3391 3866 postquam
3425 3799 3517 3856 ille

166 3892 410 3950 Senties
436 3905 549 3960 per
574 3896 808 3943 mortem
837 3882 1077 3938 hominis
1106 3881 1396 3947 vilitatem,
1429 3879 1519 3950 qui
1554 3878 1647 3934 Dei
1681 3878 1734 3933 in
1755 3886 1808 3932 te
1911 3871 2200 3926 reslilutus
2227 3872 2277 3926 in
2298 3888 2468 3944 regno
2497 3884 2606 3944 est,
2640 3894 2813 3949 usque
2835 3881 2902 3937 ad
2932 3895 3176 3942 mortem
3199 3891 3370 3957 patris
3396 3907 3517 3948 cum

163 3986 508 4058 ρυιθηιῑωη
540 3977 892 4049 praeferebas.
1911 3960 2159 4018 Joachim
2220 3980 2347 4058 rege
2375 3965 2530 4022 Judae
2584 3970 2635 4023 in
2687 3972 2927 4028 vinculis
2965 3977 3064 4030 fuit
3092 3994 3104 4030 :
3132 3995 3242 4047 quo
3274 3991 3516 4049 mortuo,

249 4079 467 4150 (vers.
506 4070 726 4143 12-14.)
753 4068 1025 4138 Quomodo
1056 4065 1289 4120 cecidisti
1316 4063 1380 4117 de
1423 4062 1568 4128 caelo,
1603 4061 1807 4132 lucifer,
1913 4066 2035 4109 cum
2057 4071 2249 4112 rursus
2280 4057 2330 4112 in
2364 4073 2592 4128 regnum
2620 4063 2959 4127 succederet,
2990 4075 3176 4123 etnon
3207 4071 3520 4140 suscipere-

162 4173 465 4248 quimane
499 4167 786 4222 oriebaris:
818 4161 1062 4218 corruisti
1091 4161 1144 4214 in
1174 4169 1364 4213 terram
1390 4157 1479 4227 qui
1503 4155 1814 4210 nulnerabas
1917 4156 2004 4248 ml:
2027 4162 2055 4200 a
2083 4149 2444 4219 principibus,
2477 4153 2567 4223 qui
2614 4155 2931 4212 metuebant
2961 4175 3028 4215 ne
3078 4162 3290 4220 viveret
3319 4165 3412 4236 qui
3436 4167 3520 4224 di-

162 4237 367 4341 ἀεηιεε
393 4281 416 4320 :
440 4261 545 4336 qui
575 4259 778 4314 dicebas
800 4259 853 4312 in
870 4255 1024 4311 corde
1048 4264 1135 4308 tuo
1164 4268 1181 4306 :
1205 4248 1273 4304 In
1302 4249 1486 4303 caelum
1511 4245 1812 4341 ascendam,
1917 4237 2144 4341 cebatur
2163 4243 2506 4341 exstinctus;
2536 4255 2595 4302 ut
2627 4246 2791 4304 fidem
2839 4254 3010 4322 patris
3039 4260 3241 4314 mortui
3288 4259 3517 4330 faceret,

160 4333 336 4434 super
387 4333 586 4414 sidera
629 4352 728 4407 Dei
752 4349 990 4407 exaltabo
1029 4346 1219 4402 solium
1265 4357 1437 4396 meum
1473 4379 1490 4406 ,
1547 4336 1732 4392 sedebo
1761 4338 1818 4389 in
1920 4333 2132 4434 operuit
2150 4337 2500 4434 sepulcrum,
2529 4348 2586 4395 et
2613 4341 2853 4399 cadaver
2877 4345 2996 4417 ejus
3029 4365 3171 4406 unco
3195 4363 3248 4408 ει
3301 4353 3520 4412 funibus

161 4422 358 4509 monte
393 4446 710 4506 testamenti
733 4445 786 4499 in
814 4442 1064 4498 lateribus
1091 4434 1398 4510 Aquilonis;
1425 4431 1701 4486 ascendam
1723 4444 1815 4482 su-
1924 4422 2110 4516 traxi!-
2150 4425 2309 4516 179
2337 4427 2400 4481 Et
2429 4438 2515 4483 est
2557 4445 2750 4487 sensus
2778 4451 2791 4487 :
2824 4434 3068 4507 Sepultis
3095 4443 3352 4500 omnibus
3371 4448 3460 4516 qui
3489 4464 3521 4502 ει

160 4563 261 4620 per
289 4541 669 4600 altitudinem
694 4537 931 4602 nubium,
960 4549 1048 4588 ero
1089 4531 1275 4586 similis
1298 4525 1583 4581 Altissimo.
1617 4522 1724 4578 Pro
1752 4535 1819 4574 eo
1844 4532 1900 4593 Ῑ)
1926 4522 1981 4568 ιθ
2034 4514 2308 4620 interfecti
2361 4527 2600 4620 sumptu
2633 4523 2781 4578 solus
2811 4526 3114 4598 insepultus
3150 4514 3522 4603 iacebis.”

163 4607 322 4709 quod
359 4652 477 4692 nos
511 4629 868 4702 interpretati
902 4640 1091 4682 sumus
1141 4623 1212 4678 ob
1245 4621 1570 4676 facilitatem
1614 4614 1824 4670 intelli-
1926 4621 2067 4709 vero.
2091 4607 2454 4709 Ioettmistum
2486 4612 2564 4666 sic
2590 4614 3025 4685 interpretantur
3055 4640 3068 4677 :
3103 4625 3303 4683 Omnes
3326 4629 3523 4688 anima:

161 4700 384 4805 gemitu
431 4748 448 4784 :
481 4700 771 4794 Quomodo
797 4721 1024 4778 cecidisti
1055 4718 1120 4773 de
1153 4717 1303 4786 cado,
1331 4715 1535 4786 lucifer,
1561 4713 1650 4784 qui
1662 4727 1794 4805 ‘man

1925 4700 2067 4772 apud
2100 4701 2311 4760 inferos
2331 4705 2572 4776 aliquam
2606 4709 2850 4779 requiem
2874 4714 3172 4786 accipient,
3205 4728 3259 4773 tu
3287 4720 3439 4775 solus
3469 4728 3523 4780 in

161 4799 470 4889 oriebaris,
488 4819 558 4875 in
585 4815 878 4882 Hebraico,
899 4809 1197 4866 utverbutn
1220 4807 1593 4877 exprimamus
1609 4803 1676 4858 ad
1701 4819 1826 4859 ver-
1925 4804 2200 4890 etill'emas
2228 4799 2483 4856 tenebras
2525 4801 2874 4874 religaberis.
2920 4806 3177 4867 Omnium
3217 4813 3361 4870 enim
3388 4831 3524 4890 ope.

158 4919 329 4986 bum,
371 4887 661 4987 legitur:
695 4907 970 4976 Quomodo
999 4903 1234 4960 cecidisti
1282 4901 1346 4955 de
1375 4899 1519 4966 caelo,
1565 4898 1716 4954 ulula
1743 4899 1823 4970 ﬁli
1925 4887 2087 4944 rieris
2135 4893 2429 4964 sanguine,
2479 4903 2535 4950 et
2575 4896 2961 4957 universorum
3016 4911 3069 4958 te
3101 4920 3266 4963 Cruor
3312 4887 3527 4980 ρι-ειῇρι

158 5003 816 5077 diluculi.Significatur
837 5008 1018 5056 autem
1045 4999 1170 5054 aliis
1201 4995 1385 5050 verbis
1404 4993 1586 5065 lucifer
1608 5011 1628 5060 ;
1653 5002 1708 5048 et
1735 4992 1820 5048 di-
1926 4987 2075 5042 velut
2092 4987 2412 5045 obvolutum
2431 4991 2584 5047 sanie
2609 5001 2972 5054 mortuorum.
2991 5000 3357 5074 Symmachus
3379 5010 3524 5071 hunc

155 5105 317 5163 citur
341 5101 400 5160 ei
431 5097 604 5173 quod
635 5097 771 5152 flere
795 5094 996 5150 debeat
1018 5101 1073 5146 et
1102 5085 1412 5160 lugere,qui
1439 5086 1709 5154 quondam
1739 5085 1820 5140 sic
1927 5079 2104 5135 locum
2144 5080 2224 5135 sic
2253 5081 2533 5138 transtulit
2563 5100 2579 5137 :
2611 5083 2784 5141 Etiam
2809 5105 2927 5145 cum
2963 5091 3046 5148 Itis
3101 5100 3191 5168 qui
3219 5102 3525 5161 occiduntur

158 5199 348 5254 fuerit
381 5193 726 5267 gloriosus,
753 5197 814 5243 ut
859 5185 1056 5257 fulgori
1088 5182 1301 5239 luciferi
1334 5189 1686 5249 comparatus
1723 5177 1815 5232 sit.
1923 5173 1977 5267 in
2005 5173 2163 5238 bello,
2186 5189 2290 5228 non
2333 5174 2607 5267 mereberis
2639 5179 2825 5236 habere
2871 5190 3190 5246 consortium
3217 5197 3522 5266 sepulturw.

155 5290 366 5358 Sicut,
395 5266 859 5359 inquit,|ucifer
885 5280 1182 5336 discutiens
1216 5275 1490 5341 tenebras,
1529 5272 1728 5327 ardens
1765 5278 1820 5325 et
1923 5266 2031 5322 Pro
2052 5277 2323 5359 eoautem
2348 5266 2493 5359 quod
2526 5285 2628 5326 nos
2652 5271 2915 5341 diximus,
2940 5283 3092 5348 quasi
3120 5285 3278 5352 stirps
3300 5287 3524 5354 inutilis,

157 5388 385 5445 rutilus
404 5358 741 5443 illucescit;
762 5375 840 5431 sic
862 5382 918 5430 et
944 5385 1065 5428 tuus
1089 5383 1414 5443 progressus
1439 5369 1489 5421 in
1517 5365 1748 5435 populos
1763 5372 1817 5419 et
1921 5367 1976 5415 et
2004 5360 2056 5413 in
2089 5358 2324 5413 Hebraeo
2356 5358 2554 5430 legitur
2575 5377 2888 5420 :cutvesen
2910 5382 3126 5424 uernae
3153 5378 3319 5441 (ann:
3338 5378 3525 5447 usus),

153 5482 476 5556 publicum
510 5473 680 5529 claro
711 5468 876 5524 sideri
905 5466 1101 5522 similis
1125 5464 1414 5520 videbatur
1442 5477 1457 5526 ;
1483 5458 1581 5514 sed
1613 5457 1812 5512 cecidi-
1919 5452 2119 5524 Aquila
2152 5452 2552 5522 interpretatus
2594 5465 2701 5519 est,
2731 5457 2882 5525 quasi
2911 5455 2939 5494 ιι
2977 5464 3147 5519 sanies
3176 5468 3396 5537 polluta.
3421 5471 3531 5528 Na-

1919 5589 2221 5646 rodachutn
2253 5588 2520 5658 collegam
2552 5585 2726 5645 fuisse
2751 5591 2985 5658 imperii.

1994 5660 2021 5700 b
2054 5660 2257 5739 γίιιῑοη
2287 5660 2441 5733 quasi
2473 5659 2635 5714 saniis
2663 5660 3020 5739 po_llttla.Vid.
3056 5668 3194 5726 infra
3225 5671 3449 5736 Hieron.
3476 5683 3530 5739 in

1932 5732 2036 5788 hoc
2065 5732 2211 5789 idem
2239 5732 2408 5796 caput
2436 5732 3056 5796 rursum'disserentem
3099 5741 3241 5800 libro
3259 5732 3534 5818 παρεξιίῇ

236 5628 270 5658 ι
300 5621 517 5685 Atque
554 5607 656 5662 illa
685 5605 906 5685 quidem
938 5602 1024 5685 ed
1057 5601 1173 5685 eius
1204 5598 1388 5685 8°13“?
1409 5592 1812 5685 “meimei:

154 5666 470 5751 nhil-ilia;
505 5666 1003 5751 contritiiiiscendis
1030 5666 1233 5729 "51...":
1262 5666 1813 5751 Verosimilit'tascuitu

160 5733 909 5834 'ﬁabucbodonosore
940 5749 993 5802 in
1017 5758 1239 5816 regnum
1273 5741 1548 5805 restituto,
1580 5733 1824 5790 Evilme-
