4008 6318
487 179 597 246 iss
1745 184 1806 241 s.
1850 173 2118 242 unseen
2160 169 2536 242 lllERONYMl
3688 161 3798 244 tot

485 316 586 355 seu
613 300 962 372 ('13:)aulem
995 297 1220 368 proprie
1249 295 1552 368 virgultum
1577 295 1908 368 appellatur,
1942 295 2084 368 quod
2111 307 2165 368 Α
2190 314 2306 354 ram
2328 315 2348 354 :
2371 308 2419 354 et
2443 297 2668 368 scopabo
2694 313 2808 354 eam
2849 299 2906 354 in
2949 313 3108 370 scopa
3157 308 3348 368 terens,
3379 302 3504 355 dicit
3539 299 3795 356 Dominus

486 393 554 448 ad
586 395 798 448 radices
821 392 1078 446 arborum
1105 388 1370 454 nascitur,
1389 399 1438 443 et
1457 389 1612 458 quasi
1637 389 1830 444 inutile
1847 390 1916 444 ab
1945 387 2088 456 agri-

483 485 620 540 colis
649 493 960 555 amputatur
993 501 1004 536 :
1041 497 1336 552 possumus
1385 482 1436 536 id
1467 483 1645 551 ipsum
1673 482 1870 536 saniem
1893 480 2088 535 tabent-

481 595 580 649 que
619 576 956 646 intelligere.
1002 577 1294 642 Simulque
1341 574 1601 630 discimus
1649 574 1792 646 quod
1841 573 2088 628 infernus

483 671 586 724 sub
619 681 762 724 terra
791 671 883 738 sit,
943 670 1166 724 dicente
1197 667 1484 739 Scriptura
1521 685 1532 722 :
1567 665 1740 738 Usque
1768 667 1836 722 ad
1895 664 2088 738 funda-

485 771 658 818 menta
693 762 814 817 laci.

558 857 576 932 (
589 858 739 914 Vers.
755 857 874 928 ‘20.)
892 855 971 914 Tu
990 858 1128 913 enim
1144 867 1334 912 terram
1360 868 1502 912 tuam
1520 853 1900 928 disperdidisti,
1917 863 1971 908 tu
1993 871 2088 925 po.

405 973 412 978 ·
487 949 668 1024 pulum
684 951 1296 1006 tuumoccidisﬁﬁluxta
1315 949 1458 1006 LXX
1486 946 2090 1018 lnterpretesquidixe—

485 1055 614 1100 runt
639 1061 650 1096 :
675 1043 811 1110 Quia
833 1054 1024 1097 terram
1055 1059 1219 1096 meam
1247 1042 1545 1114 perdidisti,
1571 1051 1618 1096 et
1643 1043 1896 1110 pupulum
1921 1053 2090 1094 meum

485 1135 745 1193 occidisti.
771 1135 901 1206 quid
939 1136 1166 1202 dicant,
1203 1135 1352 1188 nulla
1395 1133 1671 1190 dubitatio
1731 1141 1833 1186 est.
1863 1129 2090 1186 Terram

487 1229 632 1283 enim
652 1225 919 1290 iudicum.
939 1237 993 1282 et
1014 1229 1270 1298 p0pnlnm
1300 1227 1422 1296 ejus
1453 1226 1622 1282 Israel
1653 1223 2094 1280 Nabuchodono-

489 1333 584 1374 sor
609 1317 888 1374 interfecit
917 1328 972 1374 et
1005 1319 1264 1388 perdidit.
1291 1319 1456 1372 Juxta
1491 1318 1820 1372 l-lebraicum
1855 1313 2093 1370 difficilis

489 1409 805 1467 intellectus
832 1422 934 1476 est,
956 1410 1230 1482 quomodo
1271 1421 1470 1466 terram
1497 1423 1666 1464 suam-
1685 1405 2008 1476 perdiderit,
2041 1412 2098 1458 et

487 1503 744 1574 populum
787 1519 948 1558 suum
977 1504 1248 1559 occiderit
1281 1521 1292 1556 :
1322 1503 1423 1558 nisi
1455 1502 1598 1556 forte
1622 1502 1725 1556 hoc
1753 1514 1916 1556 sensu
1943 1497 2093 1554 acci-

491 1597 752 1670 piendum
779 1606 881 1666 est,
914 1612 1185 1668 eos,quos
1210 1597 1302 1651 tibi
1327 1597 1469 1652 Deus
1501 1596 1556 1650 in
1580 1594 1986 1664 correptionem
2003 1591 2096 1646 de-

2187 393 2528 446 eazercituum.
2563 389 2908 462 Babylonem
2960 390 3132 448 fuisse
3169 395 3634 463 potentissimam,
3661 395 3796 450 etin

2187 483 2596 553 campestribus
2625 499 2723 553 per
2754 483 3023 554 quadrum
3069 484 3255 550 sitam,
3287 485 3358 540 ab
3391 486 3594 556 angulo
3619 501 3796 557 usque

2189 573 2259 630 ad
2283 577 2540 644 angulum
2567 573 2764 642 muri,b
2789 575 3030 632 sedecim
3055 577 3222 632 millia
3243 578 3488 632 tenuisse
3511 593 3798 648 passuum,

2190 669 2244 724 id
2273 679 2380 736 est,
2411 669 2576 726 simul
2605 684 2702 739 per
2729 669 3018 726 circuitum
3039 670 3321 740 sesttgita
3351 679 3606 741 quatuor,
3653 681 3680 710 ο
3713 685 3804 727 ro-

2193 762 2306 820 iort-
2331 763 2904 832 Herodotus,etmulti
2923 765 3018 820 alii
3041 763 3364 834 quiGraecas
3393 765 3804 821 liistoriascon-

2191 857 2550 924 scripserunt.
2581 858 2690 911 Arx
2729 867 2936 922 autem,
2968 857 3022 912 id
3045 857 3500 927 est,Capitoliuni
3527 859 3676 914 imus
3705 875 3798 913 nr-

2191 947 2301 1015 bis,
2331 958 2420 1006 est
2441 948 2608 1006 turris
2633 963 2760 1019 quia
2784 948 3050 1004 aedificata
3077 958 3200 1017 post
3219 949 3508 1016 diluvium,
3543 950 3596 1002 iu
3621 946 3648 986 τι
3675 949 3800 1004 alti-

2193 1040 2382 1096 tudine
2447 1049 2684 1110 quatuor
2753 1040 2928 1096 millia
2985 1040 3188 1096 dicitur
3263 1047 3454 1096 tenens
3509 1055 3798 1110 passuum,

2195 1132 2453 1202 pautatim
2467 1133 2536 1187 de
2561 1132 2736 1186 latoin
2753 1131 3034 1201 angustias
3063 1139 3365 1199 coarctata,
3389 1142 3446 1185 ut
3469 1133 3803 1200 pondusim-

2193 1227 2410 1282 mineus
2441 1223 2654 1280 facilius
2682 1241 2711 1278 a
2741 1225 3029 1280 latioribus
3075 1233 3433 1280 sustentetur.
3467 1224 3802 1280 Describunt

2193 1315 2266 1372 ibi
2299 1317 2496 1384 templa
2521 1331 2858 1384 marmorea,
2879 1332 3078 1372 aureas
3105 1325 3340 1384 statuas,
3363 1315 3574 1386 plateas
3603 1316 3804 1385 lapidi-

2194 1407 2296 1464 bus
2325 1423 2568 1477 auroque
2589 1406 2884 1477 fulgentes,
2909 1418 2966 1464 et
3013 1407 3182 1462 multa
3213 1408 3320 1462 alia
3375 1422 3500 1478 qua!
3545 1423 3688 1477 pene
3713 1409 3802 1464 vi-

2195 1497 2428 1556 deantur
2457 1498 2830 1554 incredibilia.
2861 1498 2976 1554 Hoc
3001 1507 3176 1553 totum
3221 1499 3593 1566 narravimus,
3629 1509 3690 1552 ut
3713 1513 3805 1553 os-

2197 1589 2548 1648 tenderemus
2577 1590 2720 1660 quod
2744 1591 2812 1646 ad
2843 1591 2980 1646 iram
3017 1591 3112 1646 Dei
3135 1591 3316 1646 ouinis
3347 1593 3596 1661 potentia
3625 1591 3804 1662 pulvis

491 1689 669 1756 derat,
697 1699 748 1743 ttt
794 1691 1012 1760 penitus
1070 1689 1376 1759 perdidisti.
1427 1687 1523 1742 Vel
1567 1688 1730 1742 aliter
1771 1685 2092 1754 :antiquum
2125 1696 2173 1756 Β
2201 1685 2292 1746 sit,
2323 1695 2378 1740 et
2403 1684 2604 1738 favilla:
2636 1691 2692 1740 et
2715 1683 2886 1740 cineri
2920 1695 3296 1756 comparetur.
3319 1683 3374 1740 Si
3407 1685 3606 1742 liceret
3631 1685 3808 1740 intro—

490 1783 844 1856 Assyriorum
894 1800 1142 1856 regnum,
1179 1793 1232 1840 te
1261 1785 1492 1838 multum
1523 1779 1877 1852 superbiente
1900 1787 1956 1833 et
1983 1777 2096 1832 ele-

495 1890 663 1932 vaute
687 1889 878 1932 contra
903 1878 1074 1932 Deum
1103 1877 1377 1932 cervicem
1409 1887 1578 1940 tuam,
1615 1875 1840 1928 omnino
1881 1871 2099 1928 destru-

492 1975 640 2026 ctum
674 1977 777 2023 est.
836 1969 890 2024 Si
943 1969 1086 2023 enim
1125 1978 1174 2022 te
1205 1968 1416 2038 egisses
1465 1964 1768 2032 humiliter,
1799 1971 1854 2018 et
1893 1963 2096 2020 scisses

495 2077 810 2118 mensuram
847 2071 1017 2126 tuam,
1053 2061 1312 2132 Assyrius
1361 2068 1416 2114 et
1457 2057 1790 2130 Babylonius
1815 2055 2097 2124 hucusque

493 2165 776 2226 regnaret.
810 2155 940 2209 Sive
975 2153 1076 2208 hoc
1105 2154 1306 2208 modo:
1334 2163 1441 2208 tam
1471 2151 1713 2206 crudelis
1739 2147 1888 2206 fuisti
1921 2148 1974 2202 in
1997 2161 2093 2202 ex-

496 2255 704 2312 ternus,
754 2255 809 2299 ut
838 2249 1000 2299 etiam
1040 2245 1316 2315 subjectos
1361 2244 1458 2300 tibi
1499 2243 1732 2314 populus
1773 2240 2098 2300 furibundus

494 2339 856 2418 qppritneres.

521 2433 524 2436 ’
565 2431 748 2503 (Vers.
774 2432 893 2501 21.)
925 2431 1047 2486 Non
1077 2432 1340 2486 vocabitur
1365 2432 1420 2486 in
1450 2441 1700 2487 internum
1731 2447 1904 2488 semen
1933 2430 2098 2501 pessi-

489 2542 718 2579 morum.
761 2521 1064 2597 Prteparute
1111 2523 1254 2592 filios
1297 2528 1408 2598 ejus
1437 2525 1683 2580 occisioni
1727 2525 1784 2578 in
1821 2523 2099 2592 iniquitate

493 2629 697 2691 patrum
718 2635 934 2672 suorum
955 2635 1092 2672 :non
1110 2628 1448 2690 consurgent,
1475 2634 1569 2670 nec
1597 2615 1974 2670 hatreditabu-nt
1995 2623 2094 2670 ter-

491 2727 632 2774 ram,
667 2727 827 2778 neque
876 2710 1164 2780 implebunt
1207 2710 1365 2780 facies
1404 2709 1543 2764 orbis
1572 2709 1858 2764 civitatum.
1893 2707 2098 2764 Omnes

494 2803 746 2858 histnrite
786 2801 1161 2868 consentiunt,
1187 2801 1328 2872 quod
1362 2803 1546 2856 occiso
1577 2800 1867 2856 Baltbasar
1897 2807 2098 2870 nepote

494 2895 1020 2960 Nabuchodonosor,
1074 2907 1126 2950 et
1177 2895 1504 2952 succedente
1559 2895 1724 2950 Dario
1757 2895 1812 2950 in
1868 2910 2096 2965 regnum

492 2987 904 3056 Chaldaeorum,
937 2987 1096 3060 180
1119 2987 1298 3042 nullus
1322 2986 1388 3042 de
1412 2987 1920 3044 Nabuchodonosor
1941 2987 2095 3042 dein-

2197 1777 2280 1833 ire
2308 1777 2566 1832 barbaras
2595 1779 2946 1844 nationes,et
2973 1779 3160 1834 videre
3179 1789 3346 1834 tantae
3364 1779 3523 1836 urbis
3551 1791 3804 1836 extrema

2199 1869 2781 1940 vestigia,videremus
2803 1873 3211 1941 possessionem
3241 1871 3458 1938 hericii,
3491 1885 3545 1927 et
3571 1873 3804 1942 paludes

2197 1979 2482 2034 aquarum,
2515 1975 2570 2020 et
2599 1981 2727 2022 vero
2755 1965 3088 2035 completum
3123 1981 3248 2022 esse
3303 1965 3448 2036 quod
3475 1981 3624 2023 nunc
3647 1965 3802 2022 lsaiae

2198 2058 2423 2114 vocibus
2451 2061 2666 2114 canitur
2701 2058 2978 2128 :ScOpabo
3001 2076 3116 2114 eam
3140 2059 3195 2116 in
3225 2075 3381 2131 scopa
3399 2069 3569 2116 terens
3593 2079 3610 2125 ;
3631 2075 3806 2117 exce-

2197 2151 2304 2220 ptis
2331 2152 2476 2206 enim
2509 2154 2680 2206 muris
2697 2151 3116 2222 coctilibus,q.ui
3141 2161 3367 2222 propter
3385 2163 3408 2190 θ
3431 2151 3644 2210 bestias
3669 2167 3808 2209 ccu-

2197 2246 2502 2304 cludendas
2526 2257 2647 2316 post
2685 2248 2839 2320 181
2885 2261 3062 2302 annos
3089 2247 3358 2316 plurimos
3395 2247 3802 2314 instaurantur,

2198 2356 2362 2398 omne
2391 2342 2448 2397 in
2480 2343 2662 2396 medio
2681 2343 2920 2411 spatium
2951 2340 3188 2396 solitudo
3223 2349 3328 2395 est.

2271 2435 2450 2507 (Vers.
2496 2433 2566 2488 Ἡ
2591 2477 2604 2500 ,
2636 2433 2757 2502 25.)
2783 2433 2993 2488 Iuravit
3035 2433 3294 2488 Dominus
3326 2435 3644 2488 emet-citium:
3673 2474 3688 2496 ,
3721 2433 3808 2486 di-

2198 2543 2353 2582 cens:
2387 2525 2580 2582 Sinon
2625 2535 2679 2578 ut
2723 2527 2930 2594 putaui,
2959 2527 3032 2578 ita
3056 2526 3153 2580 erit
3179 2565 3194 2592 ,
3243 2533 3290 2580 et
3330 2525 3590 2596 quomodo
3637 2533 3808 2582 mente

2198 2618 2433 2684 tractaui,
2453 2619 2527 2672 sic
2547 2620 2736 2672 eueniet
2763 2627 2818 2671 ut
2841 2627 3104 2672 conteram
3129 2618 3392 2688 Assyria-tn
3423 2619 3474 2671 in
3502 2627 3642 2672 terra
3663 2633 3802 2682 mea,

2198 2723 2244 2768 et
2285 2715 2340 2767 in
2387 2712 2642 2768 montibus
2689 2714 2813 2768 meis
2841 2711 3140 2766 conculceui
3181 2728 3330 2768 eum:
3359 2721 3410 2766 et
3437 2712 3708 2782 auferetur
3737 2710 3803 2766 ab

2197 2809 2268 2862 eis
2287 2811 2479 2880 jugam
2507 2807 2640 2877 ejus,
2671 2816 2719 2860 et
2735 2823 2862 2861 onus
2877 2807 3022 2860 illius
3043 2805 3334 2862 abnumero
3359 2821 3538 2860 eorum
3566 2806 3800 2860 tolletur.

2197 2900 2513 2958 Revertitur
2549 2899 2620 2956 ad
2651 2901 2938 2970 prtesentia
2965 2941 2980 2964 ,
3017 2902 3120 2954 hoe
3155 2907 3278 2966 est,
3313 2897 3382 2954 ad
3423 2897 3808 2956 Senuaeherib

2197 3011 2379 3066 regem
2409 2993 2780 3066 Assyriorum,
2807 2993 2898 3064 qui
2921 2991 3218 3050 Samariam
3239 2990 3596 3062 ludorumque
3623 2997 3810 3048 vasta-

492 3095 626 3150 ceps
655 3081 826 3149 stirpe
881 3081 1142 3150 regnarit.
1179 3079 1291 3134 lloc
1336 3094 1468 3148 ergo
1507 3079 1784 3150 Scriptura
1823 3079 2091 3150 pra-dicit,
2121 3077 2166 3140 C
2199 3087 2598 3154 vit,ctexcepta
2621 3085 3268 3154 Jerusalemnlelevitper
3287 3083 3572 3140 circuitum
3595 3085 3808 3148 omnia;

493 3173 638 3242 quinti
676 3175 726 3226 iit
761 3179 962 3226 tantum
995 3171 1241 3240 Babylon
1277 3175 1462 3228 veniet
1487 3173 1824 3239 vastitatem,
1855 3184 1914 3228 ut
1936 3175 2098 3230 etiam

491 3265 562 3322 de
589 3267 800 3321 semine
825 3267 976 3336 regio
1001 3266 1186 3320 nullus
1216 3277 1526 3332 remaneat,
1547 3267 1641 3322 sed
1674 3269 2104 3338 proptcrimpie-

492 3367 660 3415 tatem
698 3359 869 3429 patris
901 3359 1078 3414 omnis
1110 3359 1328 3414 soboles
1373 3361 1644 3416 deleatur.
1677 3360 1782 3416 Pro
1828 3377 1896 3416 eo
1915 3372 2098 3418 autem

492 3455 635 3524 quod
663 3469 760 3508 nos
787 3453 840 3508 in
873 3453 1064 3506 ultima
1097 3462 1249 3522 parte
1271 3455 1558 3507 sententia:
1591 3454 1991 3516 transtulimus,
2013 3470 2103 3508 ne-

487 3563 585 3618 que
613 3547 902 3610 implebunt
927 3547 1088 3616 facies
1123 3546 1260 3600 orbis
1288 3546 1582 3610 civitatum,
1619 3548 1672 3600 in
1707 3547 1936 3602 Hebraio
1961 3549 2103 3603 scri-

495 3649 648 3708 ptum
679 3649 760 3692 ρει
781 3655 875 3706 pro
891 3639 1226 3700 civitatibus,
1253 3638 1605 3710 ABIH(D"\Y),
1625 3642 1772 3709 quod
1803 3657 1900 3698 nos
1925 3654 2101 3698 trans-

493 3731 640 3785 ferre
670 3745 962 3799 possumus
1001 3741 1054 3784 et
1093 3731 1450 3798 adversarios;
1471 3741 1528 3786 ut
1551 3735 1621 3785 sit
1649 3747 1846 3788 sensus
1874 3750 1887 3788 :
1921 3735 2104 3792 nullus

494 3835 562 3878 ex
605 3822 816 3876 semine
846 3831 937 3874 tuo
970 3823 1062 3892 qui
1092 3821 1278 3891 cupiat
1307 3837 1566 3894 reparare
1613 3841 1867 3894 regnum,
1899 3825 2100 3884 adver-

494 3915 672 3970 sarius
700 3915 1070 3970 suscitabitur.
1106 3915 1418 3972 Secundum
1443 3919 1798 3988 Septuaginta
1821 3919 2100 3991 Interpre-

497 4018 602 4076 tes,
635 4011 723 4080 qui
753 4011 1019 4064 dixerunt
1052 4027 1063 4063 :
1091 4009 1280 4066 Semen
1313 4011 1614 4079 pessimum,
1657 4029 1788 4082 para
1817 4013 1962 4082 filios
1985 4024 2100 4070 tuos

494 4103 846 4172 ἔπιθι-[εειὶοηὶ
874 4113 1086 4173 propter
1115 4111 1326 4172 peccata
1365 4104 1528 4172 patris
1557 4105 1654 4172 tui,
1691 4121 1852 4176 quem
1881 4121 2100 4162 sensum

497 4193 725 4258 habeat,
747 4196 893 4250 scire
917 4210 1023 4248 non
1054 4196 1236 4248 valeo.

573 4287 756 4354 (Vers.
785 4285 878 4354 22,
903 4285 1021 4357 25.)
1060 4285 1126 4339 ιιι
1150 4303 1464 4359 consurgam
1492 4305 1650 4361 super
1701 4307 1810 4358 eos,
1841 4293 1968 4348 dicit
1989 4291 2102 4350 Do-

495 4381 666 4437 minus
695 4383 1012 4438 exercituum
1035 4399 1053 4436 :
1078 4391 1122 4437 et
1152 4382 1366 4454 perdam
1393 4383 1680 4458 Babylonis
1710 4403 1916 4457 nomen,
1941 4399 1988 4444 et
2009 4407 2098 4444 re-

2203 3188 2258 3236 et
2299 3179 2458 3249 longe
2485 3187 2608 3250 post
2633 3177 2830 3232 futuris
2859 3177 3036 3232 vicina
3076 3177 3354 3232 consociat
3379 3217 3392 3240 ,
3423 3184 3483 3232 ut
3513 3175 3810 3232 imminens

2201 3276 2474 3332 auferatur
2519 3285 2728 3332 metus:
2776 3275 2898 3345 quia
2941 3273 3128 3330 dicere
3175 3281 3434 3344 poterant
3473 3272 3808 3329 audientes:

2201 3367 2312 3424 Nos
2343 3377 2668 3438 praesentem
2699 3367 3034 3436 perpatimur
3063 3365 3406 3422 obsidionem
3431 3407 3446 3430 ,
3477 3364 3588 3420 iste
3619 3363 3808 3420 multis

2203 3469 2328 3532 post
2353 3460 2574 3516 saeculis
2598 3469 2826 3516 ventura
2857 3458 3143 3530 promittit.
3177 3457 3276 3513 Est
3315 3457 3479 3528 igitur
3501 3457 3642 3516 ordo
3682 3471 3808 3526 pro-

2202 3555 2401 3624 phetiae
2433 3594 2446 3614 ,
2491 3569 2818 3624 quamquam
2867 3561 2988 3622 post
3029 3567 3204 3608 annos
3251 3551 3518 3622 plurimos
3557 3551 3808 3622 Babylon

2203 3646 2530 3703 destruenda
2571 3648 2642 3704 sit
2665 3690 2682 3714 ,
2715 3658 2768 3702 rt
2793 3662 2956 3703 omne
2984 3647 3201 3716 penitus
3233 3646 3419 3715 stirpis
3445 3647 3808 3717 Assyriorum

2203 3750 2258 3797 et
2303 3740 2572 3796 Chaldaeo:
2617 3743 2966 3798 seminarium
3013 3739 3473 3811 disperdendutn:
3513 3748 3700 3796 tamen
3745 3747 3810 3794 ut

2203 3847 2310 3888 non
2360 3833 2592 3888 timentis
2621 3833 2851 3888 vicinam
2897 3833 3266 3904 captivitatem
3297 3875 3314 3899 ,
3355 3832 3510 3902 jtll‘al
3535 3831 3806 3888 Dominus

2206 3923 2312 3995 (cui
2338 3925 2502 3978 etiam
2533 3939 2638 3978 non
2658 3924 2862 3994 juranti
2884 3925 3218 3980 credendum
3239 3923 3346 3995 est)
3374 3923 3516 3992 quod
3539 3937 3640 3980 sua
3657 3922 3806 3978 atati-

2201 4015 2370 4072 matio
2399 4029 2505 4070 non
2539 4014 2756 4070 fallatur
2779 4057 2796 4078 .
2823 4027 2879 4072 et
2907 4015 3052 4086 quod
3083 4025 3268 4072 meme
3292 4015 3614 4084 conceperit
3637 4055 3652 4079 ι
3683 4013 3806 4070 irri-

2205 4118 2314 4166 tum
2363 4127 2470 4166 non
2519 4111 2632 4166 fiat.
2665 4111 2778 4168 Hoc
2813 4119 2997 4167 autem
3027 4111 3264 4166 humano
3294 4109 3534 4176 lotiuitur
3561 4107 3760 4166 allecto
3785 4147 3804 4174 .

2202 4203 2346 4275 quod
2373 4203 2588 4260 scilicet
2615 4219 2725 4260 non
2757 4205 2971 4260 fallatur
2999 4203 3088 4273 qui
3111 4201 3224 4256 falli
3261 4217 3376 4258 non
3400 4209 3620 4271 potest:
3655 4201 3806 4258 Conv-

2205 4307 2394 4362 terain,
2417 4297 2607 4370 inquit,
2630 4297 2912 4370 Assyrium
2938 4298 2992 4352 in
3020 4307 3161 4354 terra
3185 4311 3324 4362 mea,
3351 4303 3407 4352 et
3441 4295 3498 4352 in
3525 4294 3808 4352 montibus

2201 4389 2338 4445 meis
2355 4389 2688 4448 conculcabo
2717 4405 2862 4444 eum.
2891 4388 3006 4446 Una
3037 4389 3184 4448 enim
3215 4397 3374 4442 nocte
3395 4393 3620 4444 centum
3653 4393 3810 4442 octo-

493 4479 706 4550 liquias,
727 4487 776 4532 et
799 4487 1093 4549 germen,et
1109 4480 1428 4553 progeniem,
1449 4482 1578 4536 dicit
1608 4479 1885 4538 Dominus.
1913 4484 1982 4538 Et
2002 4501 2096 4554 ρο-
2125 4462 2173 4526 D
2201 4483 2348 4553 ginta
2395 4484 2637 4553 quinque
2681 4481 2852 4538 millia
2898 4482 3174 4538 exercitus
3201 4479 3570 4552 Assyriorum
3593 4477 3810 4551 Angela

493 4589 619 4628 nam
639 4589 750 4626 eam
772 4573 826 4625 in
855 4572 1237 4644 possessionem
1269 4573 1472 4638 hericii,
1506 4585 1552 4628 et
1583 4574 1636 4632 in
1661 4574 1884 4646 paludes
1933 4593 2096 4647 aqua-

567 4722 592 4748 η
629 4713 824 4765 Deerat
843 4710 1022 4780 juxta,
1055 4710 1198 4778 quod
1227 4709 1545 4780 supplemus
1579 4725 1608 4764 e
1635 4723 1770 4764 mss.

564 4782 592 4821 δ
625 4783 780 4852 Legit
828 4781 1060 4840 Victum,
1095 4779 1414 4850 quindecim,
1439 4789 1532 4852 tot
1582 4782 1726 4834 enim
1769 4779 2008 4835 reddunt
2037 4781 2090 4836 in

495 4851 726 4910 circuitu
752 4869 846 4921 per
866 4863 1035 4908 totum
1051 4852 1336 4922 sexaginta
1359 4851 1548 4918 millia,
1566 4853 1681 4910 sive
1697 4853 2094 4922 quadringenta

499 4927 771 4992 octoginta
807 4924 998 4976 stadia.

575 5006 597 5034 ο
641 4994 816 5063 Refert
859 4992 1194 5047 Herodotus.
1227 4994 1378 5049 Hunc
1417 4993 1593 5050 locum
1634 4993 1854 5048 omnino
1895 4993 2092 5063 depra-

498 5075 682 5120 vatum
715 5065 926 5136 reperio
959 5065 1370 5136 ineditionihus
1400 5067 1610 5120 Erasini
1641 5075 1697 5120 et
1725 5065 1970 5126 Mariatzi,
2003 5066 2094 5136 qui

497 5153 604 5208 non
639 5133 962 5208 exetnplnria
997 5135 1334 5208 Hieronymi,
1366 5137 1462 5194 sed
1501 5137 1686 5198 Gratcu
1722 5140 1881 5194 verba
1915 5133 2091 5208 Hero-

500 5207 644 5277 doti,
679 5221 740 5260 at:
769 5207 1016 5278 proprias
1056 5205 1396 5277 conjnrturas
1427 5211 1594 5263 secuti
1643 5219 1787 5262 sunt.
1823 5211 1932 5266 Nos
1965 5207 2086 5264 ﬁdei

496 5297 627 5337 mss.
671 5282 918 5333 C(ldtt'ltm
970 5279 1328 5337 attineri-mes.
1373 5295 1554 5332 veram
1605 5279 1889 5335 lecti-uictu
1929 5291 2089 5348 atque

497 5351 972 5421 llieronymiauam
1033 5349 1406 5422 restitutionis:
1448 5363 1568 5420 quae
1603 5351 1818 5420 quidem
1859 5353 2091 5422 genuina

495 5427 794 5496 reperitur,
839 5439 959 5496 cum
1001 5423 1236 5496 sedecim
1279 5421 1453 5496 tt'tillia
1491 5437 1745 5492 passuum
1785 5421 2092 5495 ab'angulo

499 5493 667 5565 usque
698 5495 763 5548 ad
797 5495 1046 5564 angulum
1079 5495 1250 5565 muri,
1299 5493 1457 5548 simul
1490 5510 1586 5565 per
1615 5497 1898 5550 circuitum
1945 5493 2091 5565 urbis

497 5567 553 5634 in
581 5561 1089 5634 tetrttgtino'pttsitte
1115 5564 1358 5622 efﬁciant
1386 5561 1668 5634 sexaginta
1703 5576 1937 5634 quatuor
1971 5563 2094 5619 mil~

497 5582 553 5620 m
587 5580 868 5634 tetragono
939 5580 1089 5618 ustus
1115 5580 1358 5622 elucum
1386 5580 1668 5634 sexaginta
1703 5580 1937 5634 quatuor
1971 5580 2090 5619 mn-

495 5633 566 5692 lia
589 5651 860 5706 passuum.
891 5580 1134 5706 Babylon
1157 5650 1286 5694 vero
1310 5649 1378 5692 ex
1403 5633 1680 5692 Herodoto
1699 5637 1794 5692 lib.
1817 5651 1856 5706 ι,
1881 5651 1934 5692 u.
1967 5636 2090 5707 I78,

495 5711 611 5763 erat
635 5715 945 5777 tetragonos,
971 5706 1157 5772 ἰούσης
1185 5708 1528 5780 τετραγώνου.
1559 5707 1827 5764 Mum“.

2203 4584 2452 4633 vastante
2467 4577 2648 4632 deleta
2669 4585 2796 4632 sunt
2812 4575 2900 4648 (ιν
2919 4577 3048 4648 Reg.
3080 4573 3220 4648 xix).
3243 4577 3310 4632 Et
3325 4573 3610 4633 auferetur
3635 4573 3806 4632 abitis

2265 4708 2290 4746 ά
2319 4709 2523 4765 Contra
2570 4710 2697 4767 cod.
2743 4711 2983 4765 Palatin.
3014 4725 3122 4765 non
3174 4711 3230 4764 in
3277 4709 3577 4773 altitudine,
3631 4709 3726 4764 sed
3747 4711 3805 4762 in

2195 4781 2492 4847 latitudine,
2510 4793 2562 4836 et
2595 4798 2701 4835 non
2725 4791 2952 4850 quatuor
2976 4783 3164 4844 millia,
3187 4782 3282 4836 sed
3315 4782 3418 4834 tria
3439 4791 3656 4836 tantum
3671 4783 3808 4835 seri-

2193 4854 2294 4908 bit.
2329 4854 2538 4910 Auctor
2571 4853 2693 4910 libri
2725 4853 2994 4910 Locorum
3025 4869 3094 4912 ex
3125 4852 3298 4916 Actis,
3329 4854 3424 4916 qui
3457 4861 3633 4914 tatam
3667 4853 3806 4908 lianc

2195 4924 2482 4994 periodum
2515 4924 2798 4988 describit,
2821 4925 3066 4980 additum
3095 4927 3146 4978 in
3179 4924 3475 4992 latitudine,
3493 4935 3588 4982 aut
3617 4925 3805 4988 altitu-

2195 4994 2338 5060 dine,
2383 4997 2602 5064 penitns
2631 4997 2854 5050 omittit.
2890 4998 2994 5050 Alii
3025 4995 3093 5050 de
3115 4997 3229 5065 ipsa
3261 4995 3550 5050 altitudine
3576 4995 3806 5050 minime

2198 5067 2300 5138 sibi
2322 5077 2668 5123 constantem
2693 5068 2973 5122 adducunt
2997 5067 3390 5138 Hieronymum
3407 5081 3474 5120 ett
3493 5065 3812 5122 Eusebium}

2205 5135 2500 5204 Chronico,
2535 5141 2624 5192 ubi
2658 5138 2990 5193 altitudinem
3019 5135 3292 5210 quinquies
3321 5137 3467 5210 mille
3497 5151 3812 5210 centumae—

2205 5212 2478 5282 ptuagiuta
2492 5221 2713 5282 quatuor
2738 5219 2908 5282 tenere
2925 5209 3172 5282 passuum
3187 5219 3393 5262 narret.
3413 5209 3724 5282 Sedneque
3735 5223 3806 5266 ex

2199 5277 2474 5336 Herodoto
2505 5277 2565 5334 'in
2599 5281 2735 5338 Clio.
2770 5281 2856 5335 ubi
2886 5277 3099 5336 σλταδίου
3140 5283 3197 5336 τὸ
3230 5290 3386 5347 μῆκος
3419 5281 3506 5335 καὶ
3533 5283 3592 5340 τὸ
3625 5277 3808 5347 εὖρος,

2192 5353 2350 5407 stadii
2381 5353 2774 5408 crassitudinem
2797 5369 2856 5405 ac
2873 5351 3200 5406 latitudinem
3225 5351 3374 5413 facit,
3393 5363 3576 5419 neque
3593 5359 3660 5406 ei
3677 5351 3813 5406 Bio-

2195 5423 2352 5494 dorn,
2383 5433 2478 5479 aut
2507 5426 2798 5490 Strabone,
2813 5422 2909 5494 qui
2941 5426 3086 5479 inter
3113 5438 3174 5479 tte
3201 5421 3564 5490 dissentiunt,
3603 5423 3688 5480 rei
3711 5437 3812 5478 ve-

2197 5493 2329 5550 ritas
2360 5497 2656 5550 constabit.

2271 5575 2296 5604 ε
2323 5565 2530 5622 Recole
2557 5582 2680 5637 quae
2707 5563 2960 5638 superius
2991 5563 3058 5622 ad
3089 5562 3462 5638 praet-deuito
3491 5577 3618 5637 cap.
3651 5579 3810 5623 vers.

2197 5635 2450 5693 ultimum
2479 5635 2736 5696 cunctata
2765 5635 2914 5694 sunt.
