4008 6362
227 259 318 317 165

788 238 1438 312 COMMENTARIORUM
1477 250 1543 308 IN
1585 251 1820 310 lS.—\IA.\I
1863 251 2285 311 PROPIIE'I'AM
2326 252 2457 309 LIB.
2501 253 2566 310 ν.
2609 251 2762 310 CAP.
2802 255 2944 312 XIV.

3407 258 3513 314 166

225 371 306 440 qui
328 367 718 426 obsidebantur
741 371 794 425 in
821 369 1125 427 Jerusalem
1151 410 1165 435 ,
1193 370 1380 440 jugum
1407 367 1544 437 ejus,
1569 378 1623 423 et
1641 382 1807 440 grave
1829 380 1887 440 Α
1913 379 2089 425 morte
2131 371 2434 435 contritus;
2465 369 2608 440 quod
2635 369 2861 426 coluber
2891 371 3220 428 interfectos.
3253 374 3359 428 Pro
3398 375 3500 431 hoc

229 462 506 532 imperium
537 462 677 534 quod
706 463 955 518 omnibus
986 463 1342 528 imminebat,
1375 471 1429 516 et
1452 459 1662 531 pondus
1693 475 1799 532 quo

230 555 435 628 premeb
455 568 596 612 inlur
619 598 632 620 ,
662 556 712 609 in
742 556 914 628 ipsum
956 556 1136 625 potius
1163 554 1500 613 retrudetur.
1533 553 1800 626 Fugicnte

227 651 362 706 enim
400 652 734 720 Assyriorum
766 665 896 722 rege
928 651 981 707 in
1014 661 1212 706 terram
1246 664 1400 706 suam
1433 689 1448 716 ,
1495 647 1634 705 liber
1675 663 1798 704 cum

228 743 391 814 populi
418 741 666 812 reliquiis
689 757 946 814 egressus
975 755 1056 798 est
1087 741 1380 798 Ezechias.

290 834 456 906 (Vers.
487 833 558 889 26
587 875 603 903 ,
646 834 765 906 27.)
796 833 911 889 Hoc
938 835 1213 890 consilium
1236 835 1375 905 quod
1403 834 1624 905 cogitavi
1649 848 1804 904 super

220 942 404 981 omncm
418 936 624 993 terram,
640 939 687 982 et
711 928 818 982 haec
829 937 903 981 est
923 945 1110 982 manus
1133 938 1339 982 extenta
1363 943 1518 998 super
1541 928 1805 981 universas

214 1027 394 1089 gentes.
412 1016 669 1075 Dominus
686 1023 820 1076 enim
841 1023 1153 1076 exercituum
1169 1020 1414 1087 decrevit,
1431 1031 1478 1076 ct
1491 1022 1604 1092 quis
1619 1021 1808 1092 poterit

215 1114 472 1181 infirmare
494 1115 517 1166 ?
545 1114 608 1166 Et
641 1131 821 1170 manus
843 1118 955 1187 ejus
984 1125 1190 1169 extenta
1217 1155 1232 1181 ,
1258 1125 1307 1169 et
1334 1115 1422 1184 qui
1444 1122 1634 1172 avertet
1655 1113 1810 1171 eam?

215 1207 324 1264 Hoc
355 1208 471 1264 loco
502 1208 719 1280 quidam
751 1211 1091 1269 arbitrantur
1114 1208 1432 1279 generalem
1459 1221 1586 1262 esse
1613 1213 1806 1262 contra

210 1314 424 1358 Omnem
455 1301 650 1358 orbem
685 1301 1031 1374 prophetiam
1059 1343 1075 1368 ,
1103 1312 1159 1356 et
1201 1299 1350 1372 quod
1382 1300 1613 1354 vastitas
1637 1297 1810 1370 Baby-

209 1390 344 1448 lonis
373 1405 424 1448 et
456 1395 700 1465 Assyria:
741 1395 981 1449 civitatis
1015 1403 1176 1466 typus
1217 1394 1286 1447 sit
1326 1390 1811 1448 consummationis

205 1489 409 1546 mundi.
432 1488 643 1558 Quibus
669 1504 1019 1558 nequaquam
1050 1485 1500 1553 contradicimus,
1522 1485 1650 1540 dum
1673 1485 1813 1540 scia-

204 1598 343 1648 mus,
379 1582 466 1638 hic
491 1598 710 1642 omnem
743 1590 946 1637 terram
980 1582 1330 1654 Assyriorum
1359 1579 1587 1650 proprie
1608 1579 1812 1649 signiti-

202 1677 342 1742 cari,
364 1685 420 1732 ct
453 1676 739 1731 universas
760 1684 952 1747 gentes
979 1679 1158 1729 socias
1189 1671 1329 1744 regis
1349 1670 1561 1742 Assyrii
1587 1671 1810 1728 demon-

1899 463 2048 516 cnim
2096 462 2378 518 nocentior
2425 472 2679 516 nascetur
2729 462 2988 518 Ezechias
3032 465 3244 532 regulus
3273 507 3289 532 ,
3339 484 3497 537 quem

1904 551 2079 610 Graeci
2108 563 2305 608 vocant
2331 553 2644 609 basiliscum
2665 595 2680 619 ,
2712 557 2804 624 qui
2836 565 2889 610 te
2917 569 3017 610 suo
3045 568 3270 624 aspectu
3300 559 3502 614 intorti-

1904 649 2012 702 ciat
2031 687 2046 714 ,
2062 657 2117 704 et
2142 648 2337 718 spiritu
2357 646 2471 702 oris
2495 646 2725 702 occidat.
2750 647 3036 715 Quomodo
3055 650 3202 704 enim
3225 651 3367 706 nulla
3390 655 3504 708 avis

1905 740 2076 810 reguli
2109 749 2390 808 aspectum
2424 749 2604 808 potest
2633 740 2802 796 illaesa
2833 743 3097 799 transire:
3131 744 3226 799 sed
3260 748 3505 815 quamvis

1907 833 2092 903 procul
2137 832 2337 898 fuerit,
2372 833 2491 902 ejus
2521 847 2619 887 ore
2645 833 2936 889 sorbetur:
2994 836 3152 906 183
3192 837 3265 890 ita
3297 847 3352 892 et
3394 850 3448 894 tu
3479 856 3505 892 a

1906 937 2205 996 conspectu
2247 928 2396 995 regis
2443 925 2691 982 Ezechiae
2735 935 2881 982 totus
2912 929 3134 996 peribis.
3172 928 3237 984 Et
3285 931 3512 1000 pulchre

1907 1023 2143 1077 Servavit
2182 1020 2554 1090 metaphoram
2578 1039 2589 1074 :
2620 1021 2744 1089 quia
2771 1022 2916 1076 enim
2941 1031 3250 1088 serpentem
3277 1035 3332 1079 et
3355 1042 3512 1096 regu-

1906 1116 2018 1170 lum
2050 1114 2349 1170 nominat-at
2374 1152 2387 1177 ,
2411 1128 2508 1169 ore
2533 1114 2652 1183 q’us
2679 1122 2736 1169 et
2761 1115 2954 1183 spiritu
2981 1114 3112 1170 dicit
3141 1116 3392 1172 volucres
3417 1120 3511 1173 de-

1912 1207 2108 1264 vorari.
2129 1205 2283 1273 Quod
2300 1216 2481 1262 autem
2504 1205 2682 1262 nullus
2704 1221 2889 1276 regum
2912 1206 2940 1261 J
2949 1206 3051 1262 uda
3079 1209 3158 1264 sic
3181 1211 3514 1277 percusserit

1911 1298 2265 1364 Philisthiim,
2293 1297 2570 1366 quomodo
2596 1312 2696 1354 eos
2725 1298 3084 1368 depopulatus
3110 1309 3198 1355 est
3227 1301 3508 1368 Ezechias,

1911 1391 2036 1449 audi
2067 1391 2275 1460 Regum
2309 1391 2540 1445 librum:
2574 1387 2698 1460 Ipse
2720 1391 2979 1460 percussio
3009 1389 3324 1446 Philistltiim
3353 1410 3512 1463 usque

1911 1484 1981 1538 ad
2000 1481 2218 1547 Gazam,
2245 1489 2291 1538 et
2313 1498 2472 1552 usque
2493 1481 2562 1534 ad
2583 1483 2826 1536 terminos
2845 1485 2957 1555 ejus
2981 1499 2998 1536 :
3020 1501 3053 1538 tl
3077 1493 3217 1538 turre
3241 1486 3509 1540 custodum

1915 1594 2074 1648 usque
2104 1577 2172 1632 ad
2214 1576 2362 1630 ιιι-ὁδε
2409 1577 2636 1630 munitas
2667 1575 2756 1646 (IV
2796 1576 2920 1647 Reg.
2966 1592 3095 1632 xvnl
3128 1619 3141 1642 ,
3185 1579 3263 1647 8).
3297 1579 3401 1636 Pro
3443 1596 3511 1634 eo

1915 1676 2097 1727 autem
2127 1668 2270 1738 quod
2296 1683 2397 1723 nos
2429 1668 2807 1722 transtulimus
2836 1669 3117 1722 absorbens
3147 1671 3431 1738 volucrem,
3459 1683 3513 1727 et

203 1778 426 1824 stratas.
479 1767 749 1838 Quidquid
801 1777 1035 1821 autema
1071 1766 1299 1820 Domino
1349 1763 1626 1818 decretum
1677 1771 1803 1828 est,

1925 1761 1966 1817 in
1985 1760 2213 1814 "Cllwa
2234 1759 2493 1829 sCl‘iplllllt
2518 1769 2601 1815 est
2619 1774 2821 1818 sanauit
2840 1775 3090 1816 uorusru
3109 1766 3324 1830 (natura
3343 1769 3508 1842 ηπω),

206 1861 420 1916 nullius
482 1860 680 1914 virtute
738 1855 1078 1928 prohibetur.
1135 1856 1202 1911 Et
1255 1864 1532 1912 extentam
1586 1867 1805 1912 manum

197 1953 318 2023 ejus
348 1996 361 2018 ,
399 1961 457 2007 et
501 1952 568 2005 ad
614 1949 1030 2020 percutiendum
1063 1958 1307 2018 paratam
1337 1990 1352 2016 ,
1404 1959 1571 2001 nemo
1608 1943 1812 2014 poterit

197 2058 483 2100 coercere.

272 2137 431 2209 182
467 2136 654 2210 (Vers.
684 2135 804 2208 28.)
832 2136 981 2190 Anno
1007 2151 1108 2206 quo
1131 2142 1366 2186 mortuus
1388 2142 1463 2186 est
1491 2145 1585 2186 rex
1610 2127 1807 2194 Achaz,

195 2232 392 2300 factum
447 2237 526 2284 est
562 2245 688 2282 onus
733 2227 892 2282 istud.
924 2227 1168 2296 Quatuor
1197 2239 1356 2295 reges
1399 2223 1601 2280 ludam:
1653 2221 1811 2276 titulo

195 2317 494 2390 Prophetae
526 2319 753 2390 legimus
781 2333 905 2372 esse
928 2317 1287 2387 praepositos:
1311 2309 1809 2378 Oziatn,.loatltatn,

147 2451 158 2456 ..
191 2409 375 2464 Achaz
401 2451 416 2476 ,
447 2420 511 2465 et
543 2409 831 2466 Ezecniam
854 2449 869 2473 ,
902 2408 1147 2478 singulos
1177 2406 1281 2461 sibi
1310 2405 1507 2460 ordine
1538 2414 1592 2461 et
1625 2402 1813 2458 sobole

191 2505 467 2562 succeden
485 2516 584 2569 tes,
602 2520 832 2575 quorum
857 2503 1044 2558 Oziam
1072 2511 1350 2556 mortuum
1374 2514 1538 2570 supra
1560 2498 1810 2567 legimus,

190 2596 473 2651 referente
512 2595 646 2649 Isaia
673 2613 685 2649 :
716 2595 866 2648 Anno
892 2610 996 2660 atto
1018 2603 1249 2648 mortuus
1282 2601 1356 2646 est
1381 2607 1474 2646 rea:
1506 2589 1683 2655 Osias,
1711 2588 1815 2643 vidi

191 2688 489 2744 Dominum
514 2689 768 2743 sedentem
796 2704 953 2760 super
976 2688 1163 2742 saliunt
1182 2686 1437 2741 excelsum
1465 2693 1513 2740 et
1540 2684 1810 2738 eleuatum.

187 2781 266 2838 Ex
295 2799 406 2851 quo
443 2783 808 2853 intelligimus
838 2792 891 2835 et
918 2780 1196 2834 Visiouem
1228 2777 1476 2834 sedentis
1506 2774 1818 2839 Domini,ct

187 2891 251 2931 ea
283 2893 410 2946 qua:
452 2878 855 2948 praecipiuntur
891 2874 1206 2942 Prophetas,
1241 2885 1414 2940 usque
1448 2869 1518 2921 ad
1564 2883 1688 2922 eum
1739 2867 1819 2920 lo-

185 2983 310 3024 cum
351 2969 450 3024 ubi
483 2972 753 3038 scriptum
787 2973 872 3020 est
913 2963 1066 3037 (Cap.
1103 2964 1215 3035 vt):
1251 2961 1399 3016 Sicut
1429 2958 1743 3014 terebinthus
1774 2965 1822 3009 et

186 3063 320 3115 sicut
355 3078 589 3133 quercus
613 3076 729 3130 qua:
753 3061 1002 3128 expandit
1028 3072 1201 3110 ramos
1230 3069 1349 3108 suos
1367 3069 1384 3106 :
1401 3068 1572 3107 semen
1591 3059 1819 3104 sanctum

1909 1853 2255 1922 interpretari
2285 1860 2497 1922 potest,
2531 1869 2737 1922 serpens
2771 1852 2948 1906 volans
2967 1868 2984 1906 :
3015 1862 3070 1906 ut
3097 1856 3167 1910 sit
3193 1868 3416 1908 sensus:
3447 1856 3515 1912 de

1909 1946 2093 2002 radice
2122 1947 2329 2002 colubri
2361 1957 2621 2004 nascetur
2651 1947 2868 2018 regulus
2891 1988 2907 2012 ,
2938 1957 2992 2001 ct
3019 1946 3230 2004 fructus
3262 1949 3428 2016 illius,
3462 1950 3512 2004 id

1911 2051 1994 2100 est
2024 2083 2039 2107 ,
2069 2041 2241 2112 reguli
2269 2055 2495 2112 serpens
2538 2042 2727 2099 volans
2757 2082 2772 2108 ,
2815 2051 2877 2098 ut
2904 2040 3197 2098 draconem
3242 2047 3512 2100 volantem

1913 2133 2205 2204 intelligas.

1984 2223 2165 2295 (Vers.
2197 2221 2312 2294 50.)
2343 2223 2408 2277 Et
2441 2234 2716 2296 pascentur
2744 2227 3070 2298 printogeniti
3106 2243 3391 2298 pauperum
3417 2271 3433 2296 ,
3463 2239 3509 2284 et

1913 2333 2167 2390 pauperes
2213 2315 2528 2386 ﬁducialitcr
2574 2319 2909 2387 requiescant.
2942 2316 3075 2371 Cum
3107 2328 3162 2372 te
3191 2321 3516 2387 percusserit

1914 2409 2159 2484 regulus,
2189 2417 2245 2464 et
2270 2406 2436 2466 draco
2473 2409 2660 2464 Volans
2691 2421 2809 2463 tuos
2842 2408 3102 2462 terminos
3131 2409 3510 2475 devastavct'it,

1914 2520 2255 2577 nequaquam
2285 2503 2632 2560 insidiuberis
2653 2503 2828 2569 ιυαω,
2849 2513 2903 2558 et
2927 2503 3310 2574 pauperculam
3342 2520 3513 2576 popu-

1914 2599 2028 2655 lum
2057 2613 2238 2654 meum
2271 2607 2356 2654 tua
2391 2597 2584 2654 fraude
2617 2597 2880 2664 terrebis;
2912 2597 3008 2653 sed
3036 2613 3257 2666 pressus
3279 2601 3515 2668 propri-is

1916 2691 2180 2762 angustiis
2207 2733 2222 2758 ,
2271 2691 2424 2750 llebis
2469 2691 2830 2748 calamitatem
2861 2700 3032 2746 tuam.
3067 2689 3305 2746 Humiles
3333 2704 3514 2746 autem

1916 2794 1971 2848 et
1999 2799 2286 2856 pauperes,
2317 2785 2405 2854 qui
2438 2801 2544 2838 non
2578 2784 2632 2838 in
2660 2784 2860 2839 divitiis
2887 2793 2940 2840 et
2966 2784 3020 2838 in
3053 2786 3310 2854 pmentia,
3337 2783 3434 2840 sed
3462 2787 3514 2839 in

1917 2893 2040 2933 meo
2072 2880 2290 2934 nomine
2316 2878 2702 2941 conﬁdebant,
2736 2892 2928 2936 secura
2971 2892 3102 2946 pace
3141 2878 3512 2948 requiesccut,

1921 2978 1976 3028 et
2006 2970 2207 3026 nullius
2235 2971 2405 3026 hostis
2432 2972 2696 3040 impetum
2727 2970 3119 3028 formidabant.

2000 3061 2063 3116 Et
2081 3064 2290 3116 inter-ire
2317 3063 2504 3131 faciam
2531 3065 2583 3116 in
2611 3065 2746 3132 [ante
2770 3063 2996 3117 radicem
3025 3075 3186 3132 luant,
3214 3077 3258 3121 et
3277 3066 3519 3139 reliquias

180 3160 281 3211 erit
333 3174 565 3230 germen
615 3159 766 3228 ejuS,
815 3154 917 3208 Sub
967 3152 1217 3208 Juallmln
1253 3165 1382 3220 r036
1439 3147 1894 3219 propllelal'lmC
1931 3165 2048 3212 tuas
2095 3154 2422 3223 interﬁciant.
2467 3155 2664 3208 Totum
2716 3171 2811 3225 per
2857 3156 3058 3225 ﬁguras
3117 3158 3372 3228 loquitur.
3428 3162 3521 3216 list

177 3247 399 3320 (lbid.,
428 3248 559 3317 vn).
585 3247 803 3302 Tertius
824 3244 1267 3303 succeditAchaz
1295 3243 1698 3298 liliusJoatltam
1725 3240 1830 3314 lilii.

172 3341 340 3396 Ozize
371 3337 535 3409 regis
562 3336 698 3391 Juda
722 3376 736 3400 ,
768 3337 871 3394 sub
902 3352 1007 3406 qua
1038 3337 1286 3394 ascendit
1313 3335 1479 3390 Rasin
1506 3349 1599 3388 rex
1624 3334 1819 3404 Syriae,

177 3446 232 3491 et
268 3434 518 3488 Pltsncee
548 3430 694 3484 [ilius
722 3428 985 3484 Ronielia:
1008 3471 1024 3494 ,
1058 3445 1152 3484 rex
1197 3428 1361 3483 Israel
1387 3468 1403 3496 ,
1434 3429 1486 3482 in
1513 3425 1820 3484 Jerusalem

179 3531 248 3586 ad
281 3528 673 3602 pra-liandum
704 3536 894 3580 contra
911 3521 1052 3589 eam,
1077 3538 1130 3580 et
1164 3524 1368 3596 reliqua
1399 3539 1518 3594 quae
1540 3522 1820 3591 Scriptura

178 3629 626 3678 commemorat.
654 3619 826 3688 Igitur
856 3618 957 3674 sub
987 3618 1354 3687 Acliazusqne
1381 3617 1445 3670 ad
1480 3625 1806 3686 praesentem

182 3715 401 3783 locum,
436 3729 612 3786 quem
647 3727 792 3766 nunc
824 3725 1102 3780 exponere
1125 3709 1371 3774 nitimur,
1406 3711 1588 3764 omnia
1617 3722 1738 3779 quin
1763 3708 1818 3763 in

183 3809 381 3864 medio
439 3807 628 3879 pasita
679 3817 808 3862 sunt
838 3847 853 3871 ,
903 3805 1188 3860 vaticinata
1240 3803 1622 3874 cognoscimus
1663 3817 1820 3872 :quo

186 3912 426 3956 mortuo
456 3906 696 3972 quartus
723 3939 736 3963 ,
767 3900 819 3954 id
852 3906 936 3954 est
957 3940 973 3965 ,
1008 3899 1231 3954 ultimus
1259 3897 1501 3954 succedit
1533 3896 1818 3964 Ezechias,

181 3997 294 4052 sub
328 4010 447 4066 quo
485 3996 670 4049 omnis
707 4009 879 4063 usque
908 3999 974 4047 ad
1003 3993 1163 4048 linem
1193 3991 1393 4046 texitur
1421 3991 1576 4046 liber.

269 4088 471 4161 (νοτε.
493 4087 613 4158 ‘29.)
650 4085 730 4141 Ne
755 4087 944 4140 lictoris
972 4084 1281 4139 Philisthu'a
1312 4086 1478 4139 omnis
1500 4085 1822 4154 tu,quoniam

183 4183 537 4238 comminuta
574 4190 646 4235 est
690 4181 835 4251 uirga
879 4179 1198 4248 percussoris
1243 4179 1356 4232 tui:
1390 4176 1454 4231 de
1483 4177 1656 4230 radice
1686 4178 1822 4230 enim

185 4275 405 4330 colubri
435 4271 738 4345 egredietur
760 4273 1046 4345 regulus,et
1075 4283 1246 4323 semen
1265 4270 1378 4337 ejus
1393 4267 1665 4321 absorbens
1680 4267 1825 4320 volu-

185 4387 356 4426 crem.
388 4366 666 4423 Naturale
693 4375 776 4421 est
797 4366 939 4437 quod
967 4364 1220 4419 dicimus:
1249 4371 1468 4415 mortuo
1489 4373 1618 4428 rege
1637 4357 1828 4414 adver-

185 4483 390 4522 sarum
425 4463 684 4534 gentium
711 4503 727 4527 ,
759 4475 980 4531 semper
1013 4459 1270 4514 Iactantur
1303 4456 1540 4519 inimici,
1571 4471 1638 4512 ex
1665 4454 1830 4510 rebus

1923 3256 2106 3302 autem
2139 3261 2331 3302 sensus
2355 3288 2369 3311 ,
2401 3246 2574 3317 quod,
2612 3247 2808 3315 populo
2841 3245 2936 3301 Dei
2966 3246 3282 3304 tiducialitcr
3312 3253 3524 3321 requie-

1923 3349 2133 3404 scente,
2161 3340 2394 3398 siccetur
2422 3339 2576 3394 radix
2607 3338 2928 3394 l‘hilisthiim
2956 3381 2968 3402 ,
2994 3349 3046 3394 et
3073 3357 3258 3398 omnes
3283 3343 3524 3411 reliquiae

1925 3442 2333 3490 ςοιιευηιῡηιυιν.

1999 3524 2181 3596 (Vers.
2216 3524 2332 3596 5!.)
2366 3524 2525 3581 Ulula
2551 3536 2700 3597 porta
2724 3568 2738 3592 ,
2772 3535 2796 3562 ει
2833 3527 3001 3580 clama
3023 3527 3230 3593 ciuitas,
3265 3535 3525 3598 prostrata

1921 3627 1995 3672 est
2029 3615 2337 3672 ['Itilistltwa
2367 3621 2573 3672 omnis:
2610 3618 2673 3674 ab
2699 3619 2941 3688 aquilone
2971 3622 3103 3673 enim
3131 3623 3304 3690 [muns
3337 3621 3521 3687 veniet,

1920 3717 1967 3763 et
2000 3725 2102 3763 non
2128 3717 2202 3764 est
2227 3710 2313 3779 qui
2345 3709 2561 3782 e/l'ugiat
2591 3727 2774 3784 agmen
2803 3714 2933 3774 eius.
2978 3711 3198 3770 Portam
3233 3723 3387 3767 vocat
3419 3729 3520 3786 pro

1919 3800 2002 3857 his
2034 3799 2208 3872 quiin
2231 3811 2380 3871 porta
2413 3813 2577 3869 sunt,
2609 3814 2663 3860 et
2691 3805 2968 3862 civitatem
3003 3821 3098 3873 pro
3123 3805 3522 3862 habitatoribus

1921 3895 2178 3956 civitatis.
2195 3895 2514 3952 Sermonem
2541 3911 2755 3967 quoque
2785 3898 2966 3970 dirigit
2991 3898 3056 3951 ad
3092 3900 3251 3956 urbes
3282 3899 3524 3952 l’almsti-

1923 4004 2118 4046 norunt
2145 3988 2287 4058 quod
2315 3988 2519 4058 ejularc
2544 3988 2799 4056 debeant,
2831 3998 2887 4044 et
2910 3991 3094 4058 lugere
3116 3990 3366 4043 veniente
3390 3989 3527 4044 Sen-

1925 4082 2226 4148 naclicrib,
2260 4093 2314 4140 et
2347 4081 2604 4140 torrentis
2651 4082 2814 4137 modo
2860 4093 3051 4139 cuncta
3101 4090 3364 4139 vastante.
3414 4080 3526 4137 Sub

1925 4189 2054 4244 rege
2083 4175 2232 4232 enim
2269 4174 2500 4231 Ezccliia
2530 4174 2680 4232 venit
2708 4175 2963 4246 Assyrius
2989 4216 3002 4239 ,
3048 4181 3104 4230 et
3137 4174 3276 4229 inter
3303 4181 3528 4229 creteras

1928 4272 2177 4325 nationes
2207 4271 2436 4328 vastavit
2469 4269 2834 4327 Philisthmos.
2880 4269 2959 4326 Ad
2990 4285 3127 4341 quos
3160 4270 3404 4342 loquitur
3434 4269 3524 4324 .le-

1929 4361 2162 4416 remias:
2197 4358 2330 4414 Ecce
2377 4378 2525 4431 aqua:
2572 4361 2846 4416 ascendant
2885 4364 2948 4416 ab
2975 4364 3216 4434 aquilone
3240 4406 3254 4431 ,
3288 4373 3335 4418 et
3381 4373 3527 4418 erunt

1931 4453 2081 4523 quasi
2109 4459 2306 4506 torrens
2336 4453 2594 4508 inundans
2617 4470 2635 4507 :
2667 4465 2710 4507 et
2741 4457 2969 4522 operient
3001 4465 3189 4511 terram
3217 4467 3261 4509 ct
3307 4459 3531 4528 plenitu-

186 4559 359 4614 novis
393 4557 554 4612 bella
585 4553 771 4608 civilia
807 4561 863 4607 et
891 4551 1192 4606 seditiones
1221 4564 1284 4603 ac
1318 4546 1581 4618 regnandi
1606 4547 1826 4614 imperi-
1854 4539 1904 4600 Ι)
1932 4549 2432 4620 dinamejusmrbem
2454 4557 2501 4604 et
2525 4549 2838 4605 habitatores
2867 4552 3010 4606 illius
3040 4553 3524 4630 (Jcrem.xr.vn,2).

190 4654 326 4708 tiam
363 4647 792 4720 prmstolantes.
834 4643 1047 4702 Mortuo
1074 4643 1238 4712 igitur
1271 4641 1454 4700 Acha:
1499 4649 1786 4711 peccatore
1814 4679 1828 4703 ,

187 4746 284 4815 qui
319 4740 730 4796 ambulaverat
757 4735 935 4789 inviis
967 4751 1155 4803 regum
1193 4731 1389 4799 Israel,
1419 4740 1474 4792 et
1502 4731 1831 4803 cognatione

186 4837 276 4891 eis
308 4834 511 4890 fuerat
541 4829 830 4902 eopulatus
859 4869 873 4894 ,
925 4826 1277 4896 intelligimus
1311 4823 1656 4882 l’hilistlncos
1688 4840 1719 4885 e
1751 4823 1832 4879 vi-

189 4934 325 4989 cino
347 4933 540 4987 fuisse
567 4928 878 4991 lmtatos,et
897 4926 1192 4980 insultasse
1224 4923 1430 4989 Israeli,
1449 4924 1592 4993 quod
1619 4936 1832 4979 maturo

191 5041 329 5098 rege
352 5020 1064 5097 perdito,Ezecbia-juveni
1093 5021 1461 5090 sulijaccrent.
1484 5019 1832 5076 Philistha-os

189 5133 416 5184 autem,
446 5125 511 5172 ‘ut
549 5125 714 5186 supra
744 5115 1004 5179 diximus,
1030 5114 1354 5170 Palaestinos
1385 5111 1674 5181 significat,
1698 5130 1832 5184 quos

191 5215 569 5281 alienigenas
595 5209 823 5278 Vulgata
843 5208 1031 5261 scribit
1055 5205 1248 5261 editio:
1270 5221 1392 5260 cum
1419 5205 1520 5259 hoc
1545 5220 1651 5258 non
1678 5207 1834 5261 unius

187 5309 387 5377 gentis
408 5347 425 5370 ,
451 5303 564 5358 sed
595 5300 837 5356 otnnium
866 5310 1209 5355 externarum
1239 5300 1480 5368 gentium
1507 5297 1833 5353 vocabulum

187 5403 287 5455 sit.
325 5399 441 5459 Ne.
479 5393 685 5465 inquit,
719 5392 936 5459 Lcteris,
970 5408 1002 5447 ο
1029 5391 1360 5456 Philistha-a,
1385 5409 1453 5447 ne
1486 5392 1711 5454 insultes
1738 5407 1832 5462 po-

192 5499 330 5569 pulo
359 5509 527 5555 nieo.
551 5489 698 5560 quod
723 5489 1060 5559 percussoris
1083 5489 1158 5542 tui
1183 5487 1368 5546 Achar.
1387 5489 1531 5556 virga
1552 5487 1828 5543 confracta

183 5590 306 5656 sit;
339 5586 512 5659 quod
554 5582 778 5642 lmine
808 5581 899 5653 qui
927 5591 982 5638 te
1010 5581 1171 5636 ferire
1193 5581 1387 5638 solitus
1413 5586 1555 5646 erat,
1579 5579 1833 5636 videatur

274 5759 302 5790 ι
336 5748 545 5805 Verba
578 5743 745 5800 clama
768 5743 946 5798 civitas
972 5745 1028 5800 in
1059 5740 1231 5801 Vatic.
1267 5753 1380 5796 non.
1403 5748 1548 5796 sunt.

1935 4654 2019 4710 Ab
2048 4652 2302 4724 aquilone
2322 4654 2466 4709 enim
2497 4653 2642 4710 venit
2666 4653 2922 4725 Assyrius
2950 4695 2964 4720 ,
2993 4666 3044 4711 et
3076 4656 3144 4712 de
3185 4657 3300 4726 ejus
3327 4660 3528 4715 ardore

1934 4757 2299 4829 egredientes,
2325 4756 2573 4816 Ninivem
2607 4767 2660 4815 et
2693 4758 2940 4816 nationes
2967 4769 3196 4816 caeteras
3230 4761 3388 4840 184
3408 4763 3534 4819 sub-

1933 4863 2203 4933 jugantes.
2251 4861 2332 4917 Eo
2377 4871 2626 4933 tempore
2655 4879 2763 4934 quo
2797 4862 2912 4917 base
2940 4862 3280 4920 canebantur
3304 4907 3318 4932 ,
3353 4867 3533 4924 fumus

1937 4963 2266 5024 ascendebat
2291 4965 2342 5019 in
2370 4965 2674 5030 excelsum,
2724 4964 2776 5019 id
2815 4974 2937 5033 est,
2983 4979 3173 5021 rumor
3215 4967 3265 5022 in
3302 4969 3535 5038 pOpqus

1935 5066 2230 5136 vagabatur
2249 5079 2343 5134 per
2359 5063 2604 5118 ordinem
2627 5075 2946 5122 cunctarum
2974 5068 3535 5136 gentinm,Dltmnices

1936 5181 2152 5240 quoque
2192 5175 2248 5219 et
2278 5165 2599 5220 Palmstinos
2629 5181 2750 5222 esse
2781 5167 3099 5221 vastandos.

2010 5269 2191 5340 (Vers.
2222 5264 2337 5336 32.)
2375 5267 2512 5335 Quid
2535 5265 2561 5304 ι)
2590 5268 2912 5339 respondebit
2957 5271 3150 5325 nuntiis
3182 5271 3385 5339 gentis?
3417 5272 3538 5339 quia

1944 5373 2195 5428 Daminus
2230 5373 2462 5443 fundavit
2501 5372 2651 5436 Sion,
2685 5382 2730 5427 et
2771 5375 2822 5424 in
2855 5373 2974 5437 ipsa
2997 5372 3272 5440 sperabam
3293 5389 3541 5443 pauperes

1941 5476 2117 5548 populi
2164 5477 2296 5545 ejus.
2344 5474 2478 5542 Quia
2531 5470 2781 5539 dixerat,
2828 5467 3019 5526 Nullus
3057 5482 3138 5528 est
3188 5473 3276 5543 qui
3329 5471 3545 5545 cll'ugiat

1940 5593 2136 5652 agmen
2163 5579 2299 5655 ejus,
2342 5575 2632 5632 videbatur
2677 5574 2730 5628 in
2776 5569 3021 5652 generali
3068 5572 3334 5628 mantia
3382 5575 3542 5633 etiam

2005 5739 2032 5778 ι’
2069 5740 2237 5798 Valle.
2268 5750 2391 5798 cum
2421 5731 2668 5808 Vulgata,
2697 5725 3111 5805 respondebitur.
