4008 6314
521 247 623 306 Iti‘l
1772 239 1831 296 8.
1879 236 2150 297 EUBEBII
2189 237 2568 300 IIIEIIONYMI
3719 243 3832 307 Ml

520 365 546 394 αι
577 355 744 412 ludas
789 368 910 411 esse
958 349 1405 421 comprehensus.
1451 350 1534 416 Si;
1565 347 1764 422 inquit,
1798 350 2114 420 quaesierint
2139 369 2200 428 Α
2226 353 2547 411 invectionis
2576 354 2922 427 principium,
2951 363 3012 412 ut
3033 363 3339 414 vaSIaretur
3357 358 3413 414 in
3445 357 3711 425 tenebris;
3734 361 3833 429 qui

516 448 711 520 Angcli
750 445 924 518 gentis
966 443 1205 515 Assyriae
1228 485 1244 510 ,
1277 457 1449 513 quare
1478 442 1630 500 solus
1659 441 1829 498 ludas
1861 445 2117 508 evaserit,

515 537 841 610 respondete
883 537 987 603 eis,
1032 535 1158 608 quia
1204 535 1468 591 Dominus
1528 532 1837 591 fundaverit
1878 536 2031 604 Sion,
2065 545 2121 594 et

514 631 631 703 ipse
674 629 936 703 humilem
981 627 1244 700 populum
1275 642 1372 683 sua
1404 627 1608 683 virtute
1638 628 1971 703 protexerit:
2013 628 2120 684 Pro

512 696 721 796 Angelis
742 698 968 796 (nubta)
983 696 1135 775 LXX
1159 720 1555 776 transtulerunt
1573 696 1717 791 reges
1735 696 1942 793 ($3513),
1962 720 2120 776 unius

513 832 686 874 auara
727 815 924 872 littera}
955 829 1145 870 errore
1179 813 1417 884 decepti.

582 908 737 983 (Cap.
768 906 1122 964 XV.—Vers.
1157 906 1238 979 1.)
1272 907 1418 963 Onus
1449 907 1607 962 Moab
1631 923 1651 963 :
1677 908 1803 977 quia
1847 916 1997 962 nocte
2025 923 2117 961 va-

509 1011 650 1060 stata
677 1010 752 1057 est
780 1001 854 1058 Ar
878 1043 894 1068 ,
929 999 1087 1056 Moab
1128 1000 1406 1055 conticuit:
1443 1001 1568 1070 quia
1596 1009 1745 1055 nocte
1788 1009 2016 1056 vastatus
2045 1010 2118 1056 est

513 1114 694 1152 murus
718 1140 734 1164 ,
770 1094 926 1151 Moab
952 1096 1224 1150 conticuit.
1255 1094 1333 1151 De
1356 1109 1523 1151 onere
1545 1136 1560 1162 ,
1593 1105 1649 1150 et
1680 1095 1922 1165 pondere
1947 1095 2119 1151 semel

513 1193 720 1250 dixisse
746 1192 1002 1250 sufﬁciat.
1036 1192 1147 1248 Iloc
1170 1203 1375 1248 tantum
1406 1193 1647 1249 breviter
1676 1193 2116 1265 adtnoneo,qund

515 1300 655 1340 onus
690 1299 907 1355 semper
955 1283 1135 1339 tristia
1165 1293 1591 1355 consequantur.
1631 1285 1902 1340 Visionem
1935 1295 2116 1340 autem

514 1379 600 1435 vel
644 1379 824 1434 statim
855 1379 974 1432 laeta
999 1418 1014 1442 ,
1043 1376 1126 1432 vel
1160 1377 1212 1431 in
1259 1375 1365 1432 fine
1411 1377 1535 1431 lana
1579 1386 1697 1446 post
1729 1376 1926 1432 tristia.
1959 1377 2118 1432 Moab

514 1476 790 1548 provincia
831 1486 914 1532 εει
943 1474 1185 1532 Arabum
1211 1516 1224 1537 ,
1259 1474 1312 1528 in
1343 1489 1444 1545 qua
1477 1473 1578 1530 fuit
1605 1474 1767 1530 Balac
1795 1475 1936 1530 (ilius
1979 1475 2119 1531 Beor

517 1567 706 1642 (Num.
732 1565 995 1639 xxn);qui
1025 1567 1286 1622 conduxit
1313 1567 1580 1622 hariolum
1600 1567 1817 1623 Balaam
1847 1567 1916 1623 de
1945 1567 2118 1624 Meso-

512 1665 749 1736 potamia
776 1706 789 1730 ,
823 1672 882 1719 ut
911 1663 1265 1718 malediceret
1299 1663 1464 1719 Israel
1491 1703 1506 1727 ,
1541 1663 1630 1717 ubi
1662 1673 1716 1718 et
1747 1662 1989 1718 initiatus
2032 1672 2118 1719 est

2223 448 2293 504 de
2333 448 2542 504 incestu
2594 449 2762 520 patris
2815 457 2976 506 nocte
3016 461 3315 520 conceptus
3364 459 3468 508 est.
3523 450 3637 507 Nisi
3688 451 3835 510 forte

2223 549 2435 596 noctem
2487 556 2586 612 pro
2633 541 3004 611 magnitudine
3034 541 3062 581 ι)
3095 545 3324 600 terroris
3374 543 3717 613 accipimus:
3773 553 3834 602 et

2222 634 2550 690 credendum
2576 678 2592 702 ,
2621 635 2745 705 quia
2786 635 2889 691 sibi
2920 636 3235 693 conﬁdebat
3275 637 3329 694 in
3362 639 3533 694 muris
3561 682 3576 706 ,
3612 638 3836 698 insidiis

2221 737 2424 792 eam,et
2442 727 2715 784 cuniculis
2739 727 2909 784 fuisse
2937 741 3275 800 superatam.
3299 729 3502 788 Audivi
3533 732 3831 802 quemdam

2223 819 2596 889 Areapolitem
2627 863 2641 885 ,
2671 820 2769 877 sed
2801 829 2855 876 et
2884 819 3064 875 omnis
3091 821 3286 877 civitas
3318 823 3476 879 testis
3501 834 3620 889 est,
3651 833 3834 880 motu-

2221 918 2382 966 terra:
2409 926 2604 982 magno
2633 911 2684 966 in
2723 927 2843 968 mea
2870 912 3098 969 infantia
3128 955 3140 978 ,
3175 923 3196 952 ε
3232 913 3453 982 quando
3485 915 3652 970 totius
3681 915 3834 974 orbis

2220 1004 2374 1060 littus
2394 1014 2730 1078 transgressa
2757 1017 2887 1063 sunt
2915 1007 3306 1076 maria,eadem
3334 1018 3500 1066 nocte
3530 1025 3718 1068 muros
3741 1027 3834 1066 ur.

2221 1096 2305 1154 bis
2333 1098 2494 1154 istius
2527 1099 2830 1156 corruisse.
2923 1092 2930 1100 ’

2296 1190 2475 1261 (Vers.
2508 1191 2594 1264 2.)
2620 1193 2866 1248 Ascendit
2895 1195 3110 1262 domus,
3142 1206 3191 1249 et
3218 1193 3390 1250 Dibon
3418 1197 3488 1250 ad
3524 1195 3733 1253 excelsa
3773 1198 3831 1253 in

2221 1285 2481 1354 planctum
2509 1303 2664 1356 super
2692 1286 2862 1351 Nabo,
2889 1298 2938 1341 et
2965 1305 3121 1359 super
3142 1287 3367 1344 Medaba
3394 1287 3550 1343 Moab
3578 1289 3832 1347 ululabit.

2217 1377 2297 1433 Ne
2319 1379 2605 1435 molestum
2637 1381 2731 1434 tibi
2755 1380 2826 1433 sit
2853 1380 2996 1451 quod
3017 1396 3118 1450 per
3139 1381 3380 1436 historia:
3410 1382 3552 1435 viam
3576 1381 3831 1458 gradior,

2220 1482 2281 1527 ut
2307 1473 2450 1528 enim
2483 1476 2585 1529 hoc
2627 1473 2898 1542 facerem,
2937 1477 3054 1544 ipse
3084 1475 3326 1530 voluisti.
3361 1475 3701 1532 Subauditur
3727 1493 3831 1532 au-

2223 1576 2360 1634 tem,
2393 1568 2587 1623 domus
2637 1569 2824 1639 regia,
2867 1577 2925 1625 et
2963 1570 3092 1625 urbs
3123 1571 3296 1626 Dibnn
3341 1571 3408 1626 ad
3440 1571 3584 1627 idola
3623 1587 3744 1644 qua:
3771 1570 3830 1628 in

2221 1660 2381 1715 editis
2425 1662 2598 1731 posita
2645 1672 2771 1717 sunt
2815 1663 3063 1718 ascendit
3109 1681 3120 1716 :
3174 1679 3339 1735 super
3364 1662 3549 1734 Nabo,
3582 1675 3640 1721 et
3664 1680 3829 1736 super

510 1757 742 1828 populus
772 1755 1110 1826 Beelpliegor
1140 1754 1341 1827 (lbid.,
1385 1755 1550 1827 xxv).
1586 1755 1757 1822 Hujus
1797 1755 2116 1825 metropolis
2146 1745 2192 1805 B
2223 1753 2477 1821 bledaba,
2512 1754 2724 1811 nobiles
2754 1753 2782 1792 ά
2821 1756 3104 1826 civitates,
3139 1759 3365 1816 ululabit
3393 1761 3656 1815 universa
3693 1774 3828 1830 pro-

514 1853 706 1907 civitas
738 1867 808 1906 AR
838 1849 973 1922 (Ὃ),
1002 1866 1125 1921 quae
1161 1848 1327 1905 lindie
1363 1865 1433 1903 ex
1466 1849 1694 1905 Hebraeo
1720 1859 1775 1903 et
1795 1847 1986 1904 ϐνωεο
2008 1864 2119 1904 ser-

512 1961 675 2002 mone
703 1944 1007 2014 Cumposita
1033 1944 1307 2016 AreOpolis
1336 1951 1710 2013 nuncupatur;
1739 1957 1849 1996 non
1874 1952 1932 1996 ut
1959 1941 2123 2013 pleri-

511 2055 618 2109 que
643 2037 962 2093 exiStimant
992 2034 1136 2107 quod
1160 2032 1332 2112 ἄρεος,
1362 2033 1414 2088 id
1447 2043 1550 2098 est,
1583 2032 1770 2087 Martis
1800 2034 1994 2088 civitas
2023 2034 2118 2089 sit.

510 2129 910 2200 Interpretatur
927 2137 1108 2182 autem
1133 2128 1206 2180 Ar
1234 2139 1286 2182 et
1308 2123 1578 2190 ἀντίδικος,
1594 2124 1645 2179 id
1669 2134 1752 2180 est
1772 2125 2119 2180 adversarius.

511 2222 738 2292 Quantae
788 2231 969 2276 autem
1021 2219 1184 2275 fuerit
1233 2218 1531 2288 potentiae,
1584 2217 1852 2274 Jeremias
1895 2227 2125 2275 testatur

515 2317 734 2392 (Jerem.
767 2332 927 2372 xnvm
953 2358 968 2382 ,
1006 2315 1064 2381 2,
1097 2317 1128 2370 7
1162 2323 1209 2369 et
1227 2313 1400 2385 seqq.)
1421 2357 1436 2380 ,
1471 2313 1692 2369 dicens:
1727 2311 1851 2368 Non
1880 2323 1956 2368 est
1982 2315 2124 2369 ultra

505 2413 783 2469 exsultatio
826 2412 880 2465 in
915 2409 1094 2464 Moab.
1146 2410 1211 2464 Et
1242 2409 1482 2464 iterum:
1520 2407 1766 2462 Habuisti
1793 2407 2040 2479 ﬁduciam
2070 2410 2120 2462 in

510 2507 886 2562 munitionibus
929 2507 1031 2559 tuis
1062 2545 1077 2569 ,
1125 2513 1176 2558 et
1220 2505 1273 2556 in
1322 2503 1577 2557 thesauris
1629 2503 1752 2556 tuis.
1793 2501 1862 2556 Et
1892 2502 2118 2557 iterum:

507 2599 722 2657 Fertilis
751 2600 848 2667 fuit
878 2597 1034 2652 Moab
1073 2597 1136 2650 ab
1162 2594 1512 2650 adolescentia
1547 2611 1646 2649 sua
1672 2636 1686 2659 ,
1713 2604 1760 2650 et
1788 2596 2034 2664 requievit
2065 2597 2118 2650 in

508 2692 720 2764 {cecilius
761 2693 870 2745 suis
903 2729 935 2754 ,,
960 2705 1052 2742 nec
1081 2689 1376 2758 transfusus
1418 2694 1490 2741 est
1537 2686 1600 2741 de
1644 2701 1762 2741 vase
1802 2688 1854 2739 in
1901 2702 1988 2740 vas
2013 2725 2032 2754 ,
2078 2699 2126 2742 et

509 2789 560 2842 in
617 2784 1125 2857 transmigrationem
1175 2798 1279 2835 non
1331 2780 1488 2845 abiit,
1527 2788 1575 2833 et
1603 2778 1798 2832 idcirco
1845 2781 2125 2846 permansit

509 2891 691 2956 gustus
722 2881 833 2952 ejus
860 2880 913 2932 in
943 2894 1005 2933 eo
1029 2919 1044 2943 ,
1087 2885 1133 2931 et
1165 2875 1301 2930 odor
1328 2875 1438 2946 ejus
1467 2889 1572 2928 non
1599 2880 1673 2927 est
1704 2873 2027 2927 immutatus.
2056 2872 2126 2927 Et

510 2978 566 3033 in
600 2977 709 3031 alio
747 2975 868 3030 loco
914 2971 1126 3046 (Ibid.,
1167 2969 1298 3040 25):
1333 2967 1604 3033 Quomodo
1653 2971 1822 3038 fracta
1861 2974 1936 3021 est
1981 2968 2125 3040 virga

509 3072 660 3142 fortis
685 3111 699 3135 ,
734 3067 944 3124 baculus
973 3066 1272 3140 gloriosus?
1308 3063 1374 3118 Et
1404 3073 1530 3134 post
1557 3061 1862 3116 modicum:
1899 3059 2118 3114 Audivi-

2226 1847 2424 1903 viucia.
2454 1847 2512 1902 In
2541 1847 2692 1903 Nabo
2722 1850 2866 1905 enim
2894 1860 3011 1906 erat
3037 1851 3272 1908 Cliamos
3303 1852 3509 1908 idolum
3539 1867 3830 1911 consecra-

2226 1949 2360 2008 tum,
2393 1942 2536 2011 quod
2567 1943 2674 1998 alio
2703 1945 2922 1999 nomine
2953 1945 3260 2014 appellatur
3289 1946 3652 2017 Beelpliegnr.

2297 2035 2364 2089 In
2391 2037 2586 2090 cunctis
2610 2038 2862 2108 capitibus
2888 2040 3002 2110 ejus
3033 2040 3322 2108 calvitium,
3356 2042 3522 2095 omnis
3550 2041 3712 2097 barba
3739 2059 3828 2096 ra-

2224 2126 2391 2180 detur.
2425 2127 2578 2197 Apud
2610 2129 2860 2198 antiquos
2891 2129 3073 2185 barba:
3099 2133 3400 2204 capitisque
3439 2149 3627 2189 rasura
3653 2135 3828 2192 luctus

2225 2219 2484 2275 indicium
2513 2219 2632 2275 fuit.
2659 2220 2764 2277 Per
2787 2224 2902 2277 haec
2945 2237 3076 2294 ergo
3105 2225 3417 2296 magnitudo
3459 2228 3712 2283 mceroris
3739 2243 3832 2284 os-

2227 2313 2484 2378 tenditur,
2516 2311 2756 2368 Jeremia
2778 2323 2964 2368 contra
2993 2313 3152 2370 Moab
3185 2316 3373 2371 eadem
3402 2317 3783 2375 conclamante
3812 2335 3827 2374 :

2230 2401 2392 2457 Omne
2423 2413 2578 2475 caput
2613 2404 2912 2472 calvitium,
2944 2417 2991 2460 et
3019 2407 3185 2462 omnis
3228 2408 3384 2462 barba
3426 2409 3662 2473 radatur,
3691 2421 3738 2465 et
3774 2411 3834 2466 in

2226 2497 2423 2550 cunctis
2449 2497 2686 2550 manibus
2714 2497 3001 2570 colligatio,
3031 2508 3080 2554 et
3109 2517 3264 2572 super
3294 2518 3443 2557 omne
3471 2503 3687 2557 dorsum
3716 2503 3834 2557 cili-

2225 2589 2363 2642 cium
2397 2587 2617 2661 (Jerem.
2653 2605 2847 2653 xum.
2875 2591 2990 2663 37).

2299 2682 2478 2756 (Vers.
2507 2683 2590 2754 5.)
2617 2681 2684 2737 In
2712 2685 2876 2738 triviis
2923 2687 3036 2758 ejus
3066 2687 3284 2742 accincti
3309 2697 3428 2742 sunt
3452 2702 3646 2756 sacco;
3676 2705 3833 2759 super

2228 2786 2360 2832 tecta
2384 2780 2497 2850 ejus
2517 2818 2530 2842 ,
2558 2787 2605 2831 et
2637 2778 2689 2832 in
2724 2779 2910 2851 plateis
2941 2781 3053 2852 ejus
3080 2782 3248 2836 omnis
3295 2783 3526 2837 ululatus
3557 2784 3831 2839 descendet

2225 2872 2277 2924 in
2304 2871 2500 2942 ﬂetum.
2545 2870 2660 2927 Non
2690 2882 2851 2926 erunt
2883 2873 3107 2942 priVatte
3143 2875 3302 2948 186
3343 2877 3618 2947 lacrymte,
3649 2877 3833 2948 publi-

2225 2977 2346 3018 cum
2395 2963 2597 3018 luctum
2644 2965 2860 3034 publica
2908 2965 3143 3021 lamenta
3173 2968 3544 3036 resonabunt;
3582 2985 3687 3025 nec
3716 2983 3835 3024 ma-

2227 3041 2421 3124 tronat,
2451 3073 2549 3112 nec
2578 3057 2835 3126 virgines,
2873 3075 2973 3114 nec
3005 3069 3136 3114 tetas
3181 3076 3342 3130 parva
3378 3078 3692 3131 puerorum,
3727 3080 3834 3122 nec

507 3130 620 3218 inus
647 3130 941 3234 superbiam
971 3130 1419 3224 Moab,superbus
1439 3164 1511 3209 est
1532 3154 1702 3210 valde.
1729 3152 2115 3209 Sublimitatem
2143 3130 2188 3194 (ἶ
2221 3148 2376 3203 fracti
2407 3165 2597 3204 senum
2623 3165 2845 3221 gressus
2879 3151 3208 3207 tenebuntur
3233 3130 3515 3221 domibus,
3563 3156 3830 3224 pudorem

507 3259 639 3330 ejus,
672 3265 718 3311 et
746 3255 1126 3328 arrogantiam,
1151 3261 1198 3307 et
1227 3251 1545 3321 superbiam,
1570 3257 1617 3303 et
1646 3249 1980 3303 altitudinem
2006 3264 2116 3302 cor.

508 3355 588 3410 dis
619 3351 762 3407 illius
788 3367 880 3421 ego
927 3350 1033 3403 scio
1058 3390 1073 3414 ,
1106 3348 1178 3402 ait
1209 3343 1465 3400 Dontinus
1489 3387 1504 3409 ,
1534 3352 1584 3397 et
1623 3343 1939 3413 jactantium
1978 3342 2111 3412 ejus.

508 3446 662 3504 Sicut
705 3459 837 3515 ergo
865 3451 1054 3499 contra
1085 3439 1462 3510 Babylonem,
1516 3445 1574 3490 et
1616 3433 1946 3489 Pliilisthiim
1981 3433 2114 3488 Pro-

508 3537 667 3612 pheta
698 3534 1022 3590 vaticinatus
1051 3539 1154 3590 est.
1185 3529 1330 3599 quod
1362 3524 1702 3595 oppresserit
1734 3524 1990 3594 populum
2017 3523 2112 3578 Ju-

508 3631 752 3687 daaorum
778 3669 794 3693 ,
827 3627 901 3680 ita
934 3639 1077 3678 nunc
1106 3620 1334 3674 vaStitas
1373 3619 1532 3690 185
1563 3617 1876 3686 praedicitur
1907 3615 2114 3670 Moabi-

507 3733 683 3780 tarum
704 3763 720 3788 ,
752 3719 804 3775 id
835 3724 922 3774 est
943 3759 960 3779 ,
991 3712 1209 3770 Arabia:
1233 3727 1248 3778 ;
1279 3711 1349 3766 ab
1378 3707 1618 3781 Assyriis
1641 3750 1656 3773 ,
1687 3717 1742 3762 et
1771 3707 2106 3778 Babyloniis.

509 3815 594 3872 Ab
620 3825 844 3881 utraque
872 3808 1017 3865 cnim
1052 3817 1212 3879 gente
1240 3803 1432 3858 vastati
1461 3810 1608 3864 sunt.
1639 3816 1705 3856 eo
1735 3809 1982 3868 tempore
2004 3816 2108 3869 quo

514 3905 884 3970 Sennacberib
911 3902 1189 3973 captivum
1222 3898 1379 3954 duxit
1401 3895 1586 3961 Israel,
1608 3903 1664 3950 et
1684 3893 1900 3966 quando
1930 3892 2106 3948 Nabu-

506 4007 855 4067 chodonosor
892 3996 1163 4055 subvertit
1217 3990 1523 4050 Jerusalem
1575 3988 1666 4059 (IV
1716 3986 1845 4060 Reg.
1898 4002 2009 4042 xvn
2059 3994 2104 4040 et

508 4099 662 4170 xxv).
687 4096 1044 4153 lnsultaverat
1059 4088 1202 4146 enim
1226 4086 1291 4140 ad
1311 4096 1596 4152 utramque
1611 4081 1819 4134 hostem
1846 4077 2102 4170 Ephraim

511 4205 569 4253 et
595 4169 749 4250 Jutlte
773 4231 790 4255 ,
818 4188 1032 4244 dicente
1062 4180 1296 4239 Jeremia
1315 4195 1334 4233 :
1365 4175 1560 4232 Allidet
1604 4186 1816 4227 manum
1866 4169 2018 4225 .lloab
2048 4172 2100 4224 in

510 4288 702 4344 vomitu
720 4299 835 4345 suo,
866 4288 914 4335 et
943 4279 1037 4332 erit
1065 4277 1116 4330 in
1149 4275 1374 4328 derisum
1399 4271 1558 4324 etiam
1588 4270 1715 4340 ipse.
1741 4263 1867 4320 Fuit
1889 4265 2025 4320 enim
2047 4265 2100 4319 in

509 4383 732 4439 derisum
764 4375 855 4430 tibi
885 4371 1054 4426 Israel
1082 4413 1096 4437 ,
1131 4367 1280 4440 quasi
1322 4365 1455 4419 inter
1493 4362 1634 4432 [ures
1677 4360 1954 4428 reperisses
1981 4373 2098 4411 eum

2219 3250 2272 3297 et
2304 3242 2728 3298 imbecillitatem
2763 3253 3004 3298 extrema
3036 3245 3325 3315 captivitas
3357 3248 3587 3304 nesciet.

2291 3333 2470 3404 (Vers.
2505 3333 2587 3404 4.)
2615 3331 2874 3389 Clamabit
2899 3333 3106 3390 Esebon
3151 3347 3199 3390 et
3253 3337 3452 3393 Eleale.
3485 3337 3717 3395 Nomina
3746 3340 3830 3396 ci-

2215 3427 2443 3482 vitatum
2473 3426 2775 3482 Moabiticaa
2822 3428 3142 3496 provinciae,
3173 3445 3401 3499 quarum
3433 3430 3653 3488 Esebnn
3697 3433 3826 3491 urbs

2215 3518 2316 3574 fuit
2341 3518 2614 3590 quondam
2638 3519 2783 3589 regis
2819 3520 3288 3585 Atnnrrluenrum,
3317 3524 3386 3578 de
3420 3539 3528 3594 qua
3560 3525 3704 3581 idem
3733 3525 3826 3582 Je-

2213 3615 2415 3668 remias
2437 3654 2451 3679 ,
2480 3611 2630 3684 Ignis
2673 3628 2910 3686 egressus
2941 3625 3017 3669 est
3061 3617 3126 3669 de
3157 3615 3359 3672 Escbon
3378 3658 3393 3682 ,
3439 3627 3488 3672 et
3516 3619 3729 3688 flamma
3757 3621 3824 3676 de

2212 3705 2382 3760 medio
2418 3704 2579 3761 Seon.
2611 3703 3004 3775 Interpretatur
3034 3719 3214 3763 autem
3249 3709 3463 3764 Esebon
3487 3751 3502 3775 ,
3537 3713 3781 3783 cogitatio
3801 3754 3819 3781 ,

2211 3808 2266 3855 et
2303 3799 2429 3853 ideo
2457 3797 2723 3854 Jeremias
2752 3799 3001 3856 alludens
3027 3800 3094 3855 ad
3124 3817 3348 3871 nomen,
3380 3813 3566 3858 contra
3591 3802 3818 3873 Esebon,

2209 3893 2314 3960 ait,
2344 3891 2698 3960 cogitaverunt
2723 3891 2868 3945 mala
2898 3891 3118 3965 (Jerem.
3154 3892 3301 3964 ην.)

2284 3983 2456 4056 Usque
2493 3983 2627 4039 Jasa
2667 3986 2849 4040 audita
2896 3997 2967 4040 est
3004 4003 3102 4041 vox
3139 4003 3339 4042 eorum.
3379 3988 3520 4046 Urbs
3550 3991 3679 4048 Jaza
3715 3991 3813 4060 (sl.

2209 4079 2366 4146 Jasa)
2401 4078 2613 4133 Mortuo
2639 4078 2774 4133 mari
2816 4079 3097 4148 imminet,
3144 4080 3235 4137 ubi
3273 4092 3355 4138 est
3390 4083 3660 4140 terminus
3691 4100 3814 4154 pro-

2205 4171 2399 4228 vinciae
2430 4171 2810 4227 Moabitarum.
2865 4173 2980 4229 Iloc
3027 4190 3156 4245 ergo
3208 4175 3430 4243 indicat,
3464 4179 3611 4248 quod
3645 4195 3814 4251 usque

2202 4263 2269 4319 ad
2316 4273 2592 4320 extremos
2641 4263 2778 4320 ﬁnes
2808 4264 3041 4321 ululatus
3087 4268 3381 4336 provincia:
3410 4271 3809 4340 personabunt,

2200 4357 2354 4415 Unde
2385 4367 2439 4412 et
2467 4357 2730 4413 Jeretnias
2779 4357 2856 4413 ait
2895 4377 2909 4413 :
2945 4358 3022 4416 De
3069 4359 3295 4417 clamore
3343 4361 3581 4435 Esebon,
3627 4380 3801 4437 usque

505 4474 722 4548 (Jerem.
753 4482 944 4530 uvm,
971 4461 1066 4527 26,
1097 4458 1215 4530 ‘27).
1245 4457 1475 4526 Propter
1503 4452 1666 4508 verba
1695 4467 1826 4522 ergo
1855 4462 2094 4522 tua,qnai
2138 4520 2184 4548 ῃ
2198 4447 2380 4505 Elealc
2419 4460 2464 4504 et
2507 4449 2643 4503 Jaza
2687 4449 2939 4507 dederunt
2966 4468 3138 4508 vocem
3165 4471 3314 4509 suam
3359 4453 3575 4526 (Jerem.
3617 4475 3807 4528 xum,

499 4545 762 4626 adversus
776 4561 925 4617 illum
944 4550 1156 4613 lo'cutus
1171 4549 1501 4620 es,captivus
1513 4545 1909 4613 ducerisQnod
1925 4555 2106 4600 autem

501 4662 607 4720 ait;
647 4658 807 4714 Νοσιε
846 4659 1046 4709 uastata
1087 4656 1161 4703 est
1189 4662 1260 4702 an
1283 4687 1298 4714 ,
1334 4642 1491 4698 Moab
1524 4640 1810 4704 conticuit,
1843 4637 2102 4693 decorum

574 4790 601 4818 ιι
629 4771 1016 4846 RespOSnimtts
1036 4763 1329 4846 exlendem
1359 4775 1463 4814 ms.
1486 4757 1655 4846 ludas
1684 4767 1738 4846 et
1768 4755 2101 4828 comprehen-

501 4869 588 4909 sus
621 4831 719 4918 pro
740 4831 847 4918 quo
867 4853 989 4898 erat
1019 4836 1236 4893 Juda’os
1263 4831 1762 4918 etcompreltettsos.
1800 4915 1810 4918 Α
1850 4897 1904 4918 Α
1952 4896 2030 4918 με

575 4897 712 4973 itriti
745 4897 926 4969 Vatia.
951 4953 967 4976 ,
1021 4925 1114 4982 pro
1148 4901 1432 4982 magnitnd
1456 4897 1519 4956 ne
1566 4900 1760 4982 erroris
1791 4915 1811 4982 ί
1840 4897 1904 4952 ad
1946 4897 2099 4967 Cujus

499 4991 628 5050 item
679 5003 781 5043 ms.
832 4984 992 5039 [idem
1022 4977 1158 5052 quod
1181 5022 1194 5044 ,
1229 4977 1560 5052 superﬂuum
1583 4981 1766 5052 .atqne
1795 4977 2097 5052 incumiiio-

499 5045 629 5122 dum
662 5057 843 5114 sensui
871 5045 1210 5126 adverbium,
1237 5058 1370 5126 post
1397 5047 1517 5126 quia
1545 5045 1668 5126 hinc
1699 5045 2020 5126 atiioyitnus.

573 5111 860 5201 angi—tando
887 5125 1074 5201 totius._
1096 5111 1716 5201 eth_|;d_ex_'.Animiano
1754 5111 1970 5201 videtur
2002 5126 2094 5201 ac-

498 5183 700 5266 cidisse
738 5201 840 5255 sub
877 5193 1170 5266 Consulatu
1219 5187 1590 5245 Valentiniani
1627 5197 1788 5256 atque
1828 5183 2087 5246 Valentis,
2125 5253 2140 5266 δ

495 5265 886 5337 anttoDomini
1231 5341 1237 5343 Α
1334 5331 1346 5343 ,
1472 5330 1483 5342 .
1599 5329 1664 5343 ..
1781 5327 1793 5338 .

567 5329 643 5394 ζ-
667 5329 834 5416 vulgo
861 5339 1128 5398 creditum
1160 5341 1246 5390 est
1267 5375 1283 5399 ,
1304 5330 1493 5416 “innui.
1529 5329 1946 5416 celeberrimum
1979 5332 2094 5416 toto

497 5424 631 5480 Orbe
662 5397 1032 5487 teri-Eunomia
1053 5453 1074 5487 ,γ
1103 5397 1522 5487 (ιιιειιὶβοηεηιε
1567 5398 1941 5487 Xalentinigilo
1979 5397 2094 5487 Pii.

664 5468 963 5556 cumvjratre
985 5468 1231 5539 Valente,
1258 5478 1369 5529 sive
1392 5489 1536 5528 anno
1567 5471 1779 5525 Domini
1811 5468 1939 5556 565,
1963 5468 2095 5556 .Atu-

741 5539 1109 5615 Marcellinus,
1143 5552 1342 5619 aliique
1369 5561 1558 5601 eurum
1590 5557 1895 5621 telllp‘Wm“
1925 5539 2094 5593 ¹¹ί⁵ι⁰·

624 5616 842 5689 tradunt
868 5624 1179 5696 contigisse.
1216 5616 1408 5674 verum
1435 5631 1558 5698 cum
1588 5616 1838 5698 infantem
1867 5622 2083 5698 tnnchse

498 5683 834 5761 luisseilicat
850 5683 1266 5767 Hieronymusw
1280 5706 1415 5767 aque
1437 5697 1590 5767 aetas,
1607 5687 1757 5756 juxta
1789 5687 1956 5767 ipsam
1984 5683 2086 5752 Py-

496 5753 834 5848 illigatum
869 5753 1226 5838 computandi
1250 5753 1564 5817 metitodum
1587 5753 1817 5824 {annos
1838 5753 1908 5810 ad
1937 5770 2084 5810 sunt~

2137 4520 2184 4582 Ι)
2212 4541 2328 4612 54).

2283 4635 2456 4706 Super
2482 4637 2578 4690 hoc
2600 4636 2827 4708 expediti
2852 4637 3009 4694 Moab
3031 4641 3325 4711 ululabunt,
3354 4645 3531 4699 anima
3553 4648 3670 4718 ejus
3691 4650 3810 4704 ulu-

2205 4769 2351 4829 uium
2419 4751 2727 4829 quindecim
2777 4764 2907 4829 nato
2962 4757 3292 4826 imputetur,
3348 4771 3472 4829 post
3525 4777 3657 4818 ann.
3700 4763 3806 4823 550

2205 4824 2265 4881 S.
2301 4825 2760 4908 Doctorisprtutn
2807 4827 3014 4908 referre
3041 4824 3286 4908 necesse
3309 4824 3457 4888 es~et
3509 4850 3522 4886 :
3573 4837 3624 4890 id
3661 4836 3804 4908 quod

2201 4911 2324 4968 cum
2379 4894 2501 4951 aliis
2545 4897 2614 4952 de
2641 4897 2778 4968 ejus
2829 4900 2937 4955 vita
2978 4903 3306 4958 testimoniis
3349 4914 3605 4961 constare
3656 4894 3805 4965 n'u'lo

2201 4966 2365 5039 modo
2399 4975 2596 5032 potest.
2637 4966 2826 5034 Itaque
2857 4970 3227 5027 verOsiniilius
3272 4982 3388 5039 est,
3436 4977 3603 5032 alium
3665 4981 3807 5034 indi-

2200 5036 2336 5100 cari.
2366 5055 2525 5120 quem
2553 5039 2671 5120 ipse
2701 5039 2850 5120 Hier.
2872 5042 2935 5120 _in
2964 5041 3238 5099 Chronico
3259 5046 3326 5120 ad
3355 5036 3459 5120 an.
3478 5049 3645 5120 refert
3671 5050 3799 5120 544,

2198 5125 2320 5165 cum
2345 5111 2522 5167 multae
2545 5111 2772 5166 Orientis
2798 5111 2949 5168 urbes
2971 5124 3268 5170 terrazntotu
3293 5114 3534 5174 horribili
3560 5111 3800 5176 concide;

2200 5191 2340 5236 runt.

2271 5253 2298 5290 ά
2323 5252 2554 5330 _V_idetnr
2582 5268 2613 5308 e
2635 5254 2912 5308 contrario
2936 5257 3220 5330 nonurbis
3250 5259 3506 5330 alicujus,
3535 5264 3634 5318 sed
3668 5264 3799 5321 idoli

2199 5323 2552 5403 Moabitaruin
2592 5338 2803 5403 nomen
2863 5342 2983 5403 esse
3043 5328 3194 5384 Nabn
3237 5349 3252 5386 :
3291 5323 3436 5403 quod
3493 5323 3559 5389 ex
3628 5335 3801 5402 ipsius

2199 5395 2376 5464 Isaia,
2410 5411 2559 5474 xtvt.
2587 5397 2638 5459 I,
2666 5395 3348 5474 testimoniocorripertnni
3378 5415 3463 5459 eat
3497 5423 3511 5459 :
3543 5395 3799 5474 Confrac-

2201 5475 2284 5521 tus
2313 5478 2384 5520 est
2414 5467 2551 5543 Bel,
2573 5467 2822 5543 contritus
2860 5480 2934 5523 est
2963 5467 3155 5543 fNabo,
3184 5477 3324 5543 facta
3354 5488 3473 5530 sunt
3511 5467 3799 5534 simulacra

2199 5553 2379 5620 eorum
2407 5538 2612 5620 bestiis,
2660 5547 2709 5594 el
2746 5540 3018 5620 jumentis.
3067 5538 3202 5620 Nec:
3227 5545 3277 5597 id
3327 5547 3616 5620 probatur,
3647 5553 3797 5620 quod

2193 5610 2414 5691 quidam
2446 5610 2849 5691 antumaItyde
2886 5613 3036 5691 urbis
3059 5614 3278 5691 nomine
3307 5610 3470 5671 deum
3505 5610 3798 5691 illu‘m'po-

2194 5684 2365 5739 tuisse
2394 5681 2657 5754 appellari
2685 5681 2856 5741 Nabo.
2889 5683 3035 5741 LXX
3064 5686 3243 5754 Dagon
3275 5691 3418 5744 hunc
3445 5699 3663 5746 vocant.
