4008 6300
180 233 277 299 169

724 233 1370 297 COMMENTARIORUM
1404 233 1475 293 IN
1513 230 1751 293 ISAIAM
1776 227 2206 291 PROPHETAM
2244 234 2376 292 LIB.
2414 233 2483 291 ν.
2522 233 2680 293 CAP.
2721 235 2866 293 XVI.

3345 245 3452 305 I70

177 352 295 406 labit
318 351 430 408 sibi.
453 350 687 410 Verbum
716 353 1035 410 llebraicum
1069 371 1233 411 ηυδε
1264 335 1486 425 (νῖῚΒΠ),
1512 368 1610 423 pro
1636 368 1743 424 quo
1770 358 1825 415 Α
1848 352 2088 407 Ncmrim
2122 368 2290 425 aquas
2320 355 2497 410 omnis
2539 354 2708 409 herba
2760 353 2996 422 exaruit,
3023 357 3122 414 sed
3151 373 3252 430 per
3278 372 3452 419 meta-

174 443 356 513 Aquila
384 445 618 517 ξξὼμονς,
652 443 705 499 id
735 451 835 510 est,
867 444 1149 517 expeditos,
1191 454 1250 500 et
1277 445 1467 499 exertis
1490 445 1738 509 humeris,

175 534 512 605 Symmachus
552 535 801 590 accinctos
831 535 1216 606 interpretatus
1246 542 1366 603 est,
1395 534 1613 605 quidam
1640 548 1744 603 pu-

174 633 282 680 tant
309 640 407 681 non
435 625 596 691 viros,
628 625 724 681 sed
757 641 955 681 nomen
985 626 1133 682 urbis
1155 626 1408 697 intelligi,
1436 641 1555 696 qua:
1579 625 1743 682 hodie

172 718 452 788 appellatur
475 716 665 785 Elusa,
694 726 751 774 et
795 728 879 774 est
909 720 963 774 in
992 718 1303 774 Moabitidis
1328 717 1573 789 partibus
1613 717 1738 773 sila.

166 809 440 866 Possumus
462 821 640 867 autem
688 821 742 868 et
770 811 875 868 hoc
906 811 1120 877 dicere,
1149 811 1293 882 quod
1340 812 1594 867 universa
1639 825 1742 880 pu-

162 914 428 978 gnatorum
456 905 719 962 fortitudo
744 907 1038 974 corruerit,
1062 914 1119 962 et
1144 906 1348 960 mutuis
1378 904 1596 960 fletibus
1625 918 1742 959 om-

158 996 236 1053 nis
260 1006 402 1054 terra
428 1000 719 1055 resonarit.
747 997 844 1054 Sin
874 1006 1055 1055 autem
1099 997 1286 1064 Eluse,
1329 1005 1390 1052 ut
1420 995 1616 1066 Aquila
1644 1009 1743 1051 vo-

158 1089 285 1156 luit,
314 1091 492 1146 esertis
521 1091 745 1146 humeris
789 1091 1176 1162 intelligantur,
1204 1088 1300 1145 ille
1345 1088 1502 1144 nobis
1546 1101 1743 1145 sensus

155 1184 474 1255 suggeritur,
518 1184 663 1256 quod
694 1184 762 1240 ad
789 1184 1158 1256 plangendum
1200 1184 1382 1239 cuncti
1416 1182 1745 1239 nudaverint

153 1284 383 1344 pectora;

218 1366 392 1438 (Vers.
419 1368 501 1439 5.)
533 1368 634 1424 Cor
659 1386 831 1424 meum
861 1368 932 1422 ad
973 1367 1130 1423 Moab
1178 1367 1443 1424 clamabit.
1472 1366 1743 1437 Propheta

147 1458 379 1531 loquitur
418 1461 657 1517 dolentis
710 1461 942 1527 affectu,
974 1462 1059 1517 vel
1103 1461 1248 1533 quod
1294 1461 1481 1517 hostes
1527 1474 1745 1530 quoque

146 1561 393 1608 creatura
427 1553 527 1610 Dei
560 1553 672 1610 sint
694 1596 709 1621 ,
742 1554 797 1608 in
830 1568 969 1623 quos
1013 1562 1093 1609 tot
1122 1554 1262 1608 mala
1301 1552 1685 1623 superveniant
1727 1569 1740 1605 :

140 1643 224 1698 vel
252 1643 396 1712 quod
438 1645 606 1700 tantis
652 1644 1049 1700 calamitatibus
1076 1642 1440 1715 opprimendi,
1474 1649 1535 1697 ut
1579 1642 1741 1697 etiam

1848 443 2074 513 phuram
2104 443 2385 514 Scriptura
2421 446 2683 516 loquitur.
2717 446 2784 500 Et
2814 457 2898 502 est
2925 461 3142 514 sensus,
3175 450 3227 505 in
3256 464 3451 511 cuncto

1846 538 2002 594 Moab
2054 555 2208 611 aqua;
2248 539 2489 594 Nemrim
2532 549 2699 595 erunt
2746 540 2908 597 salsa:
2949 554 3004 597 et
3031 559 3268 611 amaras;
3315 565 3452 617 quo-

1847 629 2012 684 modo
2039 629 2113 685 ibi
2146 630 2295 684 nulla
2326 630 2497 685 herba
2525 632 2773 700 pullulat,
2805 633 2886 688 sic
2913 642 3081 689 totam
3112 640 3451 705 provinciam

1845 720 2062 774 siccitas
2092 730 2480 792 consequetur,
2508 721 2561 776 id
2584 732 2694 788 est,
2724 738 2754 776 a
2796 723 2970 794 Segor
2997 741 3171 797 usque
3199 729 3267 783 ad
3311 732 3453 788 Oro-

1845 811 2014 879 naim,
2048 827 2079 867 a
2130 812 2329 869 finibus
2382 828 2553 883 usque
2597 812 2754 869 ﬁnes.
2789 814 2845 868 Id
2896 816 3075 886 ipsum
3120 819 3387 879 Jeremias
3432 841 3449 879 :

1848 906 2006 974 Aqua:
2037 902 2276 958 Nemrim
2303 905 2542 976 pessima:
2571 915 2722 959 erunt
2762 904 2978 977 (Jerem.
3012 926 3209 980 XLVIII,
3238 915 3357 984 54).

1920 993 2097 1066 (Vers.
2130 995 2211 1067 7.)
2244 995 2541 1051 Secundum
2586 998 2994 1068 magnitudinem
3028 1004 3219 1071 aperis,
3251 1014 3298 1058 et
3325 1007 3452 1060 visi-

1845 1088 1975 1141 tatio
2024 1104 2202 1142 eorum
2249 1105 2268 1142 :
2318 1087 2387 1141 ad
2415 1097 2690 1144 torrentem
2739 1091 2959 1145 salicum
2994 1094 3178 1150 ducent
3209 1113 3317 1150 eos.
3344 1098 3455 1156 Pro

1846 1177 2105 1233 salicibus
2149 1179 2205 1233 in
2248 1178 2479 1234 Hebraeo
2518 1180 2749 1251 legimus
2783 1183 2943 1254 188
2979 1199 3178 1238 ARABIII
3207 1186 3445 1259 (D379),

1844 1270 1989 1341 quod
2018 1280 2197 1340 potest
2216 1280 2266 1327 et
2286 1271 2501 1329 Arabes
2522 1274 2775 1345 intelligi,
2797 1287 2849 1329 et
2870 1277 2971 1346 legi
2996 1292 3157 1333 onum
3181 1282 3449 1353 (cum),

1844 1362 1898 1417 id
1928 1372 2040 1429 est,
2063 1363 2198 1417 villa
2232 1363 2285 1417 in
2316 1364 2513 1419 finibus
2553 1380 2746 1420 eorum
2783 1367 2908 1431 sita,
2932 1369 3088 1438 cujus
3115 1386 3142 1423 a
3176 1373 3451 1443 plerisque

1845 1454 1874 1495 ι’
1892 1455 2095 1511 accolae
2122 1456 2176 1510 in
2200 1467 2390 1512 monte
2421 1456 2565 1511 Oreb
2590 1457 2726 1512 Elite
2755 1459 3057 1527 praebuisse
3078 1462 3340 1519 alimenta
3371 1466 3454 1521 di-

1846 1560 2046 1604 cuntur
2080 1566 2094 1602 :
2142 1549 2288 1620 quod
2340 1565 2538 1606 nomen
2576 1561 2801 1621 propter
2827 1554 3241 1625 ambiguitatem
3277 1568 3452 1617 trans-

1845 1640 2018 1697 fertur
2044 1651 2098 1698 et
2128 1642 2182 1695 in
2215 1658 2418 1709 corvos,
2451 1653 2615 1713 atque
2648 1643 2997 1714 Occidentem,
3052 1648 3263 1720 locaque
3301 1670 3437 1707 cam-

138 1734 375 1791 inimicis
422 1737 762 1793 miserabiles
814 1736 964 1791 fiant.
1011 1736 1247 1806 ldipsum
1299 1736 1563 1793 Jeremias
1602 1735 1680 1790 ait
1721 1751 1734 1789 :
1769 1743 1819 1803 Β
1844 1734 2057 1804 pestria.
2093 1734 2189 1788 Est
2219 1743 2400 1789 autem
2431 1750 2626 1791 sensus
2660 1754 2672 1789 :
2702 1737 2855 1806 juxta
2904 1739 3078 1794 morbi
3120 1744 3448 1812 magnitudi-

136 1825 423 1900 Pr0pterea
461 1845 551 1883 cor
576 1845 748 1884 meum
784 1828 852 1882 ad
896 1828 1049 1882 Moab
1093 1830 1244 1900 quasi
1284 1828 1409 1882 tibia
1451 1827 1732 1881 resonabit.

211 1919 391 1976 Vectes
430 1924 546 1995 ejus
576 1938 737 1991 usque
773 1922 842 1975 ad
872 1920 1040 1991 Segor
1065 1919 1281 1974 vitulam
1329 1927 1732 1972 conternantem.

134 2012 201 2068 Et
222 2012 491 2070 Jeremias
523 2032 538 2068 :
572 2014 616 2068 A
641 2013 830 2087 Segor,
864 2013 1058 2083 inquit,
1090 2028 1251 2083 usque
1280 2011 1350 2064 ad
1380 2010 1631 2065 Oronaim
1659 2010 1737 2062 vi-

136 2111 291 2165 tulam
337 2122 751 2167 conternantem.
815 2109 971 2182 187
1025 2109 1102 2164 De
1151 2110 1253 2163 bac
1305 2117 1361 2163 et
1401 2108 1455 2161 in
1512 2105 1668 2159 libris
1708 2112 1734 2141 ει

132 2202 497 2271 Quaestionum
532 2203 920 2259 Hebraicarum
953 2200 1209 2264 diximus,
1236 2209 1291 2255 et
1321 2214 1466 2255 nunc
1496 2196 1735 2252 breviter

133 2308 474 2362 annotamns,
501 2294 780 2366 quod‘ipsa
809 2294 883 2348 sit
903 2293 1087 2363 quinta
1114 2291 1246 2347 urbs
1269 2299 1395 2362 post
1413 2289 1730 2355 Sodomam,

132 2387 585 2454 etGomorrbam,
608 2387 896 2453 Adamam,
922 2395 978 2441 et
1005 2385 1254 2452 Seboim,
1284 2400 1405 2455 qua:
1427 2383 1494 2438 ad
1537 2395 1732 2452 preces

132 2480 229 2537 Lot
260 2498 425 2553 parva
470 2490 691 2538 servata
739 2490 843 2536 est.
875 2480 1303 2550 Appellaturque
1331 2476 1495 2542 Bala,
1525 2474 1580 2530 id
1608 2482 1725 2538 est,

128 2573 400 2644 absorpta,
458 2574 800 2632 tradentibus
852 2572 1133 2639 Hebraeis,
1165 2570 1310 2641 quod
1362 2570 1519 2626 tertio
1569 2576 1730 2622 terrae

130 2678 272 2723 motu
296 2678 580 2739 prostrata
607 2668 698 2722 sit.
722 2668 843 2736 Ipsa
868 2674 953 2721 est
982 2680 1102 2735 quae
1130 2663 1295 2720 hodie
1314 2664 1453 2734 Syro
1478 2676 1729 2719 sermone

129 2768 348 2814 vocatur
400 2759 582 2814 Zoora
621 2757 731 2830 (Al.
780 2756 977 2826 Zora),
1006 2756 1242 2811 Hebraeo
1281 2754 1466 2825 Segor,
1498 2761 1730 2823 utroque

124 2852 360 2920 parvula.
400 2851 708 2907 Possumus
734 2849 963 2924 vitulam
1004 2856 1420 2903 conternantem
1468 2860 1566 2915 pro
1604 2859 1731 2915 per-

121 2939 253 2997 fecta
285 2951 455 2999 astate
484 2943 756 3012 accipere.
783 2939 938 2996 Sicut
960 2938 1105 2994 enim
1138 2938 1452 2993 tricesimus
1479 2951 1654 2991 annus
1674 2937 1728 2991 in

122 3030 468 3102 hominibus,
503 3034 575 3088 ita
608 3033 663 3089 in
695 3030 998 3103 pecudibus
1029 3045 1092 3085 ac
1128 3029 1392 3100 jumentis
1425 3029 1616 3084 tertius
1645 3043 1732 3083 ro-

118 3120 480 3181 busdssimus
507 3132 612 3180 est.
643 3123 842 3179 Vectes
873 3138 1087 3194 quoque
1116 3138 1216 3192 pro
1243 3122 1510 3189 terminis,
1540 3130 1598 3176 et
1641 3136 1731 3176 ro-

114 3215 241 3273 bore
270 3216 556 3285 iutellige,
587 3231 653 3271 eo
682 3215 826 3284 quod
853 3215 1023 3285 Segor
1054 3216 1107 3270 in
1139 3214 1339 3268 finibus
1374 3213 1727 3269 Moabitarum

111 3306 211 3362 sita
236 3308 340 3371 sit,
376 3305 634 3361 dividens
656 3305 723 3361 ab
752 3306 831 3360 eis
862 3314 1060 3359 terram
1088 3305 1439 3359 PlIilistltiim.

180 3398 290 3453 Per
318 3413 606 3453 ascensum
654 3397 793 3452 enim
819 3394 977 3450 Luith
1007 3398 1138 3465 flens
1184 3395 1444 3449 ascendet.
1478 3394 1547 3450 Et
1573 3394 1729 3452 Jere-

115 3487 247 3544 mias
289 3504 304 3542 :
359 3486 480 3543 Per
509 3503 781 3542 ascensum
818 3483 979 3540 Luith
1014 3487 1227 3555 plorans
1258 3485 1500 3540 ascendet
1536 3487 1590 3540 in
1628 3488 1726 3556 ﬂe-

116 3591 235 3640 tum.
266 3581 645 3653 lntelligimus
688 3588 869 3636 autem
899 3578 1112 3634 clivum
1158 3592 1282 3635 esse
1328 3579 1536 3635 itineris
1580 3580 1725 3650 quod

113 3674 263 3732 ducit
310 3676 385 3733 ad
418 3674 712 3748 Assyrios,
759 3682 814 3729 et
858 3686 956 3743 per
1002 3671 1105 3728 hoc
1148 3670 1517 3741 captivitatem
1555 3671 1724 3743 signi-

113 3771 282 3826 ficari.

181 3859 251 3915 Et
280 3862 339 3916 in
360 3863 450 3916 via
484 3859 736 3916 Oronaim
784 3859 1061 3914 clamorem
1097 3856 1424 3913 contritionis
1455 3856 1712 3913 levabant.

112 3955 351 4011 Rursum
381 3956 652 4013 Jeremias
692 3972 707 4010 :
747 3952 865 4009 Vox
898 3954 1137 4008 clamoris
1169 3951 1450 4017 Uronaim,
1478 3954 1715 4019 vastitas,

111 4056 156 4100 et
186 4048 440 4101 contritio
468 4063 677 4120 magna.
719 4045 964 4115 Longum
993 4053 1100 4111 est,
1132 4043 1178 4098 si
1202 4043 1368 4098 velim
1401 4042 1469 4097 de
1488 4042 1718 4113 singulis

110 4139 327 4205 dicere,
358 4155 486 4195 cum
514 4139 857 4210 perspicuum
888 4137 958 4192 sit
982 4137 1068 4191 vel
1099 4135 1316 4191 urbium
1343 4135 1398 4188 in
1423 4134 1602 4199 Moab,
1629 4135 1719 4190 vel

111 4228 359 4286 locorum
391 4245 518 4287 esse
543 4230 783 4297 nomina,
811 4242 937 4299 quae
963 4226 1223 4282 deserunt
1247 4224 1711 4293 transmigrantes.

181 4323 375 4394 (Vers.
408 4320 495 4390 6.)
534 4322 694 4387 Aqute
722 4320 861 4375 enim
890 4318 1132 4373 Nemrim
1158 4316 1376 4370 deserta:
1405 4323 1573 4369 erunt.
1604 4315 1719 4369 Hoc

113 4414 375 4485 oppidum
408 4428 577 4485 super
605 4427 760 4468 mare
795 4410 1069 4468 Mortunm
1097 4417 1213 4476 est,
1242 4407 1401 4463 salsis
1429 4407 1614 4477 aquis,
1663 4416 1719 4462 et

112 4515 181 4569 ob
217 4514 328 4571 hoc
358 4516 543 4585 ipsum
571 4509 870 4568 sterilibus.
904 4507 1032 4565 Sive
1060 4513 1240 4562 autem
1280 4505 1466 4559 allusit
1507 4502 1576 4558 ad
1620 4516 1719 4557 no-

115 4609 397 4676 men,sive
429 4606 575 4678 quod
604 4613 731 4661 ante
760 4612 866 4658 non
888 4602 1084 4665 fuerat,
1108 4597 1552 4670 postvastitatem
1570 4596 1715 4653 acci-

112 4700 208 4764 dit,
242 4711 304 4755 ut
331 4699 505 4756 etiam
533 4712 688 4767 aquae
712 4694 769 4750 in
802 4691 1218 4748 amaritudinem
1240 4698 1604 4745 verterentur.

184 4793 322 4860 Quia
352 4794 497 4849 aruit
548 4790 729 4855 herba,
761 4788 944 4859 defecit
993 4802 1198 4859 germen
1219 4827 1234 4852 ,
1275 4785 1418 4839 viror
1443 4786 1609 4840 omnis
1636 4785 1718 4839 in-

112 4887 268 4939 teriit.
315 4884 441 4941 Non
494 4892 553 4938 ut
580 4880 798 4954 quidam
841 4887 1050 4950 putant,
1078 4891 1208 4933 vere
1238 4883 1457 4947 propter
1501 4876 1717 4932 steriles

184 5013 209 5041 υ
243 5002 311 5057 Et
351 5002 411 5056 in
458 5000 598 5054 libris
628 4997 1006 5065 Qtuestionum,
1038 5001 1143 5065 etc.
1188 4991 1425 5065 Consule
1454 4992 1716 5059 Quaestio-

114 5090 209 5131 nes
231 5074 539 5130 Hebraicas
572 5070 625 5124 in
651 5063 858 5125 Cenes.
890 5067 996 5121 col.
1029 5063 1156 5120 306.
1187 5063 1454 5117 Murrum.

180 5175 254 5186 —
280 5144 430 5199 Vide
458 5138 805 5209 Quastinnes
841 5138 896 5192 in
926 5136 1126 5193 Genes.
1151 5141 1304 5209 _to‘m.
1332 5148 1389 5187 ιιι
1408 5174 1421 5194 ,
1451 5146 1573 5202 pag.
1605 5132 1714 5209 {{26

115 5224 167 5271 et
191 5216 324 5280 554,
354 5222 414 5268 et
442 5202 560 5283 (ηὗρε
593 5212 664 5266 ibi
694 5209 1074 5283 annotavimus
1094 5205 1345 5283 .:_Li|_tros‘
1372 5219 1588 5283 quoque
1609 5202 1717 5283 N_o.

113 5275 320 5342 mitium
356 5275 783 5340 Hebraicorum.
808 5279 864 5334 lu
897 5277 1184 5348 Epitapltio
1216 5276 1397 5348 Paulae
1420 5276 1604 5348 Segor,
1635 5275 1716 5328 in-

112 5360 248 5426 quit,
280 5356 507 5410 vitulam
532 5345 1075 5426 conternantemsquté
1097 5349 1241 5426 prius
1261 5345 1396 5400 Bala
1415 5346 1712 5426 vocabatur,

110 5419 155 5481 Et
184 5419 244 5482 in
267 5426 529 5492 Zoaram,
560 5424 614 5478 id
643 5432 738 5491 cst,
772 5419 1043 5494 parvulam
1093 5419 1229 5491 Syro
1275 5431 1507 5472 sermone
1546 5425 1718 5468 trans-

114 5499 217 5608 lati?
243 5507 657 5623 el‘lla’nztﬁudum
704 5565 1010 5620 instaurare
1037 5560 1221 5618 conati
1268 5565 1396 5615 sunt
1432 5555 1584 5611 docti
1611 5556 1718 5611 viri

114 5640 460 5698 sententiam
489 5637 560 5693 de
588 5636 779 5693 incolis
830 5635 1029 5690 montis
1057 5632 1201 5688 Oreb
1238 5646 1340 5702 pro
1366 5626 1584 5695 corvis,
1626 5627 1719 5697 qui

644 5731 915 5792 Panos“
950 5726 1192 5791 XXIV.

1844 1843 1966 1883 nem
1994 1830 2097 1884 erit
2126 1830 2386 1885 visitatio.
2409 1830 2787 1887 Visitationem
2813 1833 2898 1888 hic
2927 1849 3032 1888 non
3062 1850 3162 1904 pro
3184 1837 3446 1906 remedio,

1843 1920 1936 1975 sed
1966 1935 2067 1990 pro
2095 1922 2251 1993 plaga
2298 1923 2504 1994 accipe.
2546 1922 2782 1979 Visitabo
2803 1967 2818 1991 ,
2853 1925 3063 1995 inquit,
3096 1929 3151 1981 in
3176 1929 3323 1998 virga
3348 1930 3451 1983 ini-

1840 2014 2059 2082 quitates
2087 2031 2285 2079 eorum,
2319 2025 2365 2069 et
2412 2017 2470 2070 in
2513 2016 2805 2071 verberibus
2858 2029 3067 2088 peccata
3112 2035 3291 2073 eorum
3325 2020 3445 2092 (Ps.

1840 2120 2111 2171 Lxxxvm,
2138 2106 2256 2175 55).
2283 2106 2607 2162 Torrentem
2640 2109 2891 2175 salicum,
2921 2110 3234 2181 Babyloniae
3258 2113 3444 2182 accipe

1839 2193 2087 2259 flumina,
2119 2196 2187 2250 de
2214 2197 2409 2266 quibus
2441 2198 2633 2262 David,
2667 2198 2731 2251 In
2759 2200 3003 2253 salicibus
3044 2202 3098 2254 in
3130 2204 3301 2256 medio
3330 2206 3448 2272 ejus

1838 2287 2197 2359 suspendimus
2239 2304 2437 2359 organa
2481 2299 2659 2343 nostra
2706 2290 2827 2362 (Ps.
2879 2307 3075 2346 cxxxvt
3102 2335 3117 2358 ,
3162 2294 3220 2365 9.)
3265 2312 3278 2346 :
3331 2296 3448 2350 sive

1838 2380 2033 2435 vallem
2062 2378 2301 2447 Arabiae,
2332 2396 2431 2450 per
2459 2396 2621 2450 quam
2660 2383 2907 2451 pergitur
2936 2382 3002 2435 ad
3033 2383 3310 2454 Assyrios.

1908 2472 2088 2543 (Vers.
2157 2471 2241 2545 8.)
2309 2471 2572 2541 Quoniam
2624 2473 2860 2526 circutbit
2927 2474 3124 2527 clamor
3174 2475 3449 2532 terminum

1836 2564 2018 2633 Moab,
2050 2583 2211 2638 usque
2260 2567 2329 2620 ad
2358 2565 2587 2638 Agnllim
2616 2566 2849 2621 ululatus
2897 2570 3031 2639 ejus,
3088 2578 3138 2620 et
3178 2585 3340 2639 usque
3379 2569 3448 2622 ad

1833 2670 2045 2730 puteum
2072 2659 2217 2714 Elim
2255 2661 2453 2714 clamor
2491 2661 2625 2731 ejus.
2658 2660 2863 2716 Eadem
2912 2676 3086 2731 prope
3132 2663 3349 2728 omnia,
3395 2671 3451 2718 et

1833 2748 2103 2805 Jeremias
2148 2752 2366 2807 scribit.
2403 2750 2539 2807 Sunt
2568 2761 2749 2808 autem
2780 2753 2961 2820 urbes,
2995 2763 3048 2807 et
3076 2753 3192 2809 loca
3238 2754 3445 2809 Moabi-

1835 2851 2033 2909 tarum,
2076 2843 2132 2898 in
2158 2845 2354 2915 quibus
2384 2844 2613 2912 clamor,
2646 2854 2704 2901 et
2753 2845 2977 2915 ejulatio
3008 2848 3207 2917 captivi
3255 2850 3440 2919 pepuli

1835 2932 2187 2989 describitur.

1911 3023 2091 3095 (Vers.
2118 3024 2201 3093 9.)
2231 3024 2370 3089 Quia
2398 3040 2545 3093 aquae
2572 3027 2742 3081 Dibon
2768 3029 2979 3099 repleta:
3008 3042 3126 3086 sunt
3160 3037 3432 3106 sanguine.

1833 3118 1938 3175 Ubi
1969 3118 2123 3188 prius
2152 3126 2267 3187 erat
2313 3118 2524 3172 luxuria
2582 3130 2802 3189 propter
2854 3123 3090 3193 irriguos
3140 3141 3297 3197 agros
3324 3169 3339 3192 ,
3385 3138 3441 3183 et

1832 3211 2015 3265 fontes
2024 3210 2223 3282 jugiter
2237 3219 2574 3276 emanautes,
2592 3211 2667 3265 ibi
2694 3228 2803 3280 prie
2820 3215 3436 3276 multitudineinterfec-

1832 3311 2014 3358 torum
2046 3303 2146 3357 rivi
2179 3303 2457 3373 sanguinis
2485 3303 2677 3358 fluent.

1906 3394 2112 3449 Portam
2140 3396 2274 3450 enim
2304 3411 2458 3466 super
2491 3406 2513 3434 ο
2545 3395 2717 3452 Dibon
2745 3390 3097 3453 additamenta
3126 3402 3205 3457 his
3229 3404 3318 3474 qui
3348 3404 3435 3473 fu-

1829 3488 1997 3558 gerint
2037 3488 2100 3542 de
2130 3488 2287 3542 Moab
2334 3488 2566 3555 leonem,
2613 3499 2663 3542 et
2710 3490 2944 3560 reliquiis
2990 3501 3156 3547 terra.
3207 3493 3286 3549 Ne
3315 3494 3439 3564 quis

1828 3578 2122 3649 Scriptoris
2150 3579 2340 3634 vitium
2377 3588 2560 3650 putet,
2603 3589 2661 3637 et
2689 3597 2933 3637 errorem
2977 3586 3273 3642 emendare
3303 3588 3432 3646 dum

1826 3672 1973 3739 vult,
2005 3671 2201 3739 faciat,
2256 3686 2360 3726 una
2393 3672 2522 3728 urbs
2552 3680 2608 3728 et
2637 3689 2735 3743 per
2766 3673 2847 3741 Μ,
2880 3683 2932 3730 et
2966 3691 3064 3745 per
3090 3676 3156 3742 B,
3192 3678 3427 3735 litteram

1823 3763 2078 3819 scribitur
2103 3782 2116 3819 :
2143 3764 2186 3819 E
2210 3764 2404 3835 quibus
2426 3764 2640 3833 Dimon,
2668 3767 2935 3822 silentium
2965 3766 3425 3839 interpretantur;

1821 3857 2018 3926 Dibon,
2051 3859 2239 3927 ﬂuens.
2274 3856 2451 3913 Indito
2482 3868 2712 3931 utroque
2742 3861 2966 3916 nomine
2994 3873 3219 3933 prepter
3240 3865 3428 3921 latices

1821 3949 1914 4019 qui
1949 3949 2108 4005 tacite
2136 3951 2331 4018 fluant,
2353 3967 2528 4021 usque
2549 3953 2714 4008 hodie
2738 3953 3113 4009 indifferenter
3149 3965 3202 4010 et
3232 3955 3427 4011 Dimon

1821 4053 1875 4099 et
1902 4042 2081 4099 Dibon
2110 4044 2215 4099 hoc
2263 4045 2579 4113 oppidulum
2628 4044 2850 4098 dicitur.
2886 4043 3040 4110 Quod
3071 4054 3251 4099 autem
3303 4047 3375 4101 ait
3411 4066 3424 4100 :

1825 4136 2025 4192 Ponam
2063 4154 2220 4208 super
2250 4137 2425 4203 Dibon
2452 4136 2830 4202 additamenta,
2867 4145 2923 4191 et.
2950 4139 3308 4208 quaestionem
3342 4140 3419 4195 fa-

1819 4243 1946 4285 cere
1975 4230 2280 4295 videbatur,
2318 4230 2447 4300 quid
2496 4236 2673 4296 esset,
2724 4232 2976 4300 sequenti
3006 4234 3276 4288 versiculo
3328 4235 3423 4291 de-

1820 4321 2143 4374 monstravit
2171 4319 2359 4375 dicens‘
2384 4338 2396 4374 :
2425 4320 2525 4374 His
2552 4323 2640 4391 qui
2668 4324 2894 4392 fugerint
2921 4323 2985 4377 de
3008 4324 3165 4379 Moab
3196 4327 3419 4394 leonem,

1822 4421 1873 4468 et
1901 4412 2130 4481 reliquiis
2159 4420 2306 4465 teme
2337 4428 2357 4466 :
2383 4422 2442 4467 ut
2472 4415 2633 4467 etiam
2658 4415 2750 4484 qui
2772 4415 2894 4485 fuga
2920 4417 3058 4487 lapsi
3081 4426 3230 4484 sunt,
3254 4435 3283 4473 a
3307 4420 3422 4475 bes-

1824 4509 1914 4564 tiis
1962 4512 2368 4562 consumantur.
2399 4505 2735 4574 Quamquam
2787 4516 2841 4561 et
2891 4523 2989 4583 per'
3041 4510 3421 4576 metaphoram

1824 4599 2073 4662 leonem,
2124 4610 2311 4667 regem
2363 4593 2601 4649 hostium
2649 4608 2938 4664 possumus
2988 4599 3328 4668 intelligere,
3364 4612 3426 4656 ut

1824 4689 2123 4763 potentiam
2156 4687 2274 4759 ejus
2305 4685 2458 4758 quasi
2491 4685 2727 4756 rugitum
2776 4700 2937 4740 nemo
2967 4688 3137 4755 possit
3168 4688 3419 4744 evadere.

1898 4781 2054 4853 (Cap.
2086 4779 2225 4834 XVI.
2274 4807 2346 4821 —-
2373 4776 2531 4833 Vers.
2568 4775 2646 4847 1.)
2680 4773 2873 4829 Emitte
2918 4775 3152 4848 Agnum,
3184 4778 3422 4834 domina-

1825 4887 1986 4933 torem
2014 4886 2191 4943 terrtr,
2227 4876 2290 4929 de
2337 4883 2485 4941 petra
2528 4872 2718 4925 deserti
2747 4870 2819 4923 ad
2847 4878 3072 4925 montem
3105 4872 3234 4942 ﬁlia:
3264 4872 3416 4931 Sion.

1824 4992 1957 5048 Elite
1999 4990 2340 5059 prmbnerint
2366 4987 2647 5041 alimenta.
2680 4984 2879 5059 verum
2929 4986 3019 5041 illa
3052 4988 3249 5044 nedum
3280 4992 3424 5049 anti-

1823 5058 2102 5134 qttissimze
2128 5058 2469 5134 (Traditioni,
2502 5058 2777 5134 contraria
2811 5067 2909 5134 est,
2939 5059 3099 5134 etiam
3152 5061 3317 5134 obvio
3352 5079 3419 5121 ac

1821 5127 2003 5188 nativo
2022 5132 2318 5197 Scriptura:
2344 5127 2554 5190 sensui,
2578 5142 2697 5196 qua:
2716 5132 2920 5188 tau-ny
2943 5130 3205 5185 voeabqu
3224 5148 3421 5189 corvos

1825 5219 1974 5271 aves,
1997 5220 2104 5258 non
2134 5200 2382 5271 homines
2402 5207 2715 5271 constanter
2738 5200 2936 5267 ubique
2956 5202 3215 5271 appellat.
3238 5202 3421 5269 Adde,

1820 5291 1927 5330 non
1953 5268 2009 5330 in
2034 5281 2219 5327 monte
2239 5268 2406 5334 Oreb,
2436 5268 2531 5323 sed
2557 5269 2708 5334 juxta
2741 5277 3036 5323 torrentem
3070 5268 3216 5321 Crith
3247 5268 3421 5324 Etiam

1820 5345 1990 5400 fuisse
2021 5342 2311 5404 nutritum;
2362 5354 2463 5393 nec
2492 5353 2654 5406 posse
2675 5379 2690 5401 ,
2723 5337 2863 5403 quod
2913 5336 3177 5406 suspicari
3200 5340 3422 5406 videtur

1821 5417 2184 5485 Hieronymus
2206 5404 2558 5485 ,_ullo__m_odo
2587 5405 2783 5459 Arabes
2827 5418 2925 5471 pro
2949 5406 3126 5458 corvis
3153 5404 3264 5459 illis
3287 5448 3302 5472 ,
3332 5417 3427 5463 aut

1820 5479 2195 5554 accolis'Oreb
2225 5479 2473 5554 iptelligi-
2495 5545 2510 5554 ,
2706 5544 2722 5554 _
2804 5544 2835 5554 ,,
3145 5542 3157 5554 .

1897 5568 1920 5597 ο
1949 5558 2007 5613 In
2033 5553 2199 5609 vatic.
2232 5544 2448 5616 Dimon,
2478 5545 2549 5602 de
2573 5558 2681 5612 qua
2706 5544 2945 5601 lectione
2978 5558 3104 5600 mox
3144 5544 3264 5612 ipse
3302 5546 3428 5605 Hie.

1820 5642 2084 5700 ronymus
2100 5621 2353 5689 disserit.

2823 5709 2864 5769 fi
