4008 6296
567 300 670 356 I71

1820 280 1877 336 S.
1909 273 2181 334 EUSEBll
2223 268 2600 327 HIERONYMI

3768 256 3871 312 {79

569 417 722 489 Quod
773 414 1216 479 interpretamur,
1267 416 1376 458 non
1426 408 1511 455 est
1563 396 1825 462 llistoria,
1863 396 2023 468 189
2074 391 2169 450 sed
2197 389 2253 451 Α
2278 389 2608 460 intelligunt.
2652 382 2836 440 Finito
2866 377 3186 437 Antichristi
3228 376 3475 448 pulvere,
3506 383 3562 431 et
3597 381 3869 430 vastatore

572 485 878 581 prOphetia.
912 497 1100 555 Omnis
1131 504 1310 549 autem
1344 489 1627 564 prophetia
1660 486 2039 559 :enigmatibus
2085 485 2167 539 in-

572 577 832 658 volvitur,
858 600 911 647 et
937 587 1176 659 prmcisis
1204 581 1514 650 sententiis,
1541 581 1670 636 dum
1693 579 1760 635 de
1781 578 1890 633 alio
1909 577 2169 646 loquitur,

571 688 766 745 transit
795 684 862 740 ad
893 682 1039 738 aliud
1065 699 1078 736 :
1108 696 1177 735 nc
1207 680 1251 734 si
1283 677 1531 733 ordinem
1561 673 1842 743 Scriptura
1863 677 2170 734 conservet,

570 798 683 838 non
715 781 787 836 sit
832 776 1180 841 vaticinium,
1216 771 1313 828 sed
1345 770 1603 826 narratio.
1642 766 1711 821 Et
1740 774 1824 822 est
1853 779 2049 819 sensus
2082 778 2096 817 :
2129 761 2173 815 Ο

564 874 727 931 Moab
752 913 766 937 ,
820 871 876 925 in
927 883 1091 940 quam
1123 864 1483 922 desaeviturus
1513 870 1593 917 est
1650 860 1758 925 leo,
1792 868 1846 912 et
1875 858 1943 911 dc
1974 870 2076 926 qua
2106 867 2175 909 ne

563 966 815 1039 reliquiae
847 964 1066 1035 quidem
1118 960 1316 1016 salvari
1347 964 1636 1029 poterunt.
1690 953 1889 1008 habeto
1919 948 2175 1005 solatium

567 1061 677 1117 hoc
711 1077 723 1112 :
759 1055 1086 1129 Egredietur
1115 1052 1183 1109 de
1214 1060 1268 1108 te
1295 1052 1483 1122 Agnus
1510 1045 1888 1104 immaculatus
1910 1043 1999 1113 qui
2024 1041 2180 1096 tollat

564 1161 798 1227 peccata
846 1148 1069 1213 mundi,
1103 1146 1198 1218 qtti
1245 1143 1557 1200 dominetur
1605 1140 1660 1195 in
1706 1138 1839 1194 orbe
1886 1144 2175 1190 terrarum.

570 1223 653 1304 De
698 1256 851 1318 petra
900 1240 1147 1304 deserti,
1200 1236 1304 1291 hoc
1353 1244 1470 1302 est,
1518 1233 1586 1288 de
1634 1230 1801 1297 Ruth,
1831 1242 1951 1298 quae
2002 1223 2179 1279 mariti

569 1313 753 1397 morie
798 1335 1016 1392 viduata
1045 1375 1058 1399 ,
1102 1331 1169 1386 de
1209 1329 1353 1384 Booz
1390 1325 1576 1396 genuit
1623 1320 1774 1378 Obed
1822 1328 1877 1374 et
1911 1318 1979 1373 de
2029 1313 2179 1370 Obed

570 1432 765 1497 Jesse,
817 1437 871 1483 et
918 1425 987 1482 de
1039 1424 1193 1480 Jesse
1243 1419 1454 1484 David,
1486 1429 1538 1472 et
1585 1416 1653 1471 de
1684 1412 1850 1469 David
1882 1409 2177 1466 Christum.

566 1526 808 1582 Montem
839 1529 1019 1575 autem
1044 1516 1170 1570 ﬁliae
1192 1513 1347 1579 Sion,
1373 1520 1468 1566 aut
1500 1511 1673 1578 ipsam
1706 1507 1896 1561 urbem
1919 1502 2181 1558 Hierosoo

573 1619 778 1688 lymam
825 1608 1334 1680 interpretabimur,
1367 1612 1457 1658 aut
1483 1602 1637 1671 juxta
1669 1605 1938 1654 sacratam
1980 1591 2180 1648 intelli-

566 1683 843 1779 gentiam,
897 1700 1229 1765 Ecclesiam,
1263 1706 1384 1766 qua:
1435 1693 1506 1747 sit
1552 1693 1603 1745 in
1652 1689 1912 1745 virtutum
1946 1683 2182 1740 culmine

574 1798 893 1855 constituta.

653 1889 837 1963 (Vers.
869 1884 951 1952 2.)
991 1881 1060 1936 Ει
1090 1883 1209 1944 erit,
1241 1880 1373 1932 sicut
1419 1874 1527 1930 avis
1576 1875 1800 1944 fugiens,
1850 1881 1897 1925 et
1942 1867 2072 1939 pulli
2124 1867 2187 1920 de

574 1984 700 2040 nido
741 1978 1024 2041 avolantes,
1078 1975 1151 2029 sic
1190 1979 1343 2027 erunt
1395 1969 1520 2038 ﬁlia:
1572 1965 1729 2021 Moab
1779 1965 1832 2017 in
1885 1970 2185 2016 transcensu

572 2078 776 2132 Arnon.
803 2069 965 2126 Redit
988 2068 1057 2122 ad
1088 2065 1339 2121 ordinem
1391 2075 1552 2132 quem
1593 2064 1819 2127 ceperat
1859 2074 1870 2108 :
1917 2054 2053 2109 Cum
2089 2066 2184 2122 po-

570 2185 762 2235 sucro,
794 2163 999 2235 inquit,
1030 2162 1114 2216 his
1142 2160 1234 2230 qui
1266 2155 1506 2226 fugerint
1533 2153 1601 2208 de
1628 2151 1808 2215 Moab,
1857 2156 1913 2202 et
1938 2143 2186 2214 reliquiis

571 2277 734 2323 terrae
774 2263 992 2317 leonem
1024 2251 1418 2313 smvissimum,
1463 2246 1557 2317 qui
1604 2258 1798 2300 eorum
1828 2249 1999 2303 artus,
2033 2251 2185 2292 ossa-

572 2373 679 2428 que
723 2350 1058 2420 confriugat,
1114 2357 1243 2401 tunc
1286 2339 1473 2413 pavidi
1520 2335 1842 2398 avolabunt,
1893 2339 1948 2387 et
1992 2340 2185 2383 omnes

578 2419 731 2517 ἐίιίω,
779 2444 832 2501 id
879 2419 984 2507 est,
1036 2438 1205 2503 villae,
1253 2443 1307 2489 et
1353 2431 1518 2486 urbes
1566 2426 1868 2498 provinciae
1896 2420 2077 2486 Moab,
2129 2419 2183 2473 in

574 2514 909 2600 transcensu
979 2535 1167 2587 Arnon
1215 2527 1565 2595 migrabunt,
1621 2521 1713 2591 qui
1771 2529 1854 2574 est
1918 2514 2183 2570 terminus

572 2633 1048 2694 Amorrhaeorum,
1079 2631 1134 2679 et
1163 2617 1546 2677 Moabitarum.
1568 2614 1968 2669 Transcensum
2001 2620 2181 2666 autem

576 2740 633 2786 et
659 2727 749 2783 hic
775 2734 1006 2795 ponens,
1039 2714 1416 2785 captivitatem
1448 2707 1741 2778 significat.

645 2821 825 2894 (\‘crs.
870 2815 928 2878 5,
958 2810 1042 2879 4.)
1077 2807 1163 2862 Ini
1193 2802 1466 2859 consilium
1490 2845 1505 2869 ,
1541 2815 1663 2871 coge
1692 2798 1966 2853 concilium
2001 2813 2020 2850 :
2051 2812 2183 2866 pone

576 2889 722 2985 quasi
756 2914 960 2961 noctem
988 2901 1220 2956 umbram
1267 2909 1406 2951 luant
1433 2897 1488 2948 in
1521 2892 1752 2957 meridie,
1806 2889 2058 2945 absconde
2099 2890 2183 2957 fu-

575 2982 789 3078 gientes,
829 3007 875 3053 et
908 3006 1060 3065 vagos
1099 3009 1162 3045 ne
1192 2988 1403 3061 prodas.
1458 2983 1783 3040 Habitabant
1811 2982 1951 3055 apud
1983 2992 2030 3036 te
2061 2997 2183 3051 pro-

579 3075 691 3168 fugi
722 3092 819 3146 mei
851 3106 870 3144 :
904 3084 1082 3154 Moab,
1116 3091 1221 3137 esto
1262 3078 1534 3134 latibulum
1573 3093 1750 3132 eorum
1790 3092 1821 3129 tt
1854 3075 1983 3145 facie
2012 3082 2183 3127 vasta-

2275 481 2510 547 sublato,
2568 477 2659 548 qui
2705 473 3071 532 conculcabat
3115 470 3432 526 universam
3494 477 3720 531 terram,
3780 482 3868 519 rex

2273 573 2526 630 Christus
2547 571 2821 637 adveniet,
2857 553 2958 640 qui.
2974 566 3188 623 sedebit
3215 565 3269 619 in
3303 561 3659 618 tabernaculo
3680 556 3866 623 David,

2276 676 2333 723 et
2362 668 2415 721 in
2461 666 2549 721 die
2585 662 2778 735 judicii
2817 660 3010 717 reddet
3055 657 3262 715 cunctis
3292 672 3389 727 pro
3440 652 3698 725 operibus
3740 651 3866 707 suis.

2274 757 2388 814 Nec
2438 766 2521 813 est
2576 755 2687 809 ulla
2742 751 3046 815 dubitatio,
3105 749 3234 821 quin
3285 742 3580 817 capitulum
3644 743 3747 798 hoc
3809 741 3871 797 de

2277 851 2499 906 Christo
2538 848 2887 904 vaticinetur.
2917 844 3022 901 Sed
3054 861 3152 899 ttos
3195 843 3250 897 in
3283 841 3464 912 primo
3512 838 3752 893 adventu
3798 828 3870 890 id-

2278 943 2454 1013 ipsum
2485 940 2798 1011 intelligere
2821 944 3313 1009 possumus,atque
3342 929 3678 987 qucelesia:
3705 928 3871 984 taber-

2279 1034 2473 1089 naculo
2504 1033 2906 1097 demonstrare,
2937 1028 3080 1099 quod
3113 1028 3166 1082 in
3196 1026 3345 1082 omni
3392 1034 3540 1080 terra
3576 1020 3733 1077 Moab
3778 1019 3871 1076 Ec-

2280 1126 2568 1181 clesiarum
2634 1132 2835 1193 tropma
2873 1120 3155 1192 surgentia
3205 1116 3408 1174 Christi
3454 1125 3725 1172 testentur
3781 1112 3871 1168 im-

2282 1220 2511 1287 perium.
3610 1268 3615 1275 η

2356 1310 2537 1382 (Vers.
2572 1309 2626 1374 6,
2666 1307 2749 1379 7.)
2798 1306 3100 1361 Audiuimus
3143 1302 3436 1375 superbiam
3473 1299 3653 1368 Moab,
3703 1314 3871 1368 super-

2282 1402 2375 1456 bus
2404 1410 2478 1455 est
2530 1399 2678 1453 valde
2710 1416 2728 1453 :
2773 1397 3013 1471 superbia
3059 1400 3192 1469 ejus,
3230 1405 3276 1449 et
3319 1393 3621 1465 arrogantia
3650 1393 3782 1463 ejus,
3832 1399 3869 1443 et

2282 1492 2570 1565 indignatio
2599 1494 2732 1565 ejus,
2772 1489 3046 1563 plusquam
3087 1486 3335 1560 fortitudo
3365 1489 3496 1557 ejus.
3533 1481 3740 1537 Idcirco
3770 1482 3875 1535 ulu-

2284 1584 2409 1639 labit
2441 1584 2597 1639 Moab
2628 1583 2696 1636 ad
2752 1581 2928 1649 Moab,
2969 1580 3234 1635 universus
3264 1574 3481 1632 ululabit
3506 1593 3523 1630 :
3553 1574 3639 1629 Itis
3674 1573 3764 1645 qui
3792 1574 3873 1627 lte-

2286 1685 2461 1730 tantur
2507 1692 2660 1748 super
2708 1688 2881 1728 inuras
2947 1673 3075 1727 cocti
3123 1668 3320 1739 lateris,
3381 1666 3656 1738 loquimini
3710 1667 3874 1738 plagas

2211 1772 2264 1835 Β
2289 1771 2424 1841 ejus.
2467 1766 2703 1822 Rursum
2739 1766 2804 1820 ad
2852 1763 3142 1836 praesentia
3180 1761 3343 1830 redit,
3388 1769 3444 1815 et
3481 1757 3757 1829 superbiae
3795 1772 3875 1811 ar-

2286 1863 2403 1933 guit
2455 1861 2631 1928 Moab,
2692 1860 2835 1930 quod
2881 1857 3054 1913 multo
3086 1858 3207 1927 plus
3254 1854 3434 1911 elatus
3473 1854 3544 1907 sit
3583 1866 3748 1923 quam
3771 1850 3877 1919 ejus

2285 1955 2550 2010 fortitudo
2578 1953 2860 2026 poscebat,
2897 1964 2951 2007 et
2981 1961 3208 2025 promer
3234 1948 3375 2003 hanc
3400 1943 3724 2015 superbiam
3773 1942 3881 1997 ulu-

2285 2048 2501 2103 laturus
2523 2048 2594 2101 sit
2616 2046 2774 2101 Moab
2799 2043 2866 2099 ad
2892 2044 3076 2111 Moab,
3109 2042 3161 2097 id
3190 2049 3294 2105 est,
3321 2039 3556 2111 populus
3577 2036 3645 2092 ad
3679 2036 3878 2099 urbem,

2289 2137 2373 2194 vel
2398 2137 2718 2209 metrOpolis
2762 2136 2829 2191 ad
2861 2132 3222 2206 provinciam,
3258 2141 3311 2188 et
3353 2139 3552 2187 cuncta
3598 2124 3881 2183 ululatibus

2287 2240 2432 2285 terra
2460 2229 2743 2285 resonabit
2769 2243 2936 2297 super
2960 2240 3148 2281 muros
3176 2222 3318 2281 cocti
3347 2220 3555 2287 lateris,
3590 2220 3661 2276 de
3702 2219 3881 2291 quibus

2287 2336 2340 2379 et
2368 2323 2634 2379 Jeremias
2682 2322 2760 2376 ait
2799 2339 2813 2377 :
2854 2319 2987 2374 Ideo
3039 2335 3195 2390 super
3246 2313 3403 2370 Moab
3458 2314 3689 2389 ejulabo,
3733 2322 3779 2367 et
3821 2308 3879 2364 ad
3917 2319 3925 2326 '

2254 2411 2445 2469 ‘Moab
2493 2414 2786 2469 universum
2845 2408 2953 2483 [ΑΙ.
2996 2405 3316 2480 universam]
3360 2406 3619 2475 clamabo,
3660 2407 3729 2460 ad
3761 2406 3879 2459 viros

2285 2508 2421 2560 muri
2451 2504 2628 2575 ﬁctilis
2659 2507 2999 2560 lamentantes
3016 2500 3238 2577 (Jerem.
3274 2516 3465 2567 xum,
3498 2498 3618 2569 3i).
3650 2498 3881 2569 Perlth

2284 2610 2466 2656 autem
2498 2609 2552 2655 et
2585 2601 2886 2670 potentiam
2916 2598 3163 2669 pristinae
3195 2594 3491 2663 felicitatis,
3520 2604 3576 2649 et
3602 2593 3784 2665 plagas
3807 2606 3881 2649 re-

2287 2694 2531 2764 pentina:
2563 2688 2941 2747 subversionis
2970 2688 3236 2745 ostendit.

2359 2785 2544 2858 (Vers.
2571 2783 2652 2850 8.)
2681 2783 2938 2852 Quoniam
2977 2781 3269 2839 suburbana
3294 2776 3495 2835 Escbon
3520 2777 3723 2834 deserta
3747 2788 3881 2838 sunt,-

2284 2880 2312 2919 ιι
2345 2880 2489 2934 vinea
2523 2878 2770 2935 Sabanta.
2822 2876 2967 2934 Inter
3000 2875 3216 2932 Esebon
3249 2886 3305 2932 et
3335 2873 3574 2932 Sabama
3605 2877 3695 2933 vix
3734 2882 3880 2950 quin-

2282 2977 2430 3048 genti
2463 2990 2657 3047 passus
2685 2983 2832 3041 sunt,
2874 2984 2928 3029 et
2959 2988 3059 3044 per
3088 2971 3463 3044 metaphoram
3503 2973 3699 3042 vineae,
3719 2972 3880 3029 omnis

2284 3069 2583 3138 provincia:
2612 3066 2885 3137 significat
2915 3066 3250 3121 vastitatem.

581 3186 729 3252 (om,
764 3182 942 3254 tim-ms
973 3186 1047 3232 es,
1075 3175 1213 3230 enim
1243 3170 1434 3245 pum“,
1484 3160 1863 3224 εοηεηηιηιαιιίξ
1905 3175 1977 3220 εει
2008 3165 2180 3234 miser,
2210 3158 2257 3221 C
2361 3156 2570 3213 Domini
2619 3160 2849 3229 gentium
2899 3157 3197 3212 exciderunt
3243 3155 3453 3229 ﬂagella
3518 3163 3653 3231 ejus.
3704 3159 3881 3214 Servat

578 3278 770 3350 defecit
823 3274 911 3345 qui
967 3267 1300 3324 conculcabat
1347 3272 1553 3318 tetram.
1604 3261 1710 3316 Pro
1757 3261 1940 3314 misero
1971 3259 2025 3312 in
2074 3257 2182 3311 He-

578 3348 768 3430 braico
797 3366 1004 3436 legitur
1051 3377 1151 3417 son
1178 3360 1340 3430 (TD),
1368 3356 1512 3426 quod
1546 3360 1724 3425 potest
1755 3360 1811 3408 et
1832 3360 2058 3407 vastator
2104 3348 2186 3403 in-

574 3461 771 3533 telligi.
804 3457 1070 3527 Loquitur
1099 3460 1283 3505 autem
1324 3447 1392 3501 ad
1422 3446 1599 3513 Moab,
1626 3454 1681 3499 ut
1713 3444 2002 3500 consilium
2034 3441 2183 3495 salu-

576 3558 650 3611 tis
684 3551 949 3615 inveniat,
990 3556 1046 3601 et
1085 3542 1311 3598 senibus
1352 3539 1719 3607 congregatis,
1748 3544 1910 3606 cogat
1950 3535 2189 3589 salutare

580 3642 897 3699 concilium.
928 3636 1044 3701 Vis,
1099 3631 1299 3699 inquit,
1342 3626 1521 3681 salvus
1573 3642 1717 3693 esse,
1745 3637 1801 3680 et
1843 3625 1939 3680 Dei
1978 3624 2191 3679 miscri-

581 3735 825 3793 cordiam
869 3725 1215 3801 promereri?
1262 3723 1317 3779 ltt
1362 3721 1509 3776 clara
1554 3722 1695 3785 luce,
1748 3729 1803 3774 et
1847 3726 2034 3787 aperta
2067 3716 2188 3787 fuga

582 3826 772 3898 p0puli
799 3823 929 3888 mei,
970 3827 1029 3873 tu
1060 3815 1217 3887 quasi
1246 3828 1358 3868 nox
1388 3821 1441 3866 et
1466 3812 1660 3867 umbra
1688 3818 1827 3875 esto,
1859 3810 2075 3878 suscipe
2108 3805 2191 3863 fu-

580 3922 819 3993 gientes,
864 3923 1139 3984 vagosque
1184 3921 1254 3961 ne
1284 3903 1506 3975 prodas.
1538 3904 1602 3958 Et
1637 3903 1739 3956 hoc
1773 3916 1940 3971 quare
1967 3900 2190 3968 dixerit,

581 3991 772 4068 statim
815 4005 1015 4063 infert:
1059 3999 1387 4056 Habitabant
1417 3993 1558 4067 apud
1589 4003 1637 4049 te
1665 3993 1875 4067 profugi
1904 3992 2025 4048 mei.
2060 3991 2191 4048 Vas-

583 4112 693 4159 tata
725 4101 872 4157 enim
920 4093 1255 4159 Jerusalem,
1303 4098 1360 4145 et
1400 4088 1549 4142 omni
1583 4083 1770 4140 Iudaea
1803 4098 1922 4154 qua:
1954 4079 2192 4139 confinis

587 4204 675 4252 est
724 4190 999 4254 Moabitis,
1048 4187 1115 4242 ad
1165 4194 1219 4240 te
1270 4197 1427 4237 meus
1472 4178 1711 4250 populus
1761 4177 2191 4248 transmigrabit.

591 4287 724 4341 Esto
762 4283 929 4352 igitur
975 4277 1265 4333 latibulum
1314 4287 1530 4336 eorum,
1562 4282 1665 4324 nec
1698 4268 1888 4323 timeas
1932 4269 2192 4338 impetum

588 4371 912 4437 vastatoris,
940 4369 1070 4440 quia
1098 4367 1243 4421 sicut
1271 4362 1448 4434 pulvis
1486 4362 1597 4416 cito
1611 4358 1873 4422 ,transibit
1907 4377 1917 4412 :
1946 4371 1999 4417 et
2028 4360 2198 4431 depo-

589 4468 811 4541 pulator
838 4463 1109 4518 universae
1134 4466 1316 4523 terrae,
1351 4454 1441 4525 qui
1474 4450 1830 4509 conculcabat
1862 4469 2002 4518 eam,
2040 4452 2199 4525 190

2290 3252 2704 3308 translationem
2730 3266 2893 3322 quam
2927 3258 3195 3321 coeperat,
3231 3249 3534 3306 ostendens
3574 3266 3732 3322 reges
3768 3267 3882 3323 gett-

2289 3345 2446 3409 tium,
2481 3344 2570 3415 qui
2600 3350 2950 3398 vastaverant
2978 3340 3159 3412 Moab,
3188 3355 3381 3397 omnes
3411 3340 3622 3397 viculos
3649 3342 3879 3410 castella-

2289 3453 2393 3508 que
2422 3437 2807 3508 depopulatos.

2368 3530 2523 3602 191
2559 3528 2729 3600 Usque
2777 3529 2844 3581 ad
2883 3526 3041 3582 Jazer
3067 3537 3405 3600 pervenerunt
3445 3540 3793 3583 :erraverunt
3834 3527 3876 3578 in

2293 3620 2493 3675 deserto
2530 3637 2546 3674 :
2578 3620 2890 3691 propagines
2932 3623 3045 3692 ejus
3095 3617 3290 3673 relicta:
3335 3629 3453 3674 sunt
3507 3636 3526 3674 :
3578 3622 3875 3675 transierunt

2293 3730 2452 3767 mare.
2488 3711 2724 3782 Flagella
2757 3721 2810 3766 et
2858 3711 3184 3781 pr0pagines
3225 3712 3483 3780 populum
3531 3708 3874 3782 fugitivosque

2292 3806 2411 3877 ejus
2460 3804 2701 3876 intellige
2746 3821 2759 3858 :
2793 3811 2848 3859 et
2888 3804 3174 3858 transitum
3209 3805 3377 3859 maris
3419 3806 3791 3875 captivitatem
3833 3804 3873 3857 in

2294 3895 2649 3969 Babylonem,
2682 3894 2750 3951 de
2780 3910 2883 3966 qua
2931 3904 3116 3965 postea
3148 3892 3340 3950 lecturi
3385 3911 3599 3964 sumus,
3636 3896 3777 3950 Onus
3804 3895 3875 3948 de-

2295 3987 2421 4041 serti
2451 3988 2633 4041 maris.

2368 4076 2548 4145 (Vers.
2591 4076 2671 4149 9.)
2706 4077 2881 4150 Super
2908 4078 3005 4134 hoc
3036 4080 3248 4150 plorabo
3279 4081 3332 4134 in
3373 4076 3499 4150 ﬂetu
3527 4077 3707 4146 Jazer,
3751 4077 3877 4131 vinea

2300 4171 2573 4227 Sabama:
2602 4172 2864 4227 inebriabo
2894 4182 2940 4229 te
2970 4174 3199 4246 lacryma
3225 4192 3355 4242 utea,
3389 4171 3593 4227 Escbon
3623 4184 3668 4227 et
3700 4170 3877 4226 Eleale.

2298 4260 2417 4317 Vox
2447 4260 2754 4333 plangentis
2784 4262 3093 4334 PrOphetm,
3127 4274 3183 4319 et
3214 4263 3649 4335 magnitudinem
3680 4260 3879 4316 vastita-

2298 4353 2367 4408 tis
2402 4356 2762 4425 lacrymarum
2797 4354 3172 4428 magnitudine
3200 4355 3582 4422 contestantis,
3613 4353 3880 4423 flentisquc

2297 4446 2513 4501 vineam
2542 4444 2723 4515 Jazer,
2756 4458 2806 4503 et
2839 4448 3097 4516 Sabama,
3131 4459 3187 4505 et
3212 4448 3454 4514 Escbon,
3487 4457 3543 4503 et
3573 4446 3770 4511 Eleale,
3805 4460 3879 4498 ur-

589 4536 648 4618 et
676 4559 790 4615 suis
832 4554 1062 4628 pedibus
1103 4546 1465 4620 subjiciebat,
1508 4558 1638 4600 aura
1691 4544 1857 4599 ﬂante
1907 4543 2193 4615 disperict.
2224 4536 2278 4596 D
2304 4539 2403 4595 bes
2438 4540 2710 4610 quondam
2762 4540 3151 4607 validissimas,
3186 4539 3415 4612 Assyrio
3458 4546 3684 4609 putante
3725 4536 3879 4592 succi-

592 4650 825 4722 Quidam
871 4646 1047 4701 locum
1080 4641 1229 4696 hunc
1274 4638 1417 4693 male
1449 4635 1516 4691 de
1555 4633 1894 4690 Antichristo
1927 4634 2202 4704 interpre-

594 4753 804 4808 tantur,
835 4747 893 4793 ut
928 4743 1121 4807 putent
1161 4732 1397 4787 Sanctos
1426 4742 1493 4782 eo
1521 4737 1770 4794 tempore
1799 4736 2025 4797 propter
2064 4726 2197 4781 vici-

594 4837 741 4891 niam
773 4829 930 4887 urbis
959 4824 1352 4895 llierosolymae
1382 4820 1447 4874 ad
1496 4819 1706 4874 Arabas
1747 4817 2098 4879 transituros,
2147 4827 2200 4873 et

589 4940 738 4981 nunc
763 4921 844 4976 eis
871 4914 1120 4989 praecipi,
1155 4931 1223 4969 ne
1254 4910 1489 4983 prodant
1518 4908 1794 4979 fugientes
1822 4906 1887 4962 ad
1919 4922 2000 4962 se.

664 5010 846 5083 (Vers.
895 5005 977 5077 5.)
1012 5003 1077 5057 Et
1106 5005 1482 5075 prwparabitur
1510 5001 1567 5055 in
1597 4999 1948 5055 misericordia
1978 5000 2186 5067 solium,

593 5116 642 5162 et
687 5101 885 5160 sedebit
932 5113 1089 5168 super
1120 5105 1145 5132 α
1193 5094 1324 5150 illud
1373 5096 1426 5149 in
1476 5095 1704 5161 veritate,
1760 5092 1815 5147 in
1862 5091 2193 5148 tabernaculo

595 5197 790 5265 David,
817 5192 1069 5267 judicans
1097 5198 1147 5243 et
1177 5205 1405 5257 quarens
1430 5188 1707 5255 judicium,
1741 5195 1789 5241 et
1816 5187 2051 5242 velociter
2080 5185 2196 5240 red.

591 5294 717 5349 dens
746 5288 885 5357 quod
897 5289 1100 5360 justum
1132 5290 1229 5337 est.
1268 5281 1485 5335 Hebraei
1512 5280 1689 5333 locum
1720 5279 1880 5334 istum
1908 5280 1988 5333 sic
2020 5278 2192 5333 inter-

589 5392 877 5460 pretantur
908 5399 921 5434 :
948 5376 1157 5448 Fugato
1188 5372 1435 5448 Assyrio,
1470 5372 1722 5443 regnabit
1750 5372 1902 5428 Iudae
1933 5371 2199 5429 Ezechias

591 5458 691 5534 vir.
703 5479 908 5549 justus,
938 5481 994 5528 et
1021 5469 1280 5526 retinebit
1305 5467 1501 5523 solium
1528 5465 1725 5534 David,
1757 5458 2066 5535 subjecmm
2094 5467 2197 5522 sibi

587 5569 850 5641 populum
881 5563 980 5618 Dei
1016 5560 1271 5631 judicans
1310 5560 1362 5614 in
1407 5559 1664 5615 veritate.
1718 5557 1825 5612 Alii
1865 5556 1933 5610 de
1974 5556 2196 5612 Christo

667 5761 691 5790 ι
721 5750 949 5820 Legerat
966 5741 1244 5810 Martium,
1269 5755 1426 5812 super
1447 5755 1582 5797 eum.

2299 4646 2410 4685 53$.

2376 4721 2631 4788 Quoniam
2679 4740 2833 4794 super
2861 4722 3170 4779 vindemiam
3201 4733 3362 4789 tuam,
3410 4732 3458 4778 et
3505 4740 3663 4794 super
3691 4735 3879 4777 messem

2295 4824 2438 4867 tuam
2486 4829 2586 4868 rore
2628 4813 2938 4869 calcantium
2986 4816 3160 4869 irruit.
3192 4814 3512 4871 Calcatores
3568 4830 3789 4870 uvarum
3833 4819 3881 4866 et

2299 4904 2588 4961 vindemia:
2612 4905 2858 4963 laetitiam
2899 4917 3315 4979 congregantes,
3355 4907 3595 4964 hostium
3626 4906 3881 4962 exercitus

2298 4996 2561 5068 intellige,
2596 5006 2651 5053 et
2680 4997 2823 5068 quod
2852 4998 2907 5054 in
2941 5000 3061 5070 ipso
3093 4999 3303 5054 laetitia:
3344 5007 3593 5068 tempore
3621 4995 3882 5067 captivita-

2300 5089 2369 5144 tis
2393 5101 2605 5160 tempus
2630 5089 2934 5145 advenerit.

2366 5184 2550 5258 (Vers.
2600 5183 2717 5253 {0.)
2764 5183 2833 5238 Et
2871 5187 3139 5256 auferetur
3171 5185 3375 5251 ltetitia,
3423 5194 3471 5238 et
3500 5183 3775 5240 exsultatio
3826 5179 3879 5231 de

2296 5278 2555 5333 Carmelo.
2613 5278 2817 5332 ldioma
2863 5279 3270 5349 Scripturarum
3315 5287 3435 5345 est,
3477 5278 3625 5350 quod
3677 5288 3881 5347 semper

2296 5370 2606 5426 Carmelum
2642 5379 2879 5425 montem
2915 5369 3177 5441 opimum,
3208 5379 3368 5442 atque
3400 5385 3768 5434 nemorosum,
3799 5363 3881 5436 qui

2300 5461 2623 5516 Ptolemaidi
2655 5461 2925 5529 imminet,
2968 5473 3023 5518 et
3053 5462 3109 5517 in
3138 5478 3245 5533 quo
3277 5465 3455 5518 oravit
3494 5463 3663 5531 Elias,
3703 5456 3880 5515 fertili-

2298 5562 2393 5615 tati
2433 5570 2489 5616 et
2526 5559 2872 5616 abundantiae
2910 5567 3206 5631 comparet,
3252 5572 3317 5614 ac
3347 5572 3445 5629 per
3480 5560 3587 5616 hoc
3624 5553 3881 5628 signiﬁcat

2368 5737 2394 5777 δ
2423 5737 2480 5795 lu
2514 5754 2610 5796 sua
2634 5738 2886 5797 versione
2907 5732 3144 5811 praefert,
3169 5742 3220 5791 et
3246 5734 3447 5792 vineam
3468 5733 3720 5793 Sabama.

3321 5892 3333 5935 ἴ
