4008 6360
173 296 266 372 ira
689 308 1338 373 COMMENTARIORUM
1376 309 1446 371 ιω
1488 306 1724 372 ISAiMl
1760 305 2190 372 PROPHETAM
2229 315 2361 373 LIB.
2403 317 2469 374 γ.
2510 317 2667 376 CAP.
2712 316 2876 375 xvn.

3334 314 3442 375 174

170 438 369 483 omnem
390 425 646 493 laetitiam,
688 434 742 483 et
769 424 1103 483 fertilitatem
1134 425 1205 481 de
1230 422 1532 482 uberrimis
1559 436 1734 494 quon-
1761 432 1811 495 Α
1836 435 2015 493 erunt,
2044 426 2173 480 dicit
2202 425 2461 481 Dominus
2488 429 2827 484 exercituum.
2855 423 2988 485 Post
3019 426 3354 503 Babylonem
3384 444 3441 491 et

170 519 286 575 dam
317 518 528 575 urbibus
554 518 924 574 auferendum.

237 609 302 665 Et
327 613 378 666 in
401 613 551 666 uineis
578 624 681 667 non
701 608 1002 677 exsultabit,
1033 623 1198 681 neque
1218 606 1490 684 jubilabit.
1524 608 1738 667 Subau-

167 703 306 760 ditur
343 705 480 774 prior
520 704 907 771 vindemiator,
938 704 994 760 id
1034 713 1140 772 est,
1173 704 1398 760 colonus
1428 701 1737 760 Moabitidis

164 796 455 867 provincias.
484 796 728 869 Denique
769 798 958 853 statim
991 796 1228 868 subjecit
1256 814 1268 850 :

194 880 207 890 ’
236 888 409 944 Vinum
439 890 496 944 iu
518 891 765 946 torculari
796 906 905 946 non
925 891 1144 946 calcabit
1170 892 1259 961 qui
1288 891 1494 947 calcare
1518 900 1739 949 censue-

160 988 325 1035 uerat:
354 996 522 1037 vocem
550 982 863 1038 ealeantium
888 984 1100 1039 abstuli.
1132 984 1485 1056 Nequaquam
1520 986 1574 1040 in
1619 986 1739 1040 vim

156 1071 329 1130 demta
374 1074 530 1130 lactus
571 1075 930 1132 vindemiator
960 1087 988 1115 ιι
1028 1076 1275 1133 celeuma
1325 1078 1590 1145 cantabit,
1640 1072 1737 1134 sed

155 1167 347 1239 ubique
383 1168 594 1225 hostilis
619 1171 863 1245 vastitas,
894 1179 953 1226 et
978 1171 1248 1226 victorum
1278 1172 1484 1226 orietur
1507 1172 1738 1226 clamor.

217 1259 396 1331 (Vers.
439 1262 554 1332 Η.)
587 1260 761 1334 Super
788 1263 885 1317 hoc
920 1273 1094 1318 uenter
1120 1274 1264 1318 meus
1292 1262 1363 1316 ad
1392 1262 1550 1317 Moab
1595 1260 1741 1333 quasi

152 1351 344 1407 cithara
368 1354 592 1420 saltabit,
624 1365 671 1410 et
693 1357 895 1411 viscera
923 1368 1041 1411 mea
1065 1356 1134 1409 ad
1154 1369 1361 1411 murum
1386 1355 1517 1411 cocti
1540 1354 1739 1410 lateris.

145 1440 223 1498 Ne
247 1444 365 1514 quis
384 1453 606 1513 putaret
624 1447 907 1517 planctum
934 1447 1223 1517 Prophetas
1250 1448 1634 1504 exsultationis
1656 1449 1742 1503 iu-

148 1533 369 1603 dictum,
408 1552 509 1609 per
556 1551 719 1611 quam
763 1540 1015 1596 inimicos
1047 1542 1227 1612 pepuli
1272 1541 1439 1597 lsrael
1483 1542 1745 1613 gauderet

144 1641 266 1684 esse
288 1630 561 1699 captivos,
586 1645 651 1687 ex
679 1630 899 1699 au‘ectu,
931 1644 983 1687 et
1011 1646 1079 1688 es
1106 1633 1298 1687 intimo
1324 1632 1507 1689 cordis
1530 1632 1739 1698 dolore,

143 1728 198 1775 et
227 1724 666 1791 potentissimum
703 1725 978 1795 quondam
1017 1726 1207 1782 urbem
1235 1726 1519 1782 subrutam
1550 1724 1741 1796 lugere

139 1827 201 1870 se
223 1814 383 1871 dicit.

211 1906 394 1977 (Ven.
425 1909 547 1981 12.)
579 1910 644 1966 Et
674 1907 793 1977 erit,
828 1924 945 1967 cum
974 1917 1278 1984 apparuerit
1310 1914 1449 1983 quod
1490 1914 1742 1970 laboravit

139 1996 296 2054 Moab
321 2016 489 2073 super
524 2000 735 2058 excelsis
773 2007 905 2072 suis,
966 2006 1282 2080 ingredietur
1317 2010 1387 2062 ad
1416 2018 1593 2064 sancta
1625 2022 1738 2073 tua,

141 2100 194 2144 ut
214 2093 458 2161 obsecret,
494 2106 539 2150 et
571 2111 670 2150 non
699 2096 906 2151 valebit.
936 2098 1136 2153 Ultima
1168 2099 1387 2155 miseria
1421 2108 1527 2167 est,
1554 2114 1656 2155 nec
1689 2102 1743 2154 in

136 2180 239 2248 liis,
291 2200 430 2255 quos
482 2202 705 2258 semper
734 2198 994 2244 venerata
1025 2198 1131 2258 est,
1161 2190 1366 2246 habere
1415 2191 1739 2245 subsidium.

139 2274 379 2342 Deserta,
412 2280 617 2349 inquit,
643 2281 851 2336 viribus
887 2282 1015 2350 tuis,
1046 2290 1107 2338 et
1134 2283 1351 2339 cunctis
1379 2291 1748 2354 [impugnatu-

136 2370 284 2427 ribus
311 2371 649 2441 interfectis,
677 2389 872 2448 perges
894 2375 962 2431 ad
992 2372 1154 2443 idola,
1186 2374 1413 2433 delubra
1438 2377 1742 2433 venerabea

137 2463 232 2529 ris,
268 2479 373 2521 nec
403 2467 573 2540 192
604 2468 659 2522 in
689 2467 800 2524 illis
826 2470 1076 2540 reperies
1102 2468 1386 2536 auxilium,
1428 2468 1627 2541 quibus
1653 2480 1746 2525 va-

130 2555 285 2613 stitas
317 2567 511 2615 tecum
541 2562 845 2617 communis
873 2562 1149 2617 adveniet.

204 2646 387 2719 (Vera.
415 2650 544 2723 i5.)
578 2652 696 2707 Hoc
720 2652 932 2707 uerbum
971 2648 1112 2724 quod
1149 2655 1351 2708 locutus
1382 2660 1456 2707 est
1496 2653 1749 2708 Dominus

135 2741 207 2793 ad
242 2740 404 2798 Moab
433 2755 512 2799 eat
539 2753 681 2798 tunc.
715 2740 797 2799 Ex
837 2758 949 2814 quo
976 2752 1132 2815 putas
1166 2745 1449 2816 tempore?
1479 2742 1750 2801 Videlicet

134 2845 203 2887 ex
231 2847 325 2903 eo,
352 2848 475 2905 quo
503 2846 726 2891 creatus
750 2843 837 2892 est
861 2838 1039 2892 Moab.
1073 2837 1141 2891 Et
1168 2838 1431 2892 Dominus
1458 2838 1573 2891 ait:
1601 2836 1751 2891 Moa-

1840 515 2187 573 Pltilisthmos
2230 527 2287 573 et
2323 518 2504 586 Moab,
2555 520 2622 574 ad
2660 522 3005 587 Damascum,
3038 519 3092 578 id
3123 530 3228 591 est,
3273 524 3437 581 Aram

1837 623 2021 665 sermo
2051 611 2408 678 convertitur,
2448 611 2477 650 ι)
2506 624 2627 683 quae
2667 622 2720 669 et
2767 614 2885 684 ipsa
2922 612 3122 687 regalis
3163 618 3437 688 quondam

1838 702 2034 759 civitas
2080 704 2202 772 fuit,
2234 714 2287 760 et
2334 705 2388 760 in
2430 706 2580 761 omni
2612 706 2769 777 Syria
2804 708 2981 764 tenuit
3025 709 3391 782 principatum
3424 724 3437 766 :

1838 795 2073 852 necdum
2104 796 2367 854 ﬂorebant
2403 798 2691 854 Antiochia
2722 808 2775 855 et
2816 798 3076 857 Laodicia
3103 808 3158 858 et
3187 802 3441 875 Apamia,

1838 900 1974 959 quae
2003 889 2184 958 urbes,
2217 898 2344 961 post
2385 890 2756 947 Alexandrum
2786 897 2841 948 et
2868 891 3229 951 Macedonum
3272 899 3443 967 impe-

1839 980 2011 1051 rium,
2050 990 2241 1038 auctas
2289 994 2413 1039 esse
2444 986 2819 1056 cognovimus.
2854 987 2989 1054 Qttia
3022 984 3189 1059 igitur
3224 1000 3444 1060 semper

1839 1070 2029 1128 decem
2076 1073 2326 1130 tribubus
2370 1082 2560 1131 contra
2607 1075 2801 1132 ludam
2832 1076 3111 1148 pra-hebet
3154 1078 3439 1145 auxilium,

1840 1173 1903 1219 ut
1929 1162 2135 1236 Regum
2165 1173 2219 1221 et
2256 1165 2708 1239 Paralipomenon
2741 1176 2931 1225 narrat
2964 1169 3194 1225 historia
3226 1188 3241 1226 :
3270 1171 3441 1227 etiam

1841 1258 1977 1328 ipsis
2023 1261 2336 1316 vastitatem
2388 1262 2459 1316 ab
2513 1262 2751 1333 Assyriis
2800 1263 3241 1335 appropinquare
3286 1260 3442 1337 193

1842 1351 2131 1422 signiﬁcat,
2161 1353 2381 1409 dicente
2406 1362 2532 1425 rege
2560 1355 2910 1427 Assyriorum
2944 1376 2957 1412 :
2993 1358 3126 1430 Cepi
3160 1356 3441 1427 Arabiam,

1843 1450 1898 1499 et
1935 1444 2284 1513 Damascum,
2318 1454 2373 1502 et
2417 1446 2743 1503 Samariam.
2775 1448 2927 1505 Sicut
2964 1451 3106 1506 enim
3149 1446 3271 1505 illas
3298 1451 3439 1521 cepi,

1843 1545 1899 1591 et
1923 1537 2175 1593 universa
2207 1548 2397 1609 regna,
2428 1537 2639 1610 capiam
2668 1551 2723 1596 et
2768 1546 2841 1597 te.
2871 1537 2939 1596 Et
2970 1538 3025 1596 in
3053 1540 3262 1612 [legum
3290 1540 3444 1597 volu-

1844 1630 1991 1685 mine
2018 1630 2251 1701 legimus
2280 1647 2293 1686 :
2326 1633 2570 1688 Ascendit
2606 1644 2699 1689 rex
2740 1631 3071 1706 Assyriorum
3102 1630 3439 1704 Damascum,

1843 1728 1893 1774 et
1914 1721 2051 1792 cepit
2070 1732 2205 1790 eam,
2228 1730 2274 1777 et
2298 1724 2563 1779 transtulit
2582 1726 2637 1779 in
2660 1725 2908 1797 Cyt‘encm
2934 1722 3025 1797 (iV
3059 1725 3190 1797 Reg.
3213 1738 3329 1793 xvi,
3357 1725 3437 1797 9).

1765 1828 1815 1893 Β
1845 1812 2012 1869 Rasin
2030 1826 2246 1885 quoque
2268 1816 2568 1885 interiecit,
2601 1818 2693 1888 qui
2725 1820 2845 1874 erat
2873 1828 2970 1874 rex
2999 1814 3247 1875 Damasci
3275 1835 3289 1871 :
3323 1833 3445 1889 qua:

1845 1906 2046 1970 omnia,
2067 1904 2298 1964 Ezechia
2326 1909 2720 1982 Hierosolymis
2748 1918 3033 1981 regnante,
3057 1920 3312 1983 perpessa
3338 1918 3441 1967 est.

1846 1995 2001 2065 Ecce,
2042 1999 2237 2071 inquit,
2280 1997 2572 2058 Damascus
2596 2002 2797 2059 desinet
2828 2014 2940 2059 esse
2978 2003 3192 2070 ciuitas;
3215 1998 3328 2075 jam
3366 2000 3447 2057 vi-

1844 2088 1968 2143 cina
1995 2089 2283 2159 captivitas
2310 2099 2398 2148 est
2428 2104 2441 2145 ε
2469 2092 2581 2162 jam
2610 2096 2867 2166 Assyrius
2893 2104 3052 2151 suum
3087 2094 3262 2150 tnovit
3290 2104 3448 2151 exer-

1845 2181 2039 2236 citum.
2064 2181 2136 2238 Et
2162 2183 2271 2238 erit
2304 2185 2446 2240 sicut
2488 2196 2719 2241 acervus
2756 2186 2993 2255 lapidum
3023 2186 3076 2242 in
3120 2187 3357 2254 ruinam,
3390 2196 3449 2243 ut

1847 2276 2227 2330 tantummodo
2257 2276 2541 2346 parietinae
2566 2292 2629 2334 ac
2658 2281 2900 2348 pristinae
2932 2284 3193 2351 potentiae
3220 2284 3446 2352 vestigia

1848 2367 1903 2423 in
1932 2368 2211 2424 ruinarum
2245 2371 2619 2441 magnitudine
2644 2372 3109 2429 demonstrantur.
3164 2368 3449 2430 Derelicm:

1850 2459 2097 2516 civitates
2124 2460 2303 2517 Aroer
2326 2464 2583 2533 gregibus
2609 2472 2793 2520 erunt.
2827 2462 3023 2531 Amer,
3058 2464 3250 2537 mgrice
3286 2464 3456 2521 inter-

1849 2560 2117 2623 pretatur,
2158 2568 2280 2625 quae
2325 2558 2548 2628 proprie
2572 2557 2768 2625 arbor,
2808 2559 2857 2612 in
2901 2552 3197 2615 solitudine
3228 2564 3280 2615 et
3311 2558 3453 2615 salsa

1848 2643 2016 2726 humo
2055 2648 2317 2716 nascitur,
2354 2658 2408 2705 ct
2444 2658 2547 2720 per
2598 2650 2706 2706 hoc
2753 2650 2981 2707 vastitas
3021 2646 3452 2708 demonstratur.

1850 2736 2189 2809 Requiescent
2235 2741 2328 2809 ibi,
2380 2744 2704 2799 subauditur
2733 2758 2930 2817 greges,
2966 2748 3020 2801 et
3071 2758 3175 2801 non
3216 2746 3318 2802 erit
3363 2749 3457 2816 qui

1852 2841 2147 2888 esterreat.
2179 2834 2351 2890 Tanta
2395 2838 2541 2892 enim
2573 2837 2678 2892 erit
2707 2836 2973 2907 solitudo,
3008 2844 3066 2894 ut
3098 2850 3197 2897 nec
3230 2833 3461 2896 insidia-

133 2922 253 2981 bitur
298 2938 353 2982 et
395 2929 721 2985 Ammanitae
763 2946 867 2983 non
911 2929 1181 2983 intrabunt
1217 2931 1271 2983 in
1325 2928 1614 2983 Ecclesium
1656 2927 1756 2982 Dei
1854 2933 1943 2980 tor
1964 2928 2237 2983 timendus
2260 2931 2350 2985 sit.
2382 2930 2451 2985 Et
2481 2932 2697 2987 cessabit
2724 2933 3051 3005 adjutorium
3077 2932 3138 2989 ob
3162 2928 3455 3006 Epitraim:

133 3016 320 3089 (Deut.
352 3033 532 3089 sum,
574 3020 655 3091 ὅ).
685 3021 816 3078 Sive
842 3035 908 3077 ea:
946 3030 1069 3075 tunc
1113 3033 1212 3091 pro
1254 3021 1480 3089 antiquo
1510 3024 1754 3087 tempore
1856 3029 2200 3088 nequaquam
2227 3020 2411 3076 decent
2445 3023 2621 3078 tribus
2653 3025 2706 3078 in
2734 3024 2825 3078 illa
2857 3034 3045 3080 contra
3069 3022 3263 3082 ludam
3293 3026 3459 3083 habe-

130 3110 543 3185 inteliigamus,
571 3113 718 3183 quod
740 3113 872 3169 olim
896 3113 1079 3169 divina
1104 3114 1381 3169 sententia
1409 3113 1511 3167 ista
1533 3112 1754 3168 decreta
1861 3109 1994 3164 bunt
2036 3110 2322 3166 auxilium.
2352 3110 2423 3164 Et
2472 3124 2686 3185 regnum
2737 3132 2769 3168 a
2805 3112 3095 3182 Damasco;
3140 3118 3242 3176 ὰπὸ
3270 3110 3457 3176 κοινοῦ

125 3204 257 3271 sint,
314 3219 438 3261 non
481 3205 631 3273 quod
677 3205 1022 3275 prmscientia
1082 3205 1181 3260 Del
1216 3216 1440 3261 causam
1490 3202 1757 3258 vastitatis
1784 3206 1831 3274 ρ
1862 3196 2133 3273 (auulgala
2149 3202 2256 3256 sive
2284 3204 2544 3257 communi
2573 3202 2827 3279 editione)
2855 3202 3197 3274 subauditur,
3221 3212 3457 3265 cessabit.

126 3298 437 3362 attulerit;
499 3298 599 3351 sed
645 3298 791 3367 quod
827 3298 1055 3352 vastitas
1102 3296 1281 3353 futura
1338 3294 1439 3353 Dei
1485 3296 1757 3367 maiestati
1860 3293 2088 3361 Quando
2142 3300 2323 3348 autem
2363 3292 2497 3350 dicit
2540 3308 2757 3351 cessare
2802 3310 3028 3367 regnum
3071 3308 3127 3354 et
3155 3300 3456 3369 quiescere,

125 3397 389 3456 prcnata
431 3386 536 3442 sit.
1864 3398 1971 3440 non
2018 3396 2333 3457 perpetuam
2364 3386 2641 3459 signiﬁcat
2684 3390 3013 3455 vastitatem,
3046 3392 3141 3448 sed
3186 3390 3359 3447 aufert
3404 3392 3461 3446 in

198 3481 397 3554 (Vere.
438 3479 657 3549 usu:
702 3494 840 3535 nunc
877 3481 1080 3536 locutus
1107 3490 1182 3537 est
1221 3474 1498 3549 Dominus,
1542 3480 1757 3535 dicens:
1861 3488 2107 3548 praesens
2148 3478 2467 3549 potentiam,
2518 3492 2614 3550 per
2654 3494 2812 3552 quam
2856 3483 2910 3537 in
2956 3478 3103 3537 omni
3134 3482 3292 3554 Syria
3337 3489 3464 3538 ante

127 3573 194 3628 In
214 3576 389 3630 tribus
415 3574 580 3627 annis
602 3575 758 3645 quasi
785 3575 914 3628 anni
937 3572 1271 3639 mercenarii,
1300 3575 1571 3644 auferetur
1590 3573 1759 3647 gloria
1858 3570 2141 3639 regnabat.
2192 3568 2265 3624 Et
2331 3570 2563 3643 reliquid:
2616 3572 2789 3645 Syria:
2837 3574 2969 3629 sicut
3008 3572 3178 3647 gloria
3234 3572 3461 3644 ﬁliorum

130 3664 293 3719 Moab
321 3680 499 3737 super
525 3667 666 3720 omni
694 3664 895 3735 populo
922 3663 1111 3733 multo,
1141 3674 1189 3720 et
1211 3665 1532 3738 relinquetur
1565 3680 1755 3738 parvus
1860 3659 2030 3715 Israel
2066 3668 2255 3730 erunt,
2301 3662 2426 3718 dicit
2470 3662 2727 3720 Dominus
2770 3670 3106 3723 euerrituum.
3151 3664 3456 3737 Quomodo,

128 3766 176 3809 et
204 3756 460 3812 modicus
496 3770 825 3828 nequaquam
851 3758 1067 3812 multus.
1099 3757 1388 3828 Prophetia
1423 3758 1547 3824 ista,
1577 3765 1636 3812 nt
1665 3768 1755 3813 su-
1855 3750 2052 3825 inquit,
2085 3754 2279 3811 decem
2312 3758 2486 3813 tribus
2514 3754 2734 3831 Assyrio
2774 3761 3067 3831 populante
3097 3756 3289 3817 deleta:
3311 3771 3457 3828 sunt,

128 3858 231 3918 pra
260 3850 545 3917 diximus,
578 3856 799 3906 mortuo
825 3848 1008 3906 Achaz
1034 3859 1224 3906 contra
1268 3848 1531 3907 Moabitae
1567 3850 1756 3922 dirigi.
1858 3854 1913 3900 et
1938 3847 2116 3901 omnis
2137 3846 2312 3919 gloria
2342 3862 2529 3903 earum
2554 3846 2604 3904 in
2633 3846 3003 3921 captivitatem
3036 3846 3201 3907 ducta
3232 3856 3318 3908 est
3344 3869 3356 3905 :
3388 3852 3467 3907 sic

128 3947 222 3996 tur
242 3984 259 4009 ,
292 3950 580 4013 regnante
597 3942 855 4009 Ezechia,
879 3943 983 3998 sub
1004 3958 1111 4014 quo
1138 3943 1326 3999 decem
1352 3943 1528 3999 tribus
1558 3959 1588 3999 a
1620 3944 1756 3999 Sen-

131 4034 419 4090 naclterih
464 4048 597 4107 rege
642 4034 992 4107 Assyriorum
1047 4037 1101 4091 in
1154 4036 1527 4106 captivitatem
1579 4035 1759 4092 ducta)

124 4136 291 4184 sunt.
324 4127 530 4200 itaque
554 4130 697 4187 sicut
716 4130 1090 4186 mercenarius
1118 4130 1253 4185 solis
1280 4138 1567 4201 exspectat
1596 4142 1758 4185 occu-

128 4220 344 4289 bitum,
377 4228 440 4278 et
463 4221 667 4280 diebus
689 4232 753 4279 ac
781 4223 1033 4279 noctibus
1067 4222 1231 4276 tinem
1264 4222 1449 4291 operis
1475 4222 1760 4292 praestola-

128 4317 246 4380 tur,
300 4323 365 4369 ut
406 4318 677 4369 statutam
726 4299 1038 4369 mer-cedent
1090 4311 1375 4381 accipiat:
1413 4308 1493 4365 sic
1534 4318 1589 4365 et
1640 4319 1764 4380 post

1863 3938 2040 4007 pauci,
2071 3939 2161 4010 qui
2193 3939 2247 3995 in
2276 3934 2543 3997 Damasco
2571 3944 2896 4008 resederlut,
2925 3942 3378 4009 immutabuntur,
3412 3953 3468 3997 et

1861 4029 2143 4086 habebunt
2185 4030 2366 4102 gentis
2405 4030 2633 4104 gloriam
2681 4034 2865 4087 sociat.
2912 4030 3154 4088 Gloriam
3202 4044 3302 4101 per
3350 4028 3465 4085 iro-

1861 4123 2007 4178 niam
2035 4123 2236 4178 dictatn
2267 4125 2474 4194 accipe,
2521 4136 2621 4194 pro
2654 4120 2971 4194 ignominia.
3013 4123 3131 4179 Hoc
3159 4130 3342 4178 autem
3386 4133 3469 4179 to-

1864 4217 1978 4267 tum
2008 4213 2121 4281 iiet,
2154 4214 2279 4285 quia
2313 4214 2578 4270 Dominus
2606 4216 2819 4272 locutus
2851 4224 2958 4283 est,
3000 4216 3157 4287 cujus
3180 4212 3349 4273 verba
3394 4214 3470 4271 ir-

1863 4306 1972 4360 rita
2021 4320 2144 4361 esse
2192 4321 2300 4361 non
2344 4320 2592 4379 possunt.
2644 4304 2876 4375 Quidam
2933 4310 3075 4365 lianc
3119 4309 3463 4382 prophetiam

129 4412 249 4463 tres
277 4420 472 4464 annos
507 4413 567 4461 et
591 4405 771 4472 Moab,
813 4405 1045 4478 Assyrio
1072 4403 1348 4471 veniente,
1386 4396 1677 4466 delebitnr,
1708 4406 1766 4455 et
1868 4394 2115 4451 eamdem
2154 4406 2347 4466 putant
2397 4412 2538 4466 esse,
2589 4416 2751 4470 quam
2804 4398 2856 4456 in
2905 4400 3142 4458 Ieremia
3189 4403 3422 4474 legimus
3454 4424 3464 4457 :

132 4499 227 4557 vix
260 4501 436 4573 pauci
460 4501 853 4572 relinquentur
881 4502 935 4555 in
976 4506 1145 4566 terra,
1179 4494 1272 4569 qui
1303 4496 1561 4553 subrutas
1609 4492 1764 4548 babi-

1868 4482 2142 4541 Dlssoluta
2184 4497 2259 4542 est
2300 4487 2612 4555 Damascus,
2652 4508 2797 4547 versa
2837 4501 2913 4546 est
2947 4494 3001 4545 in
3030 4490 3230 4564 fugant,
3279 4504 3469 4549 tremor

133 4598 258 4648 ίρηι
286 4592 584 4661 enim”,
616 4602 673 4650 ει
700 4590 950 4650 deserto,
970 4606 1134 4665 agros
1155 4597 1469 4649 exerceam,
1500 4588 1688 4645 Potest
1713 4594 1769 4643 et
1791 4584 1848 4653 Ῑ)
1871 4579 2217 4653 apprehendit
2260 4594 2393 4645 eam,
2434 4582 2672 4654 angustia
2718 4593 2764 4636 et
2805 4585 3005 4639 dolores
3037 4594 3311 4640 tenuerunt
3351 4599 3469 4639 eam

134 4684 209 4745 de
227 4685 594 4761 Babylonica
623 4686 941 4758 captivitate
964 4684 1210 4757 praedici,
1235 4684 1382 4757 quod
1405 4692 1524 4755 post
1553 4691 1750 4753 captau

1870 4672 2021 4744 quasi
2048 4672 2416 4744 parturientem
2443 4668 2659 4743 (larem.
2687 4686 2833 4761 ms,
2854 4672 2947 4739 24,
2984 4670 3099 4761 2'7).
3126 4674 3197 4731 Et
3228 4674 3424 4730 iterum
3454 4695 3466 4729 :

134 4758 486 4849 Jerusalem,
533 4788 587 4836 et
632 4781 922 4837 transitum
970 4792 1239 4836 annorum
1294 4776 1482 4847 trium,
1533 4774 1693 4833 Moab
1734 4788 1750 4832 ε

1872 4762 2197 4820 Succendam
2237 4764 2408 4837 ignem
2462 4764 2514 4820 in
2577 4780 2724 4820 muro
2774 4758 3020 4820 Damasci
3045 4807 3059 4833 ,
3111 4776 3157 4821 et
3204 4765 3470 4823 devorobit

134 4874 432 4932 Chaldmis
467 4874 736 4930 vastanda
775 4876 868 4941 sit,
899 4877 1014 4930 sive
1041 4873 1187 4945 quod
1217 4873 1270 4927 in
1302 4873 1461 4928 trium
1495 4884 1750 4930 annorum

1867 4854 2055 4912 mantia
2081 4854 2343 4914 Benatlab.
2386 4860 2491 4915 Sed
2516 4859 2797 4916 sciendum
2832 4854 2975 4929 quod
3005 4858 3073 4915 ab
3103 4856 3338 4915 lcremia
3369 4856 3472 4915 Ba-

135 4969 326 5038 ερπίο
356 4965 531 5025 “una
559 4966 639 5023 eis
670 4965 849 5022 danda
873 4964 946 5022 sit
975 4964 1214 5037 requies.
1870 4950 2085 5020 bylonia
2118 4954 2404 5023 captivitas
2438 4953 2786 5006 Damasccnm
2821 4950 2969 5006 urbis
3015 4950 3368 5019 describitur,
3414 4952 3469 5009 id

1872 5051 1981 5109 est,
2004 5059 2297 5113 paucorum
2329 5057 2466 5113 quos
2488 5041 2647 5115 ιω
2676 5044 3025 5115 Assyriorum
3046 5059 3143 5101 rex
3173 5045 3475 5115 reliquerat

1873 5138 1929 5193 in
1950 5152 2034 5192 ea.
2071 5136 2240 5192 lsaias
2269 5145 2454 5190 autem
2485 5137 2717 5191 vicinam
2743 5136 2811 5190 ab
2833 5136 3077 5209 Assyriis
3099 5137 3467 5209 captivitatem

1876 5233 2108 5288 nuntiat.
2147 5229 2253 5284 Alii
2281 5230 2553 5285 aestimant
2591 5229 2659 5285 de
2704 5228 2943 5286 Remana
2976 5231 3295 5301 captivitate
3327 5242 3470 5296 prm-

1875 5324 2006 5390 dici,
2037 5324 2292 5395 quoniam
2327 5321 2439 5393 (Αι.
2466 5323 2708 5393 quando)
2737 5331 2794 5376 et
2821 5321 3134 5376 Iulianarum
3168 5325 3361 5386 captus
3390 5326 3476 5371 est

1876 5417 2141 5490 populus;
2167 5425 2225 5471 et
2249 5414 2548 5470 Damascus
2568 5415 2654 5471 cui
2682 5408 2989 5478 imperabat
3020 5408 3211 5473 Aeeta,
3235 5405 3475 5460 similem

1877 5508 2134 5570 sustinuit
2164 5505 2482 5563 servitutem
2509 5522 2522 5558 :
2555 5510 2614 5557 ut
2642 5507 2835 5554 cuncta
2866 5508 2986 5567 qum
3013 5510 3181 5566 super
3201 5506 3318 5550 eam
3342 5495 3481 5551 acri.

208 5059 386 5133 tCzp.
416 5058 686 5117 XVE—
707 5058 861 5114 Vera.
892 5059 979 5130 i.)
1008 5060 1153 5114 Unus
1172 5056 1425 5113 Damasci
1452 5072 1477 5112 :
1499 5058 1631 5115 Ecce
1650 5059 1763 5113 Da-

128 5171 355 5213 tunam
379 5156 602 5212 desinet
631 5168 745 5209 esse
762 5152 943 5209 sicitas
974 5168 999 5209 .'
1016 5162 1062 5207 et
1086 5154 1185 5209 erit
1228 5153 1365 5207 sicut
1392 5163 1611 5205 acervus
1629 5148 1766 5223 lupi-

135 5244 265 5304 dum
321 5248 383 5304 in
443 5246 634 5303 ruina.
684 5241 958 5301 Derelictaz
1015 5245 1245 5301 civitates
1294 5242 1459 5299 Aroer
1530 5241 1770 5316 gregibus

136 5352 311 5408 erunt,
360 5350 414 5395 et
458 5336 787 5407 requiescant
816 5337 909 5403 ibi,
931 5346 982 5392 et
1006 5352 1109 5391 non
1138 5337 1237 5391 erit
1266 5336 1355 5406 qui
1383 5342 1659 5389 exterreat.
1702 5329 1770 5384 Et

134 5432 371 5488 cessabis
418 5430 760 5503 adjutorium
802 5430 866 5484 ab
911 5429 1185 5501 Ephraim,
1233 5437 1283 5483 et
1318 5440 1536 5497 regnum
1578 5438 1614 5477 α
1654 5418 1769 5477 Da-

136 5540 346 5597 musco,
396 5536 455 5583 et
490 5524 736 5595 reliquitc
762 5524 934 5596 Syria!
962 5522 1095 5579 sicut
1133 5522 1302 5595 gloria
1335 5516 1567 5590 filiorum
1600 5514 1770 5572 Israel

210 5681 237 5773 :
267 5668 908 5773 :3:
927 5654 1540 5773 .Va‘iimlii":‘;i‘,;....
1570 5724 1629 5773 ,κν
1876 5650 2287 5773 mm
2308 5633 3076 5773 atramenti
3096 5634 3474 5773 ’ίτῖῗέιῖξιξῖὲῖιῑ

207 5708 236 5780 ἑὲ
269 5708 908 5805 ἕῗιὶςῖιῖῑῖίὲἕὲῖιὲιῗυιῖῐ
927 5708 1540 5803 {istaistam
1562 5724 1629 5805 ﬁt
1654 5723 1750 5805 ςτάς

1878 5708 2149 5805 λεαϊ
2186 5709 2287 5776 τιῶό
2334 5708 2522 5773 ἅῖᾱὼναΔ
2575 5708 2911 5785 qum-uittae
2933 5715 3076 5775 pene
3122 5708 3476 5773 interpretem

138 5821 230 5876 τῆς
271 5792 492 5887 Et;ch
552 5802 752 5866 ἁπάσης
805 5808 1082 5881 κρατοῦσα·
1145 5792 1299 5873 prius
1346 5792 1444 5858 ἰνῶν
1494 5798 1597 5854 καθ’
1640 5798 1744 5867 ἡμᾶ

1882 5792 1993 5862 agit
2022 5792 2402 5858 Hieronymus.
