4008 6298
563 282 670 344 175

562 492 727 545 steria
764 485 1182 541 transferantur.

633 581 826 650 (Vers.
861 578 953 647 4.)
993 579 1052 631 Et
1081 579 1179 632 erit
1224 580 1279 631 in
1310 579 1393 632 die
1420 578 1534 641 illa,
1592 580 1946 634 attenuabitur
1993 581 2160 650 gloria

557 673 744 737 Iacob,
779 681 826 724 et
878 671 1093 742 pingues
1135 686 1316 724 carnes
1358 673 1471 742 ejus
1520 682 1853 726 marcescent.
1897 672 2155 738 Quando,

560 766 758 834 inquit.
798 763 1098 816 Damascus
1133 771 1294 831 capta
1341 762 1526 829 fuerit,
1577 773 1630 818 et
1664 765 1858 819 civitas
1884 779 2024 833 _esse
2065 764 2161 819 de-

558 857 738 921 sierit,
769 864 826 910 et
856 855 983 908 talis
1013 869 1134 908 eam
1169 856 1343 925 gloria
1374 858 1748 922 coronaverit,
1789 857 1970 924 qualis
1997 871 2160 912 coro-

557 951 715 1004 navit
748 948 938 1013 Israel,
971 947 1025 1001 id
1056 956 1159 1013 est,
1193 947 1383 1002 decem
1417 949 1596 1002 tribus
1633 967 1645 1001 :
1675 957 1805 1004 tunc
1828 965 1992 1005 omne
2025 965 2163 1020 pra:-

561 1041 786 1105 sidium,
820 1049 876 1093 et
920 1039 1294 1109 pinguissima:
1327 1055 1548 1106 carnes,
1582 1048 1639 1094 et
1677 1040 1948 1111 refugium
1981 1057 2163 1097 emar-

557 1142 741 1188 cescet
786 1131 1002 1186 Iacob:
1070 1146 1416 1201 nequaquam
1465 1133 1609 1186 enim
1666 1133 1914 1199 habebit,
1964 1133 2166 1204 quibus

557 1226 765 1295 junctis
802 1233 983 1279 vastet
1008 1223 1340 1278 Jerusalem.
1394 1224 1652 1294 Legimus
1703 1240 1868 1294 supra
1901 1226 2045 1294 quod
2076 1241 2166 1281 as-

560 1319 816 1373 cenderit
836 1317 1001 1371 Rasin
1037 1332 1133 1369 rex
1159 1315 1334 1385 Syria:
1355 1324 1412 1369 et
1434 1316 1645 1371 Phacee
1673 1317 1846 1370 Filius
1874 1317 2163 1384 Romelirc,

557 1426 656 1465 rex
679 1409 869 1474 Israel,
897 1409 951 1462 in
973 1407 1299 1472 Jerusalem,
1323 1406 1391 1460 ad
1412 1407 1774 1476 praeliandum
1792 1417 1985 1463 contra
2010 1424 2130 1464 eam
2150 1426 2164 1462 :

561 1503 979 1571 nuntiatumque
1018 1501 1088 1554 sit
1108 1500 1292 1554 domui
1313 1500 1507 1554 David:
1534 1501 1801 1571 Requievit
1826 1502 1984 1572 Syria
2010 1520 2169 1572 super

559 1597 836 1670 Ephraim,
867 1596 935 1650 de
961 1595 1162 1665 quibus
1195 1595 1465 1664 Propheta
1509 1596 1753 1664 loquitur
1809 1596 1876 1650 ad
1923 1595 2105 1650 Achaz
2152 1612 2168 1650 :

560 1688 690 1742 Noli
712 1690 907 1752 timere,
937 1696 982 1740 et
1014 1703 1104 1740 cor
1135 1696 1278 1739 tuum
1322 1701 1384 1738 ne
1431 1686 1675 1753 formidet
1706 1704 1738 1739 a
1761 1688 1962 1740 duabus
1989 1688 2172 1742 caudis

1808 277 1865 335 S.
1909 276 2184 335 EUSEBII
2223 275 2608 334 HIERONYMI

561 408 652 469 pta
689 400 835 459 sunt,
859 392 925 447 ad
957 388 1158 446 Christi
1181 395 1415 462 tempus,
1451 394 1506 445 et
1537 387 1601 444 ad
1632 388 2016 459 Apostolorum
2040 407 2158 463 my-
2188 395 2236 455 Α

3754 273 3867 331 Πϐ

2335 391 2354 461 (
2381 391 2536 445 Vers.
2573 391 2624 455 7,
2661 389 2755 459 ὃ.)
2801 387 2868 442 1η
2897 387 2982 443 die
3005 387 3098 442 illa
3122 386 3455 442 inclinabitur
3477 386 3631 440 homo
3657 385 3729 439 ad
3759 390 3867 456 far-

2261 489 2424 534 torem
2443 496 2615 545 suum,
2643 487 2690 533 et
2715 479 2850 533 oculi
2872 480 2987 550 ejus
3003 479 3071 532 ad
3096 477 3352 533 Sanctum
3375 477 3544 531 Israel
3561 477 3864 546 respicient.

2259 572 2331 625 Et
2359 589 2462 626 non
2490 572 2832 626 inclinabitur
2879 571 2948 625 ad
2999 572 3212 637 altaria,
3263 587 3381 640 qua:
3409 575 3642 642 fecerunt
3683 587 3863 624 manus

2259 670 2396 739 ejus,
2428 677 2475 722 et
2504 683 2626 738 qua:
2655 667 2854 738 cperati
2891 675 3010 721 sunt
3039 666 3188 738 digiti
3239 666 3384 720 illius
3424 681 3442 718 :
3471 673 3516 719 et
3549 680 3655 718 non
3698 665 3864 734 respi-

2263 763 2394 816 cient
2426 763 2570 816 lucos
2595 771 2642 814 et
2664 761 2900 814 delubra.
2930 760 3042 814 Hoc
3067 759 3270 813 Christi
3309 758 3648 828 temporibus
3680 767 3866 828 putant

2263 868 2388 910 esse
2434 854 2794 923 completum,
2837 851 3056 922 quando
3085 851 3368 907 destructo
3395 866 3564 921 regno
3592 851 3864 914 Damasci,

2265 956 2593 1018 perpetuum
2621 947 2927 1003 Salvatoris
2959 946 3226 1002 successit
3251 945 3569 1015 imperium,
3601 953 3660 1000 et
3697 943 3867 998 idolo-

2265 1042 2442 1098 latriae
2468 1059 2626 1098 error
2679 1052 2762 1096 est
2815 1041 3156 1096 imminutus.
3200 1040 3294 1095 Pia
3346 1039 3564 1110 quidem
3617 1038 3867 1092 voluntas

2267 1135 2776 1205 interpretantium,
2803 1133 2901 1188 sed
2931 1148 3038 1188 non
3072 1147 3302 1187 servans
3329 1131 3571 1186 historiae
3593 1130 3866 1185 ordinem.

2267 1228 2378 1283 Nos
2403 1236 2587 1284 autem
2617 1227 2874 1292 dicimus,
2906 1227 3048 1294 quod
3077 1226 3340 1281 subversa
3371 1224 3663 1290 Damasco,
3695 1230 3753 1278 et
3781 1223 3868 1278 de—

2267 1333 2384 1373 cem
2417 1318 2669 1373 tribubus
2713 1317 2898 1373 ductis
2944 1318 2995 1370 in
3051 1316 3330 1388 Assyrios,
3382 1313 3589 1370 residui
3636 1313 3869 1369 tribuum

2269 1411 2358 1480 qui
2385 1419 2546 1465 erant
2569 1425 2635 1465 ex
2665 1409 2853 1478 Israel,
2886 1409 2953 1463 ad
2976 1407 3225 1463 Ezecliize
3251 1408 3463 1462 litteras
3484 1404 3746 1462 conversi
3769 1405 3868 1460 sint

2270 1501 2336 1556 ad
2385 1502 2590 1556 cultum
2635 1501 2752 1565 Dei,
2803 1509 2859 1554 et
2889 1500 2954 1554 ad
2991 1500 3254 1570 templum
3289 1498 3594 1554 Jerusalem
3628 1499 3870 1554 advene-

2271 1597 2403 1661 rint,
2433 1597 2575 1650 sicut
2618 1594 3078 1664 Paralipomenon
3133 1603 3319 1648 narrat
3374 1592 3720 1664 liistoria(ll
3741 1592 3866 1647 Par.

2273 1687 2400 1757 ut).
2428 1686 2614 1740 Deleta
2663 1701 2795 1756 ergo
2829 1687 3118 1753 Damasco,
3169 1695 3560 1742 convertentur
3623 1688 3866 1743 homines

561 1783 801 1835 titionum
818 1781 1183 1849 fumigantium
1210 1780 1414 1844 horum,
1441 1780 1494 1833 in
1514 1781 1595 1833 ira
1627 1782 1818 1851 furoris
1839 1781 2004 1835 Rasin
2030 1783 2164 1852 regis
2194 1784 2242 1844 B
2269 1777 2336 1831 ad
2368 1778 2630 1832 factorem
2663 1793 2848 1844 suum,
2885 1778 2937 1832 id
2969 1786 3076 1845 est,
3111 1778 3178 1832 ad
3219 1793 3345 1832 eum
3391 1780 3483 1848 qui
3512 1793 3612 1835 eos
3643 1780 3865 1845 creavit,

563 1875 754 1943 Syriae,
805 1882 853 1927 et
896 1874 990 1941 ﬁlii
1046 1873 1316 1939 Romelite,
1349 1888 1409 1926 eo
1463 1874 1599 1941 quod
1658 1874 1935 1927 consilium
1990 1875 2164 1928 inierit

558 1977 739 2019 contra
767 1974 814 2018 te
845 1966 1003 2034 Syria
1033 1966 1308 2035 pessimum
1357 1963 1610 2035 prraim
1640 1975 1688 2018 et
1720 1967 1862 2036 ﬁlius
1891 1966 2161 2021 Romeliaz.

632 2057 837 2129 (Vers.
894 2055 947 2120 5,
976 2057 1072 2127 6.)
1129 2057 1193 2110 Et
1222 2059 1318 2111 erit
1359 2059 1492 2111 sicut
1539 2075 1854 2132 congregans
1901 2062 1955 2114 in
2004 2077 2168 2115 messe

563 2151 702 2220 quod
764 2150 1044 2215 restiterit,
1101 2160 1149 2202 et
1207 2151 1473 2204 brachium
1525 2152 1638 2220 ejus
1683 2153 1853 2222 spicas
1903 2153 2077 2225 leget:
2118 2162 2166 2206 et

563 2244 660 2296 erit
741 2243 872 2294 sicut
927 2258 1162 2313 quterens
1235 2243 1411 2312 spicas
1456 2245 1509 2296 in
1569 2245 1702 2298 valle
1759 2245 2039 2316 Raphaim.
2098 2247 2170 2300 Et

558 2334 878 2403 relinquetur
917 2336 978 2387 in
1031 2351 1092 2388 eo
1138 2335 1274 2388 sicut
1320 2351 1584 2403 racemus,
1644 2346 1690 2391 et
1742 2339 1874 2391 sicut
1933 2341 2168 2394 excussio

561 2428 688 2481 olea:
718 2428 937 2480 duarum
965 2435 1050 2480 aut
1082 2429 1238 2480 trium
1288 2428 1544 2481 olivarum
1569 2430 1624 2482 in
1673 2431 1968 2483 summitate
2011 2434 2165 2500 rami,

557 2521 665 2572 sive
685 2528 910 2589 quatuor
935 2528 1026 2572 aut
1068 2521 1294 2589 quinque
1340 2521 1394 2572 in
1439 2521 1791 2576 cacuminibus
1831 2526 1941 2594 ejus
1971 2527 2170 2593 fructus

567 2615 702 2683 ejus,
757 2611 883 2664 dicit
925 2609 1183 2664 Dominus
1228 2611 1369 2664 Deus
1409 2609 1599 2667 Israel.
1664 2613 1767 2679 Qui
1835 2625 2167 2684 praesentem

572 2704 827 2756 Damasci
858 2704 1169 2757 vastitatem
1211 2705 1312 2758 sub
1353 2704 1600 2759 Romano
1627 2706 1944 2777 intelligunt
1976 2723 2168 2779 regno,

572 2794 695 2847 hazc
723 2793 791 2848 de
817 2793 1106 2862 Apostolis
1131 2794 1438 2864 signilicata
1470 2797 1832 2863 contendunt,
1865 2799 2009 2868 quod
2038 2816 2172 2870 quo-

565 2886 732 2941 modo
760 2901 954 2955 paucae
1006 2887 1170 2955 spica:
1225 2895 1280 2941 et
1326 2887 1486 2942 olivae
1517 2904 1807 2945 remanere
1853 2892 2067 2946 soleant
2116 2893 2171 2948 in

566 2994 700 3048 agro
725 2981 807 3033 vel
839 2980 892 3033 in
921 2979 1237 3047 arboribus,
1265 2981 1346 3034 sic
1387 2982 1636 3052 reliquiae
1668 2984 1834 3037 Israel
1859 2985 2170 3053 salventur;

575 3075 811 3126 maxime
839 3073 970 3142 quia
1000 3082 1268 3142 sequatur
1294 3092 1307 3127 :
1341 3073 1406 3127 In
1432 3075 1514 3129 die
1542 3076 1637 3128 illa
1665 3075 2003 3132 inclinabitur
2025 3079 2178 3133 homo

2266 1879 2322 1924 et
2349 1870 2494 1925 oculi
2547 1886 2736 1925 eorum
2770 1886 3112 1942 nequaquam
3161 1871 3302 1926 idola
3355 1888 3476 1942 qua:
3519 1874 3772 1930 fecerant
3818 1875 3865 1930 in

2267 1962 2458 2018 Bethel
2481 1971 2536 2018 et
2559 1963 2611 2018 in
2639 1964 2773 2028 Dan,
2793 1963 2889 2018 sed
2915 1964 3082 2018 Deum
3113 1963 3428 2034 respicient,
3453 1973 3867 2022 contemnentes

2268 2055 2493 2110 delubra
2545 2066 2598 2111 et
2630 2057 2844 2122 altaria,
2879 2073 3000 2124 quae
3045 2059 3256 2127 Operati
3297 2068 3424 2113 sunt
3467 2059 3626 2129 digiti
3658 2075 3866 2115 eorum.

2339 2150 2530 2221 (Vers.
2565 2151 2666 2219 9.)
2732 2150 2800 2204 In
2842 2151 2926 2205 die
2955 2151 3051 2204 illa
3091 2160 3241 2206 erunt
3289 2153 3521 2206 civitates
3551 2155 3869 2223 fortitudinis

2267 2247 2381 2315 ejus
2431 2242 2696 2298 derelictte
2737 2244 2871 2297 sicut
2900 2253 3098 2311 aratra,
3129 2254 3176 2298 et
3223 2254 3418 2314 segetes
3469 2261 3587 2314 qua:
3617 2247 3870 2300 derelicta!

2268 2341 2389 2387 sunt
2419 2351 2451 2386 a
2475 2334 2609 2402 [acie
2636 2333 2869 2403 ﬁliorum
2900 2333 3093 2399 Israel,
3125 2343 3174 2388 et
3205 2335 3300 2389 erit
3332 2337 3554 2389 deserta.
3604 2335 3721 2390 Hoc
3770 2349 3866 2389 non

2270 2424 2513 2494 loquitur
2541 2433 2733 2480 contra
2767 2425 3114 2490 Damascum,
3147 2424 3244 2479 sed
3294 2435 3484 2480 contra
3543 2424 3736 2480 decem
3779 2425 3870 2479 tri-

2270 2515 2393 2580 bus,
2410 2531 2532 2584 qua:
2558 2515 3071 2570 vocabanturlsrael
3089 2531 3104 2582 ;
3121 2516 3468 2586 utquomodo
3487 2516 3554 2570 ad
3577 2515 3864 2572 adventum

2269 2624 2339 2665 ex
2370 2609 2607 2681 Egypto
2633 2609 2824 2680 populi
2872 2610 2993 2673 Dei,
3048 2621 3070 2648 ο
3102 2624 3296 2665 omnes
3339 2621 3532 2681 gentes
3570 2626 3696 2681 quae
3728 2611 3870 2666 inco-

2273 2703 2461 2758 lebant
2491 2713 2692 2758 terram
2719 2703 3186 2771 repromissionis,
3209 2704 3390 2758 subito
3424 2719 3630 2772 pavore
3658 2715 3869 2761 conter-

2271 2795 2391 2849 ritze
2420 2803 2599 2848 aratra
2631 2795 2980 2862 dimiserunt,
3013 2810 3346 2866 acervosque
3383 2796 3542 2868 196
3569 2795 3789 2868 frugum
3817 2805 3866 2852 et

2275 2887 2449 2942 media
2480 2902 2671 2958 opera,
2705 2889 2936 2944 salutem
2969 2887 3204 2957 pedibus
3257 2888 3601 2958 requirentes
3645 2907 3658 2942 :
3713 2889 3794 2944 sic
3819 2897 3865 2944 et

2275 2989 2416 3034 terra
2435 2980 2600 3036 Israel
2624 2981 2796 3035 multo
2820 2991 3065 3050 tempore
3089 2980 3337 3036 desolata
3365 2989 3704 3049 permaneat.
3723 2979 3867 3036 Unde

2276 3073 2449 3128 miror
2481 3089 2578 3143 pro
2601 3075 2798 3128 aratris
2817 3084 2871 3128 et
2899 3075 3111 3129 acervis
3129 3073 3339 3143 frugum
3356 3073 3599 3128 voluisse
3626 3073 3865 3143 Aquilam

574 3165 644 3216 ad
666 3171 911 3235 [actorem
940 3182 1114 3231 suum,
1155 3175 1204 3220 et
1253 3167 1391 3219 oculi
1434 3170 1550 3238 ejus
1590 3166 1659 3218 ad
1703 3166 1955 3221 Sanctum
1999 3168 2172 3222 Israel
2197 3157 2242 3218 C
2276 3165 2644 3234 interpretari,
2689 3174 2872 3220 testam
2897 3175 2944 3219 et
2973 3163 3590 3235 Emir;Symmachum,
3623 3165 3813 3218 siluam
3831 3172 3868 3218 et

565 3259 857 3326 respicient,
890 3257 943 3310 id
973 3265 1080 3322 est,
1111 3256 1180 3310 ad
1209 3255 1522 3312 Christum.
1555 3258 1702 3313 Duas
1731 3259 1924 3326 olivas,
1953 3267 2008 3314 et
2037 3268 2170 3328 tres,

564 3357 621 3403 et
657 3359 913 3416 quatuor,
964 3357 1022 3404 et
1079 3349 1344 3418 quinque,
1401 3349 1818 3418 quatuordecim
1877 3351 2172 3420 Apostolos

567 3442 1030 3510 interpretantur,
1083 3441 1137 3494 id
1168 3449 1274 3503 est,
1319 3440 1609 3494 duodecim
1641 3441 1732 3509 qui
1756 3442 1915 3495 electi
1941 3453 2087 3509 sunt,
2119 3450 2175 3497 et

567 3529 1075 3584 tertiumdecimum
1115 3537 1142 3564 ἰ
1175 3528 1462 3593 Jacobnm,
1505 3530 1602 3597 qui
1651 3531 1958 3598 appellatur
2001 3530 2172 3586 frater

576 3618 733 3688 195
768 3619 1018 3681 Domini;
1047 3617 1274 3671 Paulum
1305 3633 1518 3688 quoque
1547 3619 1871 3688 Apostolum
1899 3635 1994 3674 vas
2024 3621 2173 3677 elec—

570 3708 737 3761 tionis
769 3711 785 3776 (
811 3709 926 3762 Act.
955 3723 1028 3761 vn
1052 3707 1096 3778 ).
1125 3709 1228 3774 Qui
1275 3723 1406 3763 vero
1453 3710 1802 3778 Assyriorum
1832 3713 2171 3781 temporibus

569 3811 765 3868 putant
796 3801 1066 3870 completa
1092 3816 1214 3869 quae
1240 3801 1382 3856 dicta
1416 3811 1563 3867 sunt,
1585 3802 1688 3857 hoc
1705 3805 1900 3858 volunt
1920 3806 2168 3876 intelligi,

570 3894 719 3961 quod
751 3894 855 3949 sub
884 3894 1109 3964 Assyria
1141 3893 1458 3962 captivitate
1483 3895 1781 3950 Damascus
1808 3911 1918 3950 non
1955 3898 2028 3951 sit
2053 3913 2174 3952 om-

574 3993 713 4046 nino
758 3988 961 4054 deleta,
999 3987 1097 4042 sed
1131 3987 1412 4042 translatis
1443 3987 1767 4057 quibusdam
1796 3990 1850 4043 in
1876 3989 2170 4060 Cyrenem,

577 4083 678 4138 alia
725 4095 851 4150 pars
902 4080 1172 4135 cultorum
1218 4086 1379 4132 terrae
1419 4078 1642 4134 dimissa
1685 4080 1775 4147 sit,
1808 4095 1929 4150 qua:
1970 4090 2024 4135 et
2055 4082 2170 4151 ipsa

570 4185 766 4245 postea
800 4171 1098 4240 Babylonio
1151 4179 1400 4226 vastante
1445 4170 1624 4225 deleta
1669 4181 1785 4227 est:
1839 4173 2016 4228 donec
2071 4173 2174 4228 sub

568 4263 958 4320 Macedonibus
972 4260 1069 4315 etb
1095 4261 1410 4316 Ptolemaeis
1440 4277 1659 4316 rursum
1685 4261 2102 4330 instauraretur,
2119 4272 2175 4320 et

569 4358 626 4412 in
667 4356 905 4411 adventu
937 4352 1145 4407 Christi
1176 4361 1325 4406 esset
1381 4352 1601 4422 quidem
1647 4355 1864 4420 civitas,
1916 4355 2013 4410 sed
2063 4371 2172 4412 non

571 4459 742 4504 tantae
765 4446 1027 4516 potentia:
1046 4453 1264 4515 quanta:
1295 4454 1461 4501 antea
1487 4445 1683 4502 fuerat.
1734 4448 1802 4502 Et
1829 4457 1912 4503 est
1934 4464 2130 4505 sensus
2155 4465 2170 4502 :

573 4552 682 4597 tam
729 4538 889 4611 pauci
921 4537 1284 4593 remanebunt
1332 4537 1385 4592 in
1427 4537 1719 4606 Damasco,
1779 4556 1942 4610 quam
1991 4533 2248 4596 solentD

576 4642 702 4704 post
756 4645 1034 4686 messores
1061 4644 1244 4698 pauca:
1275 4644 1564 4686 remanere
1580 4633 1768 4702 spicae,
1792 4647 1927 4702 quas
1951 4634 2001 4687 in
2027 4635 2170 4690 valle

579 4723 845 4794 Raphaim
879 4720 1144 4776 latissima
1185 4731 1240 4776 et
1275 4723 1652 4790 potentissima
1684 4724 1867 4778 solent
1903 4740 2174 4794 pauperes

570 4820 755 4886 legere
784 4832 799 4869 :
832 4814 920 4870 vel
949 4815 1003 4867 in
1051 4813 1173 4868 olea
1204 4827 1392 4883 paucae
1423 4814 1606 4882 olivae,
1661 4831 1782 4886 qua:
1832 4817 2170 4888 diligentiam

573 4909 808 4978 legentis
837 4906 1136 4960 evaserint.

649 5051 676 5078 ιι
705 5038 1222 5115 Eusebiisententia
1251 5048 1354 5106 est,
1386 5056 1546 5115 quam
1575 5044 1691 5112 ipse
1718 5059 1788 5100 ex
1819 5045 2055 5115 Origene
2080 5063 2177 5104 ex—

579 5112 804 5186 pressit,
832 5121 886 5165 et
933 5111 984 5162 in
1033 5124 1205 5186 quam.
1239 5111 1446 5186 tantum
1494 5111 1671 5178 abest,
1699 5127 1754 5169 ut
1785 5111 1971 5171 noster
1995 5119 2181 5174 Hiero-

578 5180 777 5257 nymus
815 5181 1152 5257 concesserit
1189 5180 1373 5257 (qutid
1412 5186 1620 5257 putavit
1650 5187 2091 5243 lilontlauconius
2121 5192 2173 5244 in

576 5249 722 5311 notis
764 5251 830 5307 ad
871 5250 1257 5323 huneEusebii
1293 5249 1468 5305 locum
1496 5254 1540 5323 ),
1575 5265 1633 5308 ut
1675 5273 1794 5310 eam
1828 5269 1882 5311 et
1911 5261 2012 5313 sub
2038 5261 2176 5314 alio-

573 5343 696 5382 rum
748 5324 967 5377 nomine
1013 5320 1100 5372 hic
1147 5319 1374 5385 referat,
1428 5319 1712 5391 et'janidiu
1753 5338 1909 5381 antea
1946 5331 1996 5382 in
2033 5330 2173 5386 libro

575 5407 774 5452 contra
804 5392 1108 5448 Helvidium
1156 5391 1566 5457 improbaverit.
1601 5395 1741 5450 Sunt
1781 5407 1962 5453 autem
1996 5399 2171 5455 Euse-

572 5469 646 5522 bii
673 5468 840 5521 verba
860 5483 873 5542 _:
985 5461 1038 5515 δέ
1055 5463 1525 5542 λοιποὶ-ττςιράιτοὺς
1544 5476 1687 5540 τρεῖς
1710 5471 1926 5530 τούτους
1944 5472 2166 5542 (nempe

575 5543 762 5611 Πέτρον
790 5540 873 5611 nati
899 5532 1138 5611 Ἰάκωϐον
1169 5537 1254 5611 irai
1294 5532 1548 5611 ’l'wo'twnv,
1577 5532 1810 5604 quorum
1853 5532 2012 5607 supra
2051 5532 2165 5596 III-e-

578 5603 766 5666 minit)
795 5608 842 5659 οἱ
873 5603 1122 5726 τὲσσαὲοὲς
1166 5605 1270 5654 εἰσι
1297 5608 1387 5656 καὶ
1424 5608 1569 5661 πέντε
1586 5603 1607 5670 ,ν
1628 5613 1708 5663 ναὶ
1743 5613 1867 5669 τοὺς
1905 5603 2168 5687 ⁴ιίὲσενοιραςδ

578 5680 802 5726 καὶτοὺς
829 5679 1001 5726 πέντε.
1059 5674 1151 5725 tina:
1174 5674 1258 5725 καὶ
1281 5674 1544 5726 τέσσαρας
1565 5684 1771 5726 ποιήσει
1798 5683 1918 5726 τοὺς
1948 5684 2141 5726 «Itan-m-

577 5682 663 5750 x_ai
683 5680 802 5750 ςοτξς
829 5679 1001 5750 πέντε,
1027 5674 1151 5750 δίκᾳ
1174 5674 1258 5725 καὶ
1281 5674 1544 5750 ςτέσσαρῗας
1565 5684 1772 5738 ποιήσει
1798 5683 1918 5742 τοὺς
1948 5674 2162 5750 «avrae,

577 5744 645 5800 ὧν
681 5745 879 5799 δώδεκα
916 5747 1006 5812 μέν
1043 5745 1163 5800 τοὺς
1191 5744 1433 5814 πρώτους
1449 5744 1784 5811 ’ἀποστόλους
1820 5750 1981 5814 εἴποις
2010 5749 2072 5810 ἂν
2099 5744 2168 5810 εἷλ-

2275 3258 2453 3324 Amir;
2482 3258 2647 3326 LXX,
2692 3259 3022 3312 Amorrha’os
3046 3269 3092 3313 et
3124 3257 3329 3312 Evceos.
3379 3257 3544 3312 Solus
3574 3257 3868 3312 Theodotio

2272 3347 2600 3406 Hebraicum
2621 3350 2848 3406 verbum
2883 3352 3090 3419 posuit,
3132 3366 3227 3404 [ms
3260 3367 3329 3405 ET
3360 3366 3492 3405 eum
3521 3365 3534 3403 :
3561 3350 3708 3420 quod
3740 3349 3866 3419 apud

2272 3456 2368 3496 eos
2395 3442 2736 3497 emendatius
2760 3441 2962 3512 legitur
2977 3457 3149 3498 nones
3166 3443 3332 3513 (mu)
3351 3458 3419 3497 ετ
3441 3457 3571 3497 sum
3598 3442 3864 3513 (1mm),

2271 3532 2324 3587 id
2353 3542 2458 3596 est,
2485 3549 2711 3587 uomeres
2737 3541 2792 3588 et
2817 3535 2988 3588 acervi
3010 3544 3262 3606 segetum.

2343 3623 2363 3691 (
2384 3623 2541 3678 Vers.
2575 3625 2706 3696 10.)
2754 3625 2892 3689 Quia
2939 3627 3106 3681 oblita
3144 3644 3195 3681 es
3229 3627 3326 3682 Dei
3373 3627 3672 3684 Salvatoris
3702 3628 3798 3693 tui,
3824 3633 3864 3680 et

2271 3716 2424 3784 fortis
2447 3716 2708 3788 adjutoris
2732 3720 2808 3771 tui
2836 3735 2940 3772 non
2966 3736 3019 3773 es
3048 3721 3350 3774 recordata.
3371 3721 3503 3788 Ista,
3532 3722 3734 3790 inquit,
3756 3734 3865 3789 per-

2271 3809 2518 3879 petieris,
2553 3825 2587 3864 0
2616 3809 2806 3875 Israel,
2830 3813 2957 3881 quia
2984 3811 3252 3882 reliquisti
3303 3813 3474 3868 Deum
3527 3813 3862 3868 Salvatorem

2272 3911 2445 3968 tuum,
2471 3905 2562 3973 qui
2609 3913 2663 3959 te
2695 3905 2946 3960 liberavit
2988 3920 3055 3960 ex
3089 3905 3354 3976 IEgypto,
3405 3906 3496 3976 qui
3557 3907 3653 3961 tibi
3687 3916 3864 3976 gentes

2270 3996 2506 4065 subjecit
2534 3997 2788 4052 inimicas
2814 4015 2826 4050 :
2852 4006 2909 4051 et
2931 3997 3202 4066 adjutoris
3225 3999 3300 4052 tui
3333 4013 3443 4053 non
3471 4013 3534 4054 es
3560 3998 3861 4056 recordata.

2345 4087 2632 4160 Pr0pterea
2656 4088 2916 4158 plantabis
2936 4087 3307 4159 plantationem
3325 4088 3555 4159 ﬁdelem,
3585 4101 3635 4144 et
3662 4105 3857 4159 germen

2271 4184 2498 4238 alienum
2535 4183 2832 4236 seminabis.
2860 4181 2974 4237 Hoc
3002 4183 3245 4252 pressius
3289 4192 3345 4238 et
3367 4185 3484 4254 'per
3530 4183 3762 4238 ironiam
3793 4183 3864 4237 Ie-

2270 4278 2529 4345 gendum.
2564 4273 2724 4340 Quia,
2757 4272 2953 4342 inquit,
2987 4271 3145 4326 oblita
3171 4289 3224 4326 es
3250 4271 3351 4326 Dei
3381 4273 3678 4328 Salvatoris
3701 4273 3797 4336 tui,
3823 4279 3866 4324 et

2272 4367 2423 4436 [ortis
2442 4365 2699 4436 adjutoris
2722 4363 2797 4417 tui
2817 4379 2921 4417 non
2943 4379 2995 4416 es
3016 4363 3289 4418 recordata
3303 4380 3321 4417 :
3337 4379 3464 4418 num
3488 4365 3700 4420 idcirco
3723 4364 3868 4434 plan-

2274 4467 2390 4512 tare
2441 4455 2668 4512 debebis
2715 4455 3111 4525 plantationem
3161 4455 3400 4524 ﬁdelem,
3449 4465 3506 4512 et
3543 4473 3651 4512 non
3695 4456 3867 4528 potius

2273 4549 2510 4604 alienum
2541 4548 2817 4603 seminare
2847 4562 3096 4618 germen,
3121 4548 3264 4618 quod
3292 4547 3466 4603 hostis
3507 4549 3752 4620 eripiat?
3779 4545 3867 4601 Vel

2272 4653 2421 4697 certe
2453 4641 2531 4695 sic
2557 4658 2570 4692 :
2599 4640 2742 4694 ﬁlios
2763 4654 2938 4708 meos,
2963 4640 3057 4710 qui
3083 4639 3151 4695 de
3179 4639 3362 4710 populi
3385 4640 3495 4696 mei
3520 4639 3693 4709 stirpe
3712 4653 3871 4711 gene-

2274 4734 2378 4787 rati
2405 4741 2552 4797 sunt,
2586 4731 2710 4787 ideo
2741 4731 2982 4786 fundasti
3028 4731 3082 4786 in
3115 4741 3283 4798 terra,
3340 4742 3399 4786 ut
3428 4746 3525 4787 eos
3569 4733 3782 4789 alienos
3821 4736 3872 4784 et

2273 4825 2540 4895 pessimos
2577 4823 2762 4880 facias.

2348 4915 2538 4985 (Vers.
2570 4916 2708 4984 Η.)
2749 4914 2817 4968 In
2865 4917 2952 4971 die
2995 4913 3335 4988 plantationis
3387 4924 3488 4971 tua:
3514 4915 3781 4984 labrusca,
3825 4921 3871 4969 et

2274 5071 2374 5124 gae,
2405 5051 2492 5124 ορκ
2519 5048 2995 5124 ἐλάττωιδϊᾳῦτῶν
3031 5055 3122 5109 τὴν
3141 5123 3144 5124 ν
3165 5052 3351 5124 ἀρετήν
3384 5052 3582 5124 Dubito-1
3608 5053 3691 5106 καὶ
3716 5050 3865 5124 αὐτὸν

2275 5117 2397 5196 dare:
2411 5121 2594 5196 κλητόν
2627 5117 2936 5186 ἀπόστολον,
2975 5125 3060 5175 καὶ
3099 5117 3455 5176 τὸν”1ἀκω6ον
3487 5125 3750 5196 ’γεγονέναι
3789 5123 3871 5176 τὸν

2273 5190 2477 5264 ἀδελφὸν
2506 5196 2596 5264 ego
2622 5195 2840 5264 impiae,
2869 5202 2978 5252 etc,
3008 5207 3042 5264 :_
3068 5206 3192 5264 qua;
3220 5200 3426 5264 tantum
3473 5190 3867 5264 ex'ciimmen-

2273 5257 2462 5383 tatlorits
2489 5260 2672 5314 cilicio
2693 5257 2752 5316 S.
2785 5261 2985 5316 Doctor
3011 5257 3142 5316 dare
3167 5260 3377 5317 Latinis
3398 5278 3618 5333 quoque
3640 5262 3869 5317 auribus

2274 5346 2340 5383 vo
2370 5347 2417 5383 ιιι
2453 5373 2466 5383 .

2274 5333 2466 5386 voluit.

2342 5401 2369 5438 δ
2412 5401 2654 5463 Drusius,
2715 5415 2780 5455 ex
2808 5409 2994 5456 vetere
3043 5416 3144 5456 suo
3191 5403 3357 5466 libro,
3413 5401 3732 5457 Tholomwis
3771 5400 3872 5470 legi

2271 5473 2407 5536 vult,
2436 5472 2580 5541 quod
2616 5480 2670 5543 et
2715 5471 2874 5527 nobis
2925 5472 3054 5527 alibi
3095 5483 3339 5526 notatum
3373 5483 3459 5528 est
3485 5474 3553 5528 ad
3585 5473 3872 5543 Antiquio-

2274 5558 2392 5596 rum
2425 5544 2477 5596 in
2529 5542 2818 5596 scribendo
2866 5559 3096 5599 morem.
3136 5543 3270 5598 Vide
3313 5543 3409 5598 lib.
3457 5542 3755 5600 Nominum
3807 5543 3873 5600 ad

2275 5627 2470 5668 nomen
2504 5613 2932 5669 Bartholomazus.

2349 5696 2368 5722 ε
2401 5685 2636 5742 Consule
2661 5683 2892 5756 Procop.
2919 5685 2974 5741 in
3002 5684 3230 5739 Vandal.
3263 5683 3361 5742 lib.
3389 5701 3450 5752 ιι,
3482 5699 3533 5741 c.
3562 5686 3650 5743 ιο.
