4008 6300
164 284 253 345 I77

698 277 1336 338 COMMENTARIORUM
1371 278 1439 336 IN
1475 278 1714 337 ISAIAM
1752 276 2181 337 PBOPIIETAM
2218 279 2350 336 LIB.
2392 279 2460 336 ν.
2498 279 2655 335 CAP.
2699 278 2891 338 XVIII.

3327 287 3431 342 I78

166 420 304 459 mane
329 417 491 457 semen
513 411 655 455 tuum
696 400 918 469 ﬂorebit.
968 398 1154 451 Ablata
1196 406 1274 452 est
1310 396 1495 452 messis
1528 396 1586 450 in
1640 397 1727 451 die
1754 407 1955 467 Aoum
2011 410 2210 451 SELSEI.
2267 373 2495 467 (5353),
2542 392 2688 465 quod
2737 394 3135 466 Symmachus,
3183 400 3434 468 sonitum,

164 494 487 559 hereditatis,
520 501 567 548 et
594 490 785 545 dolebit
831 489 959 563 [ΑΙ.
1010 489 1247 561 dolebis]
1293 490 1536 562 graviter.
1592 488 1725 556 Hos,

165 588 350 659 inquit,
400 599 616 657 operum
670 593 884 639 tuorum
931 581 1139 637 fructus
1187 581 1409 652 capies:
1465 579 1592 635 vitis
1639 588 1730 634 tua

161 680 322 737 Sorec
361 676 698 749 degenerabit
724 675 780 731 in
806 676 1142 741 labruscam,
1170 688 1357 729 semen
1390 680 1543 728 tuum
1575 686 1728 742 spem

1828 487 1858 528 ι)
1881 486 2223 544 Theodotion
2242 528 2258 554 ,
2302 502 2418 541 aues
2450 486 2795 556 interpretati
2826 497 2975 554 sunt,
3018 496 3075 543 et
3092 503 3195 543 nos
3222 491 3273 545 in
3296 508 3436 562 cym-

1832 582 2007 638 balum
2032 580 2318 637 vertimus.
2356 579 2554 648 Aquila
2598 580 2674 633 bis
2701 581 2941 634 umbram
2970 581 3270 638 transtulit.
3326 582 3440 638 Sed

1831 673 2111 730 sciendum
2152 672 2296 742 quod
2346 672 2537 726 umbra
2575 685 2671 726 εει,
2708 648 2826 742 ('7'!)
2856 671 3059 728 dicitur
3090 716 3105 740 ,
3137 674 3229 729 hic
3257 686 3439 731 autem

161 771 418 843 promittet
444 770 495 823 in
516 767 799 839 germine;
829 767 927 823 sed
956 782 1079 822 cum
1101 765 1389 821 maturitas
1417 763 1728 831 advenerit,
1828 765 2044 838 syllaba
2075 765 2191 834 ipsa
2214 762 2551 834 geminatur.
2573 764 2654 818 Ex
2675 778 2785 834 quo
2805 778 3096 833 possumus
3115 765 3323 822 dictum
3351 768 3438 823 in-

154 864 221 919 ab
245 863 343 918 alio
368 862 698 918 demetetur.
730 860 802 915 Et
831 870 958 915 tunc
985 858 1198 914 dolebis
1222 858 1482 929 graviter,
1512 854 1732 927 quando

152 963 357 1026 sperata
384 962 438 1010 et
465 968 605 1024 pene
628 953 742 1024 jam
775 960 920 1008 tenta
948 950 1271 1022 perdideris.

219 1046 414 1117 (νει-ε.
447 1042 673 1115 12-14.)
707 1043 801 1100 Va:
831 1043 1157 1099 multitudini
1194 1041 1511 1113 populorum
1540 1039 1732 1095 multo-

140 1154 283 1207 rum,
316 1146 373 1191 ut
420 1135 698 1191 multitudo
728 1137 888 1191 maris
915 1134 1195 1190 sonantis:
1233 1143 1283 1187 et
1325 1130 1578 1187 tumultus
1626 1140 1735 1184 tur-

144 1233 341 1300 barum,
371 1231 503 1285 sicut
548 1230 750 1285 sonitus
791 1244 1048 1297 aquarum
1096 1226 1433 1281 multarum:
1481 1224 1738 1279 sonabunt

148 1325 344 1395 pepuli,
376 1324 509 1379 sicut
537 1324 740 1378 sonitus
770 1338 1027 1392 aquarum
1047 1321 1420 1375 inundantium
1444 1334 1463 1374 :
1494 1328 1541 1373 et
1570 1319 1741 1373 incre-

141 1417 277 1487 pabit
309 1430 448 1483 eum,
474 1423 524 1470 et
575 1415 738 1487 fugiet
782 1414 973 1485 procul
1006 1425 1099 1468 :et
1146 1412 1380 1483 rapietur
1405 1411 1540 1466 sicut
1573 1411 1739 1481 puluis

135 1508 387 1566 montium
417 1525 450 1563 a
477 1508 613 1580 {acie
633 1507 795 1574 uenti,
820 1516 870 1561 et
886 1507 1019 1562 sicut
1040 1505 1191 1560 turbo
1217 1521 1393 1559 coram
1417 1513 1734 1576 tempestate.

138 1599 201 1655 In
246 1610 482 1674 tempore
505 1615 771 1670 vesperae:
803 1608 850 1653 et
894 1613 1008 1654 ecce
1054 1596 1278 1652 turbatio
1308 1597 1363 1649 in
1394 1594 1665 1661 matutino,
1693 1603 1740 1649 et

131 1711 238 1749 non
265 1694 531 1748 subsistet.
578 1691 705 1748 Haec
732 1701 810 1747 est
857 1708 977 1764 pars
1026 1707 1222 1756 eorum,
1275 1691 1362 1761 qui
1413 1696 1737 1744 vastaverunt

1832 859 2079 928 telligere
2105 875 2119 912 :
2152 856 2249 913 Va:
2280 867 2440 912 terrae
2461 898 2476 923 ,
2505 871 2627 925 qua:
2647 855 2701 911 in
2731 856 2926 911 umbra
2959 857 3170 912 alarum
3220 873 3443 915 suarum

1833 950 2125 1023 pollicetur
2165 950 2447 1004 auxilium.
2493 948 2563 1003 Et
2603 963 2730 1003 cum
2771 947 3053 1018 Scriptura
3081 949 3277 1005 dicat:
3336 952 3443 1017 Qui

1836 1044 2031 1099 habitat
2060 1044 2114 1097 in
2145 1042 2408 1115 adjutorio
2444 1040 2696 1095 Altissimi
2724 1081 2739 1107 ,
2783 1041 2836 1094 in
2861 1041 3178 1112 protectione
3203 1040 3304 1095 Dei
3327 1044 3444 1097 caeli

1838 1136 2238 1191 commorabitur
2264 1132 2384 1206 (Ps.
2415 1148 2504 1199 xc,
2537 1131 2626 1202 I),
2659 1148 2760 1203 pro
2788 1148 2897 1203 quo
2922 1132 2977 1186 in
3009 1132 3243 1188 Hebraao
3271 1134 3441 1204 scrip-

1835 1241 1948 1285 tum
1975 1229 2133 1302 198
2161 1235 2281 1291 est,
2337 1224 2405 1280 In
2433 1225 2619 1279 umbra
2668 1224 3049 1297 Omnipotentis
3100 1225 3442 1280 commorabi-

1841 1332 1955 1378 tur:
1994 1322 2167 1393 ipsam
2208 1320 2308 1377 Dei
2346 1320 2763 1376 similitudinem
2792 1320 2999 1377 habere
3038 1335 3099 1376 se
3122 1321 3356 1390 iactans,
3386 1330 3444 1376 et

1839 1416 1896 1471 in
1929 1415 2188 1484 periculis
2233 1413 2531 1469 constituta
2576 1413 2701 1469 aliis
2739 1413 3028 1483 suﬂ'ragari
3079 1412 3435 1484 repromittit.

1841 1508 2126 1579 Signiﬁcat
2162 1517 2342 1562 autem
2390 1507 2507 1561 sive
2549 1504 2655 1573 No,
2696 1504 2919 1578 Aﬂgypti
2946 1506 3250 1573 civitatem,
3312 1522 3436 1577 quae

1841 1614 1986 1655 nunc
2006 1598 2343 1655 Alexandria
2370 1598 2592 1667 dicitur,
2609 1599 2724 1654 sive
2746 1598 3067 1670 Egyptum,
3091 1599 3145 1653 in
3168 1612 3273 1667 qua
3295 1613 3443 1654 sem-

1844 1710 1942 1766 per
1992 1694 2297 1751 Jerusalem
2331 1694 2489 1763 quasi
2548 1709 2714 1764 super
2740 1703 3055 1764 quassatam
3110 1694 3439 1750 arundinem

130 1803 246 1853 nos,
276 1793 328 1840 et
347 1802 464 1840 sors
481 1785 839 1855 diripientium
855 1800 966 1839 nos.
981 1783 1084 1850 Qui
1109 1783 1451 1853 superiorem
1476 1781 1729 1837 Damasci
1760 1800 1808 1861 Β
1840 1787 2030 1843 innixa
2058 1797 2165 1852 est,
2219 1801 2342 1857 quae
2372 1786 2655 1842 confracta
2712 1802 2937 1843 manum
2968 1787 3209 1857 perforat
3237 1789 3446 1843 incum-

131 1876 506 1946 eaptivitatem
540 1890 569 1930 a
608 1875 870 1931 Romanis
899 1875 1107 1931 illatam
1159 1874 1475 1943 :estimaut,
1523 1882 1580 1930 et
1628 1873 1736 1929 hoc

126 1966 267 2036 quod
309 1966 575 2037 scriptum
609 1974 737 2022 est:
793 1965 1146 2021 Inclinabitur
1168 1968 1320 2023 homo
1367 1966 1438 2021 ad
1484 1970 1734 2038 factorem

128 2072 293 2124 suum,
343 2066 398 2112 et
441 2058 588 2113 oculi
614 2059 728 2130 ejus
752 2058 821 2112 ad
847 2059 1102 2115 Sanctum
1148 2057 1318 2115 Israel
1341 2059 1642 2128 respiciant,
1666 2057 1735 2112 ad

128 2148 348 2217 Christi,
376 2159 435 2206 et
454 2151 849 2222 Apostolorum
869 2161 1112 2221 tempora
1139 2150 1409 2207 referunt.
1441 2151 1595 2223 19']
1622 2148 1736 2205 Nec

126 2256 231 2297 non
259 2242 392 2298 illud
421 2243 575 2314 quod
609 2246 861 2314 sequitur
891 2260 906 2299 :
940 2243 1210 2300 Plantabis
1256 2246 1634 2314 plantationem
1662 2244 1730 2313 [i-

129 2335 310 2404 delem,
327 2347 378 2393 et
396 2354 613 2411 germen
630 2339 859 2394 alienum
881 2339 1156 2396 seminabis
1168 2357 1186 2394 :
1207 2340 1263 2394 in
1281 2339 1368 2393 die
1391 2338 1734 2411 plantationis

126 2438 221 2484 tua:
250 2430 519 2498 labrusca,
566 2441 623 2488 et
649 2442 873 2499 caetera,
928 2442 956 2469 ἰ
986 2433 1055 2489 de
1108 2433 1434 2488 inﬁdelitate
1483 2432 1734 2488 sentiunt

131 2518 464 2579 Iudaeorum.
502 2524 573 2579 Et
623 2523 730 2580 hoc
765 2524 1063 2595 capitulum
1094 2524 1238 2593 quod
1271 2539 1417 2580 nunc
1450 2525 1736 2595 proposui-

126 2628 262 2681 mus,
285 2629 458 2686 super
485 2615 734 2672 Ethnicis
752 2618 1203 2688 interpretantur,
1221 2617 1314 2687 qni
1332 2628 1736 2687 persequuntur

126 2702 457 2763 Ecclesium.
497 2708 637 2764 Illud
665 2725 884 2780 quoque
913 2709 1061 2779 quod
1107 2710 1381 2780 sequitur,
1437 2707 1735 2779 Increpabit

116 2813 253 2867 eum,
286 2808 335 2855 et
360 2800 534 2873 fugiet
565 2800 768 2873 procul,
814 2802 883 2857 de
913 2801 1130 2857 diabolo
1161 2800 1463 2871 accipiunt,
1489 2802 1735 2870 tropolo-

116 2889 229 2960 gica
281 2891 751 2963 interpretatione
809 2895 1122 2948 vastitatem
1175 2903 1628 2963 persccutorum,
1685 2904 1740 2948 et

115 2983 433 3042 daemonum
489 2988 958 3043 demonstrantes.
1013 2986 1126 3041 Nos
1170 2996 1355 3041 autem
1384 2994 1622 3053 emptum
1650 2999 1740 3041 se-

116 3079 335 3147 quimur
379 3079 675 3147 ordinem,
707 3087 765 3136 et
801 3079 1062 3134 historica
1092 3077 1448 3133 fundamenta
1474 3076 1741 3132 historico

1835 1878 2041 1935 hentis.
2093 1878 2163 1934 Et
2202 1886 2287 1934 est
2310 1878 2402 1935 hic
2432 1879 2571 1934 ordo
2599 1879 3035 1951 pulcherrimus:
3073 1889 3136 1936 ut
3162 1881 3443 1949 quomodo

1836 1971 1890 2026 in
1923 1970 2097 2042 priori
2142 1970 2371 2027 Visione
2402 1986 2585 2028 sermo
2636 1972 2990 2043 propheticus
3036 1973 3302 2029 Damasco
3331 1974 3437 2030 mi-

1835 2063 2089 2130 nabatur,
2121 2062 2269 2132 quod
2300 2062 2699 2139 decem‘tribus
2727 2065 2782 2119 in
2836 2064 2928 2119 illa
2956 2063 3249 2120 habuerint
3287 2065 3440 2119 auxi-

1837 2155 1996 2222 lium,
2030 2155 2459 2210 misericordiam
2514 2155 2614 2211 Dei
2654 2164 2949 2226 rogantes:
2993 2156 3072 2211 sic
3102 2156 3266 2211 etiam
3295 2171 3442 2212 nunc

1837 2247 2077 2319 Egypto
2104 2247 2329 2302 vastitas
2356 2247 2729 2317 praedicetur;
2757 2248 2829 2303 ob
2863 2247 3020 2316 cujus
3058 2250 3319 2303 auxilium
3343 2250 3442 2304 Dei

1838 2341 2088 2413 neglecta
2120 2339 2192 2394 sit
2220 2339 2520 2394 invocatio.
2553 2338 2674 2409 Ipsa
2719 2346 2806 2393 est
2835 2339 2982 2393 enim
3013 2345 3186 2404 terra,
3213 2354 3336 2407 quae
3360 2349 3447 2393 est

1839 2445 1989 2490 trans
2016 2432 2237 2489 ﬂumina
2268 2430 2566 2501 Ethiopian
2592 2472 2607 2499 ,
2640 2430 2693 2485 id
2724 2438 2828 2497 est,
2859 2437 3014 2485 trans
3045 2429 3193 2485 rivos
3214 2429 3320 2484 Nili
3342 2429 3442 2485 llu-

1842 2526 2010 2581 minis
2030 2567 2045 2592 ,
2074 2524 2237 2597 quem
2268 2524 2338 2580 de
2367 2523 2651 2597 IEthiopia
2679 2524 2733 2578 in
2757 2523 3052 2595 Egyptum
3083 2520 3256 2579 ﬂuere
3283 2538 3448 2578 nemo

1838 2618 2071 2673 dubitat.
2096 2614 2572 2688 Potestdﬁgyptus
2589 2616 2796 2671 alarum
2825 2616 3134 2687 cymbalum
3152 2612 3263 2670 dici
3285 2630 3455 2685 [tropa

1838 2717 1925 2765 ter
1973 2709 2326 2767 velocitatem
2384 2711 2633 2780 frugum:
2687 2710 2849 2765 velox
2880 2711 3086 2780 quippe
3115 2718 3172 2765 et
3196 2708 3446 2767 concitus

1838 2801 2022 2855 avium
2050 2801 2264 2856 volatus
2290 2801 2471 2856 reddit
2490 2801 2724 2872 cymbali
2740 2803 3003 2857 sonitum.
3026 2801 3259 2870 Quidam
3283 2818 3348 2858 ex
3378 2818 3445 2859 eo

1838 2890 1986 2960 quod
2017 2892 2298 2961 sequitur:
2331 2890 2434 2957 Qui
2462 2893 2617 2946 mittit
2645 2893 2702 2946 in
2731 2895 2865 2947 mari
2894 2892 3114 2965 legatos,
3151 2903 3201 2948 et
3226 2896 3282 2948 in
3307 2896 3443 2950 uasis

1840 2984 2028 3052 papyri
2054 2999 2208 3053 super
2234 2998 2411 3052 aquas,
2460 2985 2767 3040 Romanum
2789 3001 3016 3056 regnum
3048 2987 3361 3059 intelligunt
3389 2998 3446 3045 et

1839 3086 2061 3128 omnem
2112 3073 2397 3126 historiam
2442 3074 2692 3128 referunt
2747 3076 2814 3130 ad
2861 3077 3178 3146 Vespasiani
3224 3091 3280 3136 et
3330 3080 3443 3136 Titi

114 3169 360 3227 culmine
386 3171 754 3240 protegimus.
784 3170 905 3237 Vae,
938 3170 1132 3241 inquit,
1161 3171 1432 3225 universis
1460 3170 1734 3239 gentibus,
1766 3169 1812 3231 C
1845 3175 2114 3232 tempora,
2139 3180 2167 3218 a
2190 3163 2387 3234 quibus
2410 3165 2791 3237 Hierosolyma
2810 3169 3069 3224 subversa
3085 3181 3190 3225 est.
3215 3173 3323 3229 Sed
3343 3174 3447 3229 hoc

114 3278 233 3333 quae
286 3263 683 3318 militaverunt
731 3272 925 3318 contra
968 3264 1230 3332 populum
1276 3278 1480 3326 meum,
1511 3278 1742 3331 quarum

114 3362 305 3411 tantus
340 3354 597 3424 impetus
642 3352 762 3420 fuit,
794 3363 855 3409 ut
885 3354 1053 3409 maris
1095 3352 1351 3409 ﬂuctibus
1380 3355 1745 3425 coacquandus

109 3446 198 3500 sit.
242 3446 362 3503 Sed
410 3460 546 3501 cum
576 3446 831 3502 venerint
879 3447 1195 3513 saevientes,
1247 3455 1305 3502 et
1355 3447 1742 3504 inundaverint

106 3547 318 3594 terram
353 3553 570 3605 meam,
602 3547 730 3593 tunc
761 3539 1016 3608 princeps
1046 3554 1234 3594 earum
1263 3537 1639 3595 Sennacherib
1670 3542 1739 3596 ab

111 3643 178 3684 eo
206 3631 382 3701 fugiet
434 3631 782 3700 increpatus,
811 3638 867 3685 et
897 3629 1039 3684 sicut
1084 3630 1264 3699 pulvis
1291 3639 1454 3685 vento
1483 3638 1737 3701 raptante

113 3719 481 3793 dispergitur,
518 3730 576 3776 et
609 3722 770 3776 turbo
794 3722 847 3776 in
877 3722 1112 3778 sublime
1134 3723 1374 3778 volvitur
1405 3725 1458 3779 in
1490 3732 1733 3795 tempes-

114 3821 272 3868 tate:
319 3814 408 3870 sic
473 3813 569 3870 ille
621 3815 1080 3885 appropinquabit
1126 3817 1347 3887 quidem
1401 3817 1731 3887 Jerusalem,

107 3904 388 3962 obsidens
456 3920 580 3963 eam
609 3923 621 3959 :
654 3906 751 3962 sed
795 3908 1134 3977 percutietur
1158 3909 1227 3963 ab
1275 3910 1521 3980 Angelo;
1551 3913 1734 3968 veniet

113 4010 307 4059 mane,
338 4007 397 4052 et
444 3998 687 4053 deletum
726 3999 986 4067 potentite
1027 4015 1140 4054 sua:
1166 4000 1375 4055 videbit
1403 4005 1728 4059 exercitum.

113 4086 184 4142 Et
204 4087 326 4143 haec
355 4090 457 4143 erit
483 4107 601 4160 pars
632 4108 811 4146 eorum
840 4092 927 4161 qui
957 4100 1280 4146 vastaverunt
1312 4109 1424 4147 nos.
1456 4093 1572 4149 Hoc
1596 4094 1733 4150 Pro-

118 4184 287 4249 pheta
340 4182 591 4252 loquitur
620 4184 705 4239 vel
742 4199 810 4239 ex
835 4197 1067 4253 persona
1097 4183 1309 4251 pepuli,
1344 4183 1433 4238 vel
1464 4199 1524 4238 se
1553 4184 1733 4253 ipsum

111 4274 355 4344 jungens
385 4275 541 4345 genti
572 4291 687 4331 sum
714 4279 732 4344 (
764 4276 833 4332 IV
879 4275 1015 4345 Reg.
1050 4290 1163 4339 XIX,
1206 4273 1298 4339 55,
1331 4274 1403 4330 ’56
1436 4273 1478 4344 ).
1533 4275 1733 4331 Postea

116 4365 354 4436 legimus
392 4386 407 4422 :
443 4367 705 4438 Egressus
734 4376 811 4421 est
841 4366 1074 4438 Angelus
1123 4365 1358 4430 Domini,
1402 4374 1450 4418 et
1481 4366 1735 4435 percussit

115 4459 169 4513 in
189 4461 381 4516 castris
407 4460 746 4530 Assyriorum
767 4468 970 4514 centum
997 4459 1256 4528 octoginta
1280 4456 1506 4527 quinque
1524 4453 1693 4509 millia
1713 4471 1733 4511 .'

1851 3258 1979 3313 ﬁdei
2004 3265 2208 3313 nostra:
2231 3273 2339 3312 non
2362 3260 2639 3322 convenit,
2665 3269 2721 3314 ut
2738 3263 2977 3317 minetur
3000 3263 3257 3320 Dominus
3277 3281 3445 3337 regno

1848 3347 2117 3412 Romano,
2146 3364 2316 3418 quare
2344 3349 2568 3419 impiam
2595 3363 2811 3422 gentem
2849 3354 3207 3423 subverterit,
3236 3367 3295 3411 et
3322 3374 3443 3411 rur-

1846 3454 1968 3496 sum
1998 3442 2050 3495 in
2082 3451 2328 3496 montem
2382 3441 2516 3497 Sion
2543 3442 2687 3498 dicat
2715 3460 2941 3501 munera
2986 3446 3305 3517 deferenda,
3340 3449 3448 3505 nisi

1843 3535 1988 3590 forte
2028 3544 2084 3589 et
2114 3535 2230 3589 hau:
2270 3534 2624 3605 spiritualiter
2652 3537 2707 3593 in
2731 3537 2985 3596 Ecclesia
3013 3541 3371 3612 accipiamus.

1918 3628 2098 3701 (Vers.
2127 3628 2211 3702 2.)
2268 3629 2373 3696 Qui
2420 3630 2575 3685 mittit
2614 3632 2668 3685 in
2693 3634 2827 3687 mari
2871 3633 3108 3704 legatos,
3160 3643 3208 3690 et
3235 3636 3290 3690 in
3312 3636 3449 3692 uasis

1841 3723 2034 3795 papyri
2060 3740 2216 3796 super
2235 3740 2419 3795 aquas.
2449 3724 2555 3793 Ite,
2577 3726 2751 3796 angeli
2769 3725 2987 3795 veloces,
3012 3728 3083 3782 ad
3102 3737 3301 3800 gentem
3322 3746 3450 3784 con-

1836 3816 2038 3870 uulsam
2058 3826 2103 3871 et
2119 3816 2477 3885 dilaceratam,
2499 3818 2568 3873 ad
2583 3820 2835 3891 papulum
2855 3820 3279 3888 terribilem,post
3293 3840 3445 3894 quem

1838 3926 1941 3964 non
1972 3920 2046 3964 est
2061 3908 2227 3977 alius,
2256 3910 2325 3963 ad
2351 3920 2554 3983 gentem
2586 3923 2962 3981 exspectantem
2988 3924 3036 3968 et
3060 3915 3438 3981 conculcatam,

1839 4002 1987 4069 cujus
2012 4000 2340 4073 diripuerunt
2363 4003 2582 4071 [Iuntina
2611 4012 2801 4056 terram
2828 4007 2964 4074 ejus.
3005 4004 3162 4072 Apud
3180 4002 3441 4059 Hebraeos

1839 4101 1895 4147 et
1914 4090 2181 4164 IEgyptus
2221 4101 2277 4147 et
2314 4091 2608 4165 Egyptius
2636 4103 2690 4149 et
2719 4093 2984 4164 AEgyptii,
3036 4108 3151 4147 uno
3176 4093 3443 4150 vocabulo

1840 4193 2226 4252 nuncupantur
2251 4199 2487 4240 uesamu
2541 4185 2796 4256 (uvam).
2847 4185 2961 4240 lloc
2989 4183 3196 4241 dictum
3223 4186 3316 4255 sit,
3375 4201 3445 4243 ne

1838 4276 1961 4345 quis
1983 4276 2035 4331 in
2058 4280 2229 4332 verbo
2258 4277 2486 4344 haereat,
2506 4295 2629 4333 cum
2666 4295 2767 4349 pro
2786 4294 2988 4350 genere
3010 4279 3275 4337 feminino
3301 4296 3447 4338 mas-

1840 4368 2081 4422 culinum
2113 4371 2411 4437 invenerit,
2444 4372 2499 4425 id
2548 4382 2656 4439 est,
2686 4387 2787 4442 pro
2815 4382 2958 4427 terra
2989 4373 3290 4441 hominem,
3318 4376 3447 4444 quia

1843 4469 1899 4513 et
1920 4474 2066 4513 nunc
2096 4460 2337 4514 dicitur:
2387 4462 2487 4527 Qui
2529 4464 2682 4516 mittit
2712 4465 2769 4516 in
2794 4466 2924 4517 mari
2948 4466 3163 4535 legatos,
3199 4467 3303 4522 hoc
3326 4476 3443 4533 est,

118 4566 166 4608 et
194 4564 549 4610 surrexerunt
603 4570 774 4621 mane,
825 4564 871 4608 et
922 4569 1034 4607 ecce
1082 4568 1258 4607 omnes
1299 4549 1553 4606 cadavera
1594 4565 1735 4603 mor-
1763 4544 1817 4604 D
1845 4552 1962 4623 ipsa
1985 4551 2257 4619 Mesraim,
2280 4553 2400 4622 ipse
2421 4552 2815 4623 IEgyptius,eo
2832 4556 2977 4625 quod
2996 4558 3066 4614 de
3088 4560 3443 4627 Alexandria,

123 4657 352 4703 tuarum.
387 4647 464 4701 Et
492 4664 726 4719 egressus
752 4655 845 4714 est,
882 4655 930 4701 et
976 4645 1124 4710 abiit,
1153 4654 1201 4698 et
1230 4659 1465 4699 reversus
1496 4652 1570 4697 est
1600 4642 1737 4699 Sen-

122 4743 366 4798 nacherib
412 4758 517 4798 rex
547 4743 879 4814 Assyriorum
909 4750 957 4795 et
986 4738 1233 4793 habitavit
1261 4740 1316 4792 in
1341 4737 1553 4794 Ninive.

192 4835 355 4908 (Cap.
397 4835 598 4903 XVIII,
640 4835 779 4891 Vera
810 4834 888 4904 l.)
944 4831 1212 4887 therra:
1258 4830 1494 4902 cymbala
1533 4834 1739 4888 alarum

122 4942 239 4996 qua:
282 4937 360 4981 est
411 4936 564 4981 trans
607 4925 828 4996 ﬂumina
868 4922 1177 4994 :Ethiopiaz.
1220 4920 1457 4977 Verbum
1502 4922 1737 4980 Hebrai-

195 5050 219 5079 ε
261 5041 445 5097 Vatic.
480 5041 549 5094 de
567 5039 873 5109 infelicitate
897 5038 1147 5104 sentiunt,
1178 5046 1285 5091 etc.

197 5111 226 5151 ι’
250 5114 521 5168 Placeret
541 5106 739 5165 Drusio
779 5125 844 5164 ex
874 5120 1060 5163 vetere
1088 5122 1190 5162 suo
1218 5120 1323 5161 ms.
1356 5107 1547 5176 reponi
1591 5106 1757 5161 Theo-

131 5182 275 5237 dotio
316 5185 512 5237 navim
550 5197 650 5250 pro
693 5179 1018 5233 Theodotion
1052 5193 1170 5250 aves
1204 5192 1221 5233 :
1264 5187 1325 5250 ‘et
1365 5192 1488 5250 mox
1513 5219 1528 5245 ,
1568 5177 1759 5250 Aquila

130 5252 181 5307 in
231 5254 487 5309 umbram
520 5246 620 5320 pro
652 5252 727 5305 bis
753 5251 1010 5305 umbram.
1046 5246 1371 5319 Snﬂ‘ragium
1404 5248 1522 5317 ejus
1544 5246 1760 5316 conjec-

134 5333 274 5381 tura:
302 5326 539 5380 addunt
562 5322 665 5391 ipsi
694 5320 838 5375 LXX
859 5365 873 5388 ,
908 5322 997 5390 qui
1025 5321 1193 5373 navim
1218 5321 1558 5391 interpretati
1589 5327 1754 5374 sunt:

134 5397 264 5471 ρύαὶ
285 5404 395 5471 1f);-
425 5387 626 5449 πλοίὠν
650 5387 938 5471 πτᾷρυγιςζ
956 5406 1032 5445 rte
1064 5402 1214 5471 terrm
1239 5387 1609 5471 nauiumalaz:
1644 5399 1753 5471 tum

134 5465 254 5536 ipse
285 5459 695 5536 l'lieronymus,
731 5459 839 5536 li_b.'
863 5462 1131 5532 sequenti,
1152 5459 1253 5536 ubi
1294 5459 1565 5536 hor_idem
1594 5469 1755 5536 caput

134 5528 537 5608 recognoscit;
550 5544 605 5587 et
615 5528 1282 5608 Aquilam,_p'ro_cym_balo,
1297 5528 1534 5608 umbram
1554 5528 1759 5608 alarum

136 5601 407 5679 inter'pree
428 5614 588 5659 atum
611 5602 777 5679 fuisse
796 5604 981 5679 tradit.
1009 5601 1189 5679 Nihilo
1208 5601 1391 5679 secius
1404 5608 1655 5679 neutrum
1682 5601 1759 5656 lo-

135 5671 539 5734 cum'contra
568 5686 696 5743 mss.
741 5673 900 5729 ﬁdem
945 5671 1262 5743 mutandum
1308 5671 1592 5743 existimo,
1631 5684 1754 5743 nam

139 5748 411 5806 Drusiani
462 5742 676 5801 codicis
704 5759 811 5799 non
838 5755 945 5799 tam
992 5745 1092 5803 hoc
1133 5741 1258 5798 loco
1287 5741 1539 5796 laudatur
1569 5742 1753 5798 aucto;

1845 4660 1968 4716 quae
2000 4652 2147 4711 tunc,
2188 4653 2249 4699 ut
2303 4644 2562 4715 diximus,
2612 4644 2694 4700 No
2721 4645 3038 4714 vocabatur,
3079 4650 3239 4720 199
3283 4650 3450 4718 legati

1844 4738 2000 4794 missi
2028 4747 2158 4794 sunt
2186 4737 2625 4812 Hierosolymam
2655 4748 2711 4795 et
2738 4739 2791 4792 in
2822 4740 2969 4793 vasis
2999 4741 3222 4810 papyri,
3252 4740 3304 4795 id
3333 4749 3442 4809 est,

1852 4841 1875 4871 ο
1892 4831 2167 4901 epistolis,
2188 4831 2304 4888 sive
2326 4832 2578 4899 navibus,
2603 4846 2762 4888 suum
2792 4831 2902 4886 illis
2929 4833 3190 4888 auxilium
3222 4836 3454 4906 promit-

1852 4934 2049 4993 tentes,
2084 4924 2361 4985 dixerint;
2415 4925 2497 4981 Ite
2526 4926 2768 4980 velociter
2794 4924 2863 4980 ad
2882 4925 3193 4984 Iudaeorum
3246 4938 3450 5003 gentem

1855 5038 2012 5114 ritas,
2046 5038 2490 5114 quam_ejii§_qtii
2511 5038 2669 5114 legit,
2687 5039 2961 5114 studium,
2990 5058 3098 5114 quo
3118 5053 3456 5113 postremam

1862 5109 1917 5163 N
1946 5108 2183 5166 litteram
2224 5108 2285 5164 in
2335 5108 2729 5164 Theodotionis
2759 5112 2978 5169 nomine
3008 5108 3156 5169 'inde
3210 5119 3458 5174 avulsam

1859 5179 2216 5257 subsequenti
2246 5181 2413 5257 verbo
2433 5196 2555 5257 aves
2587 5181 3460 5257 praefixit.AContraIIieronymus

1863 5252 1917 5306 in
1947 5252 2185 5308 subnexa
2211 5249 2743 5319 expositionmquod
2768 5268 2799 5308 a
2821 5255 3048 5321 singulis
3070 5249 3460 5321 interpretibus

1857 5324 2190 5393 translatum
2204 5333 2286 5375 est
2306 5363 2322 5387 ,
2347 5321 2508 5393 simul
2537 5323 2771 5392 iungens
2788 5364 2803 5387 ,
2831 5324 3004 5393 auium
3026 5337 3243 5390 quoque
3264 5323 3463 5393 ingerit

1864 5409 2065 5449 nomen
2094 5410 2107 5447 :
2151 5390 2393 5446 Concitus
2416 5435 2431 5457 ,
2479 5390 2676 5460 inquit,
2718 5394 2888 5463 auium
2911 5392 3112 5443 rolatus
3132 5393 3300 5444 reddit
3322 5390 3464 5463 cym-

1864 5484 1969 5539 bali
2005 5484 2250 5557 sonitum.
2294 5480 2546 5557 Denique
2584 5462 2896 5557 vocis
2942 5480 3229 5557 geminata
3254 5462 3463 5551 syllaba

1864 5566 2008 5612 recte
2033 5555 2108 5609 bis
2130 5553 2361 5609 umbram
2387 5547 2640 5619 Aquilam
2673 5547 2977 5619 reddidisse
3004 5547 3351 5619 persuadent.

1938 5638 1962 5666 ο
1989 5628 2191 5685 Recole
2229 5638 2353 5697 qua:
2392 5616 2749 5679 observamus
2792 5617 2850 5672 in
2881 5616 3043 5687 θρὶειο
3067 5617 3176 5689 51,
3218 5635 3369 5679 num.
3403 5624 3454 5688 1»

1855 5706 1968 5753 not.
