4010 6314
550 260 652 318 179

1792 249 1852 315 ὃ.
1895 247 2173 313 EUSEBU
2212 248 2595 321 lllERONYMl

3745 250 3860 307 £80

549 376 842 435 εοηυυιιαιη
864 414 878 439 ,
918 380 974 429 et
1001 368 1350 443 Assyriorum
1379 368 1791 442 impugnatioue
1811 366 2098 427 laceratam
2128 382 2146 433 ;
2174 375 2223 441 Α
2254 365 2690 434 magnitudinem
2720 363 2992 423 anhelitus
3018 364 3240 434 probat,
3264 363 3578 435 gratissima
3607 375 3691 423 cat
3713 368 3864 424 roris

548 470 615 527 ad
644 467 896 538 populum
924 464 1199 537 quondam
1246 462 1554 523 terribilem
1582 504 1599 533 ,
1638 462 1728 533 qui
1763 461 1859 519 Dei
1891 460 2147 523 utebatur

549 561 779 634 imperio
799 602 814 625 ,
839 557 908 615 ad
934 557 1093 627 cujus
1118 557 1418 628 potentiam
1450 554 1632 613 nullus
1661 554 1800 613 alius
1822 566 2147 625 comparanv

548 654 646 708 dus
669 650 862 707 cst:ad
887 662 1131 721 gentem,
1158 665 1278 721 qum
1307 648 1399 705 Dei
1423 662 1647 719 semper
1669 645 2030 718 exspectabat
2050 660 2146 703 au-

540 745 754 809 xilium,
805 751 863 801 et
895 741 1249 801 nihilominus
1291 740 1361 799 ab
1401 738 1715 798 hominibus
1756 739 2144 795 conculcatur:

543 838 699 911 cujus
729 846 933 895 terram
958 835 1204 904 ﬂumina,
1236 833 1290 891 id
1318 841 1423 897 est,
1479 832 1685 890 diversi
1718 846 1874 904 reges
1904 830 2147 904 depopu-

541 933 638 995 lati
661 940 810 989 sunt.
843 930 948 989 Alii
971 937 1152 987 autem
1176 936 1408 1002 putant,
1462 926 1605 997 quod
1655 923 1986 995 apostropha
2014 923 2149 985 diri-

543 1035 701 1096 gatur
722 1022 790 1083 ad
819 1021 1107 1081 Dominum
1128 1062 1144 1086 ,
1174 1028 1229 1076 et
1254 1019 1326 1079 sit
1353 1034 1548 1077 sensus
1581 1035 1594 1073 :
1624 1016 1668 1075 0
1697 1016 1870 1083 Deus,
1897 1016 1986 1087 qui
2019 1014 2148 1075 mit-

547 1119 618 1175 tis
646 1118 698 1173 in
748 1131 900 1173 mare
952 1115 1141 1173 saeculi
1188 1113 1348 1173 iStius
1394 1111 1737 1184 Pr0phetas,
1790 1109 2025 1182 etquasi
2055 1123 2149 1178 per

547 1209 810 1279 epistolas
862 1208 1223 1279 navigantes,
1290 1205 1549 1277 populum
1602 1216 1980 1271 commoneas,
2041 1201 2149 1259 tuis

546 1304 782 1374 imperas
812 1301 1016 1361 nuntiis
1043 1318 1057 1356 ;
1116 1299 1191 1359 ite
1222 1298 1481 1355 velociter
1521 1296 1587 1352 ad
1621 1304 1840 1366 gentem
1870 1309 2046 1353 meam
2071 1292 2149 1351 la-

550 1404 794 1453 ceratam
841 1402 1006 1464 atque
1036 1392 1376 1459 convulsam,
1424 1390 1494 1445 ad
1541 1389 1801 1461 populum
1829 1386 2150 1443 robustissi-

549 1502 698 1543 mum
725 1529 739 1555 ,
786 1487 880 1558 qui
907 1486 1164 1544 omnibus
1215 1483 1492 1558 quondam
1523 1483 1577 1541 in
1604 1481 1835 1539 circuitu
1888 1478 2149 1550 gentibus

550 1580 749 1637 terrori
777 1581 895 1647 fuit,
923 1581 1012 1649 qui
1045 1592 1269 1649 semper
1299 1576 1392 1633 Dei
1418 1575 1759 1647 exspectavit
1780 1571 2068 1639 auxilium,
2096 1581 2149 1629 et

551 1691 649 1743 pro
682 1684 1030 1743 peccatorum
1059 1670 1450 1743 magnitudine,
1476 1667 1621 1741 quod
1653 1674 1860 1739 sperat,
1892 1680 1999 1721 non
2029 1678 2147 1721 me-

2251 456 2565 531 temperiea,
2590 455 2618 494 δ
2644 457 2692 515 si
2712 463 2934 514 arentes
2959 456 3193 531 stipulas
3219 456 3520 515 matutinus
3546 456 3747 515 humor
3766 472 3862 517 se-

2248 549 2454 609 cabiles
2479 548 2676 607 faciat:
2708 551 2783 605 ita
2807 563 2965 605 meus
2986 562 3191 618 sermo,
3221 564 3381 620 quem
3414 549 3786 607 considerabo
3802 550 3858 607 in

2250 640 2370 701 loco
2392 655 2536 710 meo,
2585 640 2796 699 cunctis
2849 640 2902 696 in
2930 655 3020 699 me
3050 640 3401 701 credentibus
3452 648 3644 713 gratus
3691 641 3861 703 advo—

2251 737 2384 797 niet.

2321 829 2501 900 (Vers.
2528 830 2581 899 5,
2614 829 2699 902 6.)
2748 830 2876 886 Ante
2920 846 3132 891 messem
3171 831 3309 889 enim
3351 840 3487 889 totus
3511 832 3783 904 effloruit,
3809 842 3863 895 st

2250 921 2524 976 immatura
2547 923 2796 994 perfectio
2822 923 3150 995 germinavit,
3199 932 3248 978 et
3277 926 3633 996 prcccidentur
3654 943 3863 985 ramus-

2252 1014 2357 1069 culi
2388 1017 2502 1087 ejus
2534 1014 2758 1084 falcibus
2779 1056 2795 1081 ,
2824 1023 2874 1071 et
2894 1030 3009 1086 qua:
3034 1013 3279 1073 derelicta
3304 1017 3522 1088 fuerint,
3551 1017 3864 1074 abscinden-

2252 1116 2333 1163 tur
2362 1117 2410 1162 et
2452 1108 2791 1165 excutientur.
2830 1107 2897 1165 Et
2918 1108 3274 1180 relinquentur
3305 1109 3463 1171 simul
3502 1110 3684 1173 auibus
3711 1128 3866 1169 mon-

2251 1201 2380 1257 tium
2396 1211 2445 1257 et
2485 1200 2658 1257 bestiis
2712 1210 2880 1269 terrae,
2917 1211 2966 1255 et
3002 1209 3180 1259 testata
3224 1211 3469 1274 perpetua
3523 1214 3678 1265 erunt
3709 1219 3866 1274 super

2252 1306 2369 1352 eum
2397 1291 2655 1359 volucres,
2704 1301 2750 1350 et
2773 1308 2952 1349 omnes
2984 1292 3159 1355 bestia:
3189 1301 3340 1353 terra:
3382 1310 3536 1366 super
3557 1295 3709 1353 illum
3734 1297 3865 1368 Itys-

2253 1383 2483 1441 ntabunt.
2533 1383 2667 1455 Quia
2698 1383 2768 1441 de
2814 1385 3043 1441 meridie
3065 1384 3297 1456 dixerat,
3320 1396 3376 1447 et
3404 1388 3608 1447 nubem
3635 1390 3781 1449 roris
3804 1390 3863 1446 in

2254 1485 2442 1533 aestate
2463 1490 2528 1533 ac
2550 1491 2731 1535 messe
2757 1477 3121 1548 praemiserat,
3147 1488 3200 1535 et
3221 1478 3295 1537 ab
3323 1480 3652 1551 agricultura
3688 1490 3865 1543 trans-

2256 1567 2512 1626 lationem
2538 1577 2878 1640 sumpserat,
2912 1579 3097 1627 servat
3126 1585 3245 1627 eam
3279 1571 3333 1626 in
3369 1571 3623 1644 reliquis,
3650 1574 3864 1633 descri-

2254 1658 2393 1717 bens
2438 1659 2662 1734 Egypti
2709 1660 3064 1732 superbiam,
3120 1672 3176 1718 et
3215 1664 3399 1735 populi
3441 1665 3592 1725 illius
3639 1667 3867 1725 vastita-

546 1775 696 1827 rctur
739 1767 989 1837 accipere
1015 1783 1027 1818 :
1078 1764 1241 1835 cujus
1300 1763 1644 1819 diversarum
1692 1761 1940 1833 gentium
1990 1770 2153 1829 reges
2183 1762 2229 1825 Β
2259 1764 2366 1812 tcm
2390 1796 2403 1821 ,
2435 1763 2492 1810 et
2522 1755 2787 1811 cadavera
2822 1770 2919 1826 per
2948 1757 3258 1815 universam
3293 1757 3657 1828 provinciam,
3689 1776 3809 1832 quae
3830 1775 3864 1822 δ

550 1869 835 1917 vastavere
878 1868 1103 1923 terram,
1137 1864 1410 1913 etcartera
1457 1869 1581 1924 quae
1604 1858 1929 1922 sequuntur.
1986 1851 2156 1909 Euse—

554 1952 675 2009 bius
730 1949 1083 2011 Cresarieusis
1119 1949 1436 2007 historicam
1467 1945 1976 2018 interpretationem
1998 1942 2156 2001 titulo

554 2042 964 2116 repromittens,
995 2040 1231 2097 diversis
1248 2037 1503 2097 sensibus
1534 2051 1816 2109 evagatur,
1843 2036 1999 2107 cujus
2031 2050 2154 2095 cum

552 2139 728 2196 libros
760 2138 1019 2208 legerem,
1062 2135 1209 2193 aliud
1266 2134 1445 2191 multo
1499 2132 1705 2201 reperi,
1758 2146 1924 2202 quam
1977 2128 2155 2187 indice

557 2229 927 2301 promittebat.
960 2228 1309 2298 Ubicumque
1346 2226 1491 2283 enim
1524 2240 1648 2281 eum
1683 2223 1910 2281 historia
1938 2220 2156 2279 defece-

555 2325 646 2391 rit,
677 2324 868 2381 transit
899 2324 965 2380 ad
998 2322 1342 2393 allegoriam,
1388 2328 1444 2379 et
1465 2320 1539 2377 ita
1568 2328 1816 2389 separata
1845 2315 2149 2386 consociat,

554 2426 611 2470 ιιι
643 2416 808 2473 mirer
838 2429 962 2471 eum
987 2428 1125 2471 nova
1147 2411 1423 2469 sermonis
1446 2410 1649 2467 fabrica
1680 2410 1733 2466 in
1763 2424 1929 2467 unum
1951 2421 2155 2478 corpus

552 2509 793 2580 lapidem
825 2507 1145 2577 ferrumque
1171 2506 1524 2576 conjungere.
1560 2504 1672 2561 Hoc
1699 2503 1940 2559 breviter
1960 2502 2154 2561 admo-

558 2601 671 2668 nui,
724 2608 749 2637 θ
776 2614 843 2655 ne
869 2598 992 2669 quis
1023 2611 1123 2653 nos
1156 2606 1309 2666 putet
1337 2612 1401 2651 ex
1436 2596 1584 2655 illius
1615 2595 1852 2653 fontibus
1876 2604 2154 2657 mutuasse

556 2706 677 2761 qua:
727 2688 1006 2755 dicimus;
1048 2702 1172 2745 nam
1224 2697 1279 2744 et
1311 2688 1364 2741 in
1401 2687 1654 2758 praesenti
1693 2690 1929 2758 capitulo
1958 2691 2155 2750 adver-

556 2778 904 2837 sumludteos
923 2778 1427 2851 ctllicrosolymam
1450 2778 1585 2834 dicit
1601 2780 1941 2851 prophetiam
1965 2784 2149 2854 dirigi,

553 2872 699 2944 quod
730 2872 782 2925 in
813 2870 1090 2944 principio
1121 2869 1244 2927 ﬁdei
1294 2871 1607 2928 christiana:
1656 2872 1722 2926 ad
1777 2881 1918 2931 totas
1961 2885 2155 2946 gentes

556 2964 815 3033 epistolas
831 2963 1101 3030 miserint,
1121 2979 1188 3017 ne
1209 2963 1553 3033 susciperent
1577 2964 1882 3033 passionem
1906 2964 2149 3025 Christi:

556 3067 607 3115 et
638 3058 887 3114 miserint
916 3070 1089 3126 usque
1132 3057 1199 3113 ad
1254 3055 1593 3126 AStbiopiam
1645 3067 1699 3113 et
1740 3058 2150 3121 Occidentalem

2265 1847 2579 1907 volucribus
2607 1847 2923 1905 devoranda
2944 1850 3073 1907 sint.
3106 1850 3396 1918 Quomodo
3417 1851 3564 1911 enim
3597 1863 3729 1914 ante
3756 1868 3864 1913 ma-

2260 1943 2537 2000 turitatem
2562 1952 2778 2013 segetes
2799 1954 3174 2014 erumpentes,
3208 1945 3318 2003 cito
3339 1955 3591 2016 pereunt,
3625 1955 3682 2005 et
3710 1957 3866 2006 aute-

2257 2050 2421 2106 quam
2456 2034 2722 2105 perfectio
2775 2037 3038 2106 tcmporis
3088 2037 3302 2103 veniat,
3337 2038 3716 2108 germinantes
3745 2040 3866 2099 inu-

2260 2130 2384 2189 tiles
2413 2138 2574 2188 sunt:
2630 2129 2728 2197 sic,
2785 2130 3000 2201 inquit,
3056 2128 3295 2203 Egyptii
3325 2132 3509 2202 populi
3537 2133 3696 2203 quasi
3727 2134 3862 2193 rami

2260 2223 2482 2285 inutiles
2509 2222 2737 2281 laicibus
2768 2221 3156 2294 praecidentur,
3208 2233 3260 2279 et
3287 2234 3503 2281 cuncta:
3533 2225 3863 2296 propagines

2258 2313 2628 2373 ttudahuntur.
2664 2316 2743 2375 Ac
2770 2330 2838 2371 ne
2868 2325 3093 2385 putares
3118 2328 3244 2371 eum
3273 2313 3343 2371 de
3363 2314 3522 2379 vinea
3553 2315 3775 2381 dicere,
3810 2324 3862 2377 et

2256 2421 2364 2465 non
2397 2405 2467 2463 de
2493 2405 2841 2474 hominibus,
2889 2407 3057 2465 vertit
3107 2406 3486 2477 metaphoram
3532 2408 3589 2467 in
3621 2408 3862 2471 historiis

2258 2498 2539 2557 veritatem
2565 2488 2673 2555 :Et
2699 2500 3073 2569 relinquentur,
3097 2499 3295 2567 inquit,
3324 2500 3481 2559 simul
3518 2500 3699 2561 auibus
3719 2518 3863 2559 mon-

2253 2592 2407 2660 tium,
2441 2602 2488 2649 et
2518 2592 2691 2647 bestiis
2722 2603 2893 2649 terrm.
2926 2593 3071 2651 Aves
3114 2594 3260 2651 enim
3294 2603 3349 2653 et
3380 2594 3567 2651 bestiae
3598 2611 3707 2653 non
3738 2595 3862 2653 abs—

2256 2685 2402 2743 cisos
2428 2685 2685 2743 arborum
2720 2700 2922 2751 ramos,
2955 2686 3050 2743 sed
3085 2685 3350 2747 cadavera
3377 2686 3666 2743 devorant.
3695 2688 3862 2758 Lega-

2256 2792 2377 2834 mus
2400 2777 2615 2847 plenius
2644 2778 2915 2844 Ezechiel,
2939 2778 3029 2837 ulti
3051 2777 3339 2848 prophetat
3354 2779 3708 2851 ποιεοιιιη
3723 2779 3861 2839 Pha-

2255 2886 2478 2929 raonem
2507 2879 2560 2927 et
2597 2881 2787 2927 contra
2830 2870 3155 2942 Egyptum:
3190 2882 3245 2926 et
3278 2871 3394 2927 haec
3418 2871 3601 2931 omnia
3631 2872 3862 2942 apertis-

2256 2966 2392 3025 sime
2411 2966 2616 3036 scripta
2635 2965 2968 3034 reperiemus
2990 2964 3205 3035 (Ezech.
3224 2967 3395 3033 xm).
3416 2964 3683 3034 Quodque
3696 2966 3859 3025 dicit:

2258 3060 2465 3119 state
2477 3068 2723 3130 perpetua
2739 3068 2887 3117 erunt
2907 3075 3060 3131 super
3081 3075 3196 3117 eum
3208 3057 3462 3125 uolucres,
3475 3068 3525 3116 et
3545 3074 3720 3121 omnes
3742 3058 3859 3116 bos-

560 3152 789 3222 plagam,
826 3159 1111 3221 totumque
1160 3150 1345 3209 orbem
1376 3149 1539 3220 hujus
1586 3150 1940 3221 blasphemiae
1972 3152 2150 3215 disse-
2180 3144 2226 3211 C
2258 3154 2343 3211 tice
2365 3168 2522 3223 super
2551 3152 2697 3207 illum
2714 3150 3043 3222 hyetnabunt.
3073 3160 3169 3207 aut
3192 3166 3323 3212 vere
3357 3151 3763 3211 interfectorum
3786 3153 3858 3211 sic

558 3246 856 3301 minatione
886 3244 1309 3313 compleverint.

630 3340 811 3411 (Vct‘s.
841 3336 921 3409 ὅ.)
955 3337 1143 3394 Omnes
1172 3337 1483 3392 habitatores
1505 3338 1644 3397 orbis
1682 3339 1771 3409 qui
1796 3339 2075 3397 moramini
2101 3341 2156 3397 in

554 3445 715 3501 terra,
745 3448 863 3489 cum
888 3435 1139 3489 eleuatum
1179 3431 1336 3500 fuerit
1384 3432 1590 3503 signum
1630 3434 1685 3486 in
1706 3434 1987 3498 moralibus,
2017 3434 2158 3491 vidc-

553 3524 689 3588 bitis,
721 3534 768 3578 et
790 3522 1089 3595 clangorem
1117 3520 1252 3575 tuba
1273 3521 1519 3576 audietis.
1537 3520 1782 3587 Cuncta',
1808 3523 2003 3591 inquit,
2025 3539 2159 3594 gett-

555 3626 656 3684 tes,
692 3631 791 3687 per
817 3615 1129 3679 circuitum,
1179 3613 1396 3683 quando
1423 3628 1601 3669 meam
1637 3614 1964 3683 jussionem,
2000 3618 2155 3684 quasi

554 3709 767 3779 signum
794 3708 848 3763 in
879 3705 1156 3761 montibus
1186 3705 1459 3760 elevatum
1481 3748 1494 3771 ,
1556 3719 1847 3775 meumque
1868 3707 2032 3779 200
2051 3708 2155 3767 im-

556 3801 788 3871 perium,
823 3799 977 3870 quasi
1018 3798 1332 3869 clangorem
1390 3798 1533 3853 tubae
1563 3798 1870 3856 sublimiter
1897 3816 2156 3863 resonan-

556 3892 624 3946 tis
650 3891 952 3958 audieritis,
985 3899 1113 3945 tunc
1143 3889 1394 3945 videbitis
1419 3889 1546 3960 quid
1576 3892 1946 3963 praeceperim.

630 3984 807 4058 (Vere.
854 3982 936 4055 4.)
990 3982 1129 4049 Quia
1154 3981 1264 4038 lucc
1294 3982 1419 4037 dicit
1459 3980 1719 4039 Dominus
1757 3986 1825 4039 ad
1861 4002 1978 4045 me:
2024 3987 2155 4053 Qui.

552 4085 805 4143 escam,et
826 4074 1165 4131 considerabo
1193 4075 1248 4129 in
1276 4075 1390 4130 loco
1413 4090 1547 4130 meo.
1569 4074 1706 4143 Quid
1734 4078 1974 4148 estquod
2002 4079 2154 4139 locu-

555 4178 641 4223 tus
670 4177 755 4224 est
785 4167 1050 4223 Dominus
1070 4167 1138 4221 ad
1166 4166 1540 4236 Prophetam?
1567 4166 1680 4222 Hoc
1703 4168 1846 4237 quod
1867 4171 2149 4240 sequitur:

554 4259 730 4315 donec
780 4258 1005 4315 veniant
1030 4272 1151 4329 qua:
1179 4258 1444 4329 prtecepi,
1491 4258 1545 4312 in
1591 4273 1709 4316 mea
1755 4260 1889 4317 sede
1937 4263 2156 4332 requie-

554 4366 703 4407 scam
728 4358 817 4406 :ut
841 4349 1014 4405 Judaei
1042 4336 1256 4421 putant,
1281 4350 1333 4405 in
1359 4350 1624 4421 Templo;
1656 4361 1715 4408 ut
1741 4369 1863 4423 nos,
1891 4355 2153 4415 incales-

550 4444 714 4501 tibus.
755 4442 824 4499 Et
853 4440 1236 4510 considerabo,
1265 4442 1475 4516 inquit,
1502 4445 1595 4517 qui
1616 4461 1799 4507 rerum
1828 4447 1955 4509 linis
1978 4448 2150 4507 adve-

550 4536 684 4592 niat.

621 4629 772 4685 Sicut
799 4627 1091 4684 meridiana
1118 4626 1215 4683 tua:
1243 4628 1386 4683 clara
1414 4639 1490 4684 est
1510 4672 1525 4696 ,
1554 4640 1601 4685 et
1628 4633 1760 4688 sicut
1799 4636 1961 4693 nubes
2013 4636 2150 4693 roris

547 4721 600 4774 in
631 4722 714 4774 die
748 4718 946 4777 messis.
987 4717 1143 4775 Sicut
1183 4719 1235 4773 in
1266 4726 1382 4775 toto
1408 4718 1497 4776 die
1530 4721 1661 4779 nihil
1688 4734 1770 4779 est
1792 4724 1997 4781 clarius
2035 4742 2151 4785 me-

544 4814 703 4883 ridie,
761 4812 983 4882 quando
1021 4813 1105 4868 sol
1133 4812 1204 4869 de
1231 4812 1414 4868 medio
1437 4813 1579 4870 casio
1608 4815 1817 4883 rutilat,
1847 4825 1904 4873 et
1926 4832 2146 4875 omnem

544 4904 735 4961 orbem
765 4904 967 4973 pariter
1006 4903 1273 4971 illustrat,
1317 4915 1374 4962 et
1402 4904 1545 4961 sicut
1591 4905 1645 4959 in
1689 4916 1828 4961 testu
1867 4916 1920 4966 et
1961 4910 2147 4969 calore

542 5003 813 5062 torrente,
837 4996 1058 5066 quando
1076 4997 1253 5053 nudus
1280 5012 1493 5055 messor
1520 5000 1861 5073 excoquitur,
1885 5011 1939 5059 et
1954 5006 2138 5076 operis

619 5156 850 5233 nullujns
872 5155 1065 5226 opinor
1094 5156 1489 5228 expositionem
1519 5159 1747 5233 capituli
1783 5170 2049 5233 pernegat
2078 5178 2139 5220 se

545 5230 614 5288 ab
635 5228 876 5303 Eusebio
911 5236 1211 5303 mutuasse,
1235 5228 1539 5303 au_t,_quod
1577 5228 1983 5303 Slontlanconio
2024 5235 2138 5303 pla-

542 5311 650 5367 cet,
676 5300 745 5357 de
791 5307 905 5374 toto
935 5299 1344 5374 Commentario
1366 5299 1655 5374 intelligit,
1713 5302 1767 5359 in
1795 5319 1953 5374 quem
1982 5299 2135 5363 certe

542 5373 803 5446 pleraque
832 5372 935 5427 alia
967 5370 1282 5446 congessit,
1329 5372 1763 5446 qua:_l£usehius
1803 5370 1904 5431 nec
1955 5376 2134 5446 attigit

541 5440 783 5512 quidem,
810 5458 910 5496 nec
933 5442 1110 5511 potuit
1131 5440 1391 5513 attigisse.
1426 5440 1707 5513 Caeterum
1741 5445 1939 5500 nedum
1963 5440 2134 5500 hisio-

540 5511 908 5586 rieasaliquut
954 5511 1326 5586 expositiones
1349 5512 1712 5586 2allegoricus,
1757 5531 1974 5586 quoque
1999 5532 2135 5571 non—

542 5584 720 5656 nullas
740 5582 925 5637 abillo
953 5581 1229 5656 accepisse
1259 5581 1660 5656 S._Doctnrem,
1696 5581 1828 5656 ipsa:
1849 5581 1982 5654 quas
2008 5587 2135 5642 sub-

539 5652 665 5707 inde
684 5663 1031 5715 annotamus,
1065 5652 1377 5705 testimonio
1408 5660 1553 5706 sunt.

609 5720 638 5761 ι’
660 5720 863 5791 Yatic.,
897 5722 1025 5775 sicut
1048 5733 1253 5776 arentes
1275 5720 1513 5793 stipulas,
1541 5733 1596 5779 et
1616 5739 1737 5781 mox
1771 5726 1910 5803 facit.

2258 3243 2482 3316 gniﬁcat
2504 3242 2929 3309 multitudinem.
2949 3250 3044 3299 aut
3068 3258 3163 3307 per
3179 3244 3428 3305 eamdem
3448 3244 3855 3307 translationem

2259 3336 2617 3403 demonstrat,
2651 3335 2843 3406 quoda
2873 3335 3088 3395 cunctis
3103 3336 3357 3405 gentibus
3387 3337 3684 3395 vastandas
3705 3338 3798 3395 sit.
3893 3377 3899 3384 .

2331 3429 2514 3503 (Vers.
2547 3430 2629 3500 7.)
2661 3428 2729 3487 In
2755 3439 2979 3500 (erupere
3009 3428 3103 3487 illo
3130 3428 3393 3501 deferetur
3420 3446 3611 3486 munus
3635 3429 3858 3490 Domino

2258 3525 2578 3581 exercituum
2616 3540 2650 3581 a
2677 3522 2872 3596 populo
2906 3524 3109 3585 divulso
3154 3534 3204 3579 et
3247 3523 3558 3589 dilacerato.
3603 3543 3633 3583 ιι
3667 3524 3855 3598 papula

2256 3614 2495 3680 terribili,
2528 3622 2819 3685 postquam
2857 3632 2961 3670 non
3015 3616 3117 3684 fuit
3166 3614 3305 3673 alius
3335 3632 3355 3673 :
3398 3634 3431 3671 a
3458 3626 3611 3687 gente
3650 3633 3855 3687 super.

2257 3713 2425 3770 tante,
2476 3714 2801 3774 exspectante
2846 3714 2896 3760 et
2947 3704 3276 3773 conculcata.
3325 3709 3477 3779 cujus
3526 3709 3851 3778 diripuerunt

2256 3797 2473 3867 flumina
2510 3806 2700 3852 terram
2722 3800 2857 3870 ejus,
2896 3798 2966 3853 ad
3011 3797 3183 3857 locum
3213 3800 3436 3857 nominis
3464 3797 3683 3858 Domini
3709 3816 3851 3857 excr-

2256 3890 2452 3943 cituum
2480 3898 2700 3946 montem
2730 3889 2881 3947 Sion.
2915 3891 3044 3948 Post
3083 3890 3310 3964 Egypti
3338 3894 3650 3950 vastitatem
3681 3903 3734 3948 et
3758 3891 3850 3949 de-

2257 3980 2423 4035 letum
2455 3980 2575 4051 ejus
2618 3982 2930 4052 imperium,
2983 3997 3327 4054 nequaquam
3360 3981 3525 4039 Israel
3556 3983 3609 4038 in
3653 3984 3851 4040 umbrze

2256 4072 2400 4131 illius
2422 4073 2663 4129 vanitate
2686 4074 2945 4142 conﬁdet,
2977 4075 3074 4133 sed
3102 4083 3410 4133 revertetur
3438 4075 3505 4133 ad
3538 4075 3845 4142 Dominum.

2255 4173 2310 4221 et
2338 4180 2436 4221 sua
2466 4181 2689 4222 munera
2721 4167 2929 4225 deleret
2963 4169 3031 4225 ad
3062 4178 3304 4227 montem
3350 4168 3508 4235 Sion,
3557 4168 3611 4225 id
3663 4179 3767 4233 est,
3797 4172 3849 4226 ln

2255 4258 2517 4327 templum
2550 4260 2691 4330 ejus,
2729 4271 2787 4319 et
2815 4261 2965 4317 illum
2997 4261 3171 4317 solum
3204 4276 3436 4333 rogans,
3467 4262 3623 4333 cujus
3666 4278 3849 4322 verum

2252 4359 2625 4421 aeternumque
2656 4352 2972 4422 praesidium
3003 4361 3110 4411 est.
3155 4353 3271 4411 Hoc
3297 4362 3479 4411 autem
3536 4354 3642 4413 sub
3692 4355 3850 4415 Zoro-

2253 4444 2409 4501 babel
2435 4443 2675 4509 etJesu,
2708 4451 2763 4498 et
2789 4443 2927 4501 Ezra
2971 4458 3036 4503 ac
3074 4444 3296 4505 Neemia
3345 4444 3547 4501 laetum
3598 4446 3852 4517 intelligi-

2174 4525 2230 4587 D
2254 4552 2395 4595 mus.
2422 4535 2585 4604 LXX,
2618 4551 2717 4607 pro
2745 4551 2811 4593 eo
2834 4536 2981 4607 quod
3010 4552 3110 4594 nos
3139 4537 3374 4599 diximus
3402 4554 3416 4591 :
3448 4547 3846 4609 exspectantem,

2251 4639 2664 4702 exspectantem,
2702 4632 2843 4691 etin
2885 4632 3149 4691 llebraico
3193 4632 3454 4702 scriptum
3483 4642 3591 4699 est,
3640 4648 3847 4702 speran-

2253 4734 2374 4790 teni,
2404 4733 2719 4795 sperantem,
2751 4725 3063 4785 econtrario
3091 4725 3437 4796 interpretati
3472 4735 3601 4781 sunt
3648 4726 3847 4785 ἀνελπι-

2250 4838 2373 4876 στον
2392 4860 2407 4884 ,
2442 4816 2494 4871 id
2525 4824 2631 4884 est,
2662 4833 2765 4872 non
2789 4826 3102 4887 sperantem.
3134 4816 3204 4873 Et
3239 4817 3311 4877 ob
3340 4818 3481 4873 hanc
3508 4831 3730 4877 causam
3756 4815 3848 4873 de-

2249 4909 2448 4969 derunt
2472 4910 2819 4971 occasionem
2863 4909 3128 4978 Eusebio,
3165 4919 3187 4950 ο
3218 4917 3277 4969 ιιι
3329 4908 3433 4969 hoc
3476 4909 3547 4967 de
3596 4909 3847 4980 gentibus

2247 5005 2443 5077 magis,
2475 5019 2595 5074 qua:
2624 5019 2723 5060 nec
2767 5019 2917 5083 Spem
2968 5004 3224 5071 habeant,
3282 5018 3383 5059 nec
3435 5002 3843 5061 Testamentum

2322 5176 2343 5207 ο
2376 5162 2649 5227 Eusebius
2671 5177 2857 5218 revera
2889 5162 2978 5219 hic
3007 5160 3137 5221 illud
3162 5169 3436 5232 memorat
3462 5160 3681 5221 Domini
3706 5175 3841 5232 pne-

2245 5246 2464 5307 ceptum
2496 5232 2779 5307 discipulis
2810 5232 2944 5296 suis,
2961 5232 3001 5307 _l
3010 5242 3058 5291 te
3096 5234 3264 5307 potius
3285 5231 3353 5286 ad
3376 5247 3519 5296 oves,
3539 5248 3662 5303 qua:
3682 5231 3843 5307 peric-

2241 5300 2359 5361 runt
2381 5306 2565 5360 domus
2584 5300 2772 5375 Israel,
2799 5310 2904 5359 etc.
2951 5300 3146 5361 Euntés
3175 5305 3352 5357 docete
3389 5300 3569 5359 omnes
3598 5313 3771 5375 gentes
3786 5303 3840 5361 in

2241 5378 2447 5431 nomine
2468 5390 2599 5439 meo,
2639 5373 2959 5449 subditque,
2995 5376 3086 5449 ad
3111 5376 3213 5448 γὰρ
3255 5380 3385 5449 πρὸς
3423 5373 3840 5449 pampineus

2242 5450 2371 5523 πρᾷς
2420 5450 2635 5523 aiataiat);
2669 5448 2821 5523 ξινὰς
2845 5448 2946 5523 ’καὶ
2982 5443 3225 5523 ἀδελιρφῦς
3265 5443 3675 5523 δι’πεςτέέλλόντο..

2240 5513 2372 5591 arpi;
2400 5519 2538 5600 τινὰς
2567 5513 3327 5600 ᾰῖτσξενξιιμένοιις,⁴έιγῦὡστρυς
3350 5513 3545 5600 ξνδρας
3574 5518 3665 5571 καὶ
3690 5515 3839 5600 cillo-

2242 5580 2399 5662 γένεῖς
2437 5591 2557 5653 τοὺς
2606 5588 2653 5643 ἐν
2679 5580 2957 5662 fiatﬁat:
2990 5580 3162 5662 'tev'm
3181 5629 3195 5654 ,
3216 5588 3294 5643 ,ἐν
3333 5580 3407 5662 oi;
3434 5580 3566 5662 ἦσαν
3593 5588 3838 5662 μετέωροι

2242 5656 2458 5748 ἀληθῶς,
2489 5662 2577 5719 ἐπὶ
2602 5658 2760 5747 μιηδὲν
2777 5659 3276 5749 ,ἑδραίω-ἇστᾶξαῆςρ
3306 5656 3625 5749 «iuvabisst
3647 5661 3733 5716 καὶ
3757 5656 3843 5719 ἦτε*

2249 5728 2563 5813 ριφερόμινοι
2593 5728 2745 5792 ιιι-ἀντι
2764 5728 2932 5806 ἀνέμῳ
2956 5741 3047 5795 τῆς
3068 5729 3315 5793 animaist)
3337 5728 3550 5799 πλάνης.
