4010 6328
174 290 265 349 181

730 285 1378 347 ΟΟΜΜΕΝΤΑΒΙΟΒΗΜ
1422 288 1489 347 ΙΝ
1525 288 1758 351 ISAIAM

1865 286 2225 352 ἰΟΡΗΕΤΑΜ
2267 286 2397 341 LIB.
2444 286 2508 342 V.
2551 284 2704 342 CAP.
2744 285 2894 342 XIX.

3352 290 3457 348 182

175 402 288 468 Dei,
315 416 413 463 nec
442 403 762 477 Prophetas,
812 398 1223 474 intelligendum
1262 406 1556 479 putaverit,
1589 422 1748 481 quam
1778 412 2027 471 Asnam,
2073 414 2122 459 et
2170 405 2367 459 inimici
2404 405 2627 459 hominis
2670 407 2938 460 domestici
2986 409 3101 477 ejus
3153 408 3332 483 (Matt.
3388 427 3458 477 ι,

173 495 237 552 de
265 494 460 553 Judmis
494 513 508 551 :
540 496 679 566 quod
715 498 785 551 ab
816 496 947 567 ipsis
989 505 1178 569 postea
1224 496 1507 564 Ecclesiae,
1539 512 1662 569 qua:
1690 499 1744 552 in

173 587 382 656 specula
410 587 690 642 constituta
719 595 821 651 est,
863 587 1004 642 dona
1036 588 1298 643 mittenda
1345 589 1478 657 sint,
1525 598 1579 644 et
1616 589 1748 648 olfe-

171 678 348 734 rendze
373 678 593 735 vietimze
621 678 949 749 spirituales.

240 770 382 844 (Cap.
410 770 809 830 XiX.—Vers.
844 772 922 845 i.)
954 773 1098 828 Onus
1129 773 1374 847 .Egypti.
1409 773 1543 829 Ecce
1566 772 1748 828 Domi-

167 880 258 919 nus
284 864 515 917 ascendet
569 880 729 936 supra
774 864 961 918 nubem
1001 863 1177 929 levem,
1213 873 1260 919 et
1287 866 1601 939 ingrediatur
1639 862 1745 917 ΑΞ-

164 965 387 1031 gyptum,
416 966 463 1010 et
488 957 830 1013 movebuntur
851 957 1130 1013 simulacra
1149 957 1372 1035 Egypti
1399 976 1431 1012 a
1457 960 1591 1032 facie
1611 962 1745 1031 ejus,

161 1057 207 1101 et
230 1064 315 1101 cor
342 1046 564 1123 ngypli
596 1048 816 1103 tabescet
837 1049 889 1104 in
919 1049 1085 1103 medio
1108 1053 1238 1125 ejus.
1267 1049 1428 1103 Moris
1458 1057 1541 1107 cst
1562 1048 1747 1121 Scrip-

158 1147 429 1206 turarum,
479 1140 725 1197 obscuris
776 1143 1058 1197 manifesta
1107 1144 1456 1209 subnectere,
1507 1153 1560 1198 et
1602 1142 1745 1213 quod

161 1231 301 1300 prius
342 1232 442 1285 sub
488 1233 866 1303 :enigmatibus
913 1234 1173 1300 dixerint,
1225 1241 1416 1304 aperta
1458 1249 1592 1290 voce
1623 1247 1750 1303 pro-

158 1324 311 1379 l‘crrc.
341 1323 495 1380 Unde
526 1335 577 1382 et
610 1326 663 1380 in
709 1328 967 1397 prtesenti
999 1327 1143 1391 ioco,
1176 1327 1299 1397 quia
1327 1335 1517 1381 contra
1547 1324 1750 1399 )Egyp-

159 1425 262 1469 tum
296 1414 469 1471 fuerat
494 1417 863 1473 comminatus
898 1434 910 1469 :
952 1417 1044 1471 Va:
1089 1427 1241 1471 terra:
1276 1416 1599 1470 obumbranti
1628 1417 1745 1482 alis,

154 1524 262 1577 qtae
290 1516 363 1561 est
392 1516 539 1562 trans
568 1510 792 1580 fiumina
822 1508 1135 1581 [Et/tiOpiae,
1161 1520 1217 1566 et
1240 1521 1435 1565 caetera
1476 1525 1596 1582 qua:
1626 1524 1751 1580 pro-

154 1598 395 1666 pheticus
427 1615 612 1656 sermo
640 1602 961 1657 contexuit:
998 1617 1140 1657 nunc
1165 1603 1592 1658 manifestiorem
1624 1602 1752 1659 fecit

153 1693 604 1764 intelligentiam,
649 1703 707 1752 et
754 1695 820 1749 ad
852 1697 1021 1767 ipsam
1069 1698 1408 1751 comminans
1447 1695 1744 1769 Egyptum

1850 499 1941 559 54.
1974 499 2166 570 seqq)
2206 496 2272 552 Et
2300 513 2522 552 rursum
2555 498 2607 551 in
2640 498 2749 551 alio
2781 498 2903 553 loco
2934 517 2947 551 :
2982 497 3154 553 Erunt
3176 501 3325 555 divisi
3357 501 3460 556 duo

1847 592 1904 644 in
1930 598 2052 657 tres,
2082 600 2131 645 ct
2159 591 2319 665 203
2348 599 2446 645 tres
2486 591 2539 643 in
2569 591 2671 644 duo
2702 608 2720 643 :
2754 599 2899 659 pater
2949 602 3128 646 contra
3154 592 3376 662 "filium,
3408 602 3461 649 et

1847 691 2012 735 mater
2041 691 2221 736 contra
2278 680 2463 750 ﬁliam,
2514 691 2564 735 et
2611 698 2774 735 nurus
2823 691 3001 737 contra
3053 700 3258 738 socrum
3304 684 3461 755 (Luc.

1848 790 1943 841 ιιι,
1977 775 2067 841 5Ξ,
2099 774 2215 831 58).

1923 865 2106 935 (Vers.
2141 864 2224 939 '5.)
2257 865 2322 919 Et
2353 866 2707 935 disrumpetur
2733 867 2949 935 spiritus
2972 867 3196 941 Αἴθρη)ιὶ
3225 868 3277 921 in
3301 869 3463 922 visce-

1847 958 1988 1011 ribus
2011 961 2144 1030 ejus,
2171 968 2218 1012 et
2245 957 2517 1012 consilium
2540 941 2654 1030 ejus
2676 959 3009 1029 praecipitabo
3035 975 3053 1011 :
3076 968 3121 1014 el
3167 960 3460 1030 interroga-

1850 1049 1972 1103 bunt
2001 1048 2282 1105 simulacra
2307 1067 2401 1104 sua
2431 1060 2477 1104 et
2505 1050 2705 1104 divinos
2730 1067 2851 1104 suos
2870 1094 2885 1117 ,
2913 1060 2960 1104 et
2988 1051 3240 1123 pythoncs
3284 1061 3332 1103 et
3364 1052 3463 1104 Iza-

1848 1141 2028 1197 riolos.
2061 1142 2196 1198 Cum
2228 1143 2423 1199 seditio
2454 1144 2619 1200 fuerit
2658 1154 2775 1199 orta
2807 1145 2861 1199 in
2896 1144 3165 1216 IEgypto,
3195 1146 3315 1200 sive
3341 1145 3451 1199 Ba-

1849 1235 2071 1306 bylonio
2122 1238 2330 1295 servire
2372 1238 2752 1307 cupientibus,
2799 1239 2915 1294 sive
2957 1240 3274 1294 nolentibus
3320 1238 3456 1309 jngo

1848 1325 1965 1399 ejus
1996 1327 2136 1381 colla
2181 1327 2510 1383 submittere
2542 1347 2554 1381 :
2612 1328 2729 1384 sive
2770 1330 2895 1384 aliis
2924 1327 3145 1385 Christo
3175 1329 3460 1385 credenti-

1850 1418 1971 1481 bus,
2021 1418 2141 1473 aliis
2169 1421 2632 1492 repugnantibus,
2675 1421 3053 1494 disrumpetur
3090 1432 3142 1478 et
3171 1422 3458 1478 scindetur

1848 1511 2077 1582 spiritus
2108 1510 2349 1585 Egypti,
2407 1500 2511 1570 non
2543 1513 2732 1569 eadem
2770 1515 2986 1570 cunctis
3016 1514 3326 1571 volentibus
3352 1557 3368 1582 ,
3402 1524 3460 1570 et

1849 1618 2013 1658 omne
2043 1605 2343 1660 consilium
2385 1621 2572 1661 eorum
2606 1607 2887 1679 redigetur
2916 1606 2980 1661 ad
3012 1608 3269 1664 nihilum.
3301 1606 3460 1664 Tunc

1850 1694 2004 1749 ibunt
2042 1696 2106 1750 ad
2140 1695 2433 1751 simulacra
2466 1711 2592 1762 sua;
2639 1706 2693 1755 et
2722 1697 2975 1764 divinos,
3009 1707 3065 1753 et
3094 1699 3359 1764 hariolos,
3394 1714 3458 1756 ac

150 1784 421 1856 loquitur,
469 1786 610 1857 quod
663 1803 997 1859 nequaquam
1051 1805 1149 1861 per
1179 1790 1446 1862 Angelos,
1486 1790 1580 1845 sed
1626 1791 1742 1860 ipse
1774 1793 1817 1853 Β
1847 1795 2031 1853 vates,
2083 1788 2420 1860 magicisque
2478 1788 2704 1848 edoctos
2749 1791 2955 1845 artibus
3006 1789 3457 1865 interrogabunt,

152 1875 408 1933 Dominus
433 1879 615 1933 veniat
636 1894 799 1949 super
820 1880 1017 1937 nubem
1047 1882 1242 1948 levem,
1274 1882 1326 1937 id
1342 1892 1446 1949 est,
1471 1883 1736 1950 velocem,

150 1976 201 2021 et
245 1967 585 2039 ingrediatur
636 1972 796 2043 202
835 1971 1170 2046 Egyptum,
1218 1982 1273 2029 et
1326 1975 1467 2030 idola
1520 1975 1741 2054 Egypti

150 2060 608 2131 contremiscam,
666 2064 1020 2137 tabescatque
1075 2081 1171 2121 cor
1223 2066 1475 2133 fortium,
1509 2077 1561 2125 et
1608 2069 1744 2123 Eze-

150 2153 329 2207 chielis
366 2154 482 2229 [Αι.
511 2155 784 2229 Jercmim]
827 2157 1143 2213 vaticinium
1186 2160 1530 2229 compleatur
1562 2177 1574 2213 :
1622 2159 1745 2214 Dis-

151 2246 352 2315 perdam
375 2248 679 2313 simulacra,
708 2258 753 2302 et
776 2266 976 2303 cessare
997 2250 1189 2323 faciam
1215 2250 1357 2305 itlola
1387 2251 1451 2306 de
1482 2250 1745 2320 Memphis

153 2333 354 2405 (Ezech.
403 2354 550 2404 xxx,
587 2340 698 2410 15).
729 2338 961 2406 Quidam
1007 2350 1173 2396 totam
1208 2341 1352 2402 hanc
1398 2342 1742 2412 prOphetiam

151 2426 211 2480 ad
254 2426 558 2484 Salvatoris
590 2440 833 2502 tempora
881 2431 1150 2502 referunt,
1205 2433 1424 2504 quando
1468 2435 1746 2507 ingressus

154 2530 226 2573 est
252 2535 411 2592 super
438 2522 645 2579 nubem
692 2525 898 2590 levem,
933 2525 987 2580 id
1017 2534 1133 2592 est,
1175 2541 1373 2596 corpus
1416 2512 1763 2596 humanum,

162 2614 291 2685 quod
326 2631 390 2669 ex
421 2615 651 2685 Virgine
680 2626 1085 2688 assumpserat,
1117 2618 1268 2673 nullo
1312 2618 1567 2674 humana:
1598 2634 1748 2674 com-

157 2705 425 2761 mixtionis
457 2709 669 2764 semine
715 2719 1110 2781 prtegravatum
1146 2729 1157 2765 :
1193 2712 1307 2767 sive
1342 2714 1487 2782 quod
1533 2728 1561 2767 a
1604 2706 1766 2769 nube'

153 2796 249 2851 levi
279 2807 532 2869 portatus
555 2801 645 2869 sit,
680 2801 733 2855 id
764 2810 868 2867 est,
899 2817 1132 2873 corpore
1162 2802 1451 2873 Virginali,
1484 2814 1536 2858 ct
1565 2805 1633 2860 ad
1662 2805 1747 2859 in-

153 2904 391 2959 gressum
425 2892 550 2965 ejus
579 2908 774 2950 omnes
802 2894 1079 2950 daemones
1107 2896 1557 2963 contremuerint,
1594 2906 1750 2951 tunc-

152 2996 249 3049 que
272 2984 447 3053 prima
470 2983 741 3039 idolorum
766 2985 919 3039 ruina
946 2986 1130 3053 fuerit,
1156 2987 1503 3056 praesentiam
1534 2986 1753 3041 Domini

155 3070 286 3127 ferre
315 3088 425 3127 non
461 3074 760 3129 sustinens.

217 3161 408 3235 (Vers.
436 3162 524 3234 ‘2.)
570 3162 639 3219 Et
667 3182 966 3219 concurrere
995 3166 1185 3236 faciam
1214 3167 1493 3239 gyptios
1514 3170 1755 3226 adversus
1783 3175 1827 3238 Ω

152 3250 440 3323 .Egyptios
462 3292 477 3317 ,
537 3261 584 3306 et
630 3256 881 3324 pugnabit
909 3257 985 3308 vir
1016 3266 1196 3311 contra
1247 3262 1458 3327 fratrem
1488 3276 1639 3313 suum
1663 3301 1678 3327 ,
1711 3270 1760 3314 et

152 3347 221 3400 vir
251 3356 446 3399 contra
483 3347 711 3398 anticum
752 3364 938 3414 suum,
971 3349 1147 3402 civitas
1195 3352 1436 3405 adversus
1481 3353 1758 3419 civitatem,

153 3447 193 3489 et
217 3453 446 3510 regnum
478 3436 725 3491 adversus
756 3454 990 3511 regnum.
1035 3440 1282 3510 ingresso
1322 3441 1614 3513 Egyptum
1659 3445 1763 3499 Do-

158 3531 321 3596 mino,
375 3540 434 3587 et
479 3532 913 3601 potentissimum
952 3543 1169 3603 gentem
1203 3535 1287 3589 sui
1318 3537 1606 3605 praesentia
1662 3537 1760 3593 de-

158 3631 443 3688 struente,
509 3623 614 3678 erit
671 3625 845 3693 prima
905 3625 1125 3680 victoria
1168 3627 1434 3683 dissidere
1472 3627 1758 3700 Angptios

162 3725 342 3771 contra
366 3716 684 3787 Egyptios,
717 3727 770 3771 et
801 3717 1090 3773 adversum
1122 3734 1183 3775 se
1215 3721 1405 3777 rebelli
1438 3722 1562 3776 odio
1594 3723 1757 3779 dimi-

162 3821 285 3862 care
317 3829 330 3865 :
364 3808 511 3878 quod
541 3810 879 3879 temporibus
926 3813 1271 3882 Assyriorum
1306 3825 1360 3869 et
1398 3814 1756 3872 Nabuchodo-

165 3914 329 3954 nosor
353 3901 502 3971 regis
545 3900 826 3972 Babylonii
860 3901 1059 3958 factum
1103 3920 1243 3971 esse,
1277 3907 1615 3962 manifestum
1648 3917 1752 3975 est,

166 3993 292 4048 aliis
327 3994 669 4062 sedentibus,
701 4005 758 4050 et
783 3996 905 4050 aliis
924 3998 1372 4067 repugnantibus.
1400 3998 1551 4067 Quod
1575 4009 1756 4055 autem

166 4083 284 4138 hare
313 4083 381 4137 de
407 4083 732 4156 Babylonica
784 4087 1097 4157 captivitate
1141 4088 1436 4158 praedicat,
1492 4090 1761 4147 Jeremias

168 4176 325 4230 testis
355 4186 460 4241 est,
490 4177 675 4233 dicens
700 4197 712 4232 :
751 4178 931 4235 Vitula
975 4179 1183 4252 elegans
1213 4192 1364 4252 atque
1406 4184 1633 4250 formosa
1653 4183 1759 4238 zE-

168 4277 374 4339 gyptus,
404 4269 694 4325 stimulator
724 4271 786 4325 ab
819 4273 1073 4342 Aquilone
1104 4274 1266 4326 veniet
1296 4275 1361 4327 ei.
1398 4274 1465 4327 Et
1496 4290 1710 4330 rursum
1745 4293 1760 4332 :

170 4359 398 4433 Confusa
437 4370 510 4416 est
544 4363 656 4432 filia
683 4363 926 4436 zEggpti,
968 4375 1015 4417 ct
1042 4364 1233 4419 tradita
1282 4366 1335 4418 in
1380 4381 1537 4417 manu
1584 4368 1766 4437 populi

171 4454 439 4524 Aquilonis
483 4455 710 4527 (Jerem.
767 4472 922 4519 XLVI,
979 4456 1082 4525 20,
1134 4454 1205 4511 24
1227 4455 1270 4530 ).
1327 4456 1579 4511 Ezechiel
1627 4472 1765 4527 quo-

1843 1895 1942 1936 cur
1972 1882 2072 1937 ista
2102 1880 2422 1937 acciderint.

1918 1971 2099 2045 (Vcrs.
2134 1972 2216 2044 1i.)
2268 1972 2337 2027 Et
2366 1974 2566 2029 tradam
2590 1974 2884 2049 .Egyptum
2912 1977 2966 2031 in
3008 1992 3167 2032 manu
3215 1977 3455 2031 domino-

1844 2078 1960 2116 rum
1984 2063 2294 2131 crudelium,
2351 2075 2396 2120 et
2438 2082 2531 2120 rex
2569 2068 2719 2137 fortis
2749 2068 3102 2123 dominabitur
3136 2087 3332 2137 eorum,
3384 2070 3460 2124 ait

1847 2152 2101 2211 Dominus
2128 2155 2270 2212 Deus
2313 2160 2653 2213 exercituum.
2707 2160 2992 2232 Duplicem
3039 2163 3454 2235 intelligentiam

1847 2248 2130 2318 sequimur
2164 2266 2174 2301 :
2207 2250 2295 2305 vel
2343 2249 2764 2307 Chaldaicorum
2802 2261 3134 2329 temporum,
3181 2256 3396 2327 quando
3426 2271 3459 2312 a

1850 2339 2356 2395 Nabuchodonosor
2404 2342 2673 2417 Egyptus
2731 2354 3032 2414 expugnata
3058 2355 3181 2411 est;
3213 2347 3300 2400 vel
3339 2346 3453 2400 Ro-

1850 2431 1993 2485 mani
2027 2431 2265 2501 imperil,
2296 2432 2515 2504 quando
2567 2431 2803 2487 Antonio
2844 2433 3246 2507 Cleopatraque
3292 2452 3457 2505 supe-

1851 2523 2002 2587 ratis,
2038 2523 2315 2594 Angnstus
2360 2524 2547 2580 Cmsar
2574 2524 2871 2596 Egyptum
2919 2526 3250 2596 subjugavit.
3281 2527 3461 2600 Baby-

1830 2610 2026 2672 tloiiios
2055 2615 2221 2671 fuisse
2243 2618 2514 2685 crudeles,
2548 2618 2724 2673 onmis
2754 2616 3035 2688 Scriptura
3064 2626 3317 2683 testatur,
3365 2622 3459 2692 qui

1853 2707 2094 2776 parvulis
2124 2724 2228 2764 non
2254 2706 2621 2779 pepercerim,
2652 2716 2708 2764 et
2732 2710 2848 2765 suis
2875 2725 2971 2765 eos
2987 2709 3183 2781 jacuiis
3205 2710 3461 2765 vulnera-

1851 2796 1983 2862 rint,
2018 2812 2117 2852 nec
2160 2799 2564 2870 praegnantibus
2597 2800 2710 2855 sint
2740 2800 2968 2855 miserti.
3018 2800 3318 2856 Romanum
3366 2815 3464 2854 au-

1853 2895 1961 2942 tem
1996 2904 2220 2959 regnum
2254 2889 2638 2956 fortissimum,
2669 2899 2724 2945 et
2752 2891 2994 2946 Danielis
3020 2890 3307 2961 Scriptura
3339 2897 3454 2944 tes-

1855 2987 2000 3033 tatur
2030 2978 2183 3051 (Cap.
2229 2981 2353 3052 vn),
2396 2995 2679 3049 exponens
2704 2993 2952 3051 quartam
2982 2982 3213 3037 bestiam
3246 2979 3455 3035 haben-

1859 3081 1966 3125 tem
1992 3072 2183 3126 dentes
2204 3083 2258 3126 et
2289 3088 2498 3144 ungues
2530 3073 2758 3127 ferreos.

1933 3161 2115 3230 (Vers.
2146 3159 2304 3232 5-7.)
2351 3161 2418 3214 Et
2468 3172 2661 3215 arescet
2703 3178 2837 3235 aqua
2876 3164 2940 3216 de
2968 3164 3122 3230 mari,
3174 3173 3221 3217 et
3265 3163 3454 3231 fluvius

1862 3251 2177 3307 desolabitur
2203 3262 2356 3321 atque
2384 3251 2681 3319 siccabitur,
2714 3263 2760 3306 et
2783 3253 3018 3322 deﬁcient
3045 3255 3263 3327 flumina
3281 3295 3295 3319 ,
3322 3263 3458 3308 atte-

1866 3345 2163 3399 nuabuntur
2178 3355 2225 3398 et
2246 3346 2579 3399 siccabuntur
2599 3346 2695 3399 rivi
2718 3361 2985 3418 aggerum.
3011 3343 3253 3399 Calamus
3269 3355 3318 3400 et
3328 3351 3461 3418 jun-

1863 3454 1953 3491 cus
1982 3446 2313 3502 marcescent,
2366 3435 2653 3490 nudabitur
2679 3438 2853 3491 alveus
2894 3438 2992 3491 rivi
3034 3454 3066 3491 a
3094 3442 3235 3508 fante
3277 3452 3392 3501 suo,
3417 3445 3467 3491 et

1863 3533 2031 3586 omnis
2053 3532 2288 3585 sementis
2312 3531 2512 3604 irrigua
2552 3532 2850 3598 siccabitur,
2891 3538 3107 3595 arescet,
3134 3538 3181 3584 et
3211 3546 3314 3583 non
3342 3528 3460 3584 erit.

1862 3623 2117 3677 Naturale
2148 3631 2249 3689 est,
2285 3630 2344 3677 ut
2374 3637 2496 3678 cum
2529 3639 2626 3693 per
2666 3624 2804 3678 iram
2837 3623 2934 3679 Del
2977 3622 3263 3693 captivitas
3290 3636 3459 3678 vene—

1859 3718 1948 3786 rit,
1980 3717 2410 3787 indignationem
2457 3716 2577 3787 ejus
2624 3718 2932 3788 pestilentia
2975 3718 3356 3788 subsequatur,
3404 3725 3463 3773 et

1860 3810 2148 3865 adversum
2179 3823 2274 3864 eos
2304 3811 2398 3879 qui
2444 3808 2771 3865 oﬁ'endcrinl
2820 3811 3013 3877 Deum,
3061 3819 3257 3866 cuncta
3298 3809 3465 3865 simul

1860 3905 2131 3959 elementa
2162 3904 2477 3961 desaeviant.
2523 3905 2675 3961 Unde
2701 3906 2963 3978 scriptum
2990 3916 3067 3960 est
3101 3905 3153 3958 in
3184 3904 3292 3958 alio
3323 3903 3463 3957 Pro-

1861 4000 2020 4065 pheta
2050 3996 2272 4067 (Jerem.
2304 3998 2445 4069 xu),
2491 4006 2544 4053 et
2580 3999 2834 4053 volucres
2865 3997 2917 4050 in
2949 4012 3077 4051 aere
3106 3995 3345 4050 deiicere
3368 4037 3381 4059 ,
3410 4003 3469 4049 et

1864 4092 2042 4161 pisces
2077 4090 2131 4144 in
2175 4092 2351 4160 aquis,
2393 4099 2452 4145 ut
2497 4091 2680 4143 omnia
2716 4089 2958 4141 humano
2988 4086 3111 4141 usui
3139 4083 3466 4139 subtrahan-

1864 4190 1971 4236 tur.
2004 4180 2122 4237 Hoc
2175 4182 2429 4249 dicimus,
2462 4180 2508 4235 si
2540 4179 2862 4249 simpliciter
2895 4177 3197 4232 siccitatem
3229 4174 3334 4229 Nili
3365 4173 3469 4229 iiu-

1867 4274 2027 4327 minis
2081 4283 2136 4328 et
2187 4275 2426 4330 rivorum
2480 4273 2599 4344 ejus
2649 4270 2990 4327 voluerimus
3040 4268 3310 4340 accipere.
3370 4266 3470 4324 Sin

1869 4370 2047 4416 autem
2079 4378 2174 4431 per
2214 4364 2591 4434 metaphoram
2621 4381 2632 4416 :
2666 4364 2718 4418 in
2752 4363 2915 4418 ﬂuvio
2940 4377 3193 4434 regnum,
3225 4371 3279 4418 et
3307 4361 3360 4416 in
3393 4362 3472 4417 rl-

1875 4454 1957 4507 vis
1985 4453 2149 4507 duces
2178 4457 2294 4525 ejus
2322 4456 2714 4526 intelligimus;
2745 4467 2798 4511 et
2839 4456 2892 4510 in
2925 4458 3111 4512 virore
3150 4465 3203 4511 et
3223 4457 3389 4526 Junco
3416 4463 3476 4511 et

172 4560 273 4615 que
322 4549 440 4616 pari
495 4547 802 4618 prephelite
875 4550 1204 4605 auctoritate
1251 4549 1653 4604 consentiens:
1704 4547 2082 4616 EtDpapyro
2126 4554 2373 4599 cunctam
2424 4546 2645 4619 [Egypti
2693 4547 3116 4613 abundantiam,
3162 4557 3220 4603 ut
3253 4560 3473 4617 pereas

174 4653 385 4704 cessare,
420 4641 618 4711 inquit,
655 4641 845 4713 faciam
875 4641 1253 4695 multitudinem
1275 4639 1499 4713 /Egypti
1527 4642 1582 4694 in
1611 4656 1767 4694 manu

177 4727 656 4787 Nabuchodonosor
676 4734 813 4804 regis
842 4731 1149 4803 Babylonis.
1178 4732 1246 4787 Et
1276 4735 1471 4787 iterum
1500 4751 1512 4785 :
1544 4731 1771 4803 Confer-

179 4821 288 4874 tabo
314 4822 525 4878 brachia
551 4827 690 4897 regis
719 4824 1005 4897 Babylonis
1026 4868 1039 4890 ,
1071 4825 1302 4893 daboque
1328 4826 1563 4897 gladium
1598 4840 1770 4880 meum

179 4912 229 4965 in
254 4930 413 4968 manu
440 4920 587 4989 ejus,
619 4926 667 4971 et
708 4918 1033 4989 confringam
1080 4917 1289 4971 brae/tia
1336 4917 1649 4973 Pharaonis.
1700 4916 1771 4970 Et

180 5007 332 5062 scient
357 5012 481 5081 quia
510 5029 601 5084 ego
655 5012 937 5075 Dominus,
972 5028 1090 5066 cum
1118 5012 1306 5065 dedero
1338 5012 1567 5086 gladium
1600 5028 1770 5067 meum

181 5099 233 5152 in
258 5117 412 5156 manu
442 5106 578 5177 regis
608 5102 917 5175 Babylonis,
948 5118 997 5157 et
1027 5103 1311 5158 cxtenderit
1341 5120 1457 5157 eum
1486 5119 1638 5174 super
1671 5114 1771 5157 ter-

184 5206 289 5244 ram
319 5193 578 5265 .Egypti,
633 5206 681 5248 et
735 5195 1045 5267 dispergam.
1092 5195 1381 5266 J'Egyptum
1427 5195 1481 5247 in
1541 5195 1773 5250 nationes

188 5278 395 5344 (Ezech.
432 5302 558 5351 xxx,
595 5287 685 5352 10,
713 5287 805 5353 24,
835 5298 883 5341 et
912 5286 1097 5358 seqq).
1133 5287 1186 5342 Si
1213 5296 1394 5341 autem
1426 5285 1493 5340 ad
1528 5294 1774 5353 tempora

190 5375 478 5432 referimus
515 5377 838 5443 Salvatoris,
874 5380 1010 5435 illud
1053 5380 1121 5435 de
1174 5380 1470 5451 Evmngrlio
1497 5394 1779 5436 sumamus

190 5471 537 5539 exemplum:
587 5471 763 5525 Nolite
810 5484 992 5545 putare
1037 5474 1176 5544 quod
1220 5476 1334 5528 veni
1379 5490 1554 5544 pacem
1582 5474 1779 5549 mittere

191 5576 341 5628 super
373 5573 564 5619 terram
588 5579 609 5620 :
640 5581 741 5618 non
781 5567 894 5621 veni
922 5582 1097 5637 pacem
1125 5568 1346 5631 mittere,
1394 5565 1485 5620 sed
1523 5554 1779 5637 gladium.

206 5651 326 5707 Veni
353 5656 495 5727 enim
519 5655 745 5710 dividere
770 5659 932 5711 virum
976 5658 1217 5712 admrsus
1270 5658 1560 5727 proximum
1613 5671 1782 5723 suum,

196 5754 237 5799 et
264 5745 433 5814 filiam
457 5756 638 5800 contra
666 5758 875 5803 matrem
902 5765 1070 5813 suam,
1094 5758 1140 5802 et
1172 5765 1355 5802 nurum
1388 5758 1563 5803 contra
1587 5761 1786 5801 socrum

1876 4654 1985 4703 res,
2021 4654 2153 4708 opes
2203 4638 2421 4711 Egypti
2470 4639 2872 4704 describantur,
2904 4638 3067 4711 205,
3109 4656 3336 4708 quarum
3368 4638 3465 4692 1E-

1874 4740 2071 4802 gyptus
2112 4730 2448 4787 fertilissima
2475 4738 2579 4785 est.
2609 4729 2877 4799 Legamus
2919 4729 3192 4794 Ezechiel,
3242 4729 3332 4783 ubi
3378 4744 3477 4785 rex

1878 4823 2087 4877 Pharao
2115 4823 2281 4879 draco
2322 4837 2551 4893 magnus
2581 4821 2827 4877 habitare
2856 4818 3183 4874 describitur
3211 4821 3265 4874 in
3298 4818 3483 4875 ﬂumi-

1880 4916 2059 4982 nibus,
2092 4924 2147 4971 et
2169 4915 2336 4970 dicit:
2365 4913 2515 4970 Meus
2544 4923 2617 4969 est
2646 4913 2862 4985 fluvius,
2897 4921 2945 4965 et
2970 4927 3067 4983 ego
3087 4913 3189 4984 feci
3216 4914 3482 4983 memctip-

1880 5026 2011 5062 sum.
2039 5007 2106 5063 Et
2130 5008 2282 5063 audit
2310 5026 2324 5061 :
2356 5007 2560 5061 Ponant
2587 5007 2793 5080 frenum
2822 5006 2875 5059 in
2897 5006 3126 5061 maxillis
3159 5008 3281 5074 tuis,
3314 5017 3362 5064 et
3389 5024 3483 5083 ag-

1880 5100 2144 5172 glutinabo
2178 5102 2341 5172 pisces
2368 5100 2644 5170 ﬂuminum
2674 5108 2880 5153 tuorum
2906 5101 2959 5154 in
3000 5105 3229 5173 squamis
3259 5106 3365 5159 tuis
3384 5146 3400 5171 ,
3432 5111 3485 5160 el

1879 5193 2150 5247 extraham
2192 5201 2239 5244 te
2267 5192 2330 5245 de
2376 5190 2544 5245 medio
2571 5193 2844 5263 ﬂuminum
2888 5200 3132 5263 tuorum,
3167 5207 3213 5249 et
3256 5193 3483 5250 universi

1882 5288 2048 5357 pisces
2078 5285 2153 5338 tui
2183 5284 2413 5352 squamis
2440 5285 2542 5338 tuis
2574 5284 2931 5348 adhmrebunt,
2974 5296 3021 5339 et
3049 5287 3321 5358 projiciam
3352 5297 3399 5340 te
3428 5286 3487 5339 in

1882 5380 2081 5433 deserto
2111 5376 2325 5444 (Ezeclt.
2360 5392 2506 5441 χχιχ,
2531 5379 2588 5441 '5,
2619 5381 2698 5446 4).
2728 5377 2784 5430 In
2813 5376 3048 5428 adventu
3072 5385 3253 5429 autem
3281 5374 3491 5431 Christi

1887 5470 2002 5523 itare
2033 5467 2213 5522 omnia
2263 5476 2521 5544 τροπικῶς
2571 5463 2935 5532 intelligenda
2978 5473 3123 5529 sunt,
3172 5465 3327 5533 juxta
3358 5465 3495 5524 illud

1884 5562 2026 5632 qum]
2058 5576 2221 5632 supra
2253 5558 2488 5628 legimus
2516 5576 2530 5613 ;
2566 5558 2833 5613 Desertum
2862 5552 3013 5623 faciet
3046 5555 3305 5613 Dominus
3349 5573 3491 5614 mare

1890 5658 2132 5731 Egypti.
2160 5657 2225 5711 Et
2255 5666 2472 5709 rursum
2501 5668 2513 5704 :
2548 5648 2801 5702 Immittet
2826 5641 3081 5698 Dominus
3102 5662 3311 5699 manum
3342 5664 3491 5705 suam

1892 5768 2047 5825 super
2076 5751 2289 5823 fluvium
2324 5743 2544 5817 zEgypti
2573 5743 2877 5803 violentum,
2913 5744 2958 5790 et
3003 5739 3249 5809 percutiet
3297 5758 3409 5797 eum
3437 5745 3494 5800 in
