4010 6304
485 293 596 351 185
1738 281 1796 337 S.
1830 277 2103 336 EUSEBII
2143 273 2523 333 HIERONYMI

3674 264 3794 320 184

485 420 679 479 septem
710 409 948 473 vallibus,
997 405 1071 458 ita
1118 412 1175 456 ut
1201 401 1528 472 pertranseat
1559 415 1674 453 eum
1702 399 1816 469 quis
1847 395 2076 450 calceata
2106 401 2160 458 Α
2180 406 2428 463 quorum,
2479 386 2752 458 signiﬁcat
2808 381 2952 455 quod
3009 381 3264 479 -Egyptii‘
3285 379 3483 435 heroas
3529 385 3587 479 et
3614 469 3626 479 .
3647 377 3796 433 deos

489 502 619 573 pede
644 517 662 554 :
692 499 832 569 quod
863 497 1075 552 scilicet
1114 494 1293 549 omnis
1317 509 1474 549 error
1500 491 1885 563 Egyptiarum
1913 503 2082 560 aqua-

488 608 633 657 rum,
663 599 716 645 et
743 599 888 642 artes
917 587 1202 652 maleﬁcae,
1236 585 1434 654 quibus
1477 583 1736 652 subjectis
1767 581 1982 652 populis
2014 580 2082 634 il-

483 681 767 746 ludebant,
791 678 992 734 Christi
1024 678 1304 732 siccentur
1332 675 1590 730 adventu.
1621 671 1886 742 Quodque
1913 671 2045 724 dicit
2068 687 2082 725 :

489 773 698 826 Arescet
716 787 849 840 aqua
871 770 935 822 de
962 768 1113 833 mari,
1137 776 1193 822 et
1215 766 1470 820 historice
1489 779 1784 834 possumus
1813 763 2084 831 accipere,

483 881 592 918 non
617 878 766 918 mare
796 876 1051 932 magnum
1077 858 1398 928 signiﬁcari,
1427 855 2084 920 sedlacumMareotiden,

489 974 555 1014 eo
595 957 739 1027 quod
771 956 1053 1024 Scriptura
1085 967 1278 1007 omnes
1322 951 1776 1020 congregationes
1826 963 2086 1019 aquarum

489 1051 732 1121 appellet
779 1049 972 1102 maria.
1020 1046 1259 1100 Possunt
1295 1054 1350 1099 et
1382 1043 1732 1115 hyperbolice
1759 1041 1901 1096 dicta
1930 1039 2090 1094 intel-

492 1143 608 1212 ligi.
645 1141 908 1209 Quodque
937 1138 1185 1206 sequitur
1210 1154 1222 1190 :
1259 1135 1559 1188 Nudabitur
1580 1135 1753 1187 alveus
1783 1132 1876 1185 rivi
1899 1149 1930 1184 a
1951 1135 2092 1202 fonte

494 1249 607 1298 suo,
642 1230 913 1286 describit
939 1229 1083 1299 quod
1113 1229 1270 1282 rivus
1292 1236 1349 1282 et
1378 1226 1498 1280 fons
1523 1232 1777 1279 arescant
1806 1222 1985 1277 simul.

571 1323 751 1394 (Vers.
800 1320 983 1391 8-10.)
1020 1319 1085 1373 Et
1116 1319 1394 1372 mmrebunt
1422 1317 1698 1386 piscatores
1718 1357 1732 1379 ,
1758 1325 1804 1368 et
1850 1313 2093 1386 lugebant

495 1431 669 1468 omnes
702 1414 955 1466 mittentes
982 1412 1033 1463 in
1056 1413 1244 1481 [lumen
1271 1411 1501 1473 hamum,
1535 1417 1581 1460 et
1614 1407 1961 1476 expendentes
1990 1413 2096 1458 rete

497 1522 649 1575 super
694 1505 875 1574 facient
921 1519 1067 1573 aqua:
1103 1509 1434 1554 marcescent.
1471 1496 1540 1551 Et
1587 1498 1970 1566 confundentur
2007 1497 2096 1566 qui

493 1609 780 1666 Operantnr
842 1595 1023 1660 linunt,
1078 1593 1380 1660 plectentes,
1423 1601 1470 1644 et
1502 1599 1724 1645 terentes
1758 1589 1969 1668 subtilia
2002 1605 2020 1641 :
2049 1598 2094 1642 et

495 1700 644 1742 erant
687 1689 883 1760 irrigua
925 1692 1034 1760 ejus
1065 1686 1374 1756 ﬂaccentia:
1413 1700 1586 1737 omnes
1615 1683 1704 1753 qui
1733 1681 1988 1752 faciebant
2017 1681 2095 1734 la-

2185 492 2436 538 auctores
2485 495 2598 535 sua:
2628 479 2809 550 gentis
2859 471 3398 542 simulent,b0ron,
3449 477 3506 526 et
3557 467 3690 536 Isin,
3732 475 3796 523 et

2186 577 2392 642 Osirin,
2420 585 2475 630 et
2498 573 2824 643 Tiphonem.

2261 667 2442 740 (Vers.
2475 665 2563 733 14,
2595 663 2709 733 15.)
2739 663 2995 716 Dominus
3036 659 3238 713 miscuit
3264 659 3316 712 in
3339 658 3507 712 medio
3534 657 3652 727 ejus
3679 655 3796 726 spi-

2190 763 2346 815 ritum
2365 758 2630 830 vertiginis
2658 773 2676 810 :
2705 764 2753 809 et
2777 771 2949 809 errare
2980 755 3209 824 fecerunt
3238 749 3532 821 J‘Egyptunt
3553 749 3609 802 in
3649 747 3796 800 omni

2190 869 2342 922 opere
2367 835 2485 916 suo:
2533 851 2663 902 sicut
2710 856 2847 900 errat
2894 845 3064 898 ebrius
3095 853 3142 896 et
3163 858 3365 896 vomens
3399 850 3490 894 :et
3540 857 3646 894 non
3694 839 3799 893 erit

2191 942 2428 1014 zEgypto
2471 958 2600 1011 opus
2629 938 2768 1007 quod
2791 938 2971 1009 faciat,
3004 944 3158 1006 caput
3189 944 3234 988 et
3266 933 3487 988 caudam
3514 933 3803 986 incurvan-

2193 1045 2313 1102 tent,
2347 1043 2392 1087 et
2415 1037 2783 1104 refrenantcm.
2813 1028 3052 1083 Primum
3071 1027 3140 1081 de
3161 1025 3613 1095 interpretatione
3639 1023 3797 1078 dica-

2193 1143 2338 1191 mus,
2371 1135 2425 1180 et
2465 1132 2652 1194 postea
2685 1122 2752 1176 de
2778 1123 2860 1175 his
2883 1136 3004 1190 qua:
3031 1119 3233 1188 scripta
3257 1128 3404 1185 sunt,
3428 1117 3793 1173 disseremus.

2193 1217 2297 1271 Pro
2342 1217 2526 1287 spiritu
2573 1213 2836 1284 vertiginis
2867 1211 3225 1281 interpretari
3270 1219 3452 1280 potest
3495 1218 3549 1264 et
3578 1210 3798 1281 spiritus

2194 1309 2407 1362 erroris.
2441 1307 2499 1361 In
2531 1321 2599 1361 eo
2627 1319 2844 1376 quoque
2871 1303 3019 1375 quod
3047 1317 3148 1358 nos
3177 1302 3584 1370 transtulimus,
3616 1303 3800 1356 incur-

2194 1413 2417 1467 vantem,
2467 1411 2514 1453 et
2560 1403 2931 1471 refrenantem.
2967 1413 3256 1469 possumus
3287 1397 3472 1453 dicere
3516 1397 3794 1450 incurvum

2194 1505 2241 1549 et
2283 1495 2655 1560 lascivientem,
2711 1501 2768 1547 ut
2807 1492 3176 1561 intelligamus
3224 1506 3397 1545 senem
3448 1499 3496 1542 et
3552 1505 3796 1559 puerum.

2195 1587 2304 1642 Nos
2353 1595 2532 1642 autem
2584 1586 2810 1642 verbum
2862 1584 3189 1640 Hebraicum
3243 1595 3265 1622 ο
3312 1598 3486 1639 senon
3537 1584 3795 1666 (man),

2197 1679 2327 1733 dum
2358 1681 2617 1734 celeriter
2647 1695 2771 1750 quae
2801 1679 3006 1747 scripta
3036 1688 3166 1732 sunt
3195 1675 3482 1742 vertimus,
3519 1675 3798 1744 ambigui-

500 1796 660 1834 cunas
690 1780 758 1832 ad
789 1779 1069 1849 capiendos
1092 1779 1274 1847 pisces.
1317 1775 1388 1830 Et
1428 1776 1533 1830 hoc
1563 1774 1855 1843 dupliciter
1885 1774 2092 1842 accipe,
2125 1777 2172 1836 Β
2201 1780 2312 1826 tate
2343 1771 2579 1841 decepti,
2611 1775 2958 1841 refrenantent
3003 1769 3264 1834 diximus,
3299 1769 3441 1838 quod
3474 1768 3794 1838 signiﬁcan-

491 1870 637 1940 quod
667 1879 874 1923 vastata
911 1869 1171 1940 Egypto,
1207 1875 1262 1922 et
1290 1877 1485 1922 cuncta
1538 1865 1816 1936 provincia
1845 1865 2097 1919 ariditate

495 1964 721 2030 siccata,
755 1972 1024 2018 maereant
1054 1963 1372 2032 piscatores,
1415 1970 1469 2016 et
1504 1961 1722 2032 lugeant
1759 1961 1849 2031 qui
1896 1961 1949 2016 in
1997 1960 2098 2015 flu-

499 2070 626 2108 men
678 2054 968 2109 mittebant
1012 2054 1263 2119 hamum,
1320 2062 1375 2108 et
1415 2052 1508 2122 qui
1553 2051 1922 2122 cperabautur
1960 2052 2096 2106 retia

496 2161 563 2201 ac
591 2161 839 2214 sagenas,
875 2155 930 2200 et
957 2146 1216 2200 texebant
1250 2144 1419 2214 junco
1467 2143 1668 2200 diversi
1713 2143 1930 2214 generis
1972 2159 2099 2198 vas-

495 2240 658 2302 cola,
710 2237 765 2294 id
817 2249 940 2305 est,
994 2238 1266 2308 principes
1314 2247 1372 2292 et
1419 2237 1553 2308 regii
1612 2236 1866 2308 generis,
1935 2244 2100 2305 atque

499 2341 749 2388 rectores
776 2351 789 2390 :
816 2343 872 2388 et
892 2333 1036 2403 quod
1063 2333 1116 2387 in
1145 2334 1382 2388 adventu
1405 2331 1610 2388 Christi
1640 2347 1830 2388 omnes
1857 2334 2099 2403 perversi

495 2426 712 2496 generis
743 2427 1069 2495 piscatores,
1103 2427 1193 2496 qui
1224 2434 1417 2481 contra
1449 2425 1818 2496 Apostolicam
1851 2425 2098 2493 discipli-

491 2531 618 2570 nam
649 2517 943 2586 capiebant
991 2516 1247 2571 homines
1293 2518 1347 2570 in
1389 2515 1754 2584 perditionem
1783 2560 1796 2581 ,
1835 2526 1890 2570 et
1936 2515 2098 2570 stulta

501 2608 770 2676 sapientia
803 2609 1059 2661 texebant
1089 2606 1225 2662 retia
1253 2615 1308 2661 et
1335 2621 1592 2676 sagenas,
1635 2605 1832 2676 quibus
1861 2607 2103 2676 perditos

498 2700 802 2765 irretirent,
831 2699 1046 2754 confusi
1069 2709 1217 2765 sunt,
1234 2708 1290 2754 et
1309 2700 1490 2754 nullus
1516 2708 1609 2754 aut
1631 2715 1786 2754 rarus
1809 2701 1863 2754 in
1884 2700 2103 2772 lEgypti

501 2797 649 2843 terra
682 2799 707 2826 ει
739 2791 811 2844 sit
838 2790 963 2844 talis
992 2791 1251 2860 piscator.
1283 2791 1396 2846 Hoc
1440 2806 1608 2861 opere
1642 2791 1895 2847 videmus
1919 2793 2107 2863 exple-

503 2888 641 2945 tum,
691 2882 836 2951 quod
870 2881 1239 2938 Ecclesiarum
1274 2892 1478 2953 tropaea
1517 2895 1893 2956 consurgunt,
1945 2896 1999 2940 et
2049 2887 2101 2941 in

506 2974 655 3028 omni
685 2973 923 3045 Egypto
952 2975 1094 3031 idola
1121 2988 1468 3032 corruerunt.

580 3063 767 3134 (Vers.
818 3065 1039 3136 11-15.)
1095 3066 1257 3122 Stulti
1301 3069 1558 3139 principes
1594 3069 1817 3136 Taneos,
1851 3072 2105 3143 sapientes

2204 1866 2311 1919 tius
2357 1865 2547 1934 Aquila
2601 1865 2878 1919 transtulit
2909 1864 3279 1940 στρεϐλοῦντας,
3312 1861 3364 1916 id
3397 1869 3502 1926 est,
3537 1860 3631 1930 qui
3664 1858 3801 1914 nihil

2202 1967 2350 2014 recte
2381 1959 2514 2028 agit,
2548 1958 2642 2013 sed
2675 1971 2838 2012 omne
2869 1971 3215 2025 perversum,
3264 1963 3321 2008 ut
3359 1969 3590 2023 puerum
3633 1952 3804 2022 signi-

2203 2051 2412 2106 ﬁcaret.
2437 2050 2534 2104 Est
2559 2051 2722 2120 igitur
2750 2064 2945 2105 sensus
2978 2066 2992 2103 :
3026 2048 3189 2104 Stulti
3215 2046 3340 2101 facti
3371 2055 3496 2100 sunt
3524 2044 3805 2117 principes

2202 2144 2438 2207 Taneos,
2482 2153 2535 2198 et
2568 2144 2843 2212 sapientes
2885 2140 3183 2197 consiliarii
3226 2139 3498 2196 Pharaoni
3535 2138 3808 2194 dederunt

2205 2238 2367 2308 206
2393 2238 2681 2293 consilium
2715 2237 3002 2307 insipiens,
3023 2245 3078 2290 et
3107 2242 3498 2290 emarcuerunt
3529 2230 3808 2300 principes

2207 2330 2546 2400 Mempheos,
2589 2341 2646 2386 et
2695 2331 3034 2399 deceperunt
3081 2327 3377 2400 Egyptum
3409 2326 3672 2396 angulum
3707 2340 3807 2394 po-

2207 2425 2478 2494 pulorum,
2511 2425 2640 2494 quia
2670 2423 2932 2478 Dominus
2962 2419 3181 2476 miscuit
3209 2421 3287 2474 eis
3317 2420 3575 2488 spiritum
3605 2416 3808 2474 erroris

2208 2527 2372 2588 atque
2426 2516 2730 2587 vertiginis,
2783 2527 2843 2571 ut
2900 2517 3152 2587 ignorent
3199 2513 3325 2582 quid
3380 2513 3697 2582 loquantur,
3754 2519 3809 2564 et

2207 2627 2393 2667 errare
2426 2611 2625 2665 faciant
2654 2609 2973 2681 IEgyptum.
3009 2609 3079 2662 Et
3107 2609 3249 2662 sicut
3277 2605 3464 2660 ebrius
3495 2612 3551 2660 et
3582 2617 3809 2658 vomens

2207 2704 2378 2774 egerit
2420 2703 2566 2774 quod
2614 2706 2943 2774 ingesserat,
2975 2711 3030 2756 et
3070 2701 3158 2755 ubi
3191 2699 3284 2766 sit,
3318 2699 3515 2763 nescit,
3543 2695 3642 2752 sed
3665 2696 3810 2765 jacet

2209 2797 2410 2852 mentis
2451 2796 2647 2850 alienm
2677 2812 2690 2848 :
2724 2795 2804 2849 sic
2844 2793 3050 2848 nullum
3083 2790 3310 2846 habebit
3351 2787 3624 2859 Egyptus
3646 2802 3807 2857 opus,

2209 2889 2324 2943 sive
2346 2886 2660 2952 consilium,
2693 2885 2838 2956 quod
2885 2891 2980 2938 aut
3024 2891 3192 2952 caput
3236 2881 3454 2946 habeat,
3487 2888 3582 2935 aut
3614 2882 3802 2945 linem,

2209 2992 2302 3036 aut
2330 2981 2558 3037 senibus
2579 2980 2894 3042 conveniat,
2941 2987 3033 3033 aut
3077 2976 3282 3045 pueris,
3313 2990 3545 3045 quorum
3585 2972 3680 3027 alii
3710 2988 3808 3043 per

2211 3074 2431 3128 nimiam
2480 3081 2694 3127 (etatem
2735 3071 3010 3140 desipiunt
3049 3076 3214 3138 atque
3261 3067 3519 3132 delirant,
3569 3065 3663 3120 alii
3711 3080 3808 3135 per

507 3157 794 3209 consiliarii
855 3155 1152 3213 Pharaonis
1200 3160 1449 3214 dederunt
1496 3163 1769 3216 consilium
1807 3163 2099 3234 insipiens:
2128 3161 2174 3222 C
2207 3165 2484 3221 lasciviam
2535 3174 2592 3219 et
2633 3163 2918 3217 infantiam
2961 3162 3216 3231 ignorant
3264 3159 3394 3229 quid
3445 3167 3632 3229 agant.
3691 3157 3807 3213 Hoc

511 3248 675 3320 205
712 3250 968 3319 quomodo
1008 3251 1188 3304 dicetis
1230 3249 1540 3306 Pharaoni:
1580 3251 1754 3306 Filius
1795 3255 2107 3324 sapientium

506 3357 629 3412 ego,
675 3342 817 3411 ﬁlius
857 3359 1033 3416 regunt
1071 3345 1442 3416 antiquorum?
1484 3345 1584 3400 Ubi
1603 3357 1724 3401 sunt
1745 3364 1879 3401 nunc
1899 3349 2108 3418 sapien-

507 3446 582 3490 tes
613 3436 730 3490 tui?
759 3439 1066 3492 annuntient
1108 3439 1236 3504 tibi,
1279 3449 1328 3491 et
1366 3440 1612 3504 indicent,
1653 3440 1778 3510 quid
1816 3442 2108 3511 cegitaverit

511 3516 769 3585 Dominus
800 3533 1118 3585 exercituum
1139 3547 1293 3598 super
1316 3531 1629 3602 1E9gplttttt.
1660 3533 1824 3587 Stulti
1847 3534 1970 3600 [acti
1990 3543 2108 3586 sunt

506 3623 766 3693 principes
812 3623 1032 3688 Taneos,
1076 3635 1427 3676 emarcuerunt
1466 3625 1720 3695 principes
1763 3623 2109 3694 Mempheos:

518 3713 830 3783 deceperunt
851 3713 1139 3783 Afgyptum
1161 3712 1412 3785 angulum
1434 3714 1740 3786 populorum
1763 3718 1891 3783 eius.
1916 3717 2107 3772 Tanim

509 3805 861 3873 metropolint
890 3803 1059 3860 fuisse
1106 3804 1360 3877 ngypti,
1393 3814 1448 3860 et
1496 3806 1782 3862 Psalmista
1833 3808 2106 3876 declarat,

509 3898 658 3967 quod
689 3899 762 3954 ibi
784 3899 998 3970 Moyses
1042 3899 1210 3954 multa
1240 3900 1392 3970 signa
1435 3900 1647 3967 iecerit,
1679 3917 1801 3971 qua:
1834 3902 1887 3956 in
1923 3901 2110 3958 Exodo

508 3989 926 4045 describuntur:
951 3990 1138 4045 Posuit
1157 3992 1210 4045 in
1233 3990 1467 4064 rEgypto
1489 3996 1638 4064 signa
1659 4010 1774 4061 sua,
1800 4003 1844 4048 et
1869 3995 2111 4065 prodigia

509 4085 690 4140 suain
736 4102 915 4157 campo
956 4083 1161 4140 Taneos
1208 4085 1327 4155 (Ps.
1380 4101 1576 4151 Lxxvn,
1642 4086 1754 4155 11).
1815 4087 2108 4156 Memphim

509 4193 732 4247 quoque
777 4178 1001 4248 magicis
1031 4178 1237 4232 artibus
1268 4177 1506 4232 deditam
1528 4218 1542 4242 ,
1576 4176 1790 4246 pristini
1840 4193 2014 4246 usque
2043 4179 2110 4233 ad

507 4283 756 4338 prmsens
790 4278 1005 4338 tempus
1043 4271 1269 4340 vestigia
1301 4271 1506 4324 erroris
1534 4261 1852 4324 osteitdunt.
1893 4270 1963 4324 Et
2008 4272 2112 4326 hoc

507 4360 756 4415 breviter
803 4359 1108 4429 indicatur,
1165 4360 1313 4430 quod
1363 4361 1657 4432 Babylonia
1716 4366 1968 4418 vastitate
2021 4378 2113 4418 vc-

510 4452 722 4520 niente,
753 4454 936 4508 omnia
961 4455 1243 4525 Magorum
1273 4455 1524 4522 consilia,
1555 4466 1610 4512 et
1636 4471 1822 4512 eorum
1855 4459 1945 4527 qui
1974 4457 2113 4513 futu-

2213 3267 2393 3313 autem
2436 3257 2553 3313 sive
2594 3257 2648 3311 in
2681 3256 2980 3327 Babylonia
3013 3254 3290 3319 vastitate,
3325 3252 3438 3307 sive
3469 3251 3526 3306 in
3568 3251 3807 3306 adventu

2209 3351 2439 3418 Christi,
2487 3361 2542 3405 et
2572 3350 2728 3420 juxta
2773 3349 3034 3413 litteram,
3069 3357 3121 3402 et
3146 3346 3303 3417 juxta
3343 3344 3690 3414 spiritualem
3722 3345 3806 3398 in-

2213 3443 2572 3514 telligentiam
2643 3441 2892 3511 recipere
2961 3439 3238 3505 volueris,
3311 3435 3538 3492 habebit
3612 3449 3807 3492 conse-

2211 3539 2512 3610 quentiam.

2287 3629 2470 3700 (Vers.
2508 3628 2593 3694 16,
2624 3627 2740 3699 17.)
2769 3624 2836 3681 In
2862 3626 2945 3680 die
2979 3625 3073 3680 illa
3095 3626 3190 3679 erit
3217 3623 3482 3696 (Egyptus
3508 3625 3662 3692 quasi
3699 3637 3809 3675 mu-

2211 3721 2384 3787 lieres,
2430 3731 2477 3775 et
2520 3721 2799 3792 stupebant
2839 3729 2888 3773 et
2927 3719 3170 3773 timebunt
3209 3735 3242 3772 a
3281 3720 3416 3790 facie
3454 3717 3807 3772 commotionis

2212 3834 2399 3872 manus
2442 3815 2654 3870 Domini
2701 3816 3036 3878 exercituum,
3085 3829 3244 3884 quam
3273 3815 3382 3885 ipse
3406 3812 3629 3867 movebit
3658 3827 3807 3880 super

2212 3926 2345 3964 eam.
2377 3907 2444 3962 Et
2468 3910 2560 3962 erit
2587 3918 2718 3962 terra
2738 3905 2885 3960 Juda
2912 3905 3143 3976 .Egypto
3166 3906 3217 3958 in
3244 3905 3573 3974 festivitatem
3598 3920 3616 3958 :
3647 3903 3808 3956 omnis

2213 4001 2301 4068 qui
2327 4001 2470 4054 illius
2499 4001 2651 4070 fuerit
2682 3999 3002 4062 recordatus,
3028 3999 3224 4068 pavebit
3251 4015 3282 4052 a
3311 3998 3444 4068 [acie
3472 3997 3677 4052 consilii
3705 3995 3808 4049 Dn-

2213 4094 2340 4146 ntini
2360 4093 2698 4158 exercituum,
2722 4091 2857 4162 quod
2887 4093 2995 4163 ipse
3016 4091 3253 4159 cogitavit
3277 4107 3429 4160 super
3454 4106 3592 4144 eam.
3624 4089 3810 4145 Melius

2213 4200 2341 4240 reor
2372 4185 2536 4240 etiam
2585 4184 2867 4254 proprium
2901 4196 3142 4237 errorem
3183 4181 3612 4251 reprehendere,
3650 4195 3808 4251 quam

2214 4280 2343 4336 dum
2376 4281 2640 4336 erubesco
2680 4278 3008 4350 imperitiam
3051 4276 3337 4342 conﬁteri,
3376 4277 3428 4330 in
3456 4292 3654 4332 errore
3683 4290 3807 4346 per-

2215 4371 2431 4427 sistere.
2490 4371 2546 4424 ln
2596 4383 2666 4424 eo
2706 4367 2849 4438 quod
2901 4367 3176 4435 transtuli,
3228 4365 3296 4420 Et
3340 4366 3435 4421 erit
3486 4377 3628 4421 terra
3669 4365 3811 4420 Juda

2220 4462 2452 4532 .lagypto
2504 4462 2556 4514 in
2601 4459 2950 4531 festivitatem,
3005 4474 3107 4529 pro
3155 4458 3427 4527 festivitate
3458 4457 3510 4512 itt
3543 4457 3812 4514 Hebraicu

506 4560 696 4600 rorum
746 4546 1033 4601 scientiam
1063 4546 1482 4616 promittebant,
1517 4548 1764 4603 stultitia:
1807 4564 2108 4620 coarguan~
2139 4553 2188 4612 ι)
2216 4556 2416 4624 legitur
2443 4569 2577 4609 ΑςοΑ
2607 4554 2778 4624 (nan),
2812 4551 2957 4621 quod
3000 4552 3344 4621 interpretari
3378 4561 3557 4622 pctest
3587 4562 3645 4606 ct
3673 4552 3814 4623 [εειε-

506 4649 619 4706 tur,
646 4648 700 4694 et
729 4641 782 4694 in
812 4639 1044 4694 adventu
1090 4638 1290 4694 Christi
1340 4649 1532 4695 cuncta
1575 4641 1891 4710 redigantur
1937 4642 1989 4694 in
2022 4640 2108 4694 ni-

504 4731 634 4797 hili,
673 4750 780 4788 non
825 4733 1228 4790 invenientibus
1257 4734 1547 4789 consilium
1595 4733 1811 4806 Egypti
1840 4735 2065 4802 ‘vatibus
2089 4775 2105 4800 ,

504 4831 781 4897 quomodo
837 4832 1034 4900 dogma
1086 4834 1400 4902 opprimant
1457 4833 1844 4887 christianum.
1900 4832 2107 4887 ldioma

506 4929 688 4974 autem
719 4921 1122 4991 Scripturarum
1153 4935 1258 4990 est,
1289 4933 1348 4978 ut
1385 4925 1640 4995 angulum
1687 4939 1786 4993 pro
1816 4938 1985 4994 regno
2017 4941 2109 4991 po-

505 5021 661 5076 nant,
695 5027 762 5067 eo
791 5015 935 5081 quod
967 5017 1200 5084 populos
1242 5017 1551 5084 contineat,
1595 5025 1650 5072 et
1700 5017 1852 5086 quasi
1910 5019 1963 5071 in
1997 5027 2106 5072 tota

506 5103 673 5157 domo
728 5104 1080 5159 fortissimum
1125 5106 1214 5160 sit.
1265 5107 1419 5163 Unde
1463 5119 1518 5164 et
1564 5109 1818 5164 Christus
1875 5109 2107 5164 duorum

508 5195 840 5265 pOpnlorum
870 5196 1105 5267 parietes
1144 5201 1466 5266 continens,
1502 5202 1638 5272 lapis
1667 5202 1867 5256 dicitur
1893 5203 2118 5270 angula-

508 5287 826 5359 ristEpltes.
859 5289 946 5357 tt).
995 5290 1259 5360 Quodque
1320 5291 1504 5346 intulit
1546 5310 1559 5346 :
1613 5295 1886 5361 Quomodo
1931 5293 2113 5347 dicetis

501 5379 812 5448 Pharaoni,
863 5382 1004 5450 [ilius
1039 5383 1353 5454 sapientium
1399 5400 1515 5455 ego,
1563 5383 1704 5453 ﬁlius
1756 5401 1933 5456 regum
1978 5385 2114 5439 anti-

580 5531 607 5594 f
638 5522 812 5594 Yatic.
832 5565 856 5594 ι
873 5523 928 5575 in
951 5521 1179 5594 zEgypti
1197 5533 1333 5577 terra
1362 5523 1498 5578 ultra
1519 5523 1778 5594 capiatur.
1824 5522 1960 5589 Hoc,
1999 5531 2106 5594 etc.

507 5590 787 5716 “bifariam
819 5590 982 5646 Orum
1005 5590 1116 5649 {ex
1143 5593 1380 5649 Eusebio
1404 5590 1590 5650 autem
1617 5596 1734 5649 haec
1763 5608 1982 5663 quoque
2005 5593 2102 5650 de-

641 5680 654 5714 i
727 5679 771 5716 l'.

625 5679 654 5714 li
664 5679 771 5716 tur.

587 5759 607 5784 ε
651 5739 880 5811 Legerat
921 5740 1195 5812 Martian..
1251 5756 1439 5807 Acmon
1475 5765 1526 5807 et
1568 5753 1865 5813 llehraicc.
1901 5739 2096 5826 7715px

2214 4648 2344 4700 vitas
2366 4647 2537 4717 (unde
2563 4654 2617 4699 et
2641 4646 2872 4714 Aggatus
2902 4643 2955 4698 in
2987 4644 3225 4716 festivum
3255 4643 3513 4714 vertitur)
3539 4654 3598 4699 et
3640 4646 3809 4709 timor,

2215 4740 2357 4811 quod
2401 4737 2795 4808 signiﬁcantius
2838 4739 3032 4807 Aquila
3083 4737 3361 4793 transtulit
3403 4737 3660 4815 γύρωσιν,
3693 4753 3815 4795 cum

2213 4829 2417 4899 aliquis
2471 4829 2727 4900 pavidus,
2771 4839 2826 4884 et
2877 4841 3119 4885 tremens
3167 4828 3487 4884 circumfert
3516 4831 3733 4897 oculos,
3761 4840 3818 4887 et

2213 4921 2596 4976 advenientem
2625 4920 2882 4975 formidat
2910 4921 3210 4975 inimicum.
3236 4920 3384 4992 Ergo
3405 4922 3449 4975 si
3477 4921 3816 4978 voluerimus

2214 5014 2268 5067 in
2315 5013 2514 5068 bonam
2562 5023 2772 5082 partem
2825 5011 3094 5081 accipere,
3128 5011 3273 5080 quod
3313 5012 3635 5068 recordatio
3660 5012 3814 5069 Judte

2215 5105 2453 5178 Egypto
2490 5106 2562 5161 sit
2591 5105 2797 5175 gaudii,
2833 5115 2983 5159 recte
3015 5103 3292 5159 festivitas
3320 5104 3546 5162 dicitur.
3582 5106 3682 5162 Sin
3721 5122 3817 5162 au-

2217 5211 2346 5267 tem,
2381 5199 2719 5263 utarbitror,
2743 5200 2794 5251 in
2829 5197 3080 5252 timorem
3106 5213 3206 5268 pro
3240 5196 3537 5254 festivitate
3559 5201 3814 5265 vertitur,

2217 5292 2587 5360 intelligamus
2640 5288 2991 5343 formidinem
3035 5290 3120 5344 vel
3167 5303 3445 5358 pavorem,
3499 5289 3650 5360 quod
3690 5305 3816 5344 cum

2217 5383 2725 5441 Nabuchodonosor
2753 5385 2986 5449 venerit,
3013 5393 3068 5439 et
3098 5398 3290 5438 omnes
3319 5382 3564 5439 virorum
3590 5384 3816 5440 fortium

2220 5522 2353 5575 Mss.
2390 5521 2586 5588 Eqmon
2622 5521 2918 5589 prmferunt
2945 5539 2959 5575 :
2987 5531 3166 5578 textus
3189 5522 3327 5586 ipse,
3361 5531 3420 5576 ut
3443 5524 3818 5591 reposuimus,

2205 5599 2392 5681 pum.
2420 5594 2556 5649 Vide
2581 5593 2720 5649 infra
2752 5591 2845 5651 lib.
2881 5609 2977 5661 vu,
3013 5593 3102 5650 ubi
3126 5595 3229 5649 hoc
3260 5591 3403 5650 idem
3435 5605 3603 5666 caput
3626 5609 3820 5652 recur-

2207 5687 2280 5740 rit
2299 5697 2355 5742 et
2375 5687 2524 5742 locus
