4010 6312
218 319 325 377 185
783 313 1433 374 COMMENTARIORUM
1468 310 1539 371 IN
1580 311 1815 371 ISAIAM
1854 309 2280 370 PROPHETAM
2318 310 2452 367 LIB.
2495 308 2559 369 ν.
2600 309 2757 368 CAP.
2798 311 2943 370 XIX.
3404 317 3509 375 186

218 447 413 491 manus
430 434 585 507 quasi
614 434 897 491 mulierum
940 432 1143 489 fuerint
1160 432 1471 500 dissolutae,
1503 430 1671 487 etiam
1701 445 1800 486 vo-
1828 432 1885 493 Α
1909 430 2173 487 Ecclesiae
2193 430 2435 499 ordines,
2460 429 2773 502 episcopos,
2809 432 3186 506 presbyteros,
3218 436 3502 507 diaconos,

221 526 471 582 cabulum
501 524 653 581 ludas
683 524 879 580 terrori
906 522 978 578 sit
1002 521 1264 594 Egypto,
1296 522 1421 593 quia
1449 521 1578 577 dum
1609 521 1663 577 ei
1692 520 1811 576 vult
1914 522 2133 588 fideles,
2171 521 2599 578 catechumenos
2635 525 2880 579 sentiunt
2911 541 2926 578 :
2959 534 3053 580 aut
3078 537 3228 583 certe
3258 529 3512 599 spiritua-

220 616 475 673 auxilium
507 615 773 686 praebere,
809 625 960 670 tanta
991 614 1130 669 mala
1164 628 1422 686 perpessa
1452 615 1544 668 sit.
1573 613 1650 668 De
1678 628 1809 669 nos—
1914 613 2021 669 lem
2073 614 2207 685 legis
2255 613 2696 686 intelligentiam,
2737 616 2807 672 de
2837 633 2946 687 qua
2986 626 3044 674 et
3068 620 3368 690 Apostolus
3393 623 3508 680 ait:

220 708 317 764 tris
360 709 692 778 temporibus
735 724 900 765 nemo
942 708 1181 775 dubitat,
1214 709 1356 780 quod
1395 708 1809 780 comparatione
1917 705 2050 760 Volo
2074 707 2297 778 quinque
2320 707 2484 762 verbis
2528 707 2669 779 loqui
2705 710 2762 763 in
2808 709 3059 767 Ecclesiis
3087 713 3143 767 in
3171 730 3327 769 sensu
3362 731 3498 783 meo,

213 800 647 857 Christianorum
697 816 897 857 omnes
937 800 1156 857 Ethnici
1190 801 1342 872 quasi
1373 801 1634 856 mulieres
1673 800 1805 866 sint,
1908 815 2061 870 quam
2084 800 2259 855 decem
2296 799 2526 856 millibus
2556 802 2829 857 verborum
2855 806 2910 859 in
2931 806 3113 877 lingua
3137 806 3181 876 (Ι
3209 805 3331 863 Cor.
3355 809 3510 881 xiv):

215 892 456 949 inlirmas
502 893 776 950 habentes
827 892 1154 959 sententias,
1186 902 1241 948 et
1285 891 1545 964 quidquid
1569 891 1810 947 dixerint
1910 901 1967 949 et
2003 894 2146 965 quod
2178 910 2285 949 una
2332 896 2579 967 quinque
2625 895 2914 952 civitatum
2966 899 3278 969 appelletur
3320 902 3512 959 civitas

205 985 346 1041 verti
375 985 428 1040 in
456 986 767 1054 stultitiam,
801 987 931 1041 dum
960 995 1215 1056 stupeant
1237 993 1444 1040 tantam
1469 985 1648 1055 gentis
1673 999 1806 1039 con-
1909 984 2065 1052 solis,
2105 986 2271 1058 208
2296 984 2553 1041 videlicet
2591 984 2845 1057 iustitiae,
2894 988 2947 1043 in
2991 989 3150 1059 cujus
3196 992 3394 1062 pennis
3428 1002 3516 1050 est

205 1077 535 1144 versionem,
567 1086 625 1136 et
653 1080 919 1135 mirentur
941 1087 1101 1149 atque
1130 1077 1441 1148 intelligant
1480 1077 1641 1149 207
1683 1091 1802 1131 ma-
1909 1076 2136 1132 sanitas.

203 1184 332 1224 num
367 1170 678 1236 Domini,et
699 1171 1033 1241 quicumque
1051 1170 1337 1241 gentilium
1367 1169 1611 1225 nominis
1631 1168 1806 1223 chris-
1982 1166 2162 1239 (Vers.
2198 1168 2413 1242 19-21.)
2439 1169 2507 1225 In
2555 1170 2641 1225 die
2680 1171 2794 1225 illa
2829 1173 2925 1226 erit
2973 1172 3139 1227 altare
3190 1173 3404 1230 Domini
3452 1178 3506 1232 in

200 1262 335 1317 tiani
378 1264 544 1320 luerit
586 1265 944 1330 recordatus,
993 1264 1430 1321 imbecillitatem
1474 1261 1803 1318 idololatrias
1906 1259 2073 1313 medio
2126 1269 2276 1315 terra:
2305 1261 2547 1334 Egypti,
2581 1272 2630 1316 et
2662 1261 2849 1317 titulus
2882 1266 3043 1337 juxta
3090 1265 3370 1320 terminum
3396 1268 3508 1339 ejus

199 1354 396 1425 timore
429 1356 685 1412 fateatur,
1266 1344 1269 1347 ⁷
1905 1348 2153 1405 Domino.
2176 1351 2247 1407 Et
2271 1354 2367 1407 erit
2395 1354 2453 1407 in
2480 1355 2711 1426 signum,
2742 1365 2789 1409 et
2813 1356 2868 1409 in
2897 1357 3247 1413 testimonium
3278 1358 3503 1415 Domino

266 1448 608 1522 (Vers.18.)
650 1448 719 1504 In
744 1450 830 1504 die
878 1450 973 1505 illa
1007 1460 1161 1504 erunt
1206 1451 1430 1519 quinque
1475 1448 1705 1504 civitates
1748 1450 1776 1502 ii

1906 1444 2222 1497 exercituum
2264 1445 2321 1498 in
2359 1454 2497 1499 terra
2527 1445 2773 1517 zEgypti.
2798 1445 3107 1503 Clamabunt
3130 1452 3270 1505 enim
3296 1452 3365 1506 ad
3393 1452 3505 1508 Do—

193 1548 335 1597 ιετηι
361 1541 586 1615 Egypt;
617 1543 883 1616 ιορυεηεεε
904 1544 1082 1614 lingua
1103 1543 1375 1611 ςιιαηααη,
1398 1546 1695 1615 “fumum
1714 1559 1804 1614 per
1904 1535 2103 1588 minam
2124 1552 2154 1587 a
2181 1537 2316 1607 facie
2342 1537 2640 1593 tribulantis
2662 1555 2681 1593 :
2710 1548 2759 1593 et
2788 1540 2947 1595 mittet
2976 1543 3047 1596 eis
3074 1541 3423 1612 Salvatorem,
3451 1554 3502 1601 et

189 1630 484 1690 Dominum
504 1637 819 1691 exercituum
848 1654 867 1691 :
893 1637 1071 1691 civitas
1091 1636 1217 1691 solis
1241 1638 1506 1692 vocabitur
1532 1654 1658 1691 una.
1691 1637 1798 1691 Pro
1904 1636 2341 1699 ρνορυθηαεονεηι
2372 1630 2463 1700 qui
2491 1631 2671 1687 liberet
2707 1648 2812 1687 eos.
2859 1633 2926 1687 Et
2957 1646 3292 1706 cognoscatur
3320 1636 3501 1693 Domi-

186 1724 421 1783 civitate
451 1728 605 1797 solis,
637 1729 826 1785 nescio
853 1729 979 1799 quid
1006 1730 1258 1785 volentes
1278 1729 1424 1785 LXX
1453 1731 1776 1800 interpretat

1901 1737 1999 1774 nus
2025 1720 2088 1773 ab
2120 1721 2377 1794 .lfgypto,
2422 1732 2470 1778 et
2509 1735 2812 1795 cognoscent
2858 1726 3099 1799 .Egyptii
3126 1727 3408 1783 Dominum
3448 1733 3501 1785 in

183 1827 317 1873 sum
347 1826 376 1855 ει
406 1818 614 1887 aged“,
638 1835 802 1891 quam
846 1820 1067 1891 quidam
1094 1829 1403 1876 ηοειτοιιωη
1426 1818 1453 1858 b
1477 1822 1653 1875 urbem
1670 1822 1787 1893 jm.
1821 1816 1871 1875 Β
1897 1811 1979 1866 die
2009 1811 2123 1878 illa,
2154 1822 2201 1867 et
2229 1819 2397 1867 calent
2422 1831 2539 1868 eum
2568 1816 2619 1869 in
2642 1814 2848 1885 ltostiis,
2878 1826 2925 1871 ct
2957 1820 3278 1887 muneribus,
3308 1831 3354 1875 et
3384 1831 3500 1876 vota

182 1911 312 1966 titite
360 1912 784 1983 interpretatur,
833 1922 888 1969 et
932 1914 1132 1970 ductus
1183 1929 1392 1979 errore,
1447 1914 1594 1986 quod
1631 1914 1787 1986 juxta

182 2001 516 2060 Hebraicum
565 2020 699 2061 Ακεδ
750 2007 916 2077 (D'ln)
943 2006 1207 2077 scriptum
1256 2006 1346 2072 sit,
1386 2016 1574 2063 terram
1610 2016 1785 2078 putat,

178 2107 298 2165 quae
365 2095 498 2152 aliis
563 2097 760 2154 litteris
812 2098 1089 2155 scribitur.
1158 2099 1352 2155 Melius
1417 2115 1549 2170 ergo
1611 2108 1790 2155 trans-

179 2186 298 2240 tulit
343 2187 742 2259 Symmachus,
786 2190 968 2245 civitas
1004 2191 1132 2246 solis
1176 2191 1439 2246 vocabitur
1473 2209 1579 2245 una
1610 2208 1628 2246 :
1654 2208 1788 2248 ABES

175 2277 318 2333 enim
352 2279 591 2335 verbum
623 2282 934 2353 ambiguum
984 2292 1041 2340 et
1079 2292 1208 2339 testa
1252 2284 1453 2340 dicitur
1489 2295 1542 2341 et
1591 2285 1690 2351 sol,
1719 2300 1787 2341 eo

173 2370 316 2440 quod
352 2381 656 2445 utrumque
708 2383 882 2441 areat,
927 2384 982 2431 et
1035 2375 1237 2431 siccum
1281 2378 1373 2432 sit.
1407 2377 1563 2432 Hunc
1606 2377 1783 2432 locum

174 2478 280 2521 non
310 2466 635 2537 intelligens
655 2467 844 2535 Onias,
865 2468 1129 2539 templum
1159 2470 1434 2526 exstruxit
1462 2472 1515 2525 in
1545 2469 1784 2542 ngypto

174 2556 224 2612 in
280 2569 303 2597 ο
360 2558 573 2630 oppido
627 2558 970 2623 Ἠλιοπὸλεως.
1019 2562 1162 2633 Lege
1221 2561 1451 2633 Josephi
1515 2562 1783 2618 Historias

174 2646 417 2721 (Ioseph.
455 2649 549 2706 lib.
576 2666 675 2719 xtl,
705 2670 821 2725 cap.
857 2650 935 2724 9).
964 2653 1073 2708 Alii
1104 2655 1256 2720 Area,
1285 2655 1340 2710 id
1370 2663 1476 2723 est,
1505 2652 1776 2734 ὄστρακον,

171 2739 276 2797 hoc
297 2752 408 2809 est,
440 2753 653 2812 testam,
701 2744 896 2801 urbem
927 2745 1271 2802 Ostracinem
1305 2747 1531 2819 intelligi
1568 2748 1779 2817 volunt,

167 2844 221 2890 ct
247 2846 487 2893 caeteras
504 2837 659 2907 juxta
692 2837 1156 2906 Rhinocoruram,
1182 2851 1234 2894 et
1262 2839 1481 2894 Casium
1511 2839 1781 2905 civitates,

167 2940 303 2997 quas
342 2944 523 2999 usque
569 2929 734 2985 hodie
788 2928 845 2984 in
894 2928 1134 3000 Egypto
1179 2930 1358 3000 lingua
1398 2928 1781 2997 Chananitide,

166 3021 269 3076 hoc
314 3034 427 3090 est,
478 3024 617 3095 Syra
671 3024 826 3094 loqui
880 3023 1231 3079 manifestum
1278 3034 1364 3080 est
1396 3042 1410 3077 :
1443 3034 1499 3081 et
1528 3035 1719 3094 putant
1754 3042 1785 3081 c

166 3111 355 3168 vicino
404 3116 582 3185 Syros
627 3123 793 3184 atque
839 3115 1051 3172 Arabas
1099 3132 1129 3171 a
1179 3116 1694 3174 Nabuchodonosor
1735 3120 1784 3174 in

1892 1905 2140 1958 vovebant
2178 1904 2422 1973 Domino,
2470 1915 2519 1960 et
2558 1905 2777 1962 solvent.
2823 1908 2907 1963 Ab
2938 1909 3043 1964 hoc
3066 1910 3186 1966 loco
3215 1926 3385 1981 usque
3428 1913 3498 1969 ad

1895 1996 2059 2052 linem
2091 1998 2367 2070 [Egyptize
2394 1999 2655 2065 Visionis,
2707 2003 2824 2057 sive
2848 2000 3138 2071 Ponderis,
3168 2015 3223 2060 et
3245 2003 3421 2060 Judaei
3445 2015 3500 2062 et

1892 2091 2067 2146 nostri
2115 2091 2185 2147 de
2230 2090 2440 2148 Christi
2489 2093 2724 2150 adventu
2754 2095 2982 2168 intelligi
3019 2097 3239 2163 volunt;
3285 2097 3381 2153 sed
3418 2098 3492 2153 illi

1891 2190 2015 2237 vota
2047 2198 2145 2238 sua
2178 2183 2442 2239 dill‘erunt
2473 2186 2525 2239 in
2557 2185 2823 2253 futurum,
2854 2203 2954 2243 nos
2983 2191 3138 2258 quasi
3165 2190 3278 2260 jam
3304 2197 3487 2246 trans-

1890 2286 2011 2331 acta
2060 2275 2380 2333 retinemus.
2431 2278 2582 2333 Diem
2632 2288 2814 2333 autem
2846 2295 2942 2349 pro
2982 2289 3232 2350 tempore
3256 2283 3488 2353 accipe:

1889 2385 2218 2441 quamquam
2250 2371 2351 2424 sub
2382 2370 2519 2424 Onia
2546 2369 2824 2440 Iosephus
2854 2372 2971 2425 haec
3001 2370 3140 2425 facta
3169 2374 3488 2439 contendat,

1887 2464 1976 2534 qui
2012 2465 2272 2534 profugus
2303 2464 2357 2517 in
2403 2463 2723 2534 rEgyptum,
2754 2477 2878 2517 cum
2928 2461 3087 2516 turba
3135 2462 3371 2533 plurima
3399 2460 3493 2516 Ju-

1887 2558 2128 2613 dzeorum
2184 2556 2476 2612 mdilicavit
2519 2556 2805 2627 templum,
2840 2567 2895 2612 et
2923 2556 3116 2622 altare,
3161 2564 3218 2612 et
3251 2554 3490 2626 prophe-

1887 2656 2015 2708 tiam
2043 2652 2249 2709 Christi
2295 2668 2449 2709 cassa
2495 2653 2723 2723 implere
2771 2654 3081 2709 temeritate
3109 2663 3340 2708 conatus
3378 2664 3485 2710 est.

1885 2744 1962 2799 Ita
1993 2756 2173 2800 autem
2196 2742 2216 2782 τ
2248 2761 2415 2800 unum
2437 2744 2613 2800 altare
2642 2745 2864 2813 dicitur,
2898 2743 3176 2816 quomodo
3202 2760 3305 2800 una
3326 2744 3486 2813 ﬁdes,

1886 2849 1939 2895 et
1971 2855 2134 2895 unum
2168 2840 2462 2910 baptisma,
2495 2850 2552 2895 et
2578 2855 2687 2894 una
2712 2840 2984 2895 Ecclesia.
3030 2838 3103 2894 Et
3130 2840 3310 2894 titulus
3327 2843 3489 2913 juxta

1887 2934 2162 2985 terminum
2190 2934 2306 3004 ejus
2345 2929 2597 2995 Domino,
2632 2931 2776 2986 haud
2804 2932 3027 2987 dubium
3062 2931 3192 3001 quin
3232 2931 3485 3001 Evange-

1886 3022 2041 3086 lium,
2086 3030 2143 3075 et
2187 3022 2578 3089 Apostolorum
2627 3022 2828 3091 scripta
2876 3023 3168 3092 signiticet.
3199 3022 3489 3089 Quomodo

1889 3113 2036 3168 enim
2067 3127 2228 3182 supra
2259 3119 2415 3181 juxta
2442 3111 2864 3183 Tropologicam
2894 3116 3308 3184 intelligentiam
3338 3127 3483 3172 terra

161 3202 318 3259 illam
347 3213 562 3258 terram
594 3204 769 3260 fuisse
796 3208 1110 3262 translatos.
1141 3208 1318 3263 Porro
1347 3211 1436 3279 qui
1464 3211 1518 3264 in
1544 3209 1782 3264 adventu
1814 3195 1858 3258 C
1888 3205 2025 3261 Juda
2050 3204 2290 3276 Egypto
2312 3203 2695 3272 formidabilis,
2741 3208 2855 3262 sive
2885 3208 3174 3275 solemnis,
3205 3219 3365 3266 vetus
3403 3211 3488 3267 in-

154 3292 409 3377 Christi,
442 3300 499 3348 et
532 3292 778 3348 Romano
809 3296 1043 3365 imperio
1098 3296 1436 3368 prophetiam
1480 3299 1783 3365 disserunt,

158 3386 426 3456 quinque
483 3384 766 3452 civitates,
843 3386 931 3441 vel
984 3387 1155 3458 legem
1216 3388 1436 3445 Domini
1462 3388 1513 3456 ἀ,
1564 3406 1686 3459 qua:
1731 3392 1786 3447 in

163 3475 508 3535 Alexandria
538 3475 799 3561 primum,
829 3478 1190 3548 interpretata
1224 3490 1308 3536 est
1351 3491 1398 3547 θ,
1426 3482 1514 3538 vel
1540 3481 1785 3554 quinque

234 3603 261 3631 α
301 3591 527 3647 Asedec.
560 3591 618 3646 ln
656 3591 857 3663 Lexico
887 3591 1214 3663 Origeniano
1254 3594 1640 3651 llebraicornm
1680 3614 1779 3653 no-

165 3662 399 3735 minum,
432 3676 633 3735 nomen
658 3662 850 3735 Asedec
882 3662 1302 3731 interpretatum
1332 3668 1553 3735 ponitur
1574 3670 1775 3732 iustitia

165 3734 320 3789 solis:
371 3732 518 3788 unde
563 3733 795 3802 conjicio
850 3734 1135 3803 Origenem
1179 3736 1282 3791 hoc
1332 3732 1454 3793 loco
1502 3746 1769 3794 notatum.

167 3804 336 3876 Porro
370 3820 573 3876 nomen
608 3803 752 3876 illud»
796 3803 991 3876 Asedec
1036 3807 1273 3876 ignobile
1306 3808 1615 3875 habueram,
1647 3826 1771 3866 cum

168 3875 310 3930 elidi
338 3875 592 3931 Graecum
618 3874 861 3931 Lexicon
889 3874 1101 3932 Nomio.
1121 3878 1318 3943 Helm;
1348 3896 1445 3934 nec
1464 3881 1660 3936 mirum
1691 3882 1772 3936 vi-

168 3945 288 4021 deri
314 3957 511 4021 potest,
544 3946 694 4021 quod
729 3961 849 4000 cum
884 3947 1213 4021 Hieronymo
1262 3950 1629 4021 ignoraverint
1672 3968 1767 4005 vo-

170 4017 428 4089 cabulum
460 4034 565 4089 non
598 4017 917 4089 Hebraeum;
943 4020 1036 4073 sed
1069 4017 1138 4075 an
1169 4017 1304 4088 ipsis
1329 4019 1472 4074 LXX
1497 4022 1772 4089 Interpre-

173 4087 323 4141 tibus
346 4088 658 4143 conlictum.
686 4087 728 4143 E
758 4104 864 4158 quo
894 4097 1077 4144 tamen
1110 4087 1258 4145 fonte
1288 4091 1565 4145 hauserint
1597 4087 1769 4146 Graici

171 4172 375 4212 nomen
432 4159 660 4225 Asedec,
718 4159 848 4213 mihi
901 4160 1062 4214 hodie
1118 4160 1346 4214 omnino
1399 4172 1770 4228 compertum;

170 4242 371 4299 nempe
401 4245 433 4284 e
454 4229 631 4299 capite
655 4245 772 4297 xtx,
808 4230 901 4293 18,
929 4229 1083 4285 Isaiae
1115 4230 1410 4299 prophetae,
1445 4231 1585 4298 quod
1612 4241 1772 4299 ratttea

171 4297 347 4371 minus
378 4297 718 4367 compertum
773 4300 967 4367 habui,
1015 4297 1299 4371 opponens
1340 4297 1472 4353 huic
1500 4298 1622 4353 voci
1652 4316 1773 4355 ver-

170 4369 316 4437 bum,
353 4371 686 4426 Asedemotlt.
712 4371 983 4427 Manum.

1894 3298 2156 3367 telligitur
2199 3296 2611 3351 Testamentum
2648 3314 2661 3350 :
2696 3302 2776 3353 sic
2814 3307 2869 3354 et
2917 3298 3108 3352 titulus
3141 3301 3195 3354 in
3237 3303 3484 3357 terminis

1893 3390 2140 3463 Egypti,
2169 3389 2591 3459 Evangeliorum
2622 3388 2849 3445 historia
2873 3392 3301 3447 demonstratur.
3326 3395 3490 3448 Deni-

1890 3499 1997 3556 que
2017 3481 2195 3554 jungit
2223 3500 2237 3536 :
2268 3480 2339 3536 Et
2359 3483 2455 3536 erit
2485 3483 2538 3537 in
2564 3483 2793 3552 signant,
2823 3494 2870 3538 et
2893 3485 2947 3538 in
2973 3484 3341 3550 testimonium,
3374 3483 3487 3541 Do-

1954 3596 1983 3635 ά
2007 3599 2235 3672 Scholas
2251 3598 2635 3672 catechisticas
2658 3608 2711 3653 et
2730 3599 3039 3672 Scriptura;
3067 3601 3486 3669 interpretandae

1882 3670 2081 3735 ittnuit,
2105 3686 2227 3740 qua:
2262 3670 2496 3741 primum
2532 3670 2875 3727 Alexandriae
2908 3670 3173 3726 inSllllllte
3196 3683 3343 3739 sunt,
3373 3674 3479 3741 ubi,

1880 3749 1940 3818 ut
1965 3743 2080 3809 ipse
2105 3738 2185 3796 ait
2207 3738 2271 3795 in
2288 3738 2545 3818 catalog._
2565 3742 2947 3818 dePantsrno,
2974 3760 3007 3797 a
3030 3741 3212 3797 Marco
3241 3738 3483 3818 Evangel-

1877 3812 2000 3867 (ista
2018 3828 2232 3885 semper
2259 3810 2594 3885 ecclesiastici
2620 3816 2765 3885 fuere
2793 3815 3046 3869 doctores.

1953 3893 1976 3922 ε
2009 3878 2321 3955 Episcopus.
2347 3878 2632 3951 Episcopai
2640 3901 2725 3938 um
2748 3884 2849 3941 hoc
2862 3887 2986 3940 loco
2997 3886 3243 3940 ordinem
3259 3886 3486 3945 distinc-

1879 3962 1989 4025 tun‘t
2019 3969 2046 4005 a
2080 3955 2465 4025 presbyterattt
2489 3956 3141 4025 agnoscitllieronymns;
3174 3972 3347 4025 neque
3367 3975 3488 4013 me-

1876 4024 2036 4078 minit
2075 4022 2391 4077 interiorum
2439 4022 2724 4088 Ordinum,
2769 4022 2971 4094 nempe
3010 4022 3480 4084 Subdiaconorum

1873 4103 1928 4148 et
1966 4105 2285 4148 cancrorum
2318 4095 2609 4148 minorum.
2639 4095 2908 4149 Murrum.

1946 4191 2021 4204 --
2042 4165 2169 4219 lln-c
2210 4180 2373 4224 porro
2406 4164 2625 4218 Eusebii
2657 4172 2824 4217 sunt:
2853 4168 3003 4222 πέντε
3046 4165 3101 4222 δὲ
3129 4164 3300 4227 πόλεις
3326 4167 3376 4222 ἐν
3400 4169 3481 4223 in-

1878 4235 2059 4311 δλησὶᾳ
2082 4231 2180 4311 εἶεν
2211 4232 2271 4311 ᾅν
2297 4235 2349 4289 αἱ
2392 4233 2623 4311 διάφοροι
2653 4237 2949 4311 πολιτεῖαι(
2969 4240 3116 4294 πέντε
3154 4235 3208 4291 δὲ
3237 4238 3479 4311 τάγματα

1879 4302 2191 4384 ξιῃρηιζιξνατ
2207 4304 2361 4384 ἦγοιέν
2392 4302 2877 4384 τέο-εἷς’ἀριθμήσειγ
2900 4309 2958 4363 τὸ
2981 4316 3183 4384 πρῶτον
3205 4302 3480 4384 triumpos-

1880 4371 2228 4456 ξρόιν.’τά·γμᾳ,
2249 4371 2341 4456 uoci
2360 4371 2802 4456 τᾶδιρτερονζτῶν
2831 4371 3218 4455 πρεσϐὁτέρων,
3244 4378 3358 4456 τὸτι
3374 4371 3480 4456 τῶν

240 4471 309 4538 ζ’
326 4440 400 4538 1.".
410 4442 544 4538 .²¹.ίί⁵
570 4453 616 4495 ⁸³
626 4443 1030 4538 ΨθΡμθξΒῗέἒὲἷ
1050 4437 1638 4538 Ῡηῗὶἷῑ⁰¹ὶξῗῖιῖοέῗῖ¹¹ἓ¹η⁵

1889 4437 2125 4496 δὶακόνωῦ
2142 4445 2418 4532 τὸὶτρίτον,
2442 4450 2528 4499 καὶ
2554 4437 2654 4502 τξῖιν
2675 4451 2727 4501 ἐν
2748 4437 2956 4525 Χριᾶτῷ
2973 4437 3368 4523 πεφῶτισμένων
3389 4453 3478 4505 τέ-

1890 4532 2076 4538 ,,,,-Α,,
2139 4533 2222 4538 -__‘_
2257 4533 2336 4538 ‘_‘
2368 4515 2510 4538 __VA',*A
2556 4536 2564 4538 ᾗ
2634 4524 2657 4534 ι-
2729 4520 2741 4535 ο
2830 4522 2841 4538 ν
3036 4528 3055 4538 ς
3308 4520 3317 4535 1

172 4513 446 4590 tius_erat_
459 4515 674 4590 ἀχςιρὶς
704 4512 775 4565 ab
804 4510 1032 4590 Hebraeo
1059 4518 1226 4571 DT'li'l.
1260 4511 1394 4569 Vide
1422 4526 1544 4581 quae
1570 4511 1624 4566 in
1666 4510 1780 4566 Ori-

170 4583 393 4653 genian.
425 4583 631 4639 Leiic'o
658 4587 1068 4639 aunotavimUs.

240 4652 269 4691 δ
298 4654 460 4722 Quod
494 4663 727 4709 nostrum
760 4670 987 4718 vocans,
1019 4654 1266 4709 Latinum
1297 4669 1420 4710 esse
1452 4654 1776 4724 scriptorem

176 4723 367 4780 innuat
395 4726 457 4781 S.
491 4726 708 4792 doctor,
732 4724 1071 4780 Victorinum
1110 4723 1778 4781 Petabionensem’notare

174 4797 404 4865 Opinor,
448 4811 559 4864 quo
601 4807 870 4864 excepto,
913 4793 1418 4852 Commentatorum
1476 4799 1526 4851 in
1582 4798 1775 4852 Isaiam

174 4882 419 4939 ntagnum
460 4867 601 4939 apud
641 4866 858 4921 Latinos
888 4866 1151 4939 silentium
1188 4868 1436 4936 essejam
1473 4867 1691 4939 dixerat
1719 4867 1771 4920 in

173 4934 508 5007 Praelationé
554 4938 782 5007 hujusce
828 4938 1033 5005 operis.
1094 4934 1364 4992 Caeterum
1422 4940 1610 4993 eadem
1674 4938 1776 4993 fuit

174 5004 399 5063 Eusebii
427 5004 704 5064 sententia
731 5004 894 5077 atque
921 5007 1111 5077 eadem
1137 5022 1273 5072 pene
1307 5008 1538 5063 dixerim
1565 5009 1727 5062 verba
1754 5026 1769 5063 :

174 5083 302 5136 κατά
333 5079 389 5151 δέ
418 5082 480 5135 τὸ
508 5076 834 5151 ἀκριϐὲς-τῆς
868 5081 1024 5134 αὐτοῦ
1063 5076 1326 5151 διαλέξεως
1349 5087 1443 5151 γῆς
1470 5081 1613 5140 πόλις
1628 5079 1771 5151 ,λέλε-

174 5164 314 5218 κται,
346 5148 478 5226 ὅπερ
503 5145 686 5226 οὕτερος]
709 5145 768 5205 ἂν
792 5150 1137 5226 ἑρμηγτυθείη,
1167 5150 1313 5209 πόλις
1335 5145 1431 5226 τῆς
1468 5158 1562 5221 γῆς·
1591 5150 1771 5210 κληθή-

177 5240 324 5278 σεται
350 5221 510 5294 ἡμίία
535 5222 702 5287 πόλις,
743 5221 877 5294 etc.,
926 5221 976 5275 id
1015 5229 1117 5285 est,
1149 5222 1434 5294 secundum
1475 5230 1771 5294 accuratam

175 5303 294 5346 vero
341 5291 630 5345 disserendi
674 5292 923 5346 rationem
972 5302 1133 5346 terra:
1159 5292 1347 5346 civitas
1378 5291 1591 5354 dicitur,
1635 5292 1771 5359 quod

175 5358 250 5414 ita
273 5362 427 5415 reddi
455 5363 638 5429 possit,
660 5360 854 5417 Civitas
884 5373 1034 5417 terra:
1062 5362 1327 5416 vocabitur
1354 5380 1455 5416 una
1482 5358 1683 5414 civitas.
1704 5361 1770 5416 Et

177 5437 338 5501 paulo
360 5448 551 5505 supra,
582 5436 714 5488 κατὰ
850 5437 974 5505 τοὺς
993 5433 1028 5488 ο’
1048 5434 1357 5505 καλονωὶνῃν
1385 5431 1618 5505 Ἀσιδέκ,
1651 5429 1680 5505 ὃ
1707 5431 1768 5493 δή

175 5506 433 5576 σημαίνει,
471 5503 813 5576 δικᾳιᾳσύνῄς.
845 5504 1145 5576 Secundum
1172 5503 1316 5559 LXX
1345 5504 1552 5575 quidem
1578 5503 1767 5557 dicitur

176 5574 395 5648 Asedec,
426 5574 568 5648 quod
593 5574 849 5648 significat
867 5575 1109 5648 justitite.

253 5655 277 5683 ο
309 5643 596 5715 Josephus
631 5646 684 5715 iv
707 5644 842 5715 νόμῳ
867 5643 1237 5708 "Memmium,
1260 5646 1396 5715 sive
1421 5643 1479 5715 in
1510 5644 1767 5696 territorio

181 5703 505 5798 Ileliopolis.
539 5703 1416 5798 Confer'llierooymuminlerius
1448 5714 1543 5771 lib.
1576 5730 1668 5780 vn,
1699 5715 1767 5769 ad

181 5783 285 5831 hoc.
316 5783 463 5833 idem
497 5790 680 5849 nonut,
705 5792 754 5833 ot
782 5800 900 5849 qum
926 5783 999 5837 ibi
1023 5796 1363 5837 mmo'nmtts,

1886 4532 2076 4595 Eaprov
2094 4553 2109 4577 ,
2138 4516 2224 4565 καὶ
2253 4515 2339 4566 ἐπὶ
2365 4515 2568 4595 τοήτοις
2592 4524 2692 4595 τῷν
2721 4520 2771 4595 ἐγ
2791 4515 3474 4595 ἐἰσ-α’)ωγῆΔτυογχανόγτων.

1884 4581 2041 4648 Quod
2070 4590 2248 4653 autem
2290 4582 2577 4653 maluisset
2609 4581 2970 4647 Martianmus,
3000 4581 3295 4643 'iill‘eri'tires
3337 4605 3477 4653 quo-

1883 4667 1990 4725 que
2034 4652 2283 4725 ordines,
2345 4652 2738 4725 subdiaconunt
2787 4665 2843 4708 et
2895 4667 3130 4710 caeteros
3177 4652 3476 4725 nominari,

1882 4722 2096 4778 etiamsi
2142 4722 2378 4777 instituti
2405 4724 2627 4794 rubique
2671 4723 2923 4785 fuissent,
2974 4725 3198 4779 minime
3238 4724 3305 4778 ad
3362 4722 3476 4783 rem

1880 4805 2000 4850 erat
2033 4814 2046 4848 :
2076 4794 2346 4864 siquidem
2384 4793 2736 4850 diacnnorum
2776 4795 2994 4850 nomine
3019 4795 3206 4853 clerici
3238 4795 3479 4854 minores

1880 4865 2272 4936 comprehendi
2300 4866 2566 4925 solebant.
2597 4881 2775 4935 neque
2809 4867 3046 4921 alterum
3078 4868 3146 4922 ab
3177 4865 3287 4936 illis
3317 4881 3478 4936 caput

1878 4934 2293 4991 constituebant
2319 4937 2370 4990 in
2390 4936 2634 4991 Ecclesia
2658 4934 3067 5008 :Optatus,rlih.
3093 4954 3130 4994 tt
3158 4956 3170 4990 :
3197 4934 3329 4993 Cum
3351 4934 3476 5008 sint,

1878 5009 2073 5079 inquit,
2099 5019 2323 5081 quatuor
2347 5022 2537 5076 genera
2566 5008 2792 5081 capitum
2838 5013 2890 5061 in
2924 5007 3177 5081 Ecclesia,
3206 5007 3474 5081 episc0p04

1874 5094 2013 5145 rum,
2063 5079 2498 5151 presbyterorum,
2543 5079 2898 5151 diaconorum,
2945 5092 2993 5135 et
3034 5079 3287 5151 ﬁdelium.
3332 5079 3474 5148 Quid

1874 5152 2020 5215 quod
2073 5164 2138 5203 ex
2198 5148 2454 5212 Eusebio,
2491 5155 2543 5202 ut
2592 5150 2849 5219 diximus,
2897 5167 3005 5206 non
3035 5148 3141 5207 suo
3178 5165 3346 5206 sensu
3385 5152 3476 5210 hic

1876 5219 2101 5275 Hieron.
2130 5219 2401 5286 loquitur?

1953 5291 1971 5329 ί
2008 5290 2082 5364 Ita
2118 5290 2384 5364 Eusebius
2397 5331 2420 5364 _,
2450 5289 2537 5352 Ὠς
2570 5290 2622 5346 δὲ
2651 5296 2745 5364 μία
2769 5296 2947 5364 artiora;
2971 5298 3057 5347 καὶ
3081 5295 3132 5346 ἓν
3172 5290 3472 5364 βάπτισμα,

1872 5365 1959 5437 τεαὶ
1990 5363 2081 5431 μία
2109 5360 2346 5437 inculpata
2371 5361 2569 5437 εἴρηται
2586 5405 2600 5426 ,
2630 5360 2765 5437 οὔτω
2784 5365 2869 5437 uoci.
2897 5362 3268 5437 Gnataqrnftov
3287 5360 3338 5412 ἓν
3360 5360 3473 5416 ἠαθ⁹

1871 5429 1998 5494 ὅλης(
2026 5439 2118 5491 τῆς
2164 5429 2431 5504 tta/61:50»;
2474 5432 2808 5504 ἐγηγερμένον
2838 5431 2888 5481 ἐν
2922 5438 3041 5504 “rati:
3067 5429 3354 5504 ἕκκλησίᾳις
3380 5440 3470 5488 τοῦ

1870 5498 2472 5575 ΘεοῦθτυγχάνέιηΤιιω,
2494 5498 2549 5552 Ἦ
2571 5498 2719 5568 δέ’τῷ
2740 5505 2963 5575 Korn-{0:3
2985 5498 3336 5575 Gustata-mica
3356 5520 3473 5557 συνσ

1871 5562 2165 5648 εζευγμεέὗῇ-
2191 5572 2351 5631 στήλη
2377 5573 2446 5648 Δτὸ
2462 5562 2569 5648 τῆς
2598 5562 3040 5648 ξιαιῦἦς’δι9ιθήκης
3065 5564 3141 5648 εἴη)
3170 5562 3229 5620 ἂν
3244 5562 3471 5645 16mg-

2048 5644 2072 5662 λ

1868 5633 1967 5700 λέον
1987 5633 2281 5720 ίἜιορίζονᾸ
2305 5645 2427 5702 τούς
2451 5642 2537 5720 sic
2563 5641 2651 5695 τὸν
2679 5639 2901 5718 Χριστὸν
2948 5633 3329 5699 πιστεύσαντας
3358 5633 3472 5698 ’ἰῶν

1870 5714 2166 5789 Δίγυπτίὡν
2190 5714 2289 5778 ἀπὸ
2311 5721 2414 5771 τῶν
2438 5714 2697 5781 ᾀπίστων.
