4010 6344
552 65 889 72 μ

283 278 375 337 189

841 274 1481 336 COMMENTARIORUM
1525 274 1593 337 IN
1632 272 1867 337 ISAIAM
1898 269 2326 335 PROPIIETAM
2365 269 2496 325 LIB.
2538 269 2605 325 ν.
2644 269 2796 329 CAP.
2838 272 2983 330 XXI.

3455 281 3560 345 190

282 396 604 468 adiutorium
655 395 907 451 fuerant:
950 394 1090 464 quod
1138 390 1415 461 quomodo
1462 388 1631 445 lsaias
1678 387 1855 444 nudus
1884 390 1934 453 A
1963 397 2110 443 serto
2151 386 2283 443 mari
2323 386 2663 461 imponitur:
2700 387 3051 461 PerSpicuum
3093 404 3222 465 ergo
3251 400 3369 459 est,
3413 394 3556 467 quod

283 488 613 555 ambularet,
643 496 697 542 et
724 486 1018 543 fmditatem
1048 483 1403 540 cernentibus
1434 482 1595 537 nudis
1636 482 1858 539 natibus

284 582 702 639 demonstraret:
735 580 811 634 ita
842 578 1024 633 omnis
1055 575 1328 650 [Egyptus
1357 588 1522 648 atque
1550 574 1855 647 :Ethiopia,

287 674 557 747 populante
589 672 839 744 Assyrio,
884 673 1043 733 nuda:
1085 671 1316 737 tierent,
1359 679 1415 725 et
1456 670 1594 729 nihil
1635 671 1860 727 omnino

283 768 332 822 in
363 777 497 821 terra
522 773 856 821 remaneret.
889 763 1005 820 Nec
1034 763 1139 819 hoc
1169 763 1368 835 aliquis
1398 770 1554 833 putet
1584 761 1859 833 superiori

277 856 507 913 felicitati
534 898 550 922 ,
583 872 704 929 qua:
732 856 1009 929 Egyptiis
1032 854 1459 926 repromittitur,
1492 868 1613 911 esse
1640 860 1859 909 contra-

272 952 439 1005 rium:
471 949 603 1021 quia
628 949 705 1007 ibi
734 958 856 1019 post
883 949 1027 1003 mala
1054 948 1122 1003 de
1146 946 1325 1008 futura
1355 947 1693 1003 beatitudine
1718 962 1860 1020 prte-

272 1042 511 1098 dicatur:
545 1041 634 1098 hic
660 1053 842 1097 autem
873 1057 1114 1114 praesens
1136 1048 1390 1097 narratur
1414 1041 1726 1113 captivitas,
1764 1056 1861 1111 per

271 1151 428 1208 quam
459 1135 643 1191 deleto
680 1134 848 1196 lsrael
880 1143 936 1190 et
972 1133 1241 1191 Damasco
1268 1175 1282 1200 ,
1313 1142 1368 1189 et
1396 1132 1691 1188 Philistiim
1721 1174 1736 1199 ,
1773 1148 1859 1187 re-

270 1236 351 1281 cta
384 1226 466 1280 via
502 1225 747 1297 perrexit
773 1223 1067 1303 Egyptum
1096 1268 1110 1291 ,
1144 1234 1199 1281 et
1226 1225 1375 1295 ipsos
1404 1224 1614 1294 pariter
1644 1221 1861 1278 Ethio—

266 1330 466 1395 pesque
496 1315 798 1390 superavit.
831 1315 993 1386 Quod
1023 1331 1091 1373 ne
1123 1316 1208 1373 cui
1243 1314 1495 1369 videatur
1522 1313 1858 1384 ambiguum,

266 1410 433 1485 ipsius
461 1409 621 1469 Isaia!
654 1426 931 1483 ponamus
963 1410 1372 1466 testimonium:
1409 1409 1662 1463 Reversus
1691 1419 1861 1465 autem

268 1501 563 1574 Ropsaces,
594 1502 793 1557 invenit
834 1518 1005 1575 regem
1030 1500 1363 1575 Assyriorum
1409 1500 1731 1571 pt'teliantem
1770 1499 1863 1553 ad-

268 1611 438 1659 versus
470 1594 709 1653 Lobnam
728 1612 746 1649 :
772 1596 1008 1651 audierat
1036 1595 1171 1648 enim
1200 1595 1323 1669 quia
1349 1597 1616 1666 profectus
1646 1601 1774 1647 esset
1801 1591 1863 1648 de

265 1685 453 1740 Lachis
479 1702 498 1746 :
521 1697 568 1740 et
591 1687 788 1741 audivit
811 1686 874 1741 de
892 1685 1125 1740 Tharaca
1145 1702 1263 1759 rege
1288 1684 1581 1757 .Ethiopia:
1602 1685 1860 1740 dicentes:

1963 481 2235 539 desertum
2261 496 2411 539 mare
2446 482 2688 557 Babylon
2714 484 3040 557 appellatur,
3073 483 3306 541 Ieremia
3344 488 3559 545 dicente

1961 593 2028 632 ex
2056 592 2284 651 persona
2314 576 2439 633 Dei:
2465 574 2534 628 Et
2556 577 2813 631 desertum
2834 578 3027 653 faciam
3050 594 3189 633 mare
3208 583 3355 653 ejus,
3390 589 3437 635 et
3460 582 3558 635 sic-

1960 668 2089 723 cabo
2109 679 2295 723 terram
2315 667 2458 722 illius
2473 708 2487 733 ,
2521 677 2565 720 et
2589 669 2685 722 erit
2710 667 2944 740 Babylon
2966 671 3019 723 in
3043 667 3267 723 tumulos
3289 688 3561 727 arenarum

1961 760 2191 832 (Jerem.
2219 778 2269 817 ιι
2290 806 2303 831 ,
2332 760 2435 830 56,
2459 761 2527 817 57
2547 764 2587 832 ).
2626 762 2774 817 Mare
2806 772 2985 818 autem
3018 773 3241 836 propter
3264 766 3561 829 multitudi-

1960 868 2083 908 nem
2110 852 2470 911 habitantium
2494 853 2711 908 dicitur.
2742 852 2897 909 Unde
2917 864 2968 909 et
2991 869 3153 925 supra
3180 855 3402 928 Aigypti
3428 856 3564 912 mul-

1960 947 2138 1001 titudo
2161 945 2303 1000 mari
2324 954 2633 1017 comparata
2660 954 2761 1002 est.
2792 946 3072 1001 Desertum
3108 946 3267 1001 faciet
3301 948 3564 1007 Dominus

1962 1059 2112 1103 mare
2141 1043 2380 1119 Egypti.
2410 1043 2564 1113 Quod
2596 1051 2779 1098 autem
2813 1042 2951 1098 Medi
2984 1049 3040 1097 et
3078 1044 3255 1099 Persa:
3286 1059 3566 1115 pugnave-

1963 1136 2071 1193 rint
2099 1146 2287 1197 cnntra
2321 1135 2650 1208 Babylonem
2675 1176 2687 1201 ,
2712 1144 2768 1191 et
2801 1132 3173 1193 subvenerint
3195 1148 3315 1191 eam
3337 1176 3353 1201 ,
3378 1135 3431 1189 in
3466 1151 3563 1191 su~

1961 1228 2208 1300 pradicto
2247 1228 2479 1287 .leremia
2524 1229 2793 1298 legimus:
2842 1227 3024 1285 Acuite
3061 1227 3277 1298 sagittas
3300 1266 3315 1294 ,
3353 1228 3564 1303 implete

1961 1327 2253 1397 pharetras.
2300 1320 2580 1379 Suscitabit
2610 1319 2859 1375 Dominus
2896 1319 3136 1389 spiritum
3174 1335 3353 1392 regum
3383 1317 3567 1375 Medo-

1962 1430 2078 1473 rum
2106 1414 2269 1497 213
2300 1423 2344 1466 et
2375 1422 2555 1471 contra
2582 1410 2900 1485 Babylonem
2932 1428 3073 1465 mens
3114 1413 3257 1481 ejus,
3294 1420 3349 1465 ut
3380 1411 3564 1483 perdat

1964 1523 2078 1561 eam
2100 1550 2113 1573 ,
2141 1505 2385 1576 quoniam
2408 1502 2540 1563 ultio
2561 1501 2774 1561 Domini
2796 1512 2902 1565 est,
2939 1502 3067 1559 ultio
3097 1500 3297 1574 Templi
3318 1502 3420 1556 sui.
3456 1501 3566 1557 Su-

1963 1620 2055 1675 per
2076 1617 2250 1656 muros
2272 1597 2557 1671 Babylonis
2583 1595 2746 1653 leratc
2765 1597 3001 1670 signum,
3032 1604 3210 1671 augete
3232 1594 3523 1651 custodiant
3542 1638 3558 1665 ,

1966 1694 2157 1749 elevate
2195 1692 2428 1753 custodes
2457 1732 2470 1756 ,
2516 1699 2805 1765 prteparate
2851 1687 3110 1743 insidias:
3154 1688 3275 1759 quia
3322 1688 3564 1759 cogitavit

265 1779 526 1853 Egressus
552 1789 626 1835 est
654 1789 708 1835 ut
731 1788 920 1853 pugnet
948 1789 1129 1833 contra
1156 1787 1203 1833 te
1232 1777 1330 1851 (IV
1359 1777 1490 1852 Reg.
1519 1793 1607 1832 χιχ
1633 1818 1646 1842 ,
1678 1780 1739 1845 8,
1768 1777 1855 1841 9).
1889 1774 1939 1839 B
1968 1787 2251 1852 Dominus,
2276 1796 2327 1840 et
2347 1785 2465 1856 fecit
2491 1798 2822 1857 quaecumque
2851 1780 3054 1835 Ιοεηιιιδ
3087 1790 3159 1834 est
3182 1791 3360 1837 contra
3394 1780 3565 1853 Baby-

263 1869 554 1941 Simulque
578 1870 841 1925 discimus
869 1869 1235 1927 obedientiam
1267 1870 1684 1939 pmpbetarum,
1713 1868 1861 1943 quod

260 1963 344 2019 vir
385 1962 589 2021 nobilis
629 1962 893 2036 (tradunt
932 1963 1075 2018 enim
1120 1962 1332 2019 Hebraei
1372 1962 1567 2023 Isaiam
1610 1977 1862 2023 socerum

260 2053 427 2111 fuisse
467 2054 725 2110 Manasse
763 2054 862 2109 lilii
903 2053 1148 2109 Ezechim
1190 2052 1337 2124 regis
1366 2053 1506 2109 Juda
1537 2053 1555 2124 )
1589 2070 1698 2108 non
1730 2068 1861 2110 eru-

255 2150 430 2205 buerit
458 2149 646 2205 nudus
678 2148 973 2214 incedere;
1005 2147 1103 2207 sed
1133 2147 1234 2203 Dei
1268 2147 1562 2219 praeceptis
1593 2147 1733 2203 nihil
1767 2146 1866 2200 bo-

257 2242 466 2297 ncSIius
511 2240 801 2315 judicans,
847 2240 1166 2310 deposuerit
1206 2253 1468 2304 saccum,
1501 2252 1608 2309 quo
1649 2238 1866 2306 abjecto

256 2339 427 2395 nudus
451 2338 663 2406 fuerit,
694 2353 854 2394 unam
882 2337 1039 2413 prius
1066 2335 1279 2391 habens
1307 2335 1578 2399 tunicam,
1610 2341 1660 2386 et
1690 2333 1863 2405 ipsam

253 2431 465 2489 cilicina
480 2447 560 2491 ιιι.
606 2430 760 2501 Quod
794 2438 974 2486 autem
1005 2429 1245 2483 dicitur:
1289 2425 1472 2480 Trium
1502 2441 1760 2485 annorum
1789 2426 1863 2479 si-

250 2541 439 2597 gnum,
507 2533 553 2579 et
604 2531 900 2596 portentum
948 2522 1042 2577 erit
1083 2537 1238 2592 super
1284 2517 1570 2593 zEgyptum
1614 2527 1663 2577 et
1710 2532 1866 2585 super

252 2615 635 2687 ."El/tiOpiam,
676 2615 779 2670 hoc
823 2613 1133 2691 signiﬁcat,
1184 2612 1328 2685 quod
1377 2610 1554 2665 tribus
1597 2610 1754 2664 annis
1795 2608 1865 2664 ab

252 2710 507 2782 Assyriis
535 2708 807 2785 Egyptus
838 2706 1099 2762 vastanda
1143 2706 1213 2759 sit
1253 2713 1310 2759 et
1348 2701 1648 2774 Ethiopia.
1686 2701 1862 2772 Tunc,

252 2802 427 2877 inquit
453 2844 467 2867 ,
514 2802 646 2855 dicet
676 2801 938 2855 habitator
968 2799 1155 2857 insula:
1184 2797 1343 2873 hujus
1368 2837 1382 2862 ,
1417 2796 1521 2851 hoc
1553 2807 1635 2850 est
1660 2838 1675 2863 ,
1708 2795 1866 2852 Jeru-

252 2894 421 2947 Stlem
455 2893 627 2970 212
656 2908 775 2961 qua:
806 2890 1112 2943 vicinarum
1152 2890 1392 2958 gentium
1443 2887 1703 2941 ﬂuctibus
1747 2899 1867 2942 tnn-

254 2985 403 3041 tlitur
432 3004 444 3039 :
488 2985 736 3038 Hceccine
767 2992 879 3038 erat
908 2999 1025 3051 spes
1052 2983 1274 3035 nostra?
1303 2989 1357 3035 et
1394 2980 1458 3034 ad
1494 2980 1593 3039 hos
1625 2980 1871 3055 confugi-

1965 1884 2100 1941 lanis
2124 1881 2453 1941 habitatores.
2483 1877 2547 1935 Et
2575 1892 2791 1935 rursum
2820 1894 2833 1932 :
2866 1874 3051 1932 Levate
3075 1874 3279 1945 signant
3305 1875 3358 1928 in
3386 1882 3523 1931 terra
3541 1913 3558 1947 ,

1966 1975 2191 2045 clangite
2231 1972 2447 2026 buccina
2486 1972 2542 2030 in
2582 1960 2864 2041 gentibus,
2905 1966 3229 2038 sanctiﬁcate
3264 1982 3421 2035 super
3459 1982 3571 2021 eam

1964 2076 2155 2141 gentes,
2171 2065 2473 2125 annuntiate
2491 2071 2669 2118 contra
2683 2060 2831 2117 illam
2846 2059 3053 2133 regibus
3069 2059 3279 2124 Ararat,
3298 2057 3355 2113 Μ
3358 2059 3495 2125 enni,
3518 2068 3567 2114 et

1967 2158 2192 2217 Ascenes
2210 2197 2224 2221 ,
2250 2165 2513 2213 numerate
2533 2163 2716 2213 contra
2736 2168 2850 2209 eam
2876 2150 3094 2226 Tapsar,
3118 2151 3361 2209 adducite
3380 2167 3564 2222 equum

1965 2250 2114 2320 quasi
2137 2248 2386 2311 brucltum
2405 2245 2720 2307 aculeatam.
2752 2244 3088 2312 Sanctiﬁcate
3106 2254 3287 2301 contra
3309 2260 3421 2299 eam
3438 2260 3565 2316 gen-

1968 2353 2072 2411 tes,
2097 2356 2240 2411 reges
2264 2339 2483 2403 Medias,
2516 2339 2672 2395 duces
2703 2341 2816 2408 ejus
2850 2346 2898 2389 et
2928 2337 3197 2393 universus
3229 2337 3564 2407 magistratus

1967 2439 2077 2516 ejus
2096 2475 2110 2501 ,
2135 2444 2474 2507 cunctamque
2496 2440 2685 2489 terram
2715 2430 2982 2494 potestatis
3015 2429 3147 2501 ejus.
3184 2427 3251 2483 Et
3280 2444 3566 2483 commove-

1968 2530 2103 2584 bitur
2124 2537 2290 2597 terra,
2324 2536 2372 2583 et
2392 2525 2698 2593 turbabitur,
2736 2523 2860 2592 quia
2882 2523 3106 2597 vigilavit
3138 2530 3315 2575 contra
3339 2518 3566 2590 Babylo-

1969 2638 2081 2676 nem
2102 2620 2346 2693 cogitatio
2378 2615 2620 2685 Domini,
2646 2625 2699 2670 ut
2738 2624 2896 2687 ponat
2936 2624 3125 2671 terram
3160 2610 3443 2683 Babylonis
3475 2611 3567 2666 de-

1967 2723 2188 2779 sertam,
2233 2722 2279 2771 et
2320 2707 2711 2767 inltabitabilem
2750 2708 2769 2779 (
2790 2707 2988 2762 Jerem.
3021 2723 3104 2771 ω,
3135 2705 3224 2769 ll,
3249 2720 3387 2774 seqq.
3413 2704 3455 2777 ).

2042 2806 2219 2881 (VerS.
2265 2822 2304 2872 ι,
2334 2805 2389 2865 2.
2420 2808 2436 2875 )
2469 2804 2617 2861 Sicut
2657 2802 2884 2859 turbines
2911 2802 2974 2856 ab
3017 2801 3195 2871 Africo
3228 2800 3457 2867 ueniunt,
3501 2799 3565 2857 de

1970 2901 2168 2954 deserto
2196 2900 2326 2957 venit
2355 2898 2418 2951 de
2444 2909 2580 2951 terra
2611 2895 2866 2950 horribili.
2900 2894 3043 2951 l’isio
3075 2893 3207 2949 dura
3233 2894 3471 2947 nuntiata
3492 2902 3566 2955 est

1972 2994 2115 3053 mihi.
2148 2991 2267 3049 Vox
2299 2992 2577 3061 Babylonii
2611 2991 2794 3063 papuli
2829 2989 3067 3047 timentis
3112 2986 3410 3053 inducitur,
3449 2986 3567 3047 sive

252 3094 413 3145 mus,
445 3086 510 3133 ut
542 3077 705 3132 nobis
732 3075 1044 3147 prteberent
1088 3072 1387 3145 auxilium,
1416 3074 1504 3142 qui
1547 3087 1606 3127 se
1636 3072 1704 3126 de
1742 3088 1870 3145 cap-
1972 3082 2148 3153 ipsius
2197 3081 2508 3153 Babylonis,
2553 3080 2695 3150 quod
2745 3079 2927 3134 audiat
2973 3079 3157 3135 Medos
3197 3088 3252 3135 et
3304 3077 3568 3137 Elamitas

249 3172 488 3228 tivitatis
529 3171 675 3225 malo
714 3184 911 3225 eruere
942 3183 1048 3227 non
1081 3165 1416 3243 quiverunt?
1444 3165 1547 3221 Est
1589 3165 1751 3236 igitur
1784 3165 1859 3225 hit

1974 3185 2160 3233 contra
2194 3189 2252 3229 se
2282 3173 2580 3229 exercitum
2613 3186 2942 3241 praeparare,
2977 3179 3034 3229 et
3061 3172 3247 3227 venire
3274 3170 3343 3227 de
3371 3169 3568 3226 solitu-

244 3263 394 3319 ordo
436 3261 806 3332 providentiae
846 3261 977 3329 Dei,
1012 3275 1173 3313 omne
1215 3257 1493 3319 hominum
1526 3274 1698 3330 genus
1731 3258 1867 3319 inef—

249 3353 420 3408 labili
457 3350 675 3425 judicio
714 3351 1105 3422 dispensantis.
1147 3348 1352 3403 Contra
1392 3349 1489 3404 Dei
1529 3349 1664 3402 iram
1705 3350 1867 3405 Israel

1971 3267 2120 3331 diue,
2157 3265 2414 3335 ponitque
2445 3263 2871 3333 comparationis
2902 3262 3238 3331 exetnplum.
3269 3262 3440 3326 Sicut,
3490 3262 3571 3321 in~

1971 3360 2108 3431 quit,
2144 3358 2211 3411 ab
2256 3357 2440 3415 Africo
2492 3362 2658 3413 vento
2702 3354 2998 3411 vehemens
3041 3363 3337 3427 tempestas
3382 3353 3570 3409 venire

243 3446 510 3519 speravit
556 3446 611 3500 in
655 3445 961 3501 Damasco:
1006 3445 1260 3500 dirualur
1295 3443 1484 3499 civitas
1517 3460 1636 3515 qua:
1678 3445 1871 3500 advor-
1971 3448 2295 3509 consuevit:
2331 3450 2403 3505 ita
2444 3446 2575 3503 mihi
2617 3446 2685 3503 de
2713 3444 3012 3503 solitudine
3056 3446 3277 3501 vastitas
3307 3443 3469 3511 venit,
3503 3444 3570 3500 de

246 3558 370 3598 sum
420 3540 580 3595 illius
619 3539 961 3598 voluntatem
993 3538 1175 3609 impiis
1205 3545 1433 3615 praestat
1459 3539 1739 3593 auxilium.
1772 3537 1868 3592 Ju-

245 3635 344 3689 das
385 3631 642 3704 speravit
681 3630 733 3685 in
776 3628 1088 3707 Egyptiis:
1132 3638 1188 3684 et
1225 3627 1491 3705 JEgyptus
1521 3629 1857 3685 destruatur.

249 3723 497 3797 Egyptii
532 3722 725 3778 conlisi
756 3731 885 3777 sunt
919 3722 969 3777 iu
992 3721 1343 3793 Ethiopibus
1367 3738 1379 3773 :
1405 3719 1693 3793 {Ethinpcs
1720 3736 1857 3795 quo-

247 3833 356 3890 que
379 3819 681 3872 vincantur
702 3815 771 3873 ab
796 3815 1053 3891 Assyriis.
1080 3814 1289 3889 Assyrii
1311 3814 1719 3885 superbieruat,
1748 3830 1856 3870 non

252 3911 346 3967 Dei
372 3955 388 3981 ,
418 3911 520 3967 sed
546 3925 771 3966 suarum
803 3909 995 3967 virium
1023 3908 1353 3965 arbitrantes
1380 3922 1500 3964 esse
1529 3908 1811 3964 victoriam
1838 3925 1852 3962 :

250 4013 308 4060 et
332 4005 438 4075 ipsi
468 4004 762 4058 vincantur
789 4016 817 4056 a
849 4001 1175 4073 Babyloniis.
1209 4000 1446 4073 Babylon
1469 4001 1699 4057 elevavit
1725 4017 1857 4061 con-

254 4106 334 4153 tra
361 4095 532 4157 Deum
554 4103 715 4168 caput
736 4113 749 4149 :
774 4104 827 4150 et
847 4094 963 4169 ipsa
985 4111 1011 4148 a
1037 4094 1207 4151 Medis
1230 4093 1520 4163 PersiSque
1540 4103 1854 4164 superetur.

254 4191 437 4251 Persa:
464 4200 521 4249 et
546 4190 685 4249 Medi
711 4207 775 4249 es
806 4196 961 4261 parte
989 4187 1258 4259 persecuti
1284 4194 1409 4243 sunt
1436 4187 1694 4263 populum
1724 4185 1852 4255 Dei,

247 4293 303 4339 et
329 4284 478 4340 aries
504 4283 841 4341 saevissimus
866 4280 934 4339 ad
962 4279 1241 4337 Orientem
1270 4285 1327 4331 et
1350 4277 1706 4337 Occidentem
1734 4292 1857 4335 om-

246 4395 345 4441 nes
378 4379 618 4451 populos
657 4376 971 4443 ventitavit;
1014 4373 1196 4429 veniat
1225 4370 1409 4429 hircus
1440 4367 1768 4433 Alexander,
1802 4377 1859 4429 et

246 4480 500 4530 conterat
542 4485 668 4528 eum
699 4467 927 4541 pedibus
955 4466 1087 4523 suis.
1118 4463 1190 4519 Et
1219 4462 1323 4518 iste
1349 4460 1441 4532 qui
1470 4460 1608 4515 ultra
1636 4458 1855 4517 modum

1974 3552 2113 3600 terra
2146 3540 2411 3604 horribili,
2445 3540 2602 3609 cujus
2631 3554 2699 3595 ne
2730 3553 2929 3597 nomen
2972 3536 3190 3609 quidem
3226 3536 3411 3593 audire
3441 3552 3569 3609 pos-

1966 3651 2083 3689 sum
2111 3635 2315 3704 absque
2338 3631 2651 3686 formidine.
2686 3630 2837 3685 Visio
2860 3629 2994 3687 dura
3029 3629 3274 3686 nuntiata
3298 3641 3379 3687 est
3404 3629 3569 3687 mihi:

1938 3728 2091 3800 quid
2126 3727 2269 3785 enim
2298 3725 2489 3785 durius
2519 3740 2681 3795 quam
2716 3738 2953 3793 praesens
2980 3721 3317 3793 captivitas?

2039 3820 2140 3886 Qui
2163 3820 2459 3876 incredulus
2486 3827 2582 3885 est,
2627 3818 2911 3890 inﬁdeliter
2941 3818 3088 3889 agit:
3128 3825 3175 3871 et
3207 3817 3290 3884 qui
3333 3816 3567 3889 depopu-

1962 3913 2096 3969 lator
2116 3920 2212 3979 est,
2235 3921 2414 3973 vastat.
2447 3911 2625 3969 Potest
2654 3909 2708 3965 in
2739 3910 2967 3967 llebrzco
2992 3911 3062 3964 ita
3089 3910 3193 3980 legi
3220 3926 3233 3962 :
3266 3909 3369 3980 Qui
3388 3910 3566 3977 credis,

1963 4006 2134 4075 cwde;
2163 4015 2210 4059 et
2239 4006 2326 4075 qui
2359 4014 2549 4072 vastas,
2586 4014 2751 4067 t‘asta,
2783 4012 2842 4063 ut
2874 4003 2937 4058 ad
2972 4003 3146 4071 ipsum
3195 3999 3483 4055 Elamitcm
3514 4007 3570 4055 et

1962 4099 2176 4155 Medum
2237 4097 2538 4173 prophetia:
2582 4095 2897 4150 vaticinium
2952 4093 3239 4161 dirigatur,
3296 4090 3569 4151 hortantis

1961 4207 2086 4249 eum
2109 4191 2337 4261 implere
2359 4188 2502 4259 quod
2523 4187 2710 4258 coepit,
2729 4184 3061 4254 intrepidum
3080 4180 3403 4249 ascendere,
3420 4181 3570 4239 obsi-

1960 4284 2092 4341 dere
2123 4282 2563 4359 potentissimam
2592 4279 2896 4337 civitatem.
2928 4277 3021 4337 Sin
3047 4284 3224 4333 autem
3244 4275 3561 4348 siclegitur,

1961 4383 2020 4428 ut
2048 4373 2447 4441 transtulimus,
2478 4371 2631 4445 quasi
2654 4372 2725 4427 de
2752 4384 2987 4441 persona
3021 4368 3180 4425 tertia
3209 4366 3439 4435 dicatur,
3473 4368 3565 4439 qui

1965 4464 2263 4521 incredulus
2292 4474 2387 4533 est,
2420 4462 2700 4534 inﬁdeliter
2730 4464 2838 4537 agit
2862 4479 2881 4518 :
2907 4472 2953 4518 et
2983 4462 3069 4533 qui
3095 4460 3440 4531 depOpulator
3461 4471 3561 4531 est,

245 4573 463 4625 erectus
492 4570 582 4621 est
602 4602 617 4627 ,
644 4532 856 4617 veneno
880 4566 1102 4631 pereat,
1145 4567 1478 4626 regnumque
1506 4550 1624 4625 ejus
1650 4548 1858 4607 divida-
1882 4532 1937 4598 Β
1962 4560 2157 4609 vastat:
2193 4566 2313 4607 cum
2345 4532 2714 4621 superioribus
2741 4532 3106 4623 copulandum
3134 4559 3242 4621 est,
3273 4553 3324 4607 in
3367 4553 3563 4622 quibus

247 4666 333 4713 tur
347 4657 402 4712 in
426 4664 655 4727 partes:
681 4661 736 4709 et
759 4666 883 4706 cum
907 4649 1078 4704 multo
1100 4656 1346 4718 tempore
1366 4645 1511 4699 inter
1528 4657 1588 4701 se
1604 4642 1854 4701 collisum

248 4750 434 4819 fuerit,
478 4747 735 4805 Romano
772 4746 1049 4814 vincente,
1093 4742 1400 4816 populetur.
1423 4739 1703 4801 Romanus
1738 4738 1854 4813 ipse

248 4841 466 4901 lerratis
500 4839 765 4901 dentibus
793 4830 1171 4910 unguibusque
1206 4840 1514 4895 sanctorum
1546 4847 1740 4890 carnes
1760 4876 1774 4903 ,
1800 4842 1854 4889 et

245 4945 474 4993 cruento
501 4950 605 4995 ore
632 4932 931 4993 laceravit:
958 4929 1237 4986 excidatur
1259 4929 1394 5000 lapis
1420 4927 1486 4984 de
1509 4936 1696 4987 monte
1734 4928 1852 4985 sine

248 5029 500 5087 nianibus
520 5073 535 5100 ,
564 5035 623 5086 et
654 5025 1095 5103 potentissimum
1127 5023 1358 5097 primum
1383 5036 1606 5093 regnum
1648 5036 1712 5078 ac
1747 5020 1852 5077 fere

243 5136 432 5189 reum,
467 5119 675 5177 deinde
706 5117 897 5190 fragile
928 5124 983 5177 et
1001 5115 1278 5173 inlirmum
1303 5154 1318 5179 ,
1357 5114 1409 5168 in
1445 5122 1702 5171 testarum
1733 5128 1850 5173 mo-

246 5215 373 5275 dum
399 5221 660 5271 conterat
691 5209 938 5284 (Daniel.
968 5208 1065 5282 ιι).

316 5303 478 5381 (Cap.
506 5301 905 5360 XX|.-—Vers.
935 5300 1013 5374 l.)
1047 5300 1193 5357 Onus
1223 5298 1410 5354 deserti
1440 5297 1621 5352 maris.
1654 5296 1767 5355 Nisi
1796 5297 1851 5358 in

243 5394 718 5467 consequentibus
750 5394 912 5465 hujus
940 5393 1163 5465 capituli
1197 5392 1434 5463 legerem
1464 5408 1477 5445 :
1508 5388 1742 5462 Babylon
1770 5393 1855 5453 di-

245 5489 377 5546 lecta
398 5490 546 5560 facta
571 5496 648 5541 est
671 5486 797 5541 mihi
816 5487 871 5540 in
901 5485 1227 5545 miraculum.
1267 5485 1548 5545 Etiierum
1578 5503 1590 5536 :
1624 5484 1850 5555 Cecidit,

244 5585 431 5640 cecidit
467 5583 713 5661 Babylon
735 5626 749 5650 ,
795 5592 840 5645 et
864 5582 1036 5641 omnia
1057 5578 1326 5661 sculptilia
1345 5578 1562 5637 deorum
1590 5581 1705 5651 ejus
1733 5595 1855 5637 con-

244 5680 366 5737 trita
384 5678 597 5738 suntin
621 5687 773 5735 terra.
796 5676 1085 5748 Etsupra:
1125 5673 1351 5741 Ascende
1390 5671 1541 5735 Elam
1562 5717 1577 5745 ,
1603 5682 1649 5731 et
1679 5672 1855 5739 obside

253 5771 407 5837 Mrde
427 5787 447 5828 :
466 5771 781 5847 dubitarem
812 5771 953 5852 quod
995 5779 1142 5839 esset
1172 5770 1275 5839 hoc
1301 5769 1551 5840 Pontius,
1582 5767 1727 5848 quod
1759 5766 1855 5828 de-

1960 4643 2063 4699 sibi
2087 4641 2332 4713 Babylon
2362 4640 2630 4699 visionem
2660 4639 2851 4697 duram
2884 4642 3146 4714 prmdicat
3178 4644 3502 4699 nuntiatam.

2030 4732 2260 4791 Ascende
2292 4732 2467 4795 Elam,
2499 4730 2677 4791 obside
2703 4732 2856 4787 Mede
2880 4750 2898 4787 :
2944 4748 3145 4789 omne»;
3174 4734 3415 4803 gemitum
3445 4735 3559 4805 ejus

1958 4844 2158 4885 cessare
2177 4827 2295 4898 feci.
2331 4825 2408 4882 No
2436 4826 2653 4895 timeas,
2689 4824 2886 4895 inquit,
2915 4838 2948 4880 ο
2971 4824 3131 4881 Persa
3163 4834 3217 4879 et
3246 4823 3422 4893 Medo,
3451 4824 3555 4881 Ba-

1955 4922 2171 4996 bylonis
2194 4919 2624 4987 multitudinem,
2650 4934 2718 4976 ne
2735 4917 2879 4975 illius
2903 4917 3232 4989 przeteritam
3258 4919 3554 4990 potentiam

1956 5014 2312 5073 reformides:
2347 5027 2567 5069 omnem
2616 5011 2874 5082 gemitum
2907 5010 3025 5082 ejus
3068 5025 3132 5067 ac
3165 5011 3395 5082 pondus,
3447 5029 3555 5085 quo

1954 5116 2009 5164 te
2031 5115 2158 5163 ante
2190 5121 2442 5178 premere
2465 5115 2844 5173 consueverat,
2874 5120 3090 5163 cessare
3121 5104 3224 5163 feci
3252 5124 3264 5161 :
3295 5122 3391 5163 seu
3410 5106 3554 5180 quod

1957 5200 2138 5254 uultus
2166 5199 2275 5268 jam
2304 5207 2484 5269 gemat
2514 5205 2569 5253 et
2594 5197 2774 5254 doleat
2804 5213 3026 5269 pressus
3056 5201 3292 5271 potentia
3326 5200 3559 5272 Babylo-

1956 5293 2039 5347 nis
2067 5309 2080 5345 :
2113 5306 2209 5347 seu
2238 5291 2378 5361 quod
2404 5290 2569 5344 tantis
2593 5292 2748 5344 malis
2774 5306 3037 5361 Oppressa
3064 5293 3134 5345 sit
3158 5293 3268 5361 ipsa
3291 5291 3556 5360 Babylon,

1958 5394 2014 5438 ut
2045 5398 2114 5438 ne
2146 5380 2310 5455 21E.
2337 5381 2600 5457 gemitum
2633 5381 2852 5450 quidem
2885 5381 3121 5435 liberum
3157 5381 3374 5433 habeat.

2031 5477 2210 5549 (Vers.
2235 5477 2290 5541 5,
2321 5474 2405 5549 4.)
2443 5475 2726 5546 Propterea
2769 5473 2947 5543 repleti
2977 5480 3095 5527 sunt
3143 5472 3302 5527 lumbi
3335 5474 3429 5526 ntei
3462 5474 3558 5529 da.

1956 5572 2064 5627 lore
2086 5589 2104 5624 :
2149 5569 2387 5641 angustia
2416 5567 2638 5638 possedit
2668 5580 2767 5627 me,
2814 5564 2947 5617 sicut
2993 5562 3234 5635 angustia
3264 5564 3514 5632 parientis
3536 5585 3559 5629 ὅ

1955 5670 2128 5731 corrui
2158 5685 2274 5729 cum
2317 5664 2578 5731 audirem,
2625 5660 2959 5723 conturbatus
2987 5666 3101 5715 sunt
3149 5674 3265 5715 cum
3311 5661 3555 5731 viderem,

1968 5766 2241 5827 Emarcuit
2273 5780 2362 5822 cor
2389 5777 2577 5833 meum,
2612 5757 2832 5821 tenebris
2858 5754 3306 5837 obstupefecerant
3326 5773 3424 5817 me.
3456 5758 3563 5823 Ba.
