4010 6322
405 278 509 335 tot
1055 232 1061 236 ⁷
1105 229 1115 235 ’
1653 270 1715 326 s.
1758 266 2034 327 unseen
2070 234 2455 326 ﬂtERONYMl
3374 334 3377 339 ,
3592 271 3703 329 192

408 392 588 463 bylon,
623 392 813 447 dilecta
837 404 970 454 mea,
994 386 1165 460 posita
1190 394 1264 442 est
1282 384 1409 441 mihi
1430 385 1489 439 in
1515 384 1848 439 miraculum.
1871 382 2007 439 Pro-
2032 387 2083 446 Α
2109 382 2500 454 potentissimi.
2526 381 2640 439 Iste
2665 397 2797 456 ergo
2824 396 2964 439 unus
2990 396 3275 451 ascensor,
3308 384 3542 441 duarum
3568 399 3705 456 gen-

408 486 590 556 pheta
606 483 728 539 ideo
748 480 965 537 obscuri
987 489 1137 546 sunt,
1159 480 1284 550 quia
1304 492 1556 549 persona
1578 477 1632 532 in
1654 475 1742 532 his
1761 476 2007 546 plurima

408 581 836 633 commutantur.
863 573 1009 645 Ergo
1028 582 1084 629 et
1103 585 1365 627 nuncvox
1381 571 1536 627 Isaia
1560 568 1835 625 inducitur
1855 569 2011 640 plan—

408 666 586 738 gentis
604 663 936 736 Babylonem
959 664 1153 734 spiritu
1174 661 1503 733 praphetali,
1528 660 1673 732 quod
1697 669 1846 715 tanta
1868 658 2009 714 mala

407 771 574 827 super
600 770 721 811 eam
747 764 979 811 ventura
1027 754 1161 821 sint,
1191 763 1249 808 ut
1278 753 1399 822 ipse
1442 753 1534 824 qui
1574 760 1786 819 narrat,
1817 750 2012 807 timore

408 855 697 918 superatus
713 856 954 917 nequeat
970 848 1025 901 in
1046 846 1211 903 verba
1227 860 1609 916 prorumpere,
1635 843 1829 900 videns
1846 852 2014 899 tanta

408 939 779 997 multitudinis
805 940 1128 1015 sanguinem
1162 938 1316 994 fundi
1342 956 1356 994 :
1392 947 1449 994 et
1473 938 1867 994 misericordia
1898 954 2015 995 mo-

412 1041 501 1086 tus
528 1030 726 1086 aﬁ’ectu
754 1029 953 1102 (homo
984 1031 1129 1085 enim
1158 1030 1227 1084 de
1256 1029 1573 1085 hominibus
1600 1027 1873 1100 loquitur)
1906 1043 2013 1084 non

409 1125 594 1178 minus
637 1121 841 1187 doleat,
872 1136 1037 1192 quam
1091 1121 1289 1177 mulier
1318 1120 1531 1176 ululare
1560 1121 1614 1175 in
1644 1128 1800 1191 partu
1832 1120 2012 1187 solet;

411 1215 510 1269 sed
534 1213 895 1269 conturbatus
922 1221 978 1268 et
1001 1213 1272 1283 trepidus,
1319 1222 1374 1268 et
1402 1213 1455 1268 in
1479 1222 1680 1268 terram
1726 1224 2013 1277 corruens,

412 1305 781 1375 caligantibus
809 1304 986 1360 oculis
1012 1305 1222 1360 nesciat
1248 1304 1376 1374 quid
1401 1305 1675 1375 loquatur.
1700 1303 1809 1358 Pro
1834 1317 1901 1358 eo
1922 1318 2017 1357 au-

411 1408 522 1454 tem
548 1399 693 1469 quod
714 1412 815 1454 nos
836 1397 1136 1453 vertimus:
1162 1395 1418 1468 Babylon,
1444 1396 1635 1451 dilecta
1662 1412 1795 1463 mea,
1825 1396 1882 1451 in
1909 1394 2017 1451 lle-

409 1487 565 1544 brao
594 1490 815 1562 legitur,
846 1505 1051 1545 unseen
1079 1505 1191 1546 ESCI
1224 1489 1407 1573 (lpum
1426 1489 1599 1573 l1W);
1630 1498 1684 1543 et
1712 1498 1797 1544 est
1839 1488 2016 1559 ipsum

412 1581 646 1637 verbum
676 1582 819 1652 quod
847 1582 902 1637 in
952 1582 1227 1653 principio
1266 1581 1551 1651 Babylonii
1589 1579 1787 1636 Oneris
1835 1580 2019 1649 posui-

414 1687 560 1740 mus,
585 1690 740 1743 super
767 1682 988 1728 montem
1015 1674 1354 1745 caliginosum
1374 1690 1394 1728 .'
1422 1688 1520 1743 pro
1546 1673 1828 1746 caliginoso
1846 1673 2015 1737 enim,

2111 476 2246 531 tium
2272 476 2442 533 fultus
2488 478 2756 541 exercitu,
2800 475 2955 533 venit
2980 486 3173 533 contra
3216 477 3603 550 Babylonem:
3651 486 3715 535 et

2111 567 2423 637 speculator
2446 568 2541 623 ille
2562 568 2655 639 qui
2674 570 2886 638 positus
2915 577 3055 634 erat,
3084 577 3144 623 ut
3169 577 3399 624 ventura
3426 569 3714 640 prospice-

2112 667 2218 726 ret,
2261 660 2520 716 clamavit
2553 662 2711 731 quasi
2743 662 2850 729 leo,
2899 661 3018 718 sive
3059 663 3178 734 ipse
3208 665 3479 733 prOpheta
3524 664 3717 733 appel-

2112 751 2257 807 latur
2281 752 2390 809 leo.
2423 753 2492 808 Et
2515 754 2642 821 quia
2669 754 2900 810 dubium
2942 763 3061 809 erat
3086 755 3156 809 de
3196 768 3431 824 persona
3461 754 3719 826 specula-

2114 844 2272 908 toris,
2311 844 2404 915 qui
2432 843 2633 915 Cyrum
2663 845 2878 899 viderat
2903 845 3314 911 ascendentem,
3342 845 3462 914 ipse
3491 844 3719 913 exponit

2117 936 2479 1001 manifestius,
2504 944 2560 991 et
2589 935 2662 990 ait
2688 953 2703 990 :
2738 934 2913 1005 Super
2942 934 3207 1007 speculam
3235 933 3450 990 Domini
3478 952 3574 1006 ego
3601 952 3718 991 sum

2116 1034 2256 1079 stans
2273 1027 2476 1099 jugiter
2507 1043 2599 1096 per
2629 1026 2785 1095 dicat,
2822 1027 3221 1096 speculatorem
3250 1027 3465 1081 Domini
3496 1042 3560 1082 se
3585 1041 3715 1083 esse

2117 1117 2504 1186 pronuntians,
2526 1117 2618 1187 qui
2643 1132 2862 1187 semper
2876 1118 3084 1187 positus
3104 1118 3157 1173 in
3180 1115 3362 1172 ofﬁcio
3381 1117 3715 1188 prophetali,

2117 1218 2172 1264 et
2203 1207 2397 1264 diebus
2424 1225 2489 1264 ac
2512 1210 2763 1264 noctibus
2790 1209 3008 1265 Domini
3034 1226 3231 1281 parens
3261 1210 3513 1281 imperio,
3541 1210 3722 1281 quod-

2118 1314 2350 1369 cumque
2372 1300 2600 1371 jusserit
2628 1301 2888 1371 loquitur.
2919 1301 3059 1370 Quid
3098 1301 3264 1372 igitur
3302 1302 3563 1357 clamavit
3586 1302 3675 1357 leo
3699 1319 3717 1355 ε

2120 1391 2254 1446 Ecce
2281 1394 2376 1447 iste
2405 1394 2539 1448 venit
2570 1410 2811 1449 ascensor
2838 1396 2915 1449 uir
2943 1394 3075 1467 biga:
3127 1395 3353 1466 equitum
3376 1411 3396 1450 :
3424 1394 3570 1450 haud
3618 1395 3724 1451 du-

2119 1482 2266 1540 bium
2295 1485 2426 1556 quin
2450 1485 2626 1556 Cyrus
2651 1486 2940 1542 indicetur.
2969 1486 3036 1542 Et
3059 1488 3343 1557 respondit
3368 1497 3421 1542 et
3441 1487 3723 1559 dixitipse

2122 1575 2208 1631 leo
2230 1578 2321 1647 qui
2346 1593 2509 1648 supra
2537 1579 2871 1634 clamaverat
2894 1596 2908 1633 :
2942 1578 3162 1645 Cecidit,
3188 1579 3369 1634 cecidit
3389 1577 3647 1649 Babylon,
3670 1586 3725 1633 et

2120 1671 2294 1725 omnia
2340 1670 2605 1743 scnlptilia
2634 1671 2847 1725 deorum
2898 1672 3010 1742 ejus
3058 1672 3277 1727 contrita
3321 1681 3441 1725 sunt
3472 1672 3527 1725 in
3558 1680 3722 1727 terra.

414 1778 511 1819 seu
543 1764 806 1818 tenebroso
849 1765 1111 1835 scriptum
1143 1775 1230 1821 est
1270 1763 1502 1835 Neseph.
1535 1765 1874 1836 Proprieque
1900 1764 2017 1819 hac
2044 1764 2094 1826 B
2125 1759 2386 1817 Vastante
2438 1763 2585 1818 enim
2631 1778 2925 1819 ascensore
2966 1763 3130 1834 biga,
3164 1762 3407 1835 Babylon
3456 1778 3635 1834 usque
3664 1764 3722 1819 in

412 1855 548 1910 urbs
593 1854 672 1911 sic
699 1864 954 1923 vocatur,
1000 1866 1227 1927 propter
1273 1856 1621 1911 altitudinem
1668 1863 1725 1911 et
1768 1864 2019 1911 ercetum

413 1961 587 2017 usque
619 1945 688 2001 ad
715 1947 917 2002 coelum
951 1948 1231 2017 superbia
1261 1948 1547 2003 verticem.

488 2036 673 2109 (Vers.
722 2036 807 2107 5.)
853 2036 1000 2093 Pone
1026 2055 1276 2106 mensam,
1310 2040 1661 2112 contemplare
1704 2040 1761 2093 in
1809 2040 2022 2111 specula

416 2135 737 2186 comedentes
760 2140 805 2186 et
831 2130 1059 2187 bibentes
1082 2148 1100 2186 :
1127 2134 1341 2206 surgite,
1361 2134 1646 2205 principes,
1671 2134 1887 2204 arripite
1915 2132 2022 2204 cly-

421 2238 596 2291 peum.
617 2222 794 2277 Locus
820 2223 926 2279 iste
952 2223 1251 2294 dupliciter
1276 2225 1572 2294 accipitur:
1595 2239 1630 2280 ο
1650 2225 1791 2281 Medi
1809 2234 1867 2281 et
1895 2226 2023 2281 Ela-

415 2314 590 2381 mita,
636 2314 833 2385 quibus
896 2329 1059 2386 supra
1113 2315 1227 2371 dixi
1277 2334 1291 2372 :
1339 2317 1560 2372 ascende
1612 2315 1788 2385 Elam,
1846 2318 2024 2372 obside

421 2405 597 2473 Meda,
628 2407 829 2462 sumite
856 2406 1064 2472 cibum,
1111 2407 1302 2464 futuro
1328 2423 1425 2464 vos
1451 2409 1646 2480 pralio
1692 2419 2021 2480 praparate,

420 2512 492 2555 uc
516 2507 802 2570 postquam
847 2501 1220 2557 dimicationis
1261 2511 1477 2573 tempus
1524 2504 1828 2569 advenerit,
1863 2505 2022 2560 lassi-

424 2594 555 2649 tudo
587 2609 682 2648 vos
716 2592 984 2649 retrahat.
1014 2595 1263 2662 Cumque
1296 2596 1647 2651 comederitis
1668 2605 1725 2653 et
1749 2597 2022 2667 biberitis,

421 2686 651 2756 surgite,
676 2701 832 2740 arma
852 2686 1135 2756 corripite,
1156 2687 1512 2758 Babylonium
1534 2687 1829 2745 debellate.
1845 2690 2026 2758 Quod-

420 2792 529 2846 que
573 2778 671 2843 ait,
704 2778 1056 2848 contemplare
1080 2778 1134 2832 in
1164 2778 1395 2847 specula,
1441 2778 1547 2833 hoc
1575 2794 1743 2835 sensu
1774 2780 1977 2851 legitur
2010 2799 2023 2837 :

422 2866 720 2937 diligenter
747 2884 872 2939 qua
898 2856 1130 2926 ventura
1162 2880 1307 2935 sunt,
1342 2872 1613 2941 prospice.
1648 2872 1835 2929 Potest
1862 2883 1918 2928 et
1947 2875 2027 2930 sic

422 2958 653 3029 intelligi
683 2977 698 3014 :
731 2975 764 3014 o
796 2960 1059 3033 Babylon,
1095 2978 1223 3033 para
1255 2964 1540 3020 Balthasar
1570 2965 1684 3021 ﬁlio
1718 2967 2025 3022 Evilmaro-

420 3051 562 3107 dach
594 3055 777 3124 nepoti
805 3054 1308 3114 Nabuchodonosor
1332 3060 1448 3129 regi
1472 3069 1568 3115 tuo
1594 3076 1839 3117 mensam
1863 3073 2028 3134 atque

2124 1863 2390 1911 aeternum
2437 1855 2619 1911 deleta
2670 1864 2774 1922 est,
2825 1865 2884 1911 et
2914 1856 3059 1911 Belis
3113 1854 3375 1926 templum
3430 1859 3727 1927 omniaque

2123 1946 2268 2002 idola
2294 1963 2465 2017 usque
2495 1947 2563 2002 ad
2591 1947 2772 2003 solum
2801 1955 2994 2002 strata.
3026 1945 3187 2014 Quod
3216 1957 3397 2001 autem
3425 1946 3677 2017 sequitur
3703 1963 3721 2000 :

2124 2039 2340 2095 Tritura
2369 2057 2502 2110 mea,
2538 2049 2586 2094 et
2614 2040 2696 2110 ﬁli
2717 2055 2853 2093 area:
2866 2056 3011 2107 meat,
3035 2039 3103 2094 ad
3130 2038 3434 2096 Jerusalem
3469 2047 3729 2108 apostro-

2125 2132 2290 2204 pham
2329 2133 2482 2200 l'acit,
2526 2143 2583 2188 et
2610 2132 2677 2186 ad
2710 2132 2991 2202 Templum
3023 2131 3169 2202 quod
3202 2132 3256 2186 in
3302 2144 3429 2186 area
3458 2128 3625 2185 Orna
3651 2131 3727 2185 si-

2125 2232 2236 2279 tum
2268 2234 2374 2291 est,
2426 2224 2665 2294 dicitque
2691 2222 2758 2278 ad
2786 2238 2909 2278 eam
2935 2240 2948 2276 :
2998 2238 3032 2278 ο
3056 2221 3392 2288 Jerusalem,
3440 2231 3497 2276 et
3527 2221 3728 2291 popule

2126 2316 2203 2371 ﬁli
2232 2314 2450 2387 Templi
2478 2316 2607 2382 mei,
2658 2330 2765 2371 non
2797 2314 2896 2370 tibi
2933 2314 3186 2370 videatur
3231 2312 3577 2369 incredulum
3604 2327 3730 2368 esse

2126 2407 2269 2479 quod
2298 2407 2411 2462 dixi
2438 2426 2451 2462 :
2487 2424 2592 2462 non
2624 2423 2741 2463 mea
2774 2408 2918 2463 enim
2942 2407 3109 2463 verba
3129 2415 3279 2472 sunt,
3312 2406 3407 2461 sed
3423 2404 3644 2460 Domini
3671 2413 3727 2460 et

2125 2515 2224 2571 per
2255 2514 2317 2554 os
2345 2499 2509 2571 216
2538 2514 2717 2554 meum
2739 2500 2884 2554 illius
2908 2499 3075 2556 verba
3108 2507 3461 2554 resonarunt.
3489 2495 3724 2564 Quidam

2128 2603 2339 2667 putant,
2371 2595 2469 2651 sed
2500 2595 2663 2663 male,
2690 2594 2793 2651 hoc
2823 2610 2932 2650 non
2954 2594 3023 2650 ad
3049 2594 3373 2659 Jerusalem,
3405 2591 3504 2648 sed
3531 2590 3598 2647 ad
3619 2592 3723 2647 Ba-

2128 2687 2383 2758 bylonem
2415 2688 2548 2755 dici,
2593 2688 2662 2743 de
2708 2703 2813 2759 qua
2841 2698 2895 2743 et
2926 2702 3092 2758 supra
3124 2685 3359 2759 Babylon
3386 2684 3581 2739 dilecta
3608 2699 3720 2738 mea

2127 2781 2297 2852 posita
2318 2790 2395 2835 est
2416 2780 2541 2835 mihi
2565 2781 2619 2835 in
2642 2782 2990 2849 miraculum;
3020 2789 3077 2836 et
3115 2795 3240 2837 esse
3286 2795 3510 2836 sensum
3539 2796 3555 2834 :
3603 2794 3726 2850 qua

2127 2873 2437 2930 contrivisti
2478 2890 2586 2941 me,
2623 2875 2731 2929 eris
2767 2883 2823 2929 et
2853 2874 2973 2944 ipsa
3002 2872 3265 2940 contrita,
3314 2886 3422 2927 non
3453 2884 3580 2925 meo
3610 2884 3729 2925 ser-

2129 2980 2312 3030 mone,
2342 2965 2440 3021 sed
2470 2965 2685 3020 Domini
2728 2974 3020 3036 potestate,
3053 2979 3176 3036 qua
3206 2964 3303 3019 tibi
3343 2963 3463 3018 hac
3492 2971 3723 3018 ventura

2131 3059 2482 3126 praenuntiat.
2530 3057 2671 3125 Quid
2700 3056 2805 3113 sibi
2844 3066 3024 3113 autem
3050 3057 3331 3112 voluerint
3357 3058 3411 3110 in
3457 3055 3566 3110 hoc
3604 3055 3726 3110 loco

424 3144 763 3213 convivium,
811 3157 866 3202 et
895 3148 1018 3205 vide
1044 3149 1174 3218 quid
1199 3160 1327 3221 post
1348 3152 1532 3208 cibum
1558 3157 1797 3224 eveniat,
1829 3157 1885 3211 in
1915 3172 2024 3228 quo
2052 3139 2099 3203 C
2132 3151 2274 3206 LXX
2330 3151 2689 3220 interpretes,
2723 3163 2783 3207 ut
2825 3168 2924 3223 pro
2954 3152 3136 3219 leone,
3170 3152 3262 3222 qui
3306 3149 3573 3206 Hebraicc
3593 3150 3729 3205 dici-

423 3241 620 3293 scortis
650 3246 706 3294 et
731 3241 1055 3298 concubinis
1083 3242 1137 3298 in
1166 3245 1315 3301 vasis
1349 3246 1560 3301 Domini
1614 3249 1950 3317 propinabit.
1981 3252 2026 3305 0

424 3330 724 3401 principes,
766 3334 1008 3403 quicum
1059 3350 1187 3407 rege
1215 3339 1563 3407 accumbitis,
1614 3340 1801 3396 Medos
1843 3352 2026 3399 autem

426 3424 735 3496 Persasque
770 3426 1062 3498 signiﬁcat,
1108 3432 1320 3501 surgite
1366 3442 1424 3487 et
1465 3432 1534 3487 ad
1579 3433 2026 3491 interﬁciendum

424 3529 610 3585 regem
633 3533 784 3572 arma
816 3519 1098 3589 corripite.
1133 3521 1250 3576 Hoc
1279 3523 1495 3593 plenius
1520 3524 1578 3579 in
1609 3525 1851 3581 Danielis
1873 3528 2030 3583 volu-

430 3605 576 3660 mine
603 3607 866 3663 discimus
900 3607 1055 3681 (Cap.
1085 3610 1163 3681 v).

501 3696 686 3768 (Vcrs.
708 3698 740 3752 6
762 3698 946 3768 seqq.)
963 3700 1089 3753 Hcec
1110 3702 1249 3755 enim
1270 3703 1398 3756 mihi
1422 3704 1555 3759 dixit
1568 3703 1827 3762 Dominus
1849 3725 1868 3763 .'
1901 3708 2032 3764 vade

428 3796 480 3842 et
535 3805 667 3856 pone
714 3790 1128 3861 speculatorem,
1163 3805 1211 3848 et
1256 3795 1614 3868 quodcumque
1660 3800 1887 3864 viderit,
1937 3817 2034 3854 an-

430 3880 655 3934 nuntiet.
686 3879 758 3935 Et
805 3883 931 3937 vidit
980 3900 1189 3938 currum
1243 3888 1466 3942 duorum
1495 3891 1750 3960 equitum,
1793 3908 2033 3947 ascenso-

425 3989 536 4026 rem
568 3974 727 4041 asini,
757 3986 805 4030 et
830 3994 1153 4033 ascensorem
1180 3983 1345 4054 215
1375 3984 1578 4038 cameli.
1608 3984 1680 4038 Et
1707 3990 2027 4058 contempla-

428 4074 510 4119 tus
537 4076 609 4121 est
639 4067 915 4139 diligenter
937 4070 1100 4126 multo
1122 4073 1337 4141 intuitu,
1371 4073 1713 4145 clamavitque
1732 4077 1810 4132 leo
1831 4095 1851 4132 :
1877 4095 2033 4149 super

426 4159 696 4227 speculam
739 4159 953 4216 Domini
980 4179 1076 4234 ego
1118 4181 1235 4219 sum
1260 4175 1404 4220 stans
1440 4168 1645 4240 jugiter
1678 4185 1769 4235 per
1797 4170 1956 4235 diem,
1986 4181 2034 4226 et

430 4268 586 4323 super
613 4255 905 4308 custodiant
951 4273 1116 4311 meam
1144 4275 1236 4330 ego
1279 4276 1395 4314 sum
1425 4270 1569 4315 stans
1613 4263 1734 4317 totis
1777 4264 2030 4319 noctibus.

432 4340 568 4395 Ecce
595 4343 692 4397 iste
720 4345 857 4399 venit
883 4362 1124 4402 ascensor
1137 4350 1214 4402 vir
1236 4351 1365 4420 biga:
1393 4352 1640 4422 equitum,
1678 4363 1726 4407 et
1765 4357 2035 4426 respondit

2128 3252 2215 3299 tur
2245 3259 2372 3300 ARIA
2402 3244 2596 3317 (ma),
2628 3245 2802 3300 uriam
2834 3246 3235 3312 transtulerint,
3267 3260 3374 3300 non
3401 3244 3541 3300 Satis
3568 3244 3730 3300 intel-

2128 3336 2260 3407 ligo,
2296 3339 2599 3407 prasertim
2627 3352 2749 3392 cum
2774 3337 3122 3410 supradictus
3145 3337 3404 3392 sacerdos
3429 3334 3610 3405 Urius,
3637 3337 3729 3409 qui

2128 3443 2354 3487 vocatur
2384 3433 2439 3487 in
2471 3432 2868 3498 testimonium,
2902 3431 3025 3488 aliis
3057 3432 3258 3488 litteris
3280 3429 3517 3499 scriptus
3541 3431 3637 3485 sit.

2201 3526 2382 3590 (Vers.
2416 3527 2505 3590 Η,
2539 3526 2653 3596 id.)
2679 3525 2826 3580 Onus
2848 3524 3040 3580 Duma.
3064 3524 3147 3578 Ad
3166 3540 3246 3578 me
3265 3522 3455 3577 clamat
3482 3539 3547 3578 ea:
3567 3522 3687 3579 Seir
3709 3537 3730 3577 :

2130 3626 2325 3683 custos,
2354 3617 2480 3686 quid
2504 3617 2568 3672 de
2600 3619 2785 3672 nocte?
2812 3629 3005 3687 custos,
3034 3617 3160 3689 quid
3185 3617 3251 3671 de
3277 3617 3470 3671 nocte?
3498 3614 3568 3670 Et
3597 3615 3734 3670 dixit

2132 3716 2324 3773 custos,
2358 3708 2494 3762 venit
2529 3723 2682 3763 mane
2716 3720 2763 3763 et
2788 3725 2893 3764 nox
2914 3725 2934 3764 :
2978 3710 3024 3764 si
3046 3710 3300 3781 quaeritis,
3332 3710 3565 3779 quaerite,
3608 3724 3734 3764 con-

2132 3801 2409 3866 vertimini,
2442 3801 2628 3854 venite.
2657 3801 2761 3856 Pro
2781 3800 2978 3868 Duma,
3006 3799 3153 3856 LXX
3182 3801 3471 3854 ldumaaam
3498 3809 3729 3870 ponunt.

2133 3892 2230 3946 Est
2260 3902 2441 3947 autem
2494 3893 2662 3948 Duma
2714 3909 2823 3948 non
2878 3903 2990 3948 tota
3019 3893 3257 3949 Idumaa
3285 3893 3586 3963 provincia,
3637 3893 3732 3948 sed

2133 3983 2382 4053 quadam
2425 3982 2543 4053 ejus
2572 3984 2720 4054 regio
2752 4000 2875 4055 qua
2926 3984 2994 4039 ad
3041 3988 3298 4039 Austrum
3348 3985 3548 4055 vergit,
3580 3994 3639 4040 et
3665 3986 3731 4041 ab

2130 4075 2269 4130 urbe
2318 4075 2645 4141 Palastina,
2677 4091 2798 4145 qua
2848 4075 3015 4131 hodie
3059 4074 3259 4131 dicitur
3286 4073 3731 4148 Eleutheropolis,

2133 4166 2321 4237 viginti
2344 4167 2509 4222 distat
2530 4166 2774 4223 millibus
2800 4167 2989 4238 :jnxta
3009 4182 3172 4238 quam
3195 4176 3324 4222 sunt
3344 4177 3562 4223 montes
3584 4166 3730 4236 Seir,

2134 4271 2354 4332 sumpto
2382 4262 2451 4318 ab
2475 4270 2700 4317 auctore
2726 4262 2948 4318 nomine
2974 4280 2988 4328 ;
3021 4262 3140 4317 Seir
3167 4261 3369 4333 quippe
3403 4263 3736 4333 interpreta-

2134 4363 2224 4409 tur
2250 4355 2485 4427 hispidus
2514 4365 2560 4411 et
2585 4354 2804 4424 pilosus,
2834 4354 2980 4426 quod
3007 4356 3148 4410 Esau
3178 4355 3301 4410 fuit.
3322 4354 3382 4409 In
3412 4355 3587 4411 Abdia
3613 4372 3737 4427 prc-

428 4444 477 4489 et
506 4434 640 4489 dixit
668 4452 688 4490 :
718 4437 924 4503 cecidit,
970 4439 1154 4494 cecidit
1181 4440 1444 4514 Babylon,
1478 4454 1528 4499 et
1552 4447 1725 4502 omnia
1768 4449 2034 4521 sculptilia
2059 4514 2100 4521 _
2136 4446 2301 4518 pheta
2333 4448 2546 4518 plenius
2585 4462 2752 4517 super
2780 4449 2882 4502 hac
2932 4458 3094 4519 gente
3137 4464 3165 4502 a
3196 4448 3355 4504 nobis
3395 4447 3729 4519 disputatum

430 4530 643 4582 deorum
671 4533 784 4601 ejus
812 4533 1037 4587 contrita
1063 4534 1258 4587 suntin
1290 4546 1447 4593 terra.
1480 4535 1691 4594 Tritura
1721 4556 1856 4608 mea,
1888 4551 1936 4596 et
1953 4543 2032 4611 ﬁli
2059 4514 2111 4573 Ῑ)
2135 4550 2254 4596 est:
2301 4541 2355 4596 in
2388 4556 2495 4612 quo
2526 4555 2751 4596 necesse
2801 4541 2899 4596 luit
2941 4552 3183 4598 veterem
3217 4542 3501 4597 historiam
3557 4544 3737 4598 revol-

430 4638 567 4677 area:
592 4639 738 4691 mea,
769 4641 885 4696 qua
928 4626 1106 4680 audivi
1134 4644 1165 4680 a
1188 4625 1416 4683 Domino
1447 4632 1766 4687 exercituum
1807 4629 1920 4687 Deo
1946 4633 2033 4687 1s-

429 4717 561 4783 rael,
593 4719 900 4784 annuntiavi
936 4718 1103 4775 vobis.
1132 4718 1338 4775 Causas
1365 4721 1549 4777 reddit
1575 4723 1879 4793 superioris
1917 4728 2033 4780 for-

432 4807 677 4873 midinis,
731 4824 902 4880 quare
931 4812 1180 4882 angustia
1228 4813 1537 4882 possederit
1562 4830 1686 4870 eum
1735 4816 1877 4871 sicut
1905 4833 2033 4887 par-

432 4901 750 4967 turientem,
779 4912 835 4958 et
876 4904 1154 4959 corruerit
1183 4905 1435 4972 audiens,
1484 4916 1539 4961 et
1582 4908 1911 4976 perterritus
1937 4909 2029 4975 sit,

432 5007 498 5047 ac
531 4993 821 5048 tenebroso
847 4995 1074 5051 horrore
1100 4996 1496 5054 circumdatus.
1528 4999 1674 5063 Hac,
1713 5001 1914 5069 inquit,
1945 5004 2029 5057 di-

432 5086 513 5140 xit
545 5085 807 5141 Dominus
847 5088 979 5142 mihi
1005 5107 1018 5143 :
1047 5091 1185 5146 vade
1207 5101 1262 5146 et
1302 5093 1574 5149 constitue
1603 5093 2028 5164 speculatorem,

431 5189 492 5235 ut
534 5179 728 5249 Spiritu
763 5181 1065 5250 prophetali
1110 5184 1205 5238 tibi
1234 5185 1415 5240 futura
1460 5189 1830 5256 pranuntiet;
1867 5204 2029 5259 quem

429 5288 554 5328 cum
581 5273 884 5343 posuissem
907 5275 961 5329 in
989 5275 1290 5345 speculam,
1326 5277 1463 5331 vidit
1482 5280 1790 5336 venientem
1826 5281 2028 5352 bigam,

430 5376 486 5422 et
511 5368 756 5437 aurigam
778 5368 1036 5438 desuper,
1064 5369 1413 5440 asinumque,
1436 5381 1494 5427 et
1515 5374 1783 5429 camelum
1805 5389 2030 5431 currum

433 5456 674 5514 trahere.
723 5456 1007 5528 Signiﬁcat
1055 5468 1237 5515 autem
1263 5459 1466 5533 Cyrum
1517 5462 1807 5520 Persarum
1844 5482 2026 5538 regem

429 5558 597 5619 atque
635 5550 939 5617 Medorum,
969 5566 1092 5607 cum
1134 5568 1309 5623 parvo
1335 5563 1392 5611 et
1428 5571 1629 5627 magno
1677 5558 1905 5629 imperio
1932 5575 2028 5615 ve-

434 5641 698 5697 nientem.
734 5642 919 5698 Persa
948 5644 1092 5699 enim
1139 5655 1268 5699 ante
1306 5646 1505 5716 Cyrum
1538 5648 1803 5720 ignobiles
1850 5661 2027 5716 erant,

434 5742 492 5788 et
524 5733 728 5789 nullius
757 5735 896 5790 inter
914 5747 1104 5803 gentes
1125 5735 1229 5791 loci
1250 5735 1622 5795 habebuntur:
1646 5741 1782 5796 Medi
1811 5756 2029 5810 semper

2134 4650 2288 4699 vere,
2316 4643 2375 4690 et
2404 4634 2711 4690 Ezechielis
2736 4633 3097 4707 Jeremiaque
3139 4635 3359 4691 easdem
3389 4636 3444 4690 in
3484 4636 3732 4691 testimo-

2139 4728 2285 4783 nium
2308 4728 2525 4782 trabcre
2542 4727 2819 4797 Visiones,
2842 4738 2899 4785 et
2918 4731 3157 4784 maxime
3175 4728 3516 4799 prophetiam
3539 4738 3730 4784 contra

2134 4828 2375 4877 montem
2397 4818 2745 4893 Seir(Ezech.
2776 4837 2880 4876 xxv
2893 4830 2941 4875 et
2975 4837 3136 4887 xxxv,
3161 4819 3357 4875 Jerem.
3379 4820 3555 4886 χιιι).
3582 4820 3648 4876 Et
3668 4820 3732 4875 il-

2132 4914 2226 4971 lud
2245 4913 2314 4969 de
2342 4914 2608 4969 Psalmis:
2631 4913 2699 4969 In
2722 4913 3009 4971 Idumaeam
3030 4915 3305 4969 extendam
3322 4915 3731 4969 calceamentum

2136 5023 2329 5061 meum.
2349 5007 2414 5061 Et
2426 5006 2555 5063 alibi
2566 5026 2577 5061 :
2588 5006 2941 5063 Tabernacula
2956 5006 3311 5062 Idumworum
3325 5016 3374 5061 et
3387 5005 3727 5075 Ismahelitte,

2136 5097 2314 5166 Moab,
2349 5108 2396 5152 et
2418 5098 2666 5169 Agareni,
2698 5097 2862 5153 Gebal
2902 5108 2948 5153 et
2982 5100 3219 5161 Ammon,
3255 5108 3302 5152 et
3329 5097 3576 5154 Amalech
3611 5097 3729 5171 (Ps.

2140 5205 2249 5255 ιιι,
2278 5189 2372 5254 10;
2407 5188 2500 5244 Ps.
2532 5205 2739 5256 Lsxxn,
2766 5191 2821 5253 7.
2847 5189 2924 5262 8).
2957 5192 3124 5246 Amos
3140 5204 3361 5261 quoque
3385 5191 3601 5262 inquit:
3632 5191 3736 5247 Su-

2138 5298 2229 5349 per
2257 5282 2418 5335 tribus
2443 5281 2717 5336 sceleribus
2739 5280 2933 5349 Edam,
2965 5291 3011 5336 et
3041 5300 3197 5351 super
3217 5295 3436 5353 quatuor
3456 5300 3564 5337 non
3592 5299 3739 5338 auer—

2136 5371 2288 5427 sabor
2316 5390 2454 5436 eum,
2503 5388 2560 5427 eo
2589 5373 2727 5444 quod
2755 5384 3048 5444 persecutus
3090 5377 3157 5429 sit
3200 5379 3251 5429 in
3298 5376 3476 5447 gladio
3518 5378 3735 5447 fratrem

2139 5479 2313 5531 suum,
2343 5474 2392 5517 et
2420 5464 2685 5519 violaverit
2714 5466 3118 5520 misericordiam
3148 5483 3296 5521 suam
3322 5468 3501 5537 (Amos
3531 5483 3581 5536 ι,
3618 5468 3729 5538 il),

2140 5554 2279 5621 sive,
2304 5564 2364 5611 ut
2390 5555 2754 5626 Symmachus
2782 5559 3083 5624 transtulit,
3101 5560 3295 5613 viscera
3321 5576 3442 5627 sua,
3467 5560 3615 5631 quod
3644 5560 3735 5616 ad-

2138 5663 2329 5703 versus
2351 5658 2614 5718 cognatos
2631 5650 2862 5720 populos
2882 5665 3047 5705 ausus
3065 5650 3135 5705 sit
3155 5651 3438 5718 dimicare,
3467 5663 3524 5706 et
3550 5651 3740 5707 hostili

2137 5738 2301 5796 hodio
2326 5740 2612 5797 dissidere.
2668 5740 2791 5796 Fuit
2816 5748 2998 5797 autem
3027 5740 3177 5809 regio
3213 5739 3322 5813 [Αι.
3364 5740 3535 5811 regia]
3566 5742 3739 5807 Esau,
