4010 6340
255 323 352 381 I93

808 323 1449 384 COMMENTARIOBUM
1489 325 1556 383 IN
1593 326 1827 384 ISAIAM
1867 325 2290 387 PROPHETAM
2329 329 2463 386 LIB.
2503 330 2571 388 γ.
2612 329 2768 388 CAP.
2808 333 2953 390 XXI.

3429 343 3531 399 ΞΜ

254 439 302 492 in
332 435 549 507 regione
582 438 774 505 Duma,
818 442 920 497 hoc
949 452 1053 511 est,
1094 443 1146 497 in
1194 444 1472 500 montibus
1502 445 1645 499 Seir.
1678 444 1828 499 Hanc
1853 447 1906 508 Α
1932 446 2062 514 28);
2093 446 2382 515 statimque
2415 445 2660 515 sequitur
2687 463 2700 498 :
2738 446 2865 500 Hau-
2894 446 3017 500 dicit
3044 447 3314 517 Dominus,
3334 454 3531 522 surgite

255 538 311 583 ut
357 533 730 600 metropolim,
780 534 931 602 juxta
976 536 1221 590 ordinem
1271 539 1614 606 superiorum
1645 538 1823 592 Visio-

257 637 399 681 num.
427 623 490 674 ab
514 623 772 693 Assyriis,
803 625 848 678 si
861 641 924 679 vc
963 641 994 680 a
1021 626 1530 685 Nabuchodonosor
1551 645 1824 701 expugna-

256 722 356 768 tam
383 729 496 770 esse
520 716 820 783 credimus,
869 733 1286 792 memoremque
1330 723 1543 791 pristini
1583 725 1825 792 generis,

251 807 458 876 quod,'de
481 807 760 864 Abraham
788 819 844 866 et
862 811 1014 867 Isaac
1036 812 1110 868 sit
1138 813 1309 884 stirpe
1329 815 1829 885 generata,jimplo-

245 913 386 954 rasse
411 901 672 955 auxilium
704 903 825 970 Dei,
847 913 903 958 et
922 906 1248 960 necessitate
1267 916 1517 977 cogente,
1545 907 1694 962 illius
1713 907 1830 962 cle-

242 990 491 1044 mentiam
523 990 823 1061 ﬂagitasse.
856 994 1050 1050 Narrat
1074 1011 1204 1066 ergo
1230 1012 1376 1052 nunc
1403 998 1703 1053 Dominus:
1735 997 1829 1068 qui

242 1084 518 1142 obsidetur
545 1087 598 1141 in
628 1087 770 1153 Seir,
825 1097 881 1144 et
923 1090 990 1144 ab
1036 1089 1288 1147 hostibus
1333 1093 1593 1163 cingitur,
1645 1107 1830 1148 meum

249 1175 495 1244 implorat
520 1179 805 1245 auxilium,
839 1189 894 1234 et
921 1182 1091 1236 dicit:
1122 1197 1155 1237 ο
1181 1192 1368 1240 custos
1394 1183 1586 1250 Israel,
1618 1187 1708 1256 qui
1732 1199 1834 1256 po-

241 1269 424 1338 pulum
474 1279 619 1324 tuum
667 1273 825 1343 217
856 1274 1029 1328 tueris
1073 1277 1322 1330 custodia
1371 1278 1727 1345 sempiterna,
1777 1287 1833 1333 et

239 1361 389 1430 quasi
418 1365 468 1416 in
500 1374 684 1431 nocte,
718 1366 830 1420 illis
861 1365 1287 1433 dormientibus,
1318 1370 1532 1438 vigilas,
1567 1385 1636 1425 ne
1662 1370 1832 1424 hostis

236 1450 499 1523 irrumpat
523 1471 538 1519 ;
569 1470 744 1525 quare
772 1465 827 1511 et
849 1471 949 1512 nos
975 1459 1068 1527 qui
1096 1458 1164 1514 de
1185 1459 1302 1527 ejus
1329 1469 1355 1495 ⁸
1379 1461 1591 1514 semine
1623 1477 1830 1528 sumus,

237 1559 341 1599 non
371 1547 540 1600 simili
591 1547 885 1602 clementia
929 1550 1217 1619 protegis?
1263 1549 1472 1616 Quibus
1501 1567 1604 1622 ego
1647 1563 1830 1608 custos

233 1637 471 1708 vigilque
497 1639 832 1710 respondeo,
865 1641 932 1695 de
961 1656 1070 1711 quo
1100 1643 1359 1711 scriptum
1394 1653 1512 1698 est:
1561 1643 1684 1698 Non
1712 1645 1832 1698 dor-

234 1731 432 1784 mitabit
460 1749 624 1803 neque
651 1733 933 1787 obdormiet
953 1737 1043 1804 qui
1064 1736 1282 1789 custodit
1309 1734 1480 1790 Israel
1532 1737 1652 1809 (Ps.
1700 1754 1828 1802 cxx.

1929 549 1976 591 et
2005 540 2262 592 ascendite
2286 537 2353 589 ad
2385 536 2571 601 Cedar,
2606 549 2654 592 et
2684 550 2876 593 vastate
2904 539 3039 608 filios
3065 539 3289 595 Orientis
3315 559 3331 595 :
3364 545 3530 597 taber-

1929 629 2115 684 nacula
2146 646 2340 694 eorum,
2386 639 2432 682 et
2473 644 2650 700 greges
2689 640 2867 683 eorum
2915 633 3136 702 capient,
3171 632 3327 703 pelles
3355 651 3529 688 torum

1929 730 1976 775 et
2007 723 2180 774 omnia
2221 737 2363 785 vasa,
2405 731 2454 774 et
2484 719 2705 773 camelos
2744 720 2927 774 tollent
2957 722 3054 775 sibi
3086 721 3279 794 (Ibid.,
3321 723 3447 793 29):
3477 731 3533 779 et

1928 809 2124 862 iterum
2151 823 2170 860 :
2215 807 2376 860 lnivit
2407 808 2541 861 enim
2571 816 2750 860 contra
2794 824 2883 862 vos
2926 807 3413 865 Nabuchodonosor
3443 827 3534 864 rei:

1927 901 2208 972 Babylonis
2229 899 2523 966 consilium,
2544 901 2786 972 cogitavit
2807 900 3053 955 adversus
3070 917 3155 956 vos
3173 904 3531 975 coqitationes.

1930 994 2140 1065 Surgite
2180 1004 2228 1048 et
2252 993 2512 1047 ascendite
2541 995 2607 1045 ad
2636 1002 2833 1063 gentem
2859 993 3110 1062 quietam,
3144 1003 3188 1049 et
3217 995 3547 1064 conﬁdenter

1929 1087 2265 1153 habitantem,
2312 1086 2384 1138 ait
2423 1083 2710 1138 Dominus:
2750 1101 2851 1138 non
2891 1087 3042 1153 ostia,
3089 1102 3192 1139 non
3223 1098 3384 1141 vectes
3419 1089 3492 1143 eis
3515 1104 3536 1142 :

1927 1179 2025 1234 soli
2047 1178 2299 1232 habitant.
2349 1175 2417 1229 Et
2449 1185 2598 1230 erunt
2630 1176 2816 1230 cameli
2847 1193 3030 1232 eorum
3072 1179 3127 1231 in
3165 1179 3530 1247 direptionem,

1930 1278 1980 1323 et
2002 1268 2280 1322 multitudo
2295 1272 2652 1340 jumentorum
2674 1270 2727 1321 in
2750 1270 3000 1336 prtcdam.
3031 1268 3099 1323 Et
3122 1269 3420 1342 dispergam
3444 1286 3534 1325 eos

1929 1362 1985 1415 in
2031 1378 2232 1415 omnem
2275 1371 2479 1414 uentum
2509 1361 2597 1430 qui
2645 1371 2763 1414 sunt
2810 1364 3000 1416 attonsi
3030 1366 3085 1416 in
3123 1379 3360 1417 comam:
3392 1372 3438 1417 et
3470 1379 3534 1417 ea:

1934 1455 2071 1507 omni
2093 1454 2316 1522 confinio
2351 1469 2526 1506 eorum
2549 1452 2803 1508 adducam
2839 1456 3100 1509 interitum
3140 1473 3293 1527 super
3321 1473 3426 1524 eos,
3461 1457 3534 1509 ait

1933 1543 2184 1597 Dominus
2209 1562 2227 1597 :
2255 1545 2452 1614 eritque
2482 1547 2612 1600 Asor
2636 1546 2987 1600 habitaculum
3020 1549 3303 1602 draconum
3333 1549 3536 1604 deserta

1930 1638 1984 1690 in
2015 1639 2385 1707 sempiternum
2417 1655 2554 1694 :non
2598 1641 2818 1694 manebit
2848 1640 2918 1694 ibi
2947 1641 3043 1705 vir,
3075 1658 3164 1694 nec
3192 1642 3379 1696 incolet
3421 1659 3535 1698 eam

1933 1728 2074 1796 ﬁlius
2128 1729 2355 1784 hominis
2395 1729 2585 1802 (Ibid.,
2635 1731 2706 1787 '50
2752 1731 2945 1801 seqq.).
3003 1731 3198 1785 Totum
3230 1735 3534 1804 prophetia:

231 1823 311 1893 4),
347 1824 506 1880 Venit
537 1842 694 1880 mane
725 1827 924 1895 populo
964 1843 1112 1892 meo,
1145 1837 1199 1882 et
1231 1844 1340 1884 nox
1376 1831 1526 1898 genti
1563 1831 1828 1886 [dummo—
1855 1832 1904 1892 Β
1933 1821 2309 1876 testimonium
2335 1823 2403 1878 de
2431 1823 2666 1878 Jeremia
2699 1825 2880 1894 pOSIIi,
2910 1833 2968 1878 Ill
2989 1825 3202 1894 quaesit
3223 1824 3422 1889 Cedar,
3455 1827 3536 1881 in-

232 1931 376 1980 rum;
409 1917 516 1971 illis
559 1918 815 1986 prazbebo
848 1920 1046 1986 lucem,
1073 1935 1169 1974 vos
1213 1921 1263 1974 in
1295 1921 1536 1976 tenebris
1577 1923 1823 1978 derelin-

229 2023 412 2077 quam.
446 2008 541 2064 Vel
572 2020 723 2065 certe
757 2012 865 2065 ita:
918 2015 1073 2066 venit
1098 2014 1189 2067 lux
1231 2024 1393 2069 nocte
1431 2023 1748 2081 transacta;
1779 2016 1824 2069 si

230 2115 405 2154 meum
434 2101 704 2157 invocatis
749 2103 1040 2173 auxilium,
1091 2113 1146 2160 et
1186 2107 1319 2161 estis
1346 2104 1415 2160 de
1463 2107 1634 2177 stirpe
1680 2107 1826 2161 servi

231 2195 334 2248 mei
379 2193 658 2249 Abraham
683 2237 698 2260 ,
734 2197 904 2251 nolite
939 2213 1028 2252 me
1062 2206 1270 2252 tantum
1305 2199 1359 2253 in
1405 2200 1827 2255 necessitatibus

231 2300 497 2353 qumrere,
512 2287 612 2342 sed
632 2295 746 2342 toto
765 2288 831 2343 ad
858 2304 945 2344 me
965 2289 1149 2345 animo
1169 2292 1580 2346 convertimini.
1612 2291 1826 2358 Venite,

231 2388 284 2434 et
308 2382 606 2450 suscipiam
658 2383 1010 2452 ptenitentes.
1043 2385 1157 2439 Hoc
1193 2386 1351 2454 juxta
1402 2385 1684 2441 historiam
1714 2386 1832 2441 dic-

230 2479 338 2525 tum
367 2473 470 2526 sit:
505 2481 772 2527 cmterum
807 2486 1029 2543 propter
1071 2476 1486 2532 similitudinem
1522 2479 1741 2543 litterae,
1774 2485 1830 2532 et

229 2576 288 2616 ex
316 2578 381 2617 eo
411 2564 567 2634 quod
596 2582 692 2620 nes
723 2576 778 2621 et
806 2583 1041 2635 suam,
1067 2584 1174 2624 non
1202 2570 1434 2624 multum
1467 2572 1609 2626 inter
1639 2586 1699 2625 se
1721 2571 1832 2626 dis-

227 2665 471 2722 crepent,
508 2658 731 2727 quidam
768 2659 1116 2715 Hebrzeorum
1148 2677 1248 2731 pro
1278 2662 1474 2727 Dama,
1508 2663 1728 2718 Romam
1754 2665 1831 2719 le-

227 2756 375 2814 gunt,
401 2749 660 2803 volentes
681 2752 1026 2820 prophetiam
1055 2763 1245 2808 contra
1273 2771 1498 2825 regnum
1525 2756 1828 2810 Romanum

229 2837 408 2910 dirigi,
440 2841 641 2896 frivola
692 2846 1068 2912 persuasione,
1100 2863 1203 2916 qua
1240 2863 1461 2916 semper
1488 2849 1540 2902 in
1583 2849 1832 2904 Idumam

230 2936 449 2990 nomine
499 2935 784 2990 Romanos
827 2937 1148 2992 existimant
1194 2939 1606 2994 demonstrari:
1667 2940 1835 2996 Dama

224 3035 409 3078 autem
442 3026 845 3094 interpretatur
874 3024 1164 3080 silentium.

297 3119 494 3188 (Vers.
527 3119 598 3174 I5
623 3119 816 3189 seqq.)
848 3118 990 3173 Onus
1004 3121 1057 3172 in
1080 3120 1291 3174 Arabia.
1324 3121 1388 3175 In
1409 3121 1546 3178 saltu
1564 3123 1632 3176 ad
1660 3140 1835 3194 vespe-

1929 1911 2244 1967 dubitanter
2270 1914 2558 1985 intelligas.
2586 1915 2654 1968 Et
2677 1915 2967 1969 considera
2999 1915 3273 1984 quomodo
3296 1917 3538 1972 lsmaeli-

1931 2009 2140 2071 tarutn,
2174 2003 2278 2059 hoc
2321 2016 2444 2071 est,
2479 2004 2877 2061 Saracenorum
2911 2007 3132 2077 proprie
3178 2017 3398 2078 gentem
3438 1990 3536 2064 de-

1929 2093 2242 2162 scripserit,
2275 2095 2402 2164 quia
2435 2097 2682 2151 babitant
2723 2099 2775 2151 in
2808 2100 3091 2153 tentoriis:
3130 2100 3221 2164 qui
3256 2113 3390 2169 quas
3424 2115 3531 2155 nox

1929 2185 2283 2254 compulerit,
2316 2185 2474 2240 sedes
2521 2196 2742 2242 tenent:
2776 2189 2972 2258 quibus
3020 2198 3268 2244 armenta
3297 2201 3444 2256 sunt,
3478 2199 3534 2246 et

1933 2291 2128 2344 pecora
2157 2280 2598 2348 camelorumque
2629 2295 2862 2350 greges:
2897 2283 2987 2350 qui
3024 2297 3133 2336 non
3168 2283 3369 2338 habent
3392 2284 3532 2339 ostia

1930 2384 2032 2425 nec
2059 2377 2283 2425 vectes:
2317 2388 2423 2425 non
2453 2372 2599 2427 enim
2624 2381 2916 2428 versantur
2955 2375 3011 2428 in
3041 2375 3292 2442 urbibus,
3339 2376 3436 2430 sed
3481 2377 3536 2432 in

1929 2461 2229 2517 solitudine
2271 2462 2532 2518 habitant.
2581 2465 2648 2518 Et
2694 2465 2750 2518 hi
2800 2480 2931 2535 ergo
2959 2481 2988 2519 a
3021 2465 3332 2535 Babyloniis
3373 2466 3538 2522 deleti

1931 2564 2077 2622 sunt,
2110 2569 2176 2610 eo
2199 2556 2339 2625 quod
2368 2556 2510 2612 Asor
2538 2557 2842 2624 civitatem,
2871 2574 2993 2629 quae
3020 2558 3339 2628 metropolis
3359 2561 3538 2629 gentis

1929 2646 2081 2703 illius
2120 2650 2172 2703 in
2200 2666 2385 2705 eremo
2436 2651 2557 2719 fuit,
2594 2666 2767 2723 usque
2809 2652 2876 2707 ad
2907 2653 3086 2706 solum
3119 2651 3536 2710 subverterint:

1932 2749 1987 2795 et
2037 2752 2216 2798 tamen
2255 2759 2378 2798 cum
2425 2745 2758 2799 camelorum
2813 2753 2868 2799 et
2911 2743 3095 2799 ovium
3144 2757 3340 2812 greges
3391 2741 3539 2812 capti

1931 2842 2063 2888 sunt
2093 2833 2198 2906 [ΑΙ.
2233 2835 2386 2907 sint],
2420 2837 2695 2907 pellesque
2719 2853 2909 2894 eorum
2939 2847 3098 2908 atque
3131 2835 3362 2892 tentoria
3392 2844 3541 2894 sorte

1934 2926 2145 2981 divisa:
2181 2943 2289 2982 non
2319 2932 2496 2984 omnis
2524 2931 2706 3000 gentis
2737 2933 2882 2987 illius
2904 2933 3535 3004 significaturinteritus,

1937 3034 2002 3072 eo
2051 3021 2197 3087 quod
2248 3021 2606 3077 dromedariis
2659 3025 2886 3079 camelis
2931 3035 3147 3080 centum
3199 3033 3255 3080 et
3301 3026 3540 3095 amplius

1941 3110 2114 3164 millia
2139 3127 2246 3166 uno
2260 3112 2347 3166 die
2374 3129 2472 3182 per
2494 3127 2702 3168 vastam
2725 3117 3075 3172 solitudinem
3089 3119 3277 3189 fugere
3301 3122 3537 3188 soleant,

221 3225 336 3262 ram
361 3210 655 3274 dormietis,
680 3211 735 3262 in
755 3211 947 3263 semitis
965 3209 1248 3266 Dodanim.
1277 3213 1612 3270 Occurrentes
1643 3217 1833 3269 sitienti

1939 3203 2236 3274 Auferetur,
2272 3205 2468 3274 inquit,
2519 3209 2682 3258 omnis
2713 3206 2878 3277 gloria
2927 3208 3124 3263 Cedar:
3167 3221 3220 3266 et
3252 3213 3540 3268 imminuto

222 3302 356 3369 ferte
397 3313 594 3367 aquam
617 3316 634 3350 :
673 3303 760 3367 qui
791 3301 1037 3355 habitatis
1078 3312 1265 3356 terram
1300 3305 1498 3370 Austri,
1544 3324 1658 3360 cum
1690 3309 1837 3375 pani-

222 3393 320 3446 bus
340 3392 606 3445 occurrite
627 3393 861 3462 fugienti.
888 3393 931 3446 Α
949 3396 1082 3464 facie
1100 3396 1233 3448 enim
1255 3396 1555 3467 gladiorum
1575 3402 1836 3470 fugerunt,

221 3501 255 3536 a
286 3484 430 3555 facie
447 3481 624 3556 gladii
643 3485 976 3551 imminentis,
1009 3502 1041 3538 a
1069 3487 1204 3558 facie
1221 3504 1374 3541 arcus
1405 3491 1614 3555 extenti,
1647 3508 1680 3543 a
1708 3491 1840 3557 facie

225 3579 400 3648 gravis
443 3575 639 3646 prwlii.
677 3576 934 3640 Quoniam
973 3577 1085 3632 Ita'c
1133 3580 1257 3633 dicit
1314 3580 1567 3635 Dominus
1612 3583 1682 3634 ad
1720 3599 1838 3637 me:

227 3670 412 3723 Adhuc
443 3670 502 3723 in
534 3686 638 3722 uno
669 3685 806 3722 anno
833 3672 986 3739 quasi
1025 3672 1077 3724 in
1116 3689 1251 3725 anno
1291 3674 1628 3727 mercenarii:
1656 3685 1704 3727 et
1733 3692 1834 3728 au-

228 3760 425 3828 feretur
455 3762 626 3814 omnis
654 3759 823 3831 gloria
854 3762 1039 3828 Cedar,
1071 3775 1121 3816 et
1137 3763 1366 3834 reliquid:
1395 3768 1592 3820 numeri
1619 3768 1836 3838 sagitta-

231 3854 426 3907 riorum
458 3853 674 3923 fortium
705 3857 769 3907 de
798 3855 919 3924 ﬁliis
956 3855 1123 3910 Cedar
1150 3858 1517 3914 imminuentur
1539 3877 1558 3915 :
1577 3859 1832 3919 Dominus

233 3946 371 4000 enim
411 3947 557 4002 Deus
591 3946 762 4003 Israel
790 3947 989 4004 locutus
1019 3959 1114 4004 est.
1147 3950 1419 4018 Qumrenti
1469 3954 1601 4010 mihi
1640 3964 1698 4012 et
1741 3957 1832 4011 diu

235 4053 361 4093 cum
408 4041 807 4100 deliberatione
846 4047 1095 4100 tractanti
1139 4062 1258 4116 qua:
1286 4057 1437 4104 esset
1485 4051 1682 4105 Arabia
1708 4095 1722 4118 ,
1765 4051 1833 4106 ad

236 4148 402 4204 quam
434 4137 785 4207 propheticus
811 4155 993 4195 sermo
1018 4140 1290 4210 dirigitur,
1334 4152 1516 4197 utrum
1560 4144 1829 4211 Moabitre,

237 4237 305 4278 an
332 4223 683 4296 Ammonitze,
716 4239 770 4284 et
799 4230 1041 4296 Idumaai,
1071 4240 1388 4301 cunctaeque
1409 4232 1530 4286 aliae
1559 4235 1832 4302 regiones,

235 4331 358 4386 qua:
397 4335 547 4376 nunc
593 4322 791 4377 Arabia
833 4332 1234 4394 nuncupantur,
1270 4323 1614 4378 occasionem
1651 4325 1838 4379 tribuit

237 4412 290 4466 in
317 4413 420 4469 hac
439 4415 634 4471 eadem
663 4416 886 4474 Visione
902 4417 1043 4487 quod
1065 4417 1316 4488 sequitur
1341 4434 1354 4469 :
1378 4415 1655 4485 Auferetur
1674 4418 1838 4470 omnis

236 4503 405 4575 gloria
435 4507 630 4574 Cedar,
666 4517 710 4562 et
733 4509 962 4579 reliquia:
978 4510 1176 4564 numeri
1203 4509 1593 4580 sagittariorum
1627 4507 1839 4575 fortium

1942 3299 2350 3368 sagittariorum
2399 3314 2655 3365 numero,
2706 3301 2830 3369 quia
2888 3300 3123 3357 maxime
3166 3304 3375 3371 pollent
3421 3316 3542 3361 arte

1946 3391 2262 3462 pugnandi:
2297 3391 2482 3446 caeteri
2527 3394 2616 3460 qui
2657 3391 2919 3462 fugerint,
2972 3395 3352 3450 remanebunt.
3404 3398 3541 3462 Quia

1943 3484 2315 3539 intelleximus
2345 3500 2465 3554 quae
2495 3485 2566 3539 sit
2596 3483 2793 3552 Cedar,
2826 3495 2881 3540 et
2910 3500 3030 3555 quae
3059 3487 3280 3554 Arabia,
3313 3502 3543 3557 qumque

1940 3579 2108 3640 Asor,
2129 3576 2411 3631 videamus
2441 3575 2609 3631 Isaias
2641 3578 2905 3646 propheta
2933 3577 3062 3646 quid
3095 3577 3274 3633 dicat:
3307 3577 3372 3634 In
3403 3579 3544 3636 saltu

1938 3673 2011 3722 ad
2039 3686 2305 3739 vesperam
2335 3671 2620 3735 dormietis,
2671 3671 2725 3725 in
2755 3671 2948 3726 semitis
2978 3669 3260 3727 Dodanim.
3295 3673 3539 3730 Verbum

1938 3780 2078 3819 anas
2131 3766 2320 3836 (213:),
2355 3773 2414 3820 ut
2462 3780 2608 3836 smpe
2637 3763 2663 3803 ι)
2695 3765 2808 3836 jam
2838 3765 3096 3834 diximus,
3151 3776 3206 3822 et
3248 3783 3445 3835 resper,
3485 3775 3540 3824 et

1937 3857 2150 3923 Arabia,
2184 3869 2239 3913 et
2286 3874 2486 3925 corvus,
2521 3867 2574 3914 et
2603 3860 2865 3929 planities,
2913 3869 2969 3915 et
3011 3859 3255 3914 Occidens
3297 3861 3542 3931 appella-

1940 3959 2047 4005 tur.
2090 3952 2153 4006 Et
2206 3967 2306 4021 pro
2348 3968 2414 4008 eo
2435 3952 2582 4024 quod
2613 3969 2712 4009 nos
2750 3955 2904 4022 juxta
2935 3953 3081 4008 LXX
3132 3955 3531 4022 transtulimus,

1938 4046 2102 4116 219
2123 4045 2404 4112 dormietis,
2440 4055 2618 4116 potest
2650 4045 3019 4114 interpretari,
3045 4044 3394 4107 mornbimini,
3426 4045 3539 4100 sive

1939 4135 2256 4202 habitabitis,
2291 4138 2393 4192 hoc
2422 4145 2507 4192 est
2534 4137 2880 4197 αὐλιθήσεσθε,
2913 4133 3058 4202 quod
3091 4133 3360 4188 Ilebraice
3401 4133 3539 4189 dici-

1941 4235 2028 4280 tur
2057 4243 2292 4282 TBALINU
2326 4211 2534 4299 (Ἤδη).
2562 4228 2804 4282 Domum
2835 4225 3059 4296 (Dtl‘t'l)
3088 4239 3304 4294 quoque
3332 4223 3388 4279 in
3412 4241 3537 4291 pro-

1941 4319 2160 4388 pinquos
2191 4321 2422 4374 vertitur
2448 4329 2503 4373 et
2533 4327 2801 4392 cognatos.
2838 4317 3022 4387 Itaque
3054 4317 3366 4388 prmdicitur
3395 4333 3540 4375 nunc

1941 4406 2166 4472 Judaeis,
2199 4410 2292 4478 qui
2321 4410 2664 4464 obsidionem
2692 4409 3038 4479 Babyloniam
3070 4409 3308 4480 effugere
3340 4419 3536 4480 potuc-

1943 4497 2072 4562 rint,
2090 4505 2146 4551 et
2160 4498 2228 4551 de
2247 4499 2411 4552 totius
2432 4501 2730 4568 provincia:
2747 4503 2998 4556 vastitate
3015 4501 3082 4556 ad
3101 4518 3346 4557 eremum
3361 4511 3539 4557 trans-

239 4597 298 4650 de
338 4597 467 4666 [iliis
513 4598 686 4654 Cedar
733 4601 1100 4655 imminuentur
1143 4579 1328 4673 (Isai.
1391 4618 1517 4668 xxr,
1563 4601 1651 4669 I6,
1709 4599 1833 4670 I7),

1948 4589 2027 4644 ire
2061 4589 2315 4655 vicinam,
2346 4589 2489 4658 quod
2521 4590 2816 4644 babitaturi
2845 4593 2955 4644 sint
2985 4592 3038 4645 in
3081 4593 3374 4648 solitudine
3404 4597 3539 4648 Αω-

240 4685 547 4747 lsmaelitas
580 4693 781 4748 debere
809 4692 1058 4764 intelligi.
1089 4694 1254 4750 Liber
1281 4695 1560 4752 Geneseos
1590 4694 1755 4750 docet
1777 4709 1842 4749 ex

241 4779 472 4841 lsmaele
522 4784 704 4840 Cedar
741 4794 797 4841 et
846 4785 1148 4856 Agarenos,
1179 4787 1272 4857 qui
1324 4802 1578 4857 perverso
1619 4787 1842 4843 nomine

245 4872 552 4932 Saracenos
597 4885 900 4944 vocantur,
942 4892 1068 4932 esse
1120 4877 1355 4947 genitos.
1414 4878 1478 4933 lli
1527 4894 1625 4949 per
1674 4889 1843 4934 totam

246 4965 498 5025 habitant
527 4970 902 5036 solitudinem,
938 4970 1008 5026 de
1051 4970 1245 5040 quibus
1271 4980 1401 5041 puto
1440 4980 1495 5028 et
1521 4981 1734 5042 poetam
1763 4971 1846 5026 di-

248 5073 404 5117 cere:
436 5061 670 5134 Lateque
697 5073 941 5135 ragantes
969 5063 1168 5118 Barcaei
1216 5064 1234 5135 (
1263 5063 1408 5135 Virg.
1466 5064 1683 5120 xEneid.
1718 5081 1769 5119 ιν
1791 5065 1840 5134 );

245 5163 299 5208 et
328 5155 704 5224 supradictum
736 5157 1014 5224 volumen,
1046 5155 1239 5210 Contra
1267 5155 1452 5225 faciem
1474 5157 1699 5209 omnium
1731 5159 1842 5227 {ra-

248 5252 384 5298 trum
430 5262 648 5300 suorum
687 5247 936 5301 habitabit
968 5245 1130 5316 (Gen.
1163 5261 1278 5311 xvr,
1313 5245 1414 5316 12)
1443 5263 1454 5298 :
1488 5259 1554 5300 eo
1579 5244 1724 5316 quod
1763 5247 1843 5300 la-

248 5337 460 5396 tissima
485 5353 704 5396 eremus
731 5341 894 5411 218
917 5339 985 5393 ab
1013 5339 1158 5394 India
1175 5339 1244 5393 ad
1270 5338 1648 5393 Mauritaniam
1677 5353 1844 5408 usque

253 5430 531 5500 tendatur,
560 5442 616 5488 et
657 5433 986 5487 Atlanticum
1014 5431 1286 5487 Oceanum
1313 5471 1328 5495 ,
1357 5429 1503 5500 quod
1535 5437 1663 5500 puto
1689 5429 1844 5486 Jere-

253 5525 377 5580 mite
399 5525 619 5580 titulum
638 5539 835 5580 sOnare
865 5524 980 5578 :Ad
1009 5525 1178 5579 Cedar
1202 5532 1248 5577 et
1280 5523 1348 5574 ad
1370 5538 1529 5593 regna
1558 5523 1704 5588 Asor,
1733 5538 1846 5592 qua:

258 5619 517 5684 percussit
549 5616 1028 5672 Nabuchodonosor
1065 5633 1157 5671 rex
1193 5615 1479 5688 Babylonis
1513 5612 1666 5685 (Jer.
1699 5631 1848 5685 XLIX,

327 5791 357 5821 α
405 5782 609 5855 Vatic.,
630 5784 718 5854 qui
741 5785 804 5839 de
827 5748 943 5855 ejus
963 5797 1146 5856 genere
1177 5797 1374 5836 sumus.

1947 4679 2049 4733 biae
2083 4679 2135 4732 in
2165 4677 2363 4732 itinere
2393 4677 2536 4748 quod
2566 4677 2717 4730 ducit
2741 4677 2809 4732 ad
2839 4678 3054 4733 fratres.
3096 4681 3441 4750 Rursumque
3472 4683 3539 4736 ad

1947 4772 2248 4828 lsmaelitas
2288 4786 2470 4828 sermo
2501 4771 2859 4838 convertitur,
2905 4780 2962 4826 et
2990 4787 3084 4827 eos
3113 4773 3180 4827 ad
3225 4773 3537 4830 misericor-

1947 4865 2092 4922 diam
2127 4866 2476 4921 cohortatur:
2501 4863 2728 4931 currite,
2762 4873 2821 4920 et
2845 4863 3006 4919 lassis
3030 4863 3286 4920 fratribus
3315 4879 3378 4919 ac
3398 4868 3540 4936 peri-

1948 4960 2266 5016 clitantibus
2312 4961 2510 5016 ardore
2539 4960 2680 5025 sitis,
2727 4959 2872 5014 obvii
2920 4958 3059 5016 ferte
3100 4975 3305 5032 aquas:
3358 4969 3539 5019 tantus

1948 5055 2092 5110 enim
2121 5053 2304 5109 fervor
2333 5061 2419 5108 est
2445 5052 2600 5118 solis,
2634 5061 2694 5107 ut
2721 5051 2830 5108 nisi
2854 5053 3234 5125 subveneritis,
3263 5055 3319 5111 in
3350 5058 3539 5112 solitu-

1949 5148 2076 5203 dine
2099 5154 2360 5216 pereant:
2391 5154 2447 5200 et
2476 5160 2584 5200 non
2612 5147 2788 5202 solum
2813 5163 3002 5218 aquas,
3036 5148 3132 5205 sed
3154 5151 3318 5206 etiam
3343 5164 3537 5219 panem

1949 5239 2087 5295 ferte
2119 5237 2466 5309 fugientibus,
2517 5248 2572 5294 ut
2601 5255 2737 5310 quos
2784 5239 3023 5296 confecit
3068 5242 3306 5309 obsidio,
3355 5253 3542 5295 vestra

1948 5333 2242 5390 clementia
2273 5331 2504 5387 relevet.
2557 5331 2837 5404 Simulque
2884 5333 3063 5387 reddit
3105 5349 3326 5388 causam
3373 5348 3541 5401 quare

1951 5427 2070 5481 haec
2128 5426 2364 5494 imperet
2401 5424 2554 5493 ﬁeri,
2612 5428 2842 5480 dicens:
2878 5423 3132 5488 fugerunt
3187 5424 3541 5494 Babylonium

1954 5517 2219 5588 gladium,
2264 5515 2522 5584 fugerunt
2544 5529 2704 5569 arcus
2744 5510 3119 5576 Elamitarum,
3147 5513 3402 5584 fugerunt
3437 5515 3543 5571 im-

1961 5613 2176 5668 mineus
2194 5609 2467 5681 praelium.
2485 5607 2596 5662 Nec
2613 5602 2928 5677 despiciatis
2948 5601 3181 5660 miseros
3206 5624 3220 5660 :
3238 5605 3349 5662 cito
3360 5609 3548 5668 veniet

2027 5775 2053 5813 ιι
2093 5774 2217 5831 Vid.
2247 5771 2414 5844 paulo
2442 5770 2692 5842 superius
2735 5770 2792 5826 in
2819 5779 2943 5835 cap.
2973 5777 3068 5831 xv,
3096 5765 3210 5824 col.
3241 5766 3368 5825 188.
