4010 6316
441 296 547 355 tas
1687 287 1744 344 s.
1786 276 2058 345 EUSEBII
2096 270 2473 343 HIERONYMI
3595 266 3731 366 .196

439 420 495 469 et
518 422 697 468 vestra
714 407 1022 482 captivitas.
1057 405 1340 474 Quomodo
1363 403 1508 462 enim
1526 403 1685 460 velox
1716 402 2039 459 mercenarii
2065 404 2119 464 Α
2142 402 2266 459 bius
2292 404 2471 458 omnia
2485 400 2553 458 ad
2570 398 2775 459 Christi
2796 398 3087 458 adventum
3114 402 3335 469 referat,
3355 409 3407 459 et
3435 408 3589 474 putet
3607 400 3729 459 Ves-

440 516 617 558 annus
641 510 745 565 est,
768 507 824 554 et
851 514 1068 554 onmem
1098 498 1338 554 laborem
1364 496 1582 553 brevem
1614 502 1787 566 putat,
1820 493 1946 549 dum
1970 491 2038 547 ad

440 593 801 651 desideratam
831 591 1138 649 mercedem
1185 591 1499 663 perveniat:
1532 590 1611 646 sic
1641 588 1895 645 universa
1924 586 2041 657 glo-

437 684 518 741 ria
539 683 769 739 tiliorum
785 682 961 739 Cedar
984 683 1261 739 auferetur
1283 699 1312 738 a
1336 682 1508 753 vobis,
1532 689 1591 738 et
1618 679 1828 750 sagitta:
1844 686 2040 733 vestras

440 784 818 841 conterentur,
866 789 921 833 et
967 791 1166 849 parvus
1216 773 1812 833 remanebitnumerus
1836 786 2040 843 pugna—

438 878 643 926 torum.
702 870 933 939 Quidam
967 871 1153 927 volunt
1176 886 1245 927 ex
1270 885 1338 927 eo
1361 868 1504 940 quod
1535 869 1756 937 dicitur,
1784 864 1953 923 adhuc
1984 866 2038 920 in

440 979 543 1019 uno
573 978 736 1030 anno,
768 972 813 1017 et
845 964 1109 1032 auferetur
1139 964 1306 1017 omnis
1324 959 1495 1033 gloria
1525 960 1713 1028 Cedar,
1738 976 1846 1016 non
1866 958 2038 1030 Baby-

438 1053 647 1111 loniam
682 1056 1048 1125 captivitatem
1101 1055 1419 1128 praedicari,
1452 1055 1520 1110 de
1549 1071 1653 1126 qua
1686 1064 1742 1110 et
1770 1053 2038 1110 Jeremias

440 1146 702 1219 loquitur,
732 1146 826 1202 sed
855 1145 1225 1220 Assyriorum,
1251 1146 1340 1218 qui
1374 1154 1497 1218 post
1527 1161 1692 1201 unum
1710 1160 1913 1200 annum
1944 1158 2039 1198 va-

439 1239 693 1297 stationis
711 1240 974 1307 Judaicaa,
991 1240 1294 1298 Saracenos
1308 1240 1578 1296 latissime
1601 1239 1873 1311 persecuti
1890 1242 2036 1293 sunt.

436 1332 593 1390 Illum
625 1344 890 1403 praeterea
914 1335 1113 1403 locum,
1146 1334 1200 1389 in
1222 1350 1329 1404 quo
1348 1350 1450 1389 nos
1482 1332 1897 1388 transtulimus:
1934 1329 2039 1399 Qui

438 1424 684 1480 habitatis
708 1434 897 1479 terram
928 1426 1123 1495 Austri,
1152 1442 1268 1480 cum
1299 1427 1519 1498 panibus
1549 1423 1802 1479 occurrite
1833 1423 2037 1495 fugien‘

431 1519 470 1573 ti
493 1536 510 1574 :
533 1532 587 1575 et
610 1521 762 1590 quasi
787 1536 853 1575 ex
876 1536 1111 1589 persona
1130 1521 1343 1575 Domini
1369 1519 1693 1591 imperativo
1718 1516 1879 1572 modo
1902 1514 2036 1587 legi-

439 1627 582 1680 mus,
603 1613 657 1667 in
682 1612 907 1669 Hebraeo
930 1614 1012 1669 sic
1042 1614 1148 1685 legi
1173 1629 1335 1685 posse
1356 1612 1629 1668 affirmant
1651 1629 1663 1665 :
1687 1609 1787 1678 Qui
1798 1608 2034 1663 habitant

436 1712 626 1759 terram
673 1706 872 1775 Austri,
933 1724 1048 1762 cum
1071 1707 1292 1779 panibus
1320 1714 1654 1760 occurrerunt
1686 1702 1909 1777 fugienti
1931 1720 1950 1769 ;
1976 1708 2035 1756 ut

2145 494 2355 563 pasiani
2376 492 2594 565 'l‘itique
2621 492 2959 564 temporibus
2987 491 3154 549 fuisse
3184 493 3479 564 completa.
3537 492 3732 566 Carpa-

2143 598 2265 638 mus
2296 599 2424 655 ergo
2449 583 2685 655 singula,
2717 582 2989 654 triplicem
3043 584 3442 655 expositionem
3502 583 3734 641 breviter

2142 676 2490 747 attingentes.
2526 675 2787 744 Quidnam
2840 672 2937 731 tibi
2978 690 3178 749 quoque
3223 679 3343 732 est?
3389 675 3519 749 quid
3550 676 3729 747 habes,

2140 767 2337 841 inquit,
2367 769 2684 841 Sion,quod
2713 768 2875 827 etiam
2904 779 2961 826 tu
2994 770 3282 827 ascendistl
3309 772 3554 828 omnisin
3573 773 3735 829 tecta?

2140 861 2370 931 Quando
2398 860 2551 934 dicit,
2581 862 2737 918 etiam
2769 873 2846 929 tu,
2878 864 3121 921 ostendit
3158 865 3301 937 quod
3352 866 3540 925 caeteri
3593 867 3732 939 prius

2140 955 2505 1013 ascenderint.
2531 955 2670 1013 Num
2702 967 2760 1014 et
2787 967 2841 1013 tu
2863 965 3108 1029 reputata
3137 973 3197 1015 es
3222 957 3367 1015 inter
3393 966 3732 1033 gentes,qute

2139 1046 2207 1103 ab
2238 1045 2487 1105 hosubus
2509 1048 2801 1119 obsiderls,
2828 1060 2885 1107 et
2912 1058 3058 1107 tecta
3088 1052 3412 1109 conscendis
3441 1052 3597 1123 plena
3624 1053 3729 1109 ulu-

2137 1140 2279 1197 latus
2294 1150 2348 1197 et
2361 1142 2608 1212 planctus
2625 1142 3017 1200 miserabillum
3043 1142 3390 1211 feminarum,
3410 1144 3541 1201 urbs
3562 1159 3734 1215 quon-

2137 1232 2263 1289 dam
2288 1233 2478 1304 regia?

2208 1329 2366 1401 221
2393 1327 2572 1402 (Vers.
2602 1326 2683 1399 5.)
2712 1325 2983 1401 Interfecti
3011 1329 3088 1385 tui
3111 1344 3212 1385 non
3238 1326 3493 1402 interfecti
3518 1330 3694 1406 gladio
3715 1369 3732 1400 ,

2136 1437 2227 1476 nec
2253 1422 2444 1475 mortui
2478 1422 2530 1475 in
2566 1421 2723 1477 bello.
2755 1419 2941 1478 Cuncti
2976 1421 3232 1496 principes
3266 1425 3340 1479 tui
3378 1426 3624 1497 fugerunt
3660 1424 3731 1480 si-

2139 1511 2251 1567 mul
2282 1527 2301 1567 :
2336 1512 2567 1585 dareque
2614 1511 2761 1587 ligati
2798 1527 2939 1569 sunt.
2977 1512 3168 1571 Omnes
3221 1515 3310 1588 qui
3366 1516 3560 1573 inventi
3599 1525 3734 1589 sunt,

2136 1603 2295 1659 vincti
2323 1615 2443 1660 sunt
2463 1605 2658 1677 pariter
2683 1622 2702 1661 :
2734 1603 2919 1679 procul
2940 1604 3205 1679 fugerunt.
3242 1609 3297 1666 Si
3331 1609 3396 1664 ad
3422 1607 3739 1667 Sennache-

2136 1698 2222 1754 rlb
2260 1706 2504 1770 tempora
2534 1697 2745 1756 referas
2764 1742 2779 1766 ,
2811 1700 3033 1771 quando
3062 1714 3126 1756 ex
3161 1708 3318 1785 parte
3347 1711 3505 1773 capta
3538 1710 3626 1759 est
3651 1703 3735 1760 ci-

436 1811 558 1852 cum
589 1800 732 1853 Deus
760 1798 841 1854 eis
869 1798 1096 1867 dixerit,
1121 1806 1445 1853 occurrentes
1462 1796 1799 1867 sitientiferte
1819 1809 2026 1865 aquam,
2065 1784 2107 1844 Β
2140 1792 2296 1857 vitas,
2344 1803 2495 1849 recte
2541 1792 2801 1849 dicuntur
2845 1809 2953 1849 non
2995 1794 3166 1851 fuisse
3212 1784 3344 1853 victi
3385 1793 3593 1867 gladio,
3641 1810 3739 1852 nec

433 1887 515 1942 illi
560 1890 782 1960 inimica
839 1902 1023 1947 mente
1080 1907 1250 1961 panes
1289 1890 1512 1944 tulerint
1568 1886 1687 1961 [Αἰ.
1752 1883 2034 1958 tollerent]

442 1979 650 2049 absque
682 1982 860 2050 aquis,
897 1988 955 2037 ut
992 1981 1115 2037 cibo
1140 1991 1403 2052 augerent
1427 1981 1596 2036 sitim.

505 2071 670 2143 (Cap.
687 2072 856 2129 XXII.
888 2075 1116 2131 —Vers.
1139 2073 1216 2147 1.)
1239 2074 1386 2129 Onus
1410 2073 1562 2129 vallis
1586 2074 1839 2131 Visionis.
1864 2072 2029 2147 LXX,

439 2167 573 2223 licet
603 2182 710 2223 non
743 2167 1007 2223 habeatur
1037 2167 1088 2222 in
1131 2164 1386 2230 Hebraeo,
1429 2165 1768 2222 manifestius
1801 2175 2035 2222 transtu-

436 2260 641 2328 lerunt,
676 2261 880 2314 verbum
909 2262 1060 2317 uallis
1098 2269 1127 2297 ει
1156 2259 1305 2315 Sion.
1337 2260 1462 2314 llzec
1486 2260 1630 2315 enim
1655 2259 1843 2314 civitas
1870 2259 2034 2314 semi-

436 2354 648 2408 narium
709 2353 1100 2425 prophetarum
1146 2360 1250 2417 est,
1292 2351 1346 2407 in
1382 2367 1487 2421 qua
1509 2361 1842 2408 exstructum
1872 2351 2031 2406 Tem-

431 2447 613 2519 plum,
653 2456 708 2502 et
759 2447 1007 2504 Visiones
1048 2447 1262 2502 Domini
1306 2445 1677 2518 multiplicatio
1716 2453 1862 2501 sunt.
1893 2444 2029 2513 Quia

430 2553 561 2610 ergo
590 2539 731 2595 inter
783 2549 1014 2595 caeteras
1043 2548 1236 2608 gentes
1267 2539 1507 2607 ponitur,
1541 2538 1703 2610 220
1727 2548 1781 2592 et
1810 2546 2030 2608 reputa-

432 2640 523 2687 tur
546 2648 650 2687 una
679 2632 746 2689 de
767 2632 1042 2703 plurimis,
1097 2647 1435 2702 nequaquam
1488 2647 1646 2688 mons
1695 2631 2024 2702 appellatur,

423 2725 577 2796 juxta
602 2725 736 2780 illud
766 2724 1146 2795 prOpbeticum
1174 2746 1188 2783 :
1218 2722 1585 2779 Fundamenta
1608 2727 1720 2796 ejus
1756 2724 1810 2777 in
1840 2725 2029 2779 monti-

430 2820 524 2876 bus
540 2822 736 2876 sanctis
762 2837 780 2877 :
804 2822 971 2892 diligit
1000 2820 1258 2877 Dominus
1310 2832 1487 2894 portas
1529 2820 1657 2877 Sion
1679 2836 1832 2890 super
1852 2821 2025 2875 omnia

2138 1888 2305 1943 occisi
2332 1887 2384 1942 in
2420 1887 2586 1952 bello,
2619 1887 2716 1944 sed
2750 1887 3089 1960 proditione,
3119 1888 3247 1945 aliis
3268 1905 3337 1946 ex
3365 1890 3500 1946 urbe
3527 1888 3733 1961 fugien-

2138 1978 2477 2047 tibus;aliis,
2508 1995 2646 2050 quos
2679 1978 2856 2036 hostis
2884 1982 3187 2051 Oppressit,
3213 1980 3451 2037 vinculis
3482 1980 3733 2053 alligatis.

2136 2071 2232 2129 Sin
2264 2080 2445 2127 autem
2471 2070 2538 2127 ad
2573 2069 2935 2143 Babyloniam
2964 2073 3366 2143 captivitatem,
3399 2073 3543 2146 quod
3570 2083 3624 2129 et
3648 2087 3737 2130 ve-

2132 2162 2248 2221 rlus
2279 2174 2362 2219 est
2396 2180 2409 2218 :
2444 2163 2690 2220 dicemus
2731 2165 2879 2235 quod
2921 2180 3026 2220 non
3062 2180 3263 2237 pugna,
3310 2164 3408 2222 sed
3445 2165 3733 2222 obsidione

2132 2256 2380 2327 Superati
2412 2254 2542 2311 sint.
2575 2256 2732 2323 Quod
2762 2257 2807 2312 si
2840 2255 2892 2311 in
2922 2255 3164 2313 adventu
3196 2255 3424 2325 Christi,
3451 2257 3606 2328 iusta
3632 2256 3740 2313 Eu-

2133 2348 2368 2413 sebium,
2398 2348 2739 2419 tmpologice
2781 2348 3093 2421 intelligere
3132 2350 3380 2406 volueris
3411 2366 3423 2404 :
3453 2349 3605 2406 dices
3641 2362 3737 2407 eos

2132 2442 2454 2499 interiectos
2494 2461 2603 2501 non
2648 2443 2855 2519 gladio,
2903 2444 2998 2501 sed
3045 2443 3405 2512 infidelitate,
3434 2456 3736 2514 omnesque

2132 2537 2414 2608 principes
2455 2555 2646 2594 eorum
2699 2539 3005 2595 recessisse
3044 2550 3073 2593 a
3119 2536 3253 2604 Deo,
3288 2548 3342 2594 et
3386 2548 3733 2609 peccatorum

2129 2629 2351 2686 funibus
2380 2631 2657 2702 alligatos,
2703 2646 2807 2689 nec
2848 2647 3179 2703 quemquam
3223 2629 3392 2687 fuisse
3430 2630 3498 2687 de
3537 2628 3731 2687 Phari-

2130 2723 2278 2787 szcis,
2307 2724 2397 2794 qni
2429 2738 2540 2779 non
2566 2722 2770 2779 diaboli
2801 2723 3009 2779 retibus
3033 2723 3291 2794 alligatus
3321 2726 3410 2779 sit.

2203 2812 2383 2886 (Vers.
2415 2814 2498 2887 4.)
2540 2812 2825 2887 Propterea
2882 2814 3020 2878 dixi,
3068 2814 3291 2869 recedile
3329 2829 3361 2867 a
3405 2828 3505 2881 me,
3555 2826 3730 2868 amare

429 2912 766 2967 tabernacula
795 2912 959 2970 Jacob
981 2914 1001 2986 (
1023 2913 1117 2969 Ps,
1152 2930 1371 2983 uxxv],
1403 2915 1439 2985 ι)
1462 2930 1481 2981 ς
1512 2915 1607 2970 sed
1640 2915 1831 2979 vallis,
1860 2928 1926 2969 ex
1957 2928 2024 2970 eo
2126 2905 2260 2976 ﬂebo
2288 2922 2306 2960 .'
2333 2907 2492 2960 nolite
2520 2907 2818 2961 incumbere
2836 2948 2849 2973 ,
2879 2917 2932 2961 ut
2964 2907 3305 2962 consolemini
3331 2922 3409 2961 me
3430 2920 3593 2975 super
3616 2920 3735 2961 vas-

426 3005 571 3076 quod
599 3005 879 3061 liumiliata
907 3006 998 3062 sit.
1024 3006 1163 3062 Aliis
1187 3007 1368 3063 verbis
1397 3006 1499 3064 hoc
1540 3005 1715 3077 ipsum
1751 3005 2021 3062 Jeremias
2128 3000 2323 3053 titatem
2346 2999 2473 3069 ﬁliw
2493 2999 2673 3073 populi
2703 3001 2822 3054 mei.
2850 2998 2910 3056 Si
2939 3001 2991 3055 in
3027 3000 3284 3057 vastitate
3316 2998 3611 3071 Babylonis
3651 2999 3732 3053 la-

420 3098 700 3170 loquitur:
733 3098 949 3169 quando
1004 3103 1215 3170 accepit
1257 3099 1482 3155 calicem
1530 3097 1744 3169 plenum
1792 3097 1925 3166 vini,
1968 3104 2023 3152 et
2123 3102 2402 3164 crymatnr
2423 3092 3729 3169 PrOpIietalugentisaffectu,etdicit:Angustia

424 3190 515 3246 dat
541 3192 812 3247 universis
839 3192 1111 3264 gentibus,
1141 3207 1206 3251 ac
1226 3191 1520 3247 novissime
1552 3189 2016 3261 porrigitJerusa-
2048 3170 2350 3257 quossedit
2376 3203 2474 3255 me,
2504 3187 2631 3241 sicut
2663 3188 2908 3261 angustia
2941 3188 3193 3260 parientis
3221 3206 3238 3243 :
3270 3190 3446 3243 corrui
3478 3206 3598 3243 cum
3634 3205 3728 3243 au-

422 3281 553 3349 lem,
573 3291 634 3337 ut
654 3282 821 3351 bibat,
856 3292 912 3339 et
944 3293 1151 3352 vomat,
1185 3293 1242 3339 et
1266 3292 1410 3350 ruat,
1437 3292 1493 3337 et
1518 3282 1783 3338 insaniat:
1813 3278 2019 3353 signifi-

420 3387 550 3429 cans
574 3373 953 3447 aBabyloniis,
997 3385 1048 3430 et
1088 3375 1231 3430 hanc
1264 3389 1386 3430 esse
1429 3373 1747 3429 vastandam
1773 3374 1791 3445 (
1817 3371 2013 3427 Jerem.

418 3465 580 3537 xxv).
612 3465 766 3533 Quod
797 3466 1008 3536 plenius
1040 3467 1245 3537 Regum
1278 3476 1331 3522 et
1351 3466 1602 3522 Jeremiaa
1631 3475 1815 3520 narrat
1841 3463 2015 3519 histo-

415 3559 517 3615 ria.
550 3558 630 3613 Ex
658 3575 766 3629 quo
796 3560 1151 3628 intelligimus
1174 3559 1417 3614 omnium
1443 3565 1748 3613 creatorem
1797 3555 2013 3628 aequali-

419 3659 502 3706 ter
524 3665 644 3705 esse
672 3651 863 3717 Deum,
896 3661 950 3706 et
990 3650 1182 3705 eodem
1213 3660 1410 3706 cuncta
1440 3649 1763 3719 dispensare
1783 3647 2012 3718 judicio,

408 3740 566 3810 juxta
600 3740 734 3797 illud
766 3742 912 3812 quod
959 3742 1074 3811 ipse
1099 3742 1341 3811 loquitur
1376 3756 1474 3815 per
1503 3742 1707 3796 Amos:
1743 3736 2014 3811 Numquid

417 3848 521 3887 non
540 3842 600 3886 ut
610 3833 710 3903 filii
726 3832 1039 3903 EthiOpum
1069 3851 1155 3888 vos
1186 3834 1307 3888 estis
1327 3834 1453 3888 mihi
1465 3835 1563 3904 ﬁlii
1588 3830 1790 3887 Israel?
1808 3833 1881 3886 ait
1901 3829 2010 3886 Do-

416 3925 606 3979 minus.
652 3924 925 3997 Numquid
974 3943 1077 3981 non
1123 3925 1296 4000 Israel
1331 3928 1606 3981 ascendere
1642 3925 1740 3998 feci
1780 3927 1844 3982 de
1876 3937 2014 3981 terra

414 4017 659 4090 Ai'gypti,
682 4029 731 4074 et
753 4018 1066 4075 Palaestinos
1094 4020 1158 4075 de
1184 4019 1536 4093 Cappadocia,
1566 4029 1614 4074 et
1636 4019 1797 4091 Syros
1818 4022 1883 4075 de
1910 4016 2013 4091 Cy-

413 4113 566 4165 rene?
593 4110 726 4165 Ecce
748 4111 885 4166 oculi
913 4111 1121 4165 Domini
1146 4129 1302 4183 super
1338 4128 1555 4184 regnum
1586 4128 1802 4183 peccans
1828 4111 2011 4183 (Amos

411 4217 491 4267 lx,
520 4199 600 4271 7).
635 4202 710 4257 Ne
738 4213 993 4272 putarent
1022 4203 1192 4260 Judaei
1223 4203 1426 4259 idcirco
1454 4220 1513 4259 se
1545 4202 1862 4259 meritorum
1909 4204 2009 4259 ba-

2121 3278 2306 3345 direm,
2357 3278 2695 3336 conturbatus
2734 3298 2845 3336 sum
2892 3298 3008 3336 cum
3051 3282 3297 3350 viderem,
3349 3282 3602 3336 emarcuit
3640 3294 3729 3334 cor

2120 3384 2311 3438 meum,
2338 3372 2557 3428 tenebris
2581 3377 2967 3445 stupefecerunt
2995 3388 3076 3429 me
3102 3391 3120 3429 :
3146 3373 3384 3447 Babylon
3411 3373 3604 3430 dilecta
3619 3388 3731 3428 mea

2118 3462 2290 3539 posita
2319 3474 2394 3518 est
2427 3463 2555 3517 mihi
2583 3464 2637 3519 in
2668 3462 3007 3532 miraculum,
3041 3472 3245 3536 quanto
3286 3464 3459 3536 magis
3488 3476 3636 3520 nunc
3670 3468 3729 3520 in

2121 3554 2270 3610 urbis
2306 3570 2421 3612 sua:
2450 3555 2607 3611 ruina
2641 3556 2844 3612 nullam
2881 3559 3131 3629 accipere
3156 3557 3594 3616 consolationem
3631 3570 3732 3631 po-

2119 3653 2246 3709 test,
2276 3655 2447 3701 totum
2486 3661 2545 3702 se
2578 3648 2887 3719 planctibus
2919 3648 3178 3706 tradens!

2190 3737 2371 3810 (Vers.
2395 3737 2478 3811 5.)
2508 3737 2633 3795 Dies
2662 3741 2796 3795 enim
2838 3742 3241 3814 interfectionis,
3289 3751 3338 3798 et
3373 3741 3733 3799 conculcatis-

2115 3830 2218 3897 nis,
2244 3840 2289 3885 et
2316 3831 2534 3901 ﬂetuum
2563 3828 2790 3887 Domino
2821 3830 2933 3887 Deo
2956 3832 3278 3889 exercituum
3304 3832 3359 3889 in
3385 3831 3543 3891 Valle
3570 3835 3730 3889 visio-

2116 3925 2215 3991 nis.
2274 3924 2473 3980 Reddit
2514 3941 2710 3987 causas
2755 3924 2913 3997 juxta
2959 3924 3230 3996 triplicem
3270 3926 3724 3998 intelligentiam,

2114 4034 2281 4091 quare
2331 4021 2528 4077 dixerit
2573 4039 2585 4077 :
2632 4019 2876 4077 Recedite
2924 4037 2956 4075 a
2998 4038 3101 4088 me,
3146 4036 3324 4077 amare
3372 4020 3544 4093 ﬂebo;
3599 4021 3727 4093 quia

2112 4114 2429 4171 conculcata
2475 4116 2547 4170 sit
2588 4113 2743 4183 Sion,
2791 4128 2947 4171 mons
2995 4113 3267 4187 quondam
3320 4113 3623 4185 visionum,
3668 4122 3726 4171 et

2112 4220 2258 4262 nunc
2287 4206 2444 4264 vallis
2472 4207 2713 4262 ﬂetuum.

392 4290 544 4348 bere
573 4292 1079 4365 privilegium,’quia
1128 4294 1306 4351 educti
1334 4295 1611 4352 essentde
1640 4295 1898 4369 Egypto,
1927 4296 2011 4353 di-
2184 4300 2365 4373 (Vers.
2400 4297 2481 4372 6.)
2529 4299 2784 4356 Scrutans
2835 4314 3059 4365 murum,
3113 4309 3162 4354 et
3208 4296 3521 4372 magniﬁcus
3564 4313 3723 4373 super

410 4386 485 4441 cit
523 4386 685 4443 etiam
710 4397 941 4444 caeteras
963 4398 1157 4460 gentes
1185 4389 1253 4447 ad
1281 4390 1417 4447 alias
1444 4399 1618 4449 terras
1646 4407 1747 4448 suo
1779 4391 2007 4464 imperio
2108 4403 2379 4450 montem:
2405 4403 2453 4450 et
2478 4390 2634 4448 Elam
2664 4393 2884 4465 sumpsit
2911 4391 3232 4467 pharetram,
3263 4409 3474 4450 currum
3495 4393 3720 4450 hominis

410 4479 579 4535 fuisse
604 4481 919 4537 translatas.
2034 4556 2067 4559 2
2109 4485 2314 4557 equitis,
2357 4494 2405 4541 et
2437 4486 2684 4556 parietem
2712 4484 2927 4541 nudavit
2962 4485 3196 4559 clypeus.
3229 4485 3576 4544 Describitur
3616 4484 3716 4541 Ba-

484 4571 745 4637 Quidnam
766 4574 1075 4646 libiquoquc
1099 4584 1199 4639 est,
1225 4576 1352 4648 quia
1380 4576 1660 4633 ascendisti
1690 4588 1738 4633 et
1761 4587 1815 4633 tu
1837 4579 2005 4633 omnis
2031 4556 2086 4620 Ῑ)
2110 4576 2329 4649 bylonis
2372 4575 2647 4632 exercitus
2704 4576 2916 4634 intrans
2966 4556 3182 4648 urbem,
3242 4579 3505 4651 templum
3556 4590 3719 4635 occu-

412 4663 465 4717 in
498 4673 654 4733 tecta,
684 4665 927 4722 clamoris
960 4668 1137 4736 plena,
1160 4668 1281 4724 urbs
1311 4671 1573 4742 frequens,
1620 4670 1799 4724 civitas
1824 4670 2003 4724 exsul-
2107 4682 2270 4738 pans,
2306 4677 2365 4723 et
2399 4665 2678 4739 quadrigis
2720 4682 2821 4740 per
2847 4669 3059 4741 plateas
3107 4671 3381 4741 superbus
3430 4670 3713 4728 incedens.

406 4758 880 4817 tans?Beferebat
903 4760 1337 4829 mihiﬂebrazus,
1366 4771 1692 4834 praesentem
1722 4762 2001 4819 Visionem
2107 4762 2372 4833 Quodque
2428 4770 2651 4818 auratos
2711 4773 2937 4834 postes,
2997 4771 3052 4821 et
3108 4779 3448 4821 marmorum
3509 4763 3717 4821 crustis

404 4862 515 4902 non
538 4851 817 4919 pertinere
842 4852 910 4909 ad
943 4853 1075 4908 illud
1106 4862 1348 4924 tempus,
1369 4869 1477 4924 quo
1501 4853 2004 4911 Nabuchodonosor
2104 4854 2330 4912 vestitos
2359 4853 2621 4927 parietes,
2650 4855 2899 4931 elypeus,
2927 4856 3020 4929 qui
3038 4856 3141 4913 alia
3173 4860 3317 4915 solet
3350 4866 3537 4930 tegere
3557 4901 3577 4926 ,
3613 4871 3719 4913 nu-

406 4940 711 4999 Jerusalem
771 4946 944 5016 cepit,
975 4955 1032 5003 et
1059 4948 1381 5005 Sedechiam
1429 4949 1674 5006 vinctum
1718 4949 2003 5021 oculisque
2103 4946 2348 5014 daverit,
2393 4947 2677 5019 eleganter
2726 4947 2783 5003 in
2825 4946 3060 5005 Hebraeo
3106 4957 3355 5018 resonat,
3402 4960 3715 5019 sensusque

407 5033 687 5103 privatum
714 5035 873 5091 duxit
903 5039 955 5091 in
988 5038 1322 5111 Babylonem
1349 5059 1367 5107 ;
1404 5042 1505 5099 sed
1525 5041 1594 5097 ad
1624 5041 1999 5101 Scnnaclterib
2108 5038 2506 5111 pulcherrimus
2528 5049 2635 5105 est,
2664 5038 2809 5111 quod
2832 5046 3043 5096 scutum
3067 5052 3176 5097 nan
3199 5039 3500 5112 protexerit
3524 5054 3719 5112 quem-

408 5134 681 5199 tempora,
735 5132 951 5202 quando
990 5133 1172 5190 Sobna
1205 5136 1451 5193 Pontifex
1503 5153 1753 5211 magnam
1792 5146 1999 5209 partem
2110 5132 2277 5204 piam,
2320 5130 2416 5189 sed
2452 5131 2739 5188 nudaverit
2773 5148 2787 5186 :
2835 5147 2904 5188 eo
2941 5133 3086 5205 quod
3126 5148 3221 5203 per
3260 5130 3432 5189 robur
3475 5133 3714 5189 militum

408 5221 647 5292 prodidit
676 5225 931 5292 civitatis,
958 5235 1017 5281 et,
1040 5236 1247 5283 tantum
1273 5227 1425 5297 Sion,
1458 5229 1512 5285 id
1535 5241 1641 5297 est,
1665 5247 1758 5286 arx
1772 5229 2001 5287 etTem-
2100 5241 2303 5305 omnes
2331 5241 2465 5297 opes
2491 5234 2662 5280 erutae.
2699 5225 2830 5280 sint.
2866 5222 2963 5281 Sln
2997 5233 3183 5280 autem
3215 5222 3465 5281 Elamitat
3502 5236 3723 5296 ponun-

407 5315 579 5384 plum,
604 5332 668 5373 ac
700 5319 911 5374 nobiles
944 5332 1352 5388 remanserunt,
1387 5322 1440 5377 in
1472 5323 1781 5393 exemplum
1806 5323 2005 5381 Roma-
2110 5331 2197 5378 tur
2226 5322 2277 5378 in
2312 5318 2526 5392 prmlio,
2550 5334 2670 5391 qua:
2694 5317 2824 5373 urbs
2846 5319 3197 5390 Assyriorum
3225 5328 3310 5374 est
3341 5332 3354 5374 :
3395 5331 3504 5375 non
3536 5325 3719 5390 potest

400 5421 485 5462 na:
516 5409 688 5479 urbis,
715 5427 838 5485 qua:
856 5414 1193 5474 irruentibus
1215 5416 1407 5487 Gallis,
1443 5417 1701 5489 patricios
1728 5431 1781 5475 et
1811 5419 2004 5483 ﬂorem
2107 5414 2301 5472 referri
2323 5414 2391 5469 ad
2422 5424 2668 5482 tempora
2698 5410 2963 5467 Romanae
2984 5413 3147 5485 222
3173 5410 3580 5482 subverleuis,
3607 5412 3717 5469 nisi

399 5497 703 5569 iuventutis
744 5505 798 5561 in
827 5522 953 5564 arce
979 5511 1240 5567 servavit.
1272 5510 1381 5567 Nos
1407 5519 1588 5569 autem
1619 5526 1925 5583 possumus,
1952 5520 2008 5568 et
2108 5506 2249 5567 forte
2274 5518 2472 5566 cuncta
2502 5505 2800 5579 allegorice
2829 5504 3285 5577 interpretemur.

402 5591 473 5647 de
507 5596 799 5669 Babylonia
857 5602 1174 5671 captivitate
1226 5604 1408 5660 dicere
1440 5620 1805 5677 :quamquam
1836 5604 2007 5660 Euse-
2184 5598 2365 5674 (Vers.
2390 5598 2536 5671 7—9.)
2569 5596 2638 5653 Et
2665 5604 2815 5654 erunt
2853 5596 3034 5654 electa
3063 5597 3222 5654 valles
3250 5604 3356 5653 tua:
3385 5596 3558 5669 plena
3580 5612 3718 5671 qua-

480 5772 507 5803 ι
545 5767 602 5823 ln
634 5767 831 5840 Vatic.,
859 5771 1061 5828 rerbum
1088 5774 1241 5831 uallis
1266 5777 1475 5837 visionis
1506 5779 1658 5838 Sion.

3986 2050 4005 2509 ἰ

3980 2522 4006 3743 ἓ
