4010 6364
276 339 370 399 197

804 334 1458 397 COMMENTARIORUM
1496 333 1565 391 IN
1604 330 1837 393 lSAlAM
1880 330 2305 392 PBOPHETAM
2344 334 2476 392 LIB.
2522 339 2589 394 V.
2629 335 2777 395 CAP.
2822 336 2994 397 XXll.

3458 332 3561 398 198

281 456 561 528 drigarum,
593 459 643 510 el
686 452 874 525 equites
903 460 1092 527 ponent
1133 449 1278 507 sedes
1316 467 1439 506 suas
1483 451 1539 504 in
1580 460 1748 521 porta.
1790 448 1857 503 Et
1882 451 1939 511 Α
1962 449 2113 505 tione
2140 450 2486 522 pereuntium
2515 465 2574 507 se
2599 450 2849 508 tradebat
2869 452 3064 524 epulis.
3097 454 3241 511 Nihil
3269 462 3447 513 autem
3479 458 3558 511 sic

283 546 582 601 revelabitur
620 547 996 616 aperimentum
1030 542 1210 611 Judw,
1253 554 1303 597 et
1339 542 1532 601 videbis
1570 542 1622 596 in
1658 542 1753 597 illa
1780 540 1865 595 die

282 639 722 694 armamentarium
771 638 956 693 domus
998 636 1201 705 saltus,
1255 645 1302 691 et
1346 638 1599 692 scissura;
1644 636 1865 690 civitatis

280 729 439 787 David
486 730 749 799 videbitis,
799 732 925 803 quia
973 728 1341 803 multiplicata:
1385 740 1525 785 sunt.
1578 728 1865 785 Manifeste

276 821 629 892 captivitatem
655 823 941 887 describit,
975 839 1094 891 qua:
1116 822 1404 880 undecimo
1425 839 1570 879 anno
1593 824 1739 894 regis
1764 824 1863 879 Se-

271 913 465 969 dechiae
496 914 638 970 facta
669 925 777 983 est,
810 916 878 970 de
910 931 1012 983 qua
1044 923 1098 969 et
1127 913 1393 971 Jeremias
1422 914 1660 986 loquitur
1688 931 1703 967 :
1730 913 1865 969 Ecce

268 1022 356 1078 ego
376 1009 667 1063 convocabo
693 1024 871 1062 omnes
898 1009 1231 1080 cognationes
1258 1024 1536 1080 regnorum
1566 1006 1860 1079 Aquilonis,

269 1100 339 1153 ait
367 1096 648 1168 Dominus,
680 1110 731 1155 et
760 1100 995 1167 venient,
1025 1109 1074 1154 et
1101 1110 1255 1172 ponet
1293 1099 1639 1169 unusquiqu
1675 1098 1865 1153 solium

269 1206 416 1245 suum
448 1193 502 1245 in
521 1193 733 1246 introitu
764 1202 1034 1264 portarum
1069 1192 1384 1257 Jerusalem,
1420 1200 1469 1246 et
1501 1208 1658 1261 super
1691 1206 1864 1245 omnes

264 1299 433 1337 muros
454 1287 564 1356 ejus
595 1284 648 1337 in
678 1285 906 1338 circuitu
937 1283 1156 1358 (Jerem.
1188 1300 1229 1349 ι,
1268 1282 1382 1358 15).
1414 1284 1574 1353 Quod
1612 1298 1681 1338 ne
1712 1292 1865 1353 pute-

264 1389 381 1429 mus
404 1389 533 1430 voce
572 1375 919 1445 praedictum,
947 1385 1004 1429 et
1041 1389 1211 1445 opere
1243 1390 1350 1429 non
1380 1374 1688 1443 expletum,
1719 1370 1862 1427 idem

265 1460 526 1521 Jeremias
550 1466 627 1520 ait
649 1482 661 1517 :
687 1464 972 1520 Undecimo
995 1481 1132 1519 anno
1152 1464 1449 1530 Sedechiae,
1467 1479 1640 1518 mense
1659 1473 1860 1535 quarto,

259 1559 437 1630 quinta
494 1560 716 1627 mensis,
769 1569 947 1624 aperta
1000 1568 1074 1613 est
1123 1559 1324 1625 civitas,
1375 1569 1422 1614 et
1470 1561 1689 1630 ingressi
1742 1567 1887 1637 sunt‘

259 1666 435 1705 omnes
464 1650 728 1722 principes
764 1650 904 1723 regis
929 1649 1238 1722 Babylonis,
1266 1662 1315 1705 et
1348 1651 1589 1712 sederunt
1620 1653 1675 1705 in
1714 1663 1863 1720 porta

256 1740 430 1796 media
462 1740 603 1813 (Jer.
629 1758 812 1807 xxxix,
845 1742 923 1813 2).
952 1742 1106 1799 Tunc
1131 1759 1265 1815 ergo
1292 1744 1345 1798 in
1375 1744 1603 1800 circuitu
1627 1744 1862 1800 civitatis

1965 541 2199 598 oli'eudit
2227 543 2396 598 Deum
2426 558 2588 613 quam
2634 554 2759 615 post
2788 555 3010 616 peccata
3043 557 3225 603 erecta
3257 551 3470 613 cervix,
3502 557 3559 603 et

1964 648 2033 689 ex
2060 634 2442 705 desperatione
2474 641 2841 705 contemptus.
2874 637 3032 704 Quod
3068 648 3123 693 et
3151 654 3246 708 per
3276 641 3440 694 Amos
3480 638 3559 693 io-

1964 726 2149 794 quitur
2175 743 2190 780 :
2220 726 2393 797 Super
2442 736 2543 781 tres
2571 736 2617 782 et
2649 736 2873 799 quatuor
2906 730 3193 802 impietates
3221 747 3323 787 non
3354 747 3557 786 aversa-

1964 816 2058 872 bor
2082 835 2236 886 eum;
2268 818 2409 889 quod
2440 828 2495 875 et
2529 821 2875 891 cogitaverit,
2908 832 2964 878 et
2993 822 3203 889 fecerit,
3231 834 3416 879 etnon
3440 840 3563 893 ege-

1963 912 2036 967 rit
2076 912 2454 983 ptBttilCttlialn
2488 930 2502 969 :
2535 913 2759 984 insuper
2785 924 2838 970 ct
2869 914 3119 970 docuerit
3150 917 3373 971 malum.
3408 916 3562 973 Unde

1965 1012 2019 1057 et
2047 1018 2193 1059 nunc
2238 1003 2439 1059 dicitur
2476 1022 2489 1059 :
2538 1004 2599 1060 Si
2635 1007 2925 1060 dimittetur
2954 1006 3202 1078 iniquitas
3249 1007 3357 1062 lucc
3398 1007 3559 1073 vobis,

1966 1097 2128 1151 donec
2158 1097 2460 1153 moriamini
2505 1098 2684 1169 (Amos
2712 1115 2752 1165 ι,
2786 1099 2869 1169 4).
2911 1098 3112 1153 Putant
3152 1098 3433 1170 allegorici
3478 1099 3563 1153 ln-

1966 1196 2233 1260 terprctes
2264 1189 2333 1246 de
2366 1190 2622 1260 passione
2655 1192 2861 1247 Christi
2886 1207 3010 1248 esse
3041 1192 3383 1264 prmdictum,
3416 1192 3561 1263 quod

1967 1283 2245 1343 vocaverit
2271 1283 2413 1340 Deus
2449 1286 2613 1340 etiam
2647 1295 2771 1357 post
2799 1300 3020 1342 crucem
3054 1286 3266 1342 Domini
3312 1287 3562 1342 Salvato-

1966 1376 2044 1430 ris
2076 1375 2349 1435 infelicem
2377 1379 2637 1449 populum
2670 1378 2734 1433 ad
2771 1380 3173 1449 pmnitenliam,
3204 1389 3261 1435 et
3287 1379 3562 1436 nihilomi-

1965 1482 2069 1521 nus
2123 1468 2215 1522 ille
2268 1483 2329 1523 se
2380 1468 2751 1538 dcspcrationi
2802 1469 3118 1536 tradiderit,
3169 1479 3224 1526 et
3275 1471 3557 1538 voluptati.

1966 1559 2300 1631 Principium
2332 1568 2537 1635 quippe
2569 1562 2728 1618 istius
2758 1563 3008 1630 visionis,
3044 1564 3096 1618 ln
3129 1579 3238 1635 quo
3277 1568 3355 1620 ait
3388 1582 3401 1618 :
3435 1563 3557 1619 ϐίαι

1967 1652 2128 1706 moris
2155 1652 2328 1720 plena,
2362 1654 2482 1707 urbs
2514 1659 2773 1725 frequens,
2808 1654 2987 1708 civitas
3009 1654 3297 1724 exsultans,
3329 1656 3396 1711 ad
3428 1656 3561 1711 illud

1967 1751 2185 1812 tempus
2228 1744 2491 1811 referunt,
2528 1746 2743 1816 quando
2780 1762 2809 1800 a
2846 1747 3135 1802 Phariszeis
3168 1750 3402 1818 populus
3427 1749 3562 1803 inci-

257 1830 589 1899 Jerusalem,
646 1832 1061 1890 innumerabilis
1107 1842 1192 1891 est
1244 1834 1395 1891 fusus
1450 1838 1752 1902 exercitus,
1804 1846 1860 1892 et
1891 1833 1940 1892 B
1970 1845 2146 1900 tatus.
2194 1838 2310 1908 pari
2357 1846 2546 1894 ccutra
2596 1839 2781 1894 Jesum
2825 1855 2957 1895 voce
3000 1843 3298 1896 resonabat
3336 1860 3348 1895 :
3382 1842 3562 1897 Cruci—

253 1933 444 1995 aperta
489 1935 617 1980 sunt
644 1923 844 1980 Saneta
882 1937 1217 1989 sanctorum,
1244 1936 1299 1982 et
1337 1929 1859 1993 armamentarium,

252 2014 397 2085 quod
428 2030 658 2071 nemore
687 2016 963 2070 consitum
990 2029 1141 2083 erat,
1169 2015 1351 2073 hostili
1387 2017 1741 2085 populatione
1770 2031 1861 2073 re-

254 2118 531 2174 seratum,
565 2114 621 2162 et
649 2122 750 2178 per
781 2117 1011 2162 cunctas
1051 2106 1205 2162 urbis
1245 2115 1431 2179 partes
1461 2107 1655 2163 divisis
1685 2110 1863 2163 muris

253 2200 425 2257 hostis
454 2200 746 2272 ingressus
773 2215 876 2257 est.

317 2296 515 2369 (Vere.
549 2296 641 2362 10,
676 2296 790 2367 11.)
829 2295 894 2350 Et
939 2298 1292 2371 congregastis
1332 2313 1494 2369 aquas
1524 2297 1741 2368 piscina:
1778 2297 1863 2349 in-

247 2390 473 2460 ferioris,
506 2398 553 2442 et
574 2389 756 2442 domos
784 2385 1076 2443 Jerusalem
1103 2390 1439 2457 numerastis,
1460 2399 1506 2442 et
1528 2386 1862 2443 destruaistis

249 2480 429 2535 domos
457 2479 539 2534 ad
570 2481 905 2535 muniendum
943 2497 1170 2535 murum.
1203 2479 1272 2534 Et
1306 2479 1478 2534 lacum
1505 2481 1699 2553 fecistis
1726 2480 1863 2533 inter

248 2574 377 2628 duos
412 2589 625 2638 muros,
659 2581 685 2609 ⁸
713 2583 759 2627 et
790 2590 978 2641 aquam
1024 2575 1237 2644 piscina:
1278 2576 1461 2629 veteris
1496 2590 1514 2629 :
1546 2584 1592 2629 et
1633 2589 1735 2627 non
1774 2589 1865 2626 su-

246 2667 498 2738 spexistis
534 2664 603 2719 ad
628 2680 744 2719 eum
775 2667 863 2737 qui
891 2670 1085 2738 fecerat
1107 2683 1252 2732 eam,
1288 2675 1337 2721 et
1365 2674 1683 2739 operatorem
1716 2665 1863 2719 illius

246 2757 310 2814 de
333 2757 492 2831 longe
530 2775 633 2813 non
661 2758 888 2813 vidistis.
919 2758 1119 2813 Narrat
1144 2757 1421 2829 quomodo
1463 2756 1741 2814 obsidioni
1769 2772 1868 2829 pa-

242 2851 496 2906 raverint
526 2850 831 2918 civitatem,
865 2860 920 2906 et
952 2865 1121 2921 aquas
1151 2850 1430 2906 inferioris
1460 2850 1710 2920 piscinae,
1743 2864 1865 2918 qua:

246 2940 368 3010 capi
397 2952 688 3011 poterant,
713 2941 782 2996 ad
811 2941 1156 3011 superiorem
1182 2940 1208 2979 δ
1236 2941 1602 2995 munitionem
1628 2948 1869 2994 transtu-

242 3032 438 3101 lerint,
474 3034 900 3102 destructisque
931 3032 1209 3100 domibus,
1233 3046 1423 3087 muros
1452 3030 1867 3097 :edilicaverint,

243 3136 300 3181 et
334 3141 442 3197 per
487 3126 739 3195 singulas
784 3126 1165 3196 cognationes,
1214 3138 1335 3195 qua:
1378 3123 1576 3179 domus
1607 3132 1869 3193 quantum

1963 1927 2083 2000 ﬁge,
2117 1928 2362 2002 cruci/ige
2388 1927 2543 1983 talem
2575 1947 2588 1983 :
2621 1946 2724 1985 non
2761 1932 3003 1986 habemus
3046 1949 3215 2005 regem
3253 1933 3353 1988 nisi
3393 1933 3565 1989 Cresa-

1962 2035 2070 2073 rem
2114 2019 2293 2091 (Joan.
2341 2036 2459 2085 xu,
2503 2021 2567 2087 6,
2603 2023 2676 2096 7).
2732 2024 2902 2094 Hujus
2956 2026 3253 2081 testimonii
3309 2029 3563 2096 exemplo

1917 2160 1922 2164 .
1964 2115 2126 2169 etiam
2158 2114 2462 2186 Apostolus
2491 2117 2696 2173 abusus
2718 2130 2802 2173 est
2822 2160 2836 2185 ,
2869 2119 3122 2174 scribens
3151 2120 3217 2174 ad
3249 2118 3563 2177 Corinthios

1964 2205 2033 2261 de
2063 2208 2473 2264 resurrectione
2510 2228 2523 2263 :
2558 2208 2620 2264 Si
2647 2211 2837 2264 mortui
2870 2228 2975 2264 non
3002 2222 3298 2285 resurgunt,
3342 2214 3565 2267 mandu-

1965 2312 2157 2362 cemus,
2182 2305 2228 2350 et
2249 2296 2502 2363 bibamus,
2524 2315 2639 2352 cras
2661 2299 2798 2353 enim
2816 2300 3094 2354 moriemur
3122 2302 3161 2371 (Ι
3189 2302 3307 2357 Cor.
3334 2318 3424 2368 xv,
3441 2304 3561 2376 '52).

2040 2386 2221 2460 (Vers.
2258 2387 2325 2443 15
2352 2388 2692 2460 seqq.)ch
2723 2392 2846 2444 dicit
2889 2390 3145 2445 Dominus
3182 2391 3320 2447 Deus
3363 2400 3562 2449 exerci-

1964 2488 2112 2533 tuum
2138 2496 2156 2535 :
2184 2479 2333 2545 vade,
2366 2480 2643 2551 ingredere
2665 2482 2734 2535 ad
2764 2496 2882 2534 eum
2903 2483 2991 2552 qui
3024 2481 3220 2536 habitat
3243 2484 3293 2536 in
3328 2483 3564 2537 taberna-

1966 2570 2109 2637 culo,
2136 2569 2207 2625 ad
2238 2571 2468 2627 Sobnam
2494 2574 2829 2645 pra’positum
2856 2571 3079 2642 Templi,
3110 2584 3157 2627 et
3180 2575 3322 2629 (lices
3349 2576 3394 2629 ei
3410 2578 3564 2647 :quid

1966 2672 2022 2716 tu
2048 2661 2171 2716 hic?
2192 2674 2282 2717 aut
2308 2663 2458 2735 quasi
2485 2665 2597 2735 quis
2627 2664 2730 2731 hic,
2754 2666 2878 2735 quia
2900 2666 3133 2719 excidisti
3161 2666 3253 2720 tibi
3283 2666 3363 2719 hic
3387 2670 3561 2739 sepul-

1967 2758 2152 2810 crum?
2181 2753 2444 2811 Excidisti
2484 2759 2534 2810 in
2570 2758 2771 2813 excelso
2808 2761 3145 2827 memoriam,
3196 2759 3469 2830 diligenter
3510 2761 3561 2813 in

1969 2855 2117 2914 petra
2155 2848 2547 2903 tabernaculum
2586 2851 2697 2904 tibi.
2736 2847 2873 2904 Ecce
2919 2850 3174 2905 Dominus
3219 2852 3482 2922 asportari
3520 2860 3566 2904 te

1970 2939 2125 3007 faciet
2165 2955 2183 2993 :
2228 2940 2363 2994 sicut
2403 2950 2706 3011 asportatur
2743 2943 2915 3015 gallus
2958 2943 3304 3012 gallinaceus,
3338 2952 3385 2998 et
3418 2942 3567 3013 quasi

1974 3030 2218 3082 amictum
2241 3033 2315 3084 sic
2342 3033 2616 3087 sublet'abit
2643 3043 2710 3087 te.
2738 3034 3009 3090 Coroneus
3033 3038 3299 3091 coronabit
3328 3045 3374 3090 te
3403 3036 3564 3089 tribu-

1976 3122 2190 3188 latione,
2224 3127 2371 3193 quasi
2400 3128 2561 3195 pilam
2584 3128 2746 3181 mittet
2776 3131 2894 3182 tein
2926 3138 3118 3186 terram
3145 3132 3302 3187 latam
3321 3173 3336 3195 ,
3367 3142 3414 3188 et
3446 3150 3561 3203 spa-

238 3233 409 3288 aqum
456 3216 696 3273 deberet
739 3218 1014 3287 accipere,
1056 3217 1482 3282 dinumerarint,
1530 3214 1872 3284 fecerimque
1898 3199 1946 3261 C
1979 3215 2168 3269 tiosam
2193 3230 2212 3270 :
2240 3218 2307 3271 ibi
2340 3218 2592 3284 morieris,
2622 3228 2667 3272 et
2699 3220 2767 3274 ibi
2794 3222 2956 3294 224,
2989 3234 3137 3277 erant
3172 3244 3355 3281 currus
3387 3228 3570 3302 gloria:

235 3309 565 3363 cisternam
598 3306 741 3359 inter
771 3307 908 3360 duos
952 3320 1139 3361 muros
1164 3347 1179 3370 ,
1212 3313 1269 3361 et
1313 3305 1579 3374 piscinam
1624 3312 1869 3358 veterem

1978 3318 2116 3372 tute;
2146 3309 2435 3382 ignominia
2463 3311 2645 3366 domus
2678 3312 2890 3367 Domini
2931 3317 3026 3369 tui.
3057 3316 3123 3371 Et
3154 3321 3405 3389 expellam
3434 3332 3479 3374 te
3509 3321 3571 3376 de

234 3396 642 3454 instaurariut
671 3395 738 3450 ad
771 3397 1071 3451 servandas
1101 3410 1270 3466 aquas
1304 3412 1317 3449 :
1351 3404 1408 3451 et
1436 3411 1543 3450 non
1578 3395 1749 3465 magis
1778 3394 1871 3449 Dei

230 3486 649 3546 invocaverint
677 3487 978 3554 auxilium,
1002 3487 1092 3558 qui
1126 3486 1379 3543 conditor
1406 3487 1558 3542 urbis
1586 3485 1676 3555 sit,
1710 3486 1876 3557 pisci-

234 3597 454 3654 nazque
490 3581 803 3646 Dominus;
836 3581 994 3652 quasi
1039 3582 1161 3635 aliis
1193 3581 1377 3637 verbis
1415 3581 1615 3636 dixerit
1655 3598 1668 3633 :
1703 3579 1870 3635 Fidu~

239 3674 384 3730 ciam
418 3671 702 3728 habuistis
733 3671 786 3727 in
812 3671 1059 3738 homine,
1094 3681 1149 3727 et
1178 3687 1287 3727 non
1318 3672 1374 3726 in
1411 3671 1543 3737 Deo,
1576 3670 1668 3741 qui
1693 3670 1871 3725 factor

238 3774 326 3821 est
355 3764 636 3820 hominis.
672 3762 904 3832 Quidam
937 3762 1088 3834 juxta
1133 3764 1399 3836 mysticos
1437 3763 1746 3819 intellectus
1779 3765 1863 3832 pi-

240 3861 458 3914 scinam
497 3866 769 3925 veterem,
801 3857 967 3929 Legis
995 3857 1242 3914 umbram
1274 3857 1605 3930 intelligunt,
1638 3867 1692 3913 et
1722 3856 1867 3913 inter

240 3947 387 4005 duos
435 3963 658 4016 muros,
693 3964 900 4003 novum
949 3947 1207 4004 videlicet
1253 3959 1306 4003 et
1353 3961 1515 4003 vetus
1545 3948 1867 4004 Testamen-

242 4046 390 4106 tum,
432 4040 768 4096 mditicatum
806 4042 981 4096 lacum
1030 4040 1433 4097 Pharisaeorum
1478 4041 1865 4097 traditionibus

243 4138 420 4200 atque
455 4131 759 4199 mandatis,
795 4132 883 4202 qui
914 4146 1086 4201 aquas
1112 4132 1403 4186 continere
1433 4146 1541 4185 non
1572 4133 1746 4201 possit
1772 4149 1785 4186 :
1811 4141 1869 4186 et

241 4237 357 4278 non
392 4227 715 4293 respexisse
744 4239 841 4280 eos
882 4225 951 4279 ad
995 4223 1196 4278 Filium
1226 4223 1349 4291 Dei,
1395 4237 1498 4278 nec
1538 4223 1691 4277 illius
1729 4237 1867 4292 prac-

240 4319 489 4375 sentiam
524 4319 837 4378 credidisse
875 4320 1038 4393 223
1067 4334 1230 4391 quem
1277 4317 1409 4373 olim
1454 4331 1564 4371 non
1604 4316 1865 4383 viderint,

240 4414 371 4484 quia
405 4429 640 4484 semper
670 4413 768 4469 Dei
803 4414 1092 4484 prteceptis
1125 4410 1398 4477 increduli
1422 4409 1646 4465 fuerint.
1973 4412 2109 4465 vasis
2139 4420 2461 4468 craterarum
2486 4432 2646 4488 usque
2666 4417 2735 4470 ad
2758 4434 2907 4475 omne
2925 4434 3014 4474 vas
3033 4422 3369 4477 musicorum.
3399 4421 3468 4476 In
3491 4424 3578 4479 dic

318 4502 517 4578 (Vers.
558 4502 777 4574 12-14.)
809 4501 876 4558 Et
898 4504 1098 4559 vocabit
1122 4503 1375 4558 Dominus
1396 4501 1535 4557 Deus
1553 4502 1869 4557 exercituum
1900 4573 1949 4584 _
1973 4500 2092 4564 illo,
2126 4501 2251 4555 dicit
2280 4502 2534 4558 Dominus
2554 4510 2895 4573 exercituum,
2926 4513 3194 4580 auferetur
3229 4513 3461 4584 paxillus
3487 4502 3576 4581 qui

244 4597 300 4650 in
329 4573 428 4652 die
461 4595 642 4651 illaad
669 4573 871 4668 ﬂetum,
904 4607 951 4653 et
986 4597 1055 4651 ad
1082 4597 1378 4669 planctum,
1413 4603 1460 4651 et
1486 4592 1555 4649 ad
1582 4594 1873 4661 calvitium,
1900 4573 1958 4633 Ῑ)
1984 4592 2119 4661 fixus
2144 4594 2316 4662 fuerat
2334 4592 2386 4645 in
2410 4593 2524 4647 loco
2549 4595 2714 4662 ﬁdeli,
2744 4607 2791 4651 et
2818 4573 3093 4673 frangetur
3116 4611 3163 4656 et
3187 4573 3352 4671 cadet,
3387 4613 3434 4656 et
3460 4573 3578 4675 per-

240 4700 291 4745 et
316 4691 388 4745 ad
413 4693 692 4764 cingulum
724 4693 885 4746 sacci.
919 4691 990 4747 Et
1020 4708 1134 4747 ecce
1161 4693 1413 4764 gaudium
1438 4702 1487 4747 et
1518 4690 1702 4747 ltetitia
1739 4691 1874 4745 occi-
1978 4684 2071 4738 ibit
2114 4680 2253 4754 quod
2273 4687 2585 4756 pependerat
2615 4685 2669 4737 in
2699 4700 2780 4751 eo,
2812 4688 2933 4758 quia
2962 4689 3217 4745 Dominus
3250 4695 3451 4747 (uanius
3478 4702 3573 4749 εει,

241 4786 366 4841 dere
401 4788 605 4842 vitulos
628 4828 642 4853 ,
682 4798 730 4841 et
764 4788 1015 4861 jugulare
1051 4788 1255 4853 arietes,
1286 4788 1550 4841 comedere
1585 4801 1786 4851 carnes,
1824 4794 1874 4839 et
1978 4779 2152 4849 Supra
2183 4775 2422 4832 diximus
2451 4774 2689 4833 Sobnam
2724 4776 2895 4833 fuisse
2928 4781 3262 4849 pontilicem,
3295 4782 3387 4852 qui
3417 4785 3582 4857 Assy-

244 4875 419 4932 bibere
452 4880 638 4933 vinum
668 4895 687 4933 .·
712 4878 1039 4933 comedamus
1076 4889 1122 4932 et
1153 4877 1407 4945 bibamus,
1438 4895 1555 4933 cras
1592 4878 1725 4933 enim
1755 4894 1872 4931 mo-
1976 4872 2075 4927 riis
2124 4869 2365 4943 prodidit
2406 4870 2707 4927 civitatem.
2758 4872 2867 4929 Sed
2909 4875 3034 4946 quia
3083 4873 3186 4931 hoc
3222 4885 3243 4915 ο
3274 4876 3580 4937 traditionis

244 4970 470 5039 riemur,
498 4979 551 5026 et
592 4972 821 5026 revelata
852 4982 923 5026 est
952 4972 1006 5025 in
1033 4971 1245 5025 auribus
1277 4971 1401 5025 meis
1435 4969 1647 5025 Domini
1680 4970 1877 5025 exercl-
1979 4976 2066 5024 est
2098 4968 2406 5037 llebraicte,
2441 4976 2498 5023 et
2544 4967 2829 5040 Scriptura
2863 4986 2969 5026 non
3012 4971 3275 5045 loquitur,
3311 4972 3581 5046 intelligo.-

245 5071 417 5116 tuum.
452 5065 522 5120 Si
549 5065 845 5119 dimittetur
880 5063 1124 5135 iniquitas
1158 5068 1267 5117 haec
1304 5061 1441 5115 vobis
1475 5064 1638 5116 donec
1675 5063 1870 5116 moria-
1982 5075 2103 5117 mus
2158 5076 2283 5116 eum
2336 5059 2660 5129 superbum,
2709 5060 3009 5133 tumidum,
3057 5071 3115 5121 et
3166 5067 3575 5139 voluptuosum,

242 5156 396 5223 mini,
452 5156 593 5212 dicit
649 5154 908 5210 Dominus
968 5155 1107 5210 Deus
1158 5154 1491 5209 exercituum.
1549 5152 1879 5223 Captivitate
1984 5153 2208 5223 suisque
2237 5152 2469 5221 pedibus
2496 5152 2724 5222 populos
2764 5157 3174 5215 conculcantem
3207 5177 3219 5213 :
3255 5168 3309 5216 et
3342 5160 3466 5232 quia
3501 5161 3578 5218 fe-

249 5258 536 5311 iimscnte
569 5256 633 5303 et
661 5248 885 5304 obsessa
914 5246 1243 5312 Jerusalem,
1273 5261 1395 5302 cum
1420 5245 1653 5309 ferrum,
1682 5244 1876 5315 fames,
1983 5248 2122 5301 cerit
2160 5251 2359 5299 cuncta
2402 5258 2526 5315 quae
2564 5244 2833 5317 Propheta
2881 5250 3163 5318 describit,
3213 5254 3579 5309 sacerdotium

245 5340 369 5397 sitis
402 5349 647 5413 urgeret
686 5341 904 5407 urbem,
936 5338 1210 5397 Jercmias
1242 5339 1310 5395 ad
1356 5338 1735 5410 ptruitentiam
1785 5354 1882 5409 po-
1981 5339 2099 5410 ejus
2120 5336 2187 5394 ad
2215 5336 2442 5393 Eliacim
2476 5338 2645 5394 lilium
2689 5341 2891 5397 "eicite
2924 5343 3098 5400 fuisse
3137 5344 3486 5409 translatum,
3521 5354 3583 5402 ut

250 5432 448 5499 pulum
502 5431 849 5503 provocabat
898 5431 1118 5502 (Jcrem.
1167 5433 1374 5499 xxxrv),
1428 5442 1481 5485 et
1530 5447 1559 5484 c
1602 5431 1881 5485 contrario
1987 5433 2081 5487 illo
2111 5431 2309 5498 ejecto,
2345 5447 2521 5487 novus
2552 5432 2811 5487 Pontifex
2851 5434 3032 5491 fieret.
3067 5434 3149 5487 Ex
3182 5451 3287 5501 quo
3327 5436 3584 5510 intelligi-

248 5538 415 5597 reges
448 5539 521 5580 ac
572 5523 879 5595 principes,
930 5535 985 5579 et
1024 5524 1220 5594 vulgus
1267 5521 1584 5577 miserabile
1623 5521 1883 5594 despera-
1988 5536 2131 5589 mus,
2164 5520 2315 5575 omni
2347 5521 2529 5576 studio
2569 5521 2879 5590 superbiam
2910 5521 3323 5590 declinandam,
3354 5542 3471 5598 qua:
3505 5528 3583 5585 ol-

1977 3401 2202 3457 statione
2228 3410 2336 3467 tua,
2366 3412 2414 3457 et
2440 3402 2502 3458 de
2535 3404 2818 3459 ministerio
2847 3416 2936 3461 tuo
2973 3409 3228 3479 deponam
3270 3422 3338 3464 te.
3380 3410 3445 3463 Et
3472 3413 3564 3464 erit

1976 3495 2029 3547 in
2055 3496 2141 3549 die
2177 3495 2289 3561 illa,
2321 3497 2505 3552 vocabo
2536 3513 2737 3552 servum
2764 3517 2933 3555 meum
2966 3499 3193 3556 Eliacim
3222 3503 3391 3573 ﬁlium
3432 3502 3567 3558 Hel-

1975 3589 2087 3641 cire.
2112 3586 2182 3642 Et
2208 3588 2424 3643 induam
2454 3591 2604 3645 illum
2642 3596 2819 3647 tunica
2850 3602 2960 3659 tua,
2996 3604 3044 3648 et
3070 3595 3285 3668 cingulo
3316 3604 3403 3650 tuo
3441 3613 3570 3651 con-

1971 3680 2180 3747 fortabo
2206 3695 2342 3748 eum,
2370 3691 2417 3733 et
2456 3690 2759 3749 potestatem
2789 3694 2931 3739 luant
2962 3685 3096 3741 dabo
3126 3687 3180 3741 in
3220 3706 3380 3743 manu
3407 3692 3521 3765 ejus
3552 3707 3571 3745 :

1971 3781 2019 3826 et
2068 3772 2167 3827 erit
2204 3774 2355 3844 quasi
2399 3784 2547 3845 pater
2592 3776 2942 3833 habitantibus
2989 3777 3285 3837 Jerusalem
3316 3790 3365 3837 et
3393 3781 3572 3838 domui

1968 3865 2135 3920 Juda.
2167 3864 2239 3921 Et
2279 3866 2411 3922 dabo
2456 3870 2648 3924 clauem
2692 3872 2874 3927 domus
2906 3872 3079 3928 David
3115 3894 3269 3947 super
3299 3879 3571 3932 humerum

1970 3961 2110 4031 ejus,
2138 3968 2187 4014 et
2211 3960 2427 4031 aperiet,
2463 3972 2511 4015 et
2537 3978 2686 4017 nemo
2712 3965 2811 4019 erit
2850 3964 2939 4035 qui
2968 3965 3183 4021 claudat
3206 3982 3225 4021 :
3259 3977 3307 4019 et
3336 3964 3567 4033 claudet,

1969 4056 2020 4102 et
2043 4066 2148 4104 non
2174 4052 2271 4104 erit
2289 4051 2379 4122 qui
2401 4053 2619 4123 aperiat.
2640 4051 2710 4107 Et
2732 4053 2891 4125 figam
2916 4054 3066 4107 illum
3099 4057 3356 4125 paxillum
3384 4058 3435 4109 in
3459 4056 3573 4111 loco

1970 4140 2138 4210 fideli,
2182 4152 2228 4195 et
2259 4143 2354 4196 erit
2396 4144 2448 4195 in
2490 4144 2677 4198 solium
2720 4146 2904 4215 gloria’
2941 4145 3119 4198 domui
3161 4147 3322 4216 patris
3360 4149 3463 4201 sui.
3505 4146 3575 4203 Et

1970 4231 2294 4299 suspendent
2340 4247 2497 4300 super
2526 4248 2643 4286 eum
2687 4248 2888 4287 onmem
2924 4234 3147 4306 gloriam
3182 4236 3368 4290 domus
3409 4238 3574 4306 patris

1972 4324 2107 4392 ejus,
2136 4337 2378 4376 vasorum
2406 4324 2607 4378 diversa
2636 4340 2825 4396 genera
2855 4340 2873 4379 :
2906 4340 3058 4380 omne
3085 4342 3171 4381 vas
3203 4329 3500 4398 parvulum,
3542 4347 3575 4383 a

324 5673 353 5702 ι
385 5665 530 5723 Alit.
562 5662 644 5717 ad
672 5678 886 5732 aquam,
918 5677 1079 5733 quam
1115 5660 1334 5732 prdem
1363 5669 1419 5719 et
1445 5659 1647 5719 Victor.
1686 5661 1878 5720 lectio-

247 5749 574 5862 nﬂinb'atic.
591 5840 609 5868 ,
637 5800 704 5856 ad
729 5802 1039 5874 superiorem
1058 5799 1488 5873 munitioremque
1504 5800 1875 5860 transtulerint.

2063 5672 2102 5751 “'-
2118 5660 2320 5755 quseb‘.
2348 5661 2427 5755 ait.
2455 5659 2932 5755 εό
2952 5661 3191 5755 Ἑϐρεᾰξξ
3214 5662 3473 5755 duplicem;
3500 5693 3583 5746 γ.-

1984 5735 2233 5827 reme
2256 5735 2343 5792 τὸν
2364 5735 2836 5827 Petitarum
2851 5735 3109 5827 suae“
3130 5735 3218 5793 τὸν
3236 5735 3346 5827 ei?”
3375 5735 3587 5816 ἔσεβον

1992 5798 2176 5882 ἓνδρα,
2202 5805 2271 5868 ὡς
2291 5805 2377 5864 καὶ
2406 5798 2693 5879 τὲροδοῦῦαἱ
2711 5799 2796 5859 τὸν
2815 5798 2953 5870 λαὸν,
2979 5798 3092 5858 ἐιο.
