4010 6310
444 251 551 325 199

442 463 554 511 tuta
601 465 723 508 esse
765 452 963 517 potest.
1012 441 1122 497 Iste
1151 447 1235 495 est
1262 438 1447 495 Sobna
1488 434 1655 507 (sicut
1691 430 1910 502 quidam
1941 443 2041 499 pu-

446 543 581 613 tant)
604 549 661 596 et
681 537 930 598 Eliacim,
953 532 1024 589 de
1044 532 1240 604 quibus
1259 529 1401 584 idem
1425 527 1704 596 Propheta
1729 522 2038 580 subtexuit:

448 612 593 692 Misit
615 647 708 686 rex
736 627 1067 699 Assyriorum
1103 622 1389 678 Rabsacem
1413 618 1478 672 de
1510 616 1705 671 Lachis
1747 615 1800 668 in
1828 612 2044 666 Jerusa-

445 728 543 781 lem
580 722 650 777 ad
689 735 860 791 regem
899 716 1176 774 Ezechiam
1214 714 1272 767 in
1317 726 1477 765 manu
1510 707 1697 781 gravi:
1723 713 1773 759 et
1811 703 1946 758 stetit
1988 702 2042 756 in

443 814 760 889 aquwductu
810 811 1025 884 piscinis
1065 804 1385 879 superioris,
1425 802 1481 855 in
1522 801 1608 854 via
1648 797 1760 871 agri
1799 792 2043 867 fullonis,

444 887 780 984 egressusque
811 913 884 959 est
914 901 984 957 ad
1014 917 1132 955 eum
1155 896 1379 953 Eliacim
1405 892 1550 965 ﬁlius
1575 888 1797 955 Helcite,
1824 887 1913 958 qui
1937 894 2047 940 erat

445 979 597 1077 super
629 1007 863 1063 domum,
897 1006 947 1050 et
970 995 1151 1051 Sobna
1178 991 1347 1046 scriba
1366 1029 1382 1056 ,
1425 995 1477 1043 et
1507 985 1676 1041 Johae
1704 982 1844 1053 ﬁlius
1871 979 2047 1050 Asaph

445 1115 478 1152 a
509 1075 904 1152 commentariis
931 1087 1066 1160 (lsa.
1089 1101 1274 1152 xxxvi,
1307 1083 1344 1138 2
1372 1090 1419 1136 et
1456 1078 1645 1151 seqq.).
1669 1075 1896 1132 Jubetur
1917 1085 2048 1141 ergo

442 1189 657 1264 ingredi
687 1185 964 1256 Propheta
996 1181 1064 1237 ad
1088 1177 1428 1251 pontiﬁcem,
1455 1173 1546 1245 qui
1569 1168 1872 1233 habitabat,
1893 1165 2048 1235 juxta

446 1257 614 1353 ωἱχ,
643 1284 700 1336 in
730 1275 1093 1351 pastophorio;
1116 1274 1268 1344 juxta
1292 1268 1569 1339 Aquilam,
1594 1265 1646 1317 in
1671 1257 2006 1315 tabernaculo
2030 1271 2050 1310 :

444 1395 546 1452 pro
589 1390 698 1446 quo
727 1386 965 1444 sequens
1000 1367 1326 1424 Hebraicam
1370 1361 1663 1418 veritatem
1700 1353 2046 1411 TheodOtion

448 1444 563 1526 ait:
596 1444 878 1539 Ingredere
905 1463 974 1516 ad
1004 1460 1169 1516 Sacen
1196 1456 1373 1521 istum,
1402 1450 1553 1523 quod
1582 1444 1929 1516 interpretari
1955 1457 2052 1514 po-

452 1568 582 1628 test,
616 1573 820 1629 (Equum
860 1563 907 1610 et
949 1560 1150 1606 rectum
1180 1548 1262 1618 (ut
1299 1545 1515 1601 scilicet
1559 1543 1691 1598 θνατὰ
1729 1540 2045 1613 ἀντὶφρασιν,

1692 228 1753 287 S.
1785 222 2061 285 EUSEBII
2097 215 2491 283 HIERONYMI

441 361 615 420 tendit
648 359 845 422 Deum,
886 355 943 408 et
976 362 1048 407 ne
1090 344 1446 418 pontiﬁcatus
1483 338 1703 412 quidem
1752 336 2039 408 privilegio
2064 335 2266 399 Acim,
2313 330 2405 402 qui
2456 326 2855 397 interpretatur

2908 310 3057 375 Deus
3078 305 3406 389 resurgens,’
3425 304 3746 375 Evangelict

2144 394 2344 480 cultus-
2373 394 2723 478 sacramenta
2776 411 3074 471 monstrari
3132 425 3147 462 :
3197 408 3276 462 ita
3333 413 3390 459 ut
3446 401 3553 456 hoc
3600 394 3749 468 quod

2144 519 2391 590 sequitur
2414 533 2428 570 :
2454 514 2618 588 226
2639 511 2707 566 In
2726 510 2808 566 die
2830 508 2924 564 illo
2938 548 2953 573 ,
2977 505 3104 561 dicit
3127 501 3382 557 Dominus
3403 494 3748 558 exercituum,

2144 582 2410 682 auferetur
2453 582 2710 676 argilla,
2746 600 2833 671 qui
2865 599 3003 668 ﬁxus
3043 599 3215 668 fuerat
3259 591 3316 644 in
3346 589 3461 643 loco
3500 582 3670 656 ﬁdeli,
3695 591 3748 636 et

2144 673 2415 773 frangetur
2442 673 2491 753 et
2534 696 2706 760 cadet,
2747 692 2815 748 ad
2846 688 3050 762 prioris
3090 682 3279 757 populi
3324 680 3539 737 ruinam
3578 673 3754 746 perti-

2148 770 2295 853 neat.
2337 792 2512 849 Nemo
2543 796 2725 845 autem
2768 784 3004 851 dubitat,
3047 787 3105 837 et
3141 779 3297 850 juxta
3337 770 3649 833 historiam,
3686 775 3752 824 et

2142 890 2300 961 juxta
2351 884 2706 956 allegoriam,
2750 879 2880 950 quia
2932 875 3194 948 paxillum
3242 870 3491 935 dixerat,
3541 862 3755 922 servari

2150 960 2525 1049 metaphoram
2564 976 2621 1030 in
2649 970 3010 1042 suspensione
3049 980 3303 1022 vasorum
3346 960 3554 1019 diversi
3582 971 3756 1030 gene-

2149 1072 2227 1127 ris
2254 1089 2268 1127 :
2295 1079 2351 1127 et
2371 1067 2515 1140 quod
2543 1065 2815 1135 prioribus
2843 1062 3050 1125 fractis,
3080 1058 3186 1113 alia
3219 1052 3656 1128 suspendantur.

2223 1162 2384 1236 (Cap.
2417 1158 2611 1217 XXIII.
2637 1186 2709 1199 —-
2740 1157 2898 1211 Vers.
2934 1153 3013 1227 1.)
3049 1151 3196 1208 Onus
3221 1148 3372 1220 Tyri.
3406 1145 3623 1202 Ululate
3652 1156 3756 1197 na-

2148 1275 2233 1314 ves
2262 1257 2445 1324 maris,
2468 1255 2589 1326 quia
2619 1261 2821 1308 vastata
2840 1258 2913 1305 est
2942 1247 3145 1314 domus,
3175 1244 3313 1299 unde
3334 1240 3504 1296 uenire
3531 1251 3756 1292 consue-

2148 1359 2326 1407 verant
2351 1367 2371 1404 :
2398 1353 2462 1404 de
2482 1325 2624 1401 terra
2665 1344 2863 1399 Cethim
2917 1340 3144 1395 revelata
3190 1345 3265 1390 est
3318 1334 3411 1388 eis.
3444 1330 3630 1385 Tacete
3663 1325 3757 1397 qui

2154 1445 2396 1501 habitatis
2425 1444 2481 1497 in
2518 1441 2695 1496 insula
2736 1436 3014 1511 negotiatio
3059 1432 3296 1490 Sidonis.
3328 1425 3670 1486 Manifestius
3697 1431 3759 1479 et

2155 1539 2374 1610 plenius
2404 1534 2660 1592 Ezechiel
2691 1530 2960 1603 propheta
2991 1535 3048 1583 et
3075 1522 3491 1581 subversionem
3520 1518 3674 1591 Tyri,
3698 1525 3760 1573 et

450 1609 1022 1724 iuiquusvintelligatur
1048 1651 1104 1697 et
1128 1635 1455 1713 pravus),ad
1486 1631 1803 1704 pontiﬁcem
1840 1609 2050 1695 templi,
2153 1609 2348 1686 causas
2391 1623 2761 1683 subversionis
2806 1619 3049 1692 exponit,
3101 1617 3328 1673 dicens:
3361 1610 3474 1667 Fili
3502 1609 3756 1676 hominis,

712 1703 773 1796 ei
805 1758 819 1794 :
853 1703 959 1806 (iui
989 1703 1206 1791 habilas
1231 1733 1285 1786 in
1313 1703 1630 1792 domoiDei,
1663 1722 1820 1794 cujus
1841 1720 2050 1775 scelera
2079 1721 2129 1781 B
2155 1738 2250 1795 pro
2272 1736 2333 1775 eo
2358 1718 2497 1790 quod
2524 1717 2656 1772 dixit
2683 1715 2856 1786 Tyrus
2886 1713 2949 1766 de
2974 1708 3267 1765 Jerusalem
3300 1722 3319 1761 :
3348 1703 3516 1775 Euge,
3540 1703 3759 1771 conp-

449 1837 507 1892 in
539 1842 652 1890 tota
689 1831 914 1888 civitate
947 1825 1305 1887 bacchantur,
1348 1835 1448 1876 cur
1474 1830 1704 1873 securus
1732 1827 1792 1869 es
1833 1813 1885 1866 in
1918 1823 2051 1879 0pc-

448 1925 604 1981 ribus
632 1923 762 1990 tuis,
796 1919 955 1990 quasi
999 1932 1109 1971 non
1152 1912 1401 1969 verearis
1438 1908 1600 1981 225
1629 1903 1998 1975 captivitatem
2035 1917 2048 1953 :

453 2012 706 2071 excidisti
753 2010 852 2066 tibi
900 2008 957 2064 in
1003 2016 1156 2078 petra
1192 2003 1525 2074 sepulcrum,
1560 2007 1616 2054 et
1660 2005 1771 2051 tam
1821 1992 2055 2064 superbe

452 2103 762 2171 azdilicasti,
805 2110 866 2158 ut
903 2100 1134 2156 ambitio
1177 2106 1233 2153 te
1273 2104 1329 2152 et
1374 2094 1430 2149 in
1471 2100 1650 2147 morte
1695 2083 2068 2159 sequeretur?

451 2199 595 2256 Audi
616 2212 738 2269 qua:
765 2195 839 2251 sit
862 2195 918 2250 in
949 2203 1002 2250 te
1036 2191 1250 2248 Domini
1283 2186 1557 2244 sententia
1592 2201 1607 2240 :
1640 2181 1913 2254 quomodo
1939 2179 2053 2251 gal—

450 2290 539 2347 lus
565 2288 900 2361 gallinaceus
928 2285 1157 2339 humero
1184 2278 1450 2352 portantis
1472 2275 1741 2341 aufertur,
1769 2282 1827 2329 et
1853 2270 2051 2342 singuli

451 2383 735 2439 hominum
767 2380 954 2436 levant
984 2378 1040 2434 in
1081 2374 1305 2446 scapula
1342 2370 1572 2445 pallium
1612 2383 1771 2424 suum
1809 2384 1822 2418 :
1853 2365 1934 2420 sic
1959 2373 2051 2418 tua

447 2474 624 2531 facilis
652 2474 758 2529 erit
783 2472 838 2527 in
862 2470 1242 2541 captivitatem
1283 2464 1595 2520 translatio.
1619 2458 1859 2516 Habebis
1889 2472 2052 2514 coro-

453 2583 579 2623 nam
605 2581 713 2622 non
744 2563 961 2620 laminae
997 2576 1203 2624 aureae,
1239 2567 1297 2615 ct
1328 2554 1770 2613 sanctiﬁcationis
1809 2552 2049 2619 Domini,

451 2659 548 2717 sed
581 2657 948 2715 tribulationis
970 2664 1026 2710 et
1051 2653 1338 2724 angustiae.
1363 2652 1517 2736 S/icut
1537 2650 1684 2704 enim
1715 2646 1826 2718 pila
1856 2648 1901 2701 si
1929 2646 2052 2701 mit-

454 2759 600 2807 tatur
630 2751 686 2804 in
712 2748 977 2819 proclive,
1009 2753 1157 2800 stare
1181 2758 1290 2799 non
1316 2751 1520 2814 potest,
1548 2740 1646 2797 sed
1672 2739 1848 2795 veloci
1886 2752 2050 2794 cursu

456 2843 693 2899 volvitur
725 2840 840 2895 :ita
879 2847 933 2895 et
964 2846 1022 2893 tu
1052 2836 1118 2892 ad
1157 2844 1357 2892 terram
1392 2833 1709 2889 latissimam
1740 2828 2048 2897 deduceris,

451 2949 616 3007 quam
644 2940 738 2988 aut
764 2930 1086 3003 Egyptum,
1107 2937 1204 2984 aut
1239 2925 1557 2999 Babyloniae
1595 2938 1817 2995 campos
1843 2921 2047 2978 intelli-

453 3041 668 3107 gamus,
706 3026 890 3094 ibique
923 3024 1176 3078 morieris
1207 3039 1221 3074 :
1255 3030 1312 3077 et
1342 3021 1417 3076 ibi
1447 3027 1610 3076 erunt
1635 3031 1829 3073 currus
1859 3015 2048 3087 gloria:

2156 1793 2252 1870 cta:
2285 1820 2404 1870 sunt
2425 1820 2587 1883 portae
2616 1806 2948 1881 papulorum,
2981 1809 3310 1858 conuersaest
3342 1798 3411 1852 ad
3441 1814 3542 1863 me,
3571 1793 3759 1864 imple-

2156 1908 2268 1971 bor,
2296 1907 2497 1959 deserta
2540 1911 2633 1956 est.
2665 1899 2947 1971 Propterea
2991 1897 3098 1950 haec
3123 1894 3247 1947 dicit
3272 1890 3523 1945 Dominus
3569 1887 3705 1941 Deus
3734 1901 3758 1941 :

2156 1999 2291 2054 Ecce
2329 2015 2419 2070 ego
2461 2012 2619 2067 super
2667 2004 2737 2059 te,
2784 1991 2939 2063 Tyre,
2971 1998 3018 2045 et
3047 1987 3322 2043 ascendere
3362 1983 3552 2054 faciam
3590 1980 3659 2034 ad
3706 1991 3759 2035 te

2157 2100 2329 2165 gentes
2357 2089 2574 2155 multas,
2607 2086 2740 2140 sicut
2766 2082 2994 2138 ascendit
3022 2094 3162 2135 mare
3195 2079 3473 2148 ﬂuctuans,
3506 2082 3554 2128 et
3598 2071 3760 2126 dissi-

2154 2186 2289 2259 pabo
2332 2199 2510 2238 muros
2550 2180 2702 2251 Tyri,
2734 2187 2783 2234 et
2830 2176 3094 2231 destruam
3124 2183 3288 2227 turres
3335 2174 3473 2243 ejus,
3497 2177 3545 2223 et
3568 2167 3759 2223 radunt

2155 2258 2414 2351 pulverem
2466 2277 2579 2346 ejus
2608 2272 2672 2326 de
2717 2286 2777 2324 ea
2819 2267 3038 2340 (Ezech.
3070 2263 3317 2331 xxv1,-2,
3349 2271 3397 2315 et
3424 2258 3591 2330 seqq.)
3623 2258 3759 2326 Qua:

2155 2381 2338 2426 autem
2355 2368 2475 2423 ista:
2489 2367 2600 2421 sint
2611 2371 2807 2435 gentes
2823 2361 3029 2429 multae,
3052 2374 3173 2429 quae
3186 2354 3533 2413 inundabunt
3547 2353 3755 2424 Tyrum

2154 2464 2298 2518 sicut
2329 2474 2478 2516 mare
2522 2458 2822 2521 ﬂuctuans,
2860 2452 3180 2509 nominatim
3207 2451 3260 2505 in
3292 2445 3760 2518 consequentibus

2154 2555 2317 2612 docet
2348 2571 2362 2608 :
2391 2551 2526 2608 Ecce
2553 2566 2648 2623 ego
2669 2548 2925 2602 adducam
2949 2545 3018 2599 ad
3045 2542 3242 2615 Tyrum
3268 2539 3759 2596 Nabuchodonosor

2154 2665 2323 2721 regem
2338 2645 2618 2716 Babylonis
2642 2642 2706 2696 ab
2731 2640 3000 2711 Aquilone,
3026 2652 3194 2708 regem
3219 2649 3418 2705 regum,
3448 2648 3567 2685 cum
3587 2629 3753 2701 equis,

2155 2751 2204 2795 et
2215 2719 2454 2795 curribus
2474 2746 2522 2789 et
2533 2733 2806 2803 equitibus,
2828 2740 2876 2786 et
2897 2739 3025 2785 coetu
3049 2726 3345 2800 p0puloque
3357 2739 3567 2795 magno.
3584 2719 3758 2776 Filias

2156 2841 2269 2886 tuas
2297 2845 2413 2901 qua:
2452 2835 2570 2882 sunt
2620 2825 2676 2879 in
2698 2840 2846 2895 agro,
2877 2820 3057 2894 gladio
3080 2816 3404 2886 interﬁciet:
3440 2823 3489 2868 et
3532 2813 3759 2867 circum-

2153 2924 2297 2979 dabit
2322 2932 2369 2977 te
2390 2919 2763 2976 munitionibus
2781 2932 2800 2971 :
2826 2924 2874 2971 et
2896 2911 3233 2984 comportabit
3257 2923 3499 2981 aggerem
3517 2906 3576 2960 in
3601 2920 3756 2978 gyro,

2153 3027 2203 3074 et
2230 3016 2445 3074 elevabit
2472 3023 2651 3068 contra
2677 3021 2725 3065 te
2751 3008 3009 3081 clypeum,
3058 3015 3107 3060 et
3147 3006 3323 3058 vineas
3368 3011 3524 3073 atque
3572 3002 3759 3054 arietes

456 3104 809 3185 tuas,omnes
835 3116 1098 3188 potentiae
1120 3124 1177 3171 et
1204 3128 1358 3186 opes,
1388 3113 1585 3184 quibus
1612 3124 1755 3166 nunc
1779 3109 1945 3164 fultus
1967 3108 2050 3162 in-
2075 3104 2121 3166 C
2155 3107 2452 3181 temperabit
2481 3106 2537 3159 in
2565 3119 2741 3159 muros
2784 3111 2920 3168 tuos,
2951 3107 2999 3153 et
3044 3107 3211 3152 turres
3263 3105 3376 3149 tuas
3425 3092 3654 3147 destruet
3699 3090 3760 3144 in

450 3211 626 3267 cedis.
656 3210 735 3266 lbi
779 3210 985 3266 senties
1032 3206 1386 3279 ignominiam
1426 3205 1623 3260 domus
1669 3202 1880 3257 Domini
1924 3201 2046 3256 tui:

454 3303 581 3374 quia
611 3312 835 3375 propter
861 3316 1028 3371 opera
1066 3300 1235 3366 mala,
1260 3307 1317 3356 et
1344 3297 1611 3353 violatum
1641 3294 1926 3364 Templum
1953 3292 2048 3347 Dci

447 3396 528 3451 tui
558 3395 661 3451 ista
692 3393 941 3466 patieris.
986 3391 1278 3448 Detraham
1320 3399 1373 3445 te
1419 3390 1486 3446 dc
1522 3387 1694 3461 gradu
1738 3396 1853 3452 tuo,
1884 3394 1941 3441 et
1980 3384 2048 3439 de

453 3489 799 3557 pontiﬁcatus
827 3486 1009 3542 ofﬁcio
1042 3485 1353 3555 projiciam,
1376 3492 1432 3538 et
1465 3496 1567 3553 pro
1592 3491 1646 3536 te
1674 3481 1903 3535 Eliacim
1934 3492 2050 3533 ser-

453 3595 582 3634 vum
623 3596 806 3635 meum
853 3578 1026 3633 ﬁlium
1059 3575 1260 3632 Helcia:
1294 3574 1514 3629 induam
1545 3570 1887 3628 vestimentis
1918 3571 2045 3634 tuis,

451 3681 509 3728 et
533 3670 755 3741 cingulo
788 3680 881 3724 tuo
911 3669 1187 3725 decorabo
1213 3686 1228 3722 :
1260 3669 1405 3722 sicut
1446 3666 1672 3721 Eleazar
1706 3662 2051 3720 vestimentis

449 3764 638 3820 Aaron
660 3761 834 3834 patris
863 3760 1089 3817 indutus
1111 3770 1217 3816 est.
1247 3758 1359 3831 ipsi
1382 3759 1526 3815 dabo
1542 3768 1864 3829 potestatem
1889 3757 2050 3814 Tem-

452 3854 553 3926 pli,
580 3855 672 3925 qui
707 3853 910 3910 habeat
939 3853 1199 3924 populum
1242 3866 1352 3908 non
1398 3853 1709 3923 subjectum
1752 3850 1854 3907 sibi
1896 3850 2048 3921 quasi

449 3961 694 4016 servum,
728 3945 828 4003 sed
854 3955 1157 4002 amatorem
1189 3945 1275 4002 sui
1319 3945 1476 4017 quasi
1515 3943 1710 3999 ﬁlium.
1754 3942 1875 4014 Ipse
1910 3943 2052 3998 acci-

449 4041 565 4112 piet
590 4041 799 4097 clavem
837 4040 1034 4097 domus
1060 4054 1219 4107 meae,
1249 4039 1377 4096 etin
1403 4053 1505 4094 suo
1534 4036 1775 4109 portabit
1798 4039 2048 4102 humero,

449 4133 572 4206 ipse
599 4134 820 4191 habebit
844 4134 1299 4190 caeremoniarum
1330 4132 1577 4188 omnium
1609 4136 1952 4201 potestatem.
1985 4129 2053 4184 Et

450 4227 725 4298 quomodo
753 4227 988 4296 paxillus
1021 4226 1068 4281 si
1107 4226 1304 4296 ﬁgatur
1324 4226 1378 4280 in
1411 4226 1622 4295 pariete
1643 4223 1882 4295 Templi,
1914 4231 1969 4278 et
1996 4223 2052 4277 in

453 4319 579 4375 loco
609 4317 928 4373 ﬁrmissimo
966 4317 1290 4384 collocetur,
1319 4316 1501 4372 omnia
1532 4329 1663 4370 vasa
1706 4314 2050 4371 sacerdotum

445 4416 503 4467 et
526 4409 871 4475 Levitarum,
900 4418 1008 4464 tam
1033 4424 1158 4481 quae
1184 4410 1241 4465 in
1261 4408 1547 4467 sacriﬁciis
1571 4409 1878 4464 necessaria
1902 4417 2047 4475 sunt,

2153 3179 2419 3255 armatura
2447 3213 2565 3264 sua,
2596 3203 2650 3253 et
2677 3201 2874 3250 caetera
2903 3205 3023 3261 quae
3042 3202 3214 3260 usque
3238 3184 3306 3240 ad
3330 3185 3496 3239 ﬁnem
3527 3179 3757 3237 visionis

2151 3299 2479 3365 sequuntur.
2504 3290 2637 3346 Nam
2670 3297 2725 3345 et
2758 3288 2813 3343 in
2843 3285 2951 3340 alia
2983 3281 3293 3355 prophetia,
3322 3293 3444 3349 quae
3464 3276 3758 3332 adversum

2150 3385 2441 3458 [Egyptios
2470 3381 2739 3449 cernitur,
2774 3377 2966 3434 eadem
3011 3375 3298 3445 Scriptura
3327 3370 3574 3427 contexit
3602 3385 3616 3420 :
3646 3366 3761 3421 Fili

2154 3477 2397 3545 hominis,
2434 3472 2923 3529 Nabuchodonosor
2969 3483 3064 3522 rea:
3104 3464 3388 3536 Babylonis
3416 3460 3609 3516 servire
3637 3458 3759 3530 fecit

2152 3574 2437 3629 exercitum
2459 3584 2610 3625 suum
2654 3567 2895 3622 servitute
2942 3579 3133 3634 magna
3176 3559 3451 3613 adversum
3497 3553 3693 3626 Tyrum
3738 3566 3761 3606 :

2154 3681 2305 3720 omne
2333 3671 2489 3733 caput
2517 3659 2866 3725 decalvatum,
2908 3665 2955 3711 et
2997 3654 3164 3711 omnis
3193 3652 3438 3707 humerus
3467 3647 3724 3718 depilatus
3743 3687 3760 3713 ,

2152 3768 2200 3815 et
2229 3774 2425 3813 merces
2459 3772 2563 3811 non
2590 3763 2669 3810 est
2698 3752 2906 3808 reddita
2934 3752 3004 3817 ei,
3036 3763 3198 3819 neque
3245 3743 3491 3801 exercitui
3538 3744 3651 3814 ejus
3693 3739 3763 3794 de

2157 3852 2295 3925 Tyro
2344 3848 2558 3922 (Ezech.
2590 3846 2766 3918 XXIX).
2799 3846 2903 3901 Per
2933 3858 3056 3915 qua:
3097 3839 3370 3912 signiﬁcat
3401 3835 3576 3892 multo
3620 3843 3762 3889 tem-

2155 3962 2291 4019 pore
2315 3944 2386 4000 ab
2415 3940 2668 3999 exercitu
2716 3936 3013 4008 Babylonis
3041 3946 3294 4005 aggerem
3325 3936 3756 3999 comportatum,

2155 4018 2216 4095 ut
2243 4038 2391 4107 q‘uod
2419 4043 2609 4106 postea
2640 4030 2768 4087 fecit
2818 4026 3151 4091 Alexander,
3187 4022 3421 4079 insulam
3454 4018 3761 4076 continenti

2158 4142 2316 4188 terra:
2347 4128 2586 4193 socians,
2619 4124 2711 4179 ille
2739 4130 2868 4177 ante
2896 4118 3080 4174 facere
3130 4115 3204 4170 sit
3250 4121 3485 4170 conatus
3542 4110 3759 4183 (Quint.

2156 4222 2307 4279 Curt.
2339 4221 2434 4276 lib.
2464 4214 2882 4290 1v).Quomodo
2929 4226 3061 4282 ergo
3110 4208 3375 4264 adversus
3423 4204 3765 4276 Babylonem

2156 4326 2212 4373 et
2234 4313 2547 4381 Philistiim,
2580 4319 2638 4368 et
2665 4309 2847 4375 Moab,
2878 4315 2935 4363 et
2961 4303 3279 4376 Egyptum,
3310 4308 3369 4357 et
3406 4298 3681 4354 ldumzcos
3704 4306 3763 4353 et

2159 4409 2487 4475 lsmaelitas,
2508 4419 2676 4476 supra
2693 4403 2791 4459 Dei
2818 4399 3300 4458 comminationem
3324 4395 3586 4464 legimus,
3617 4391 3761 4463 quod

447 4515 612 4573 quam
660 4501 845 4557 ⁰¹¹¹¹¹ί⁸
865 4501 1086 4572 Βθηθΐίε
1127 4501 1492 4567 ωυδίοοῐιιιη,
1540 4499 1951 4571 suspenduntur
1998 4500 2053 4554 in
2077 4490 2132 4543 Π
2158 4499 2548 4557 insultaverint
2574 4494 2875 4566 captivitati
2900 4492 3087 4564 populi
3116 4490 3238 4561 ejus
3261 4530 3277 4556 ,
3310 4489 3383 4543 ita
3414 4488 3582 4543 etiam
3618 4499 3762 4541 nunc

445 4609 515 4651 eo
539 4612 554 4650 :
578 4595 660 4651 sic
682 4594 864 4651 omnis
888 4594 1123 4667 populus
1144 4609 1211 4651 ex
1232 4594 1463 4652 Eliacim
1485 4593 1631 4650 servi
1651 4592 1758 4648 mei
1781 4600 2052 4663 potestate
2154 4592 2449 4649 adversum
2478 4588 2640 4661 227
2668 4586 2871 4655 Tyrum
2919 4583 3221 4648 inimicam,
3252 4587 3309 4636 et
3356 4578 3759 4635 insultatricem

444 4690 728 4762 pendebit.
786 4690 943 4759 Quod
995 4699 1181 4746 autem
1238 4690 1316 4745 ait
1362 4706 1376 4743 :
1428 4686 1496 4741 1n
1518 4688 1601 4742 die
1643 4686 1739 4741 illa
1788 4687 2052 4756 auferetur
2153 4681 2845 4741 subversionislerusalem
2868 4677 3155 4750 prophetia
3179 4674 3402 4741 texitur,
3427 4674 3572 4743 quod
3596 4673 3759 4729 etiam

448 4783 684 4854 paxillus
709 4782 797 4854 qui
818 4782 960 4852 ﬁxus
985 4781 1161 4852 fuerat
1185 4782 1241 4835 in
1261 4779 1380 4832 loco
1406 4778 1576 4849 ﬁdeli,
1608 4786 1655 4831 et
1681 4781 1972 4850 frangetur,
2001 4783 2050 4830 et

446 4873 615 4939 cadet,
642 4882 692 4928 et
714 4873 900 4944 peribit
923 4872 1065 4945 quod
1087 4871 1401 4944 pependerat
1437 4870 1493 4923 in
1514 4885 1598 4934 eo,
1628 4868 1750 4939 quia
1792 4867 2045 4921 Dominus

444 4962 650 5018 locutus
679 4973 772 5030 est,
799 4964 958 5019 multi
984 4965 1052 5019 ad
1076 4965 1315 5021 Sobnam
1338 4962 1605 5029 referunt,
1638 4961 1783 5032 quod
1813 4960 2040 5016 Eliacim

444 5052 615 5108 inﬁxa
646 5053 873 5125 paxillo,
905 5052 1059 5124 prior
1084 5055 1322 5124 paxillus
1349 5054 1441 5126 qui
1468 5054 1673 5108 inﬁxus
1694 5050 1893 5117 fuerat,
1920 5065 2042 5106 cor-

445 5152 591 5201 ruat.
630 5143 737 5199 Sed
766 5142 896 5212 quia
920 5144 1175 5214 sequitur
1202 5161 1217 5200 :
1246 5142 1315 5198 Et
1355 5142 1542 5215 peribit
1569 5143 1707 5214 quod
1731 5139 2046 5213 pependerat

443 5237 502 5293 in
529 5253 589 5293 eo
615 5251 639 5294 :
667 5235 817 5308 quod
844 5235 1062 5306 dejecto
1088 5234 1299 5303 Sobna,
1330 5250 1670 5306 nequaquam
1699 5233 1900 5290 factum
1940 5242 2044 5298 est,

446 5331 806 5401 intelligimus
836 5329 944 5385 hoc
971 5329 1105 5397 dici,
1133 5327 1281 5400 quod
1309 5327 1566 5399 deposito
1592 5327 1798 5393 Sobna,
1821 5322 2047 5381 Pontiﬁ-

439 5433 624 5480 catum
647 5423 927 5495 acceperit
951 5422 1204 5491 Eliacim,
1227 5422 1384 5493 cujus
1405 5422 1699 5478 sacerdOtii
1722 5421 2043 5493 dignitatem

441 5517 714 5572 subvertit
765 5525 1014 5572 extrema
1067 5515 1377 5586 captivitas.
1427 5513 1528 5582 Qui
1580 5512 1731 5582 juxta
1780 5515 2041 5587 ἀναγωγήν

443 5616 641 5664 cuncta
678 5609 978 5681 accipiunt,
1010 5607 1204 5664 volunt
1244 5607 1299 5661 in
1344 5606 1550 5663 Sobnae
1588 5605 1915 5661 Pontiﬁcatu
1941 5603 2038 5658 Ju-

445 5698 692 5759 deorum
709 5701 1078 5762 sacerdotium
1100 5702 1324 5768 cadere,
1353 5707 1410 5757 et
1435 5699 1493 5758 in
1513 5697 1860 5759 successione
1890 5696 2035 5754 Etia-

2152 4778 2268 4847 ipsa
2299 4774 2368 4829 ab
2416 4771 2610 4829 eodem
2640 4772 2798 4828 hoste
2828 4771 2904 4825 sit
2951 4762 3304 4826 destruenda.
3335 4765 3597 4836 Legimus
3643 4762 3757 4836 [ΑΙ.

2147 4866 2438 4941 Legamus]
2491 4866 2803 4923 Graecorum
2854 4863 3147 4929 historias,
3178 4870 3235 4918 et
3281 4859 3520 4915 maxime
3567 4871 3759 4912 eorum

2148 4962 2241 5033 qui
2271 4960 2512 5031 Assyriae
2540 4959 2719 5030 gentis
2757 4957 2897 5013 bella
2929 4955 3285 5021 describunt;
3318 4953 3503 5023 ibique
3548 4951 3762 5022 reperi-

2150 5070 2271 5110 mus
2318 5061 2443 5124 post
2487 5050 2861 5124 captivitatem
2914 5049 3255 5115 Jerusalem,
3307 5045 3653 5110 Palestinos,
3701 5052 3761 5097 et

2151 5147 2379 5214 Arabas,
2404 5154 2460 5202 et
2486 5145 2878 5211 Damascenos,
2900 5156 2966 5198 ac
2986 5141 3246 5211 deinceps
3274 5138 3566 5210 Egyptios
3586 5137 3612 5192 l'
3614 5136 3760 5192 uisse

2150 5239 2470 5294 subvorsos.
2496 5235 2654 5304 Quod
2685 5243 2868 5289 autem
2900 5246 3119 5301 semper
3152 5230 3238 5285 has
3261 5237 3494 5300 gentes,
3530 5236 3587 5283 et
3621 5242 3760 5297 pra!-

2150 5331 2311 5401 cipue
2340 5329 2519 5400 Tyrus
2548 5326 2949 5397 impugnaverit
2977 5323 3166 5390 Israel,
3199 5329 3256 5378 et
3277 5322 3331 5377 in
3354 5319 3501 5375 illius
3528 5319 3761 5374 subver-

2152 5423 2309 5479 sione
2338 5422 2516 5476 laetata
2547 5420 2642 5487 sit,
2672 5418 2842 5475 Amos
2868 5418 3133 5490 propheta
3154 5416 3209 5471 in
3231 5413 3462 5471 exordio
3485 5414 3572 5468 sui
3598 5411 3760 5467 volu—

2153 5515 2318 5570 minis
2347 5513 2586 5584 explicat
2611 5511 2821 5580 (Amos.
2850 5507 2912 5582 ι),
2937 5519 2996 5566 et
3023 5506 3264 5565 breviter
3292 5504 3485 5561 laudes
3512 5504 3631 5559 Deo
3658 5516 3761 5558 ca-

2146 5621 2285 5663 nens
2326 5604 2619 5662 Psalmista
2665 5601 2911 5661 declarat
2940 5620 2954 5657 :
2987 5602 3147 5670 Deus,
3179 5600 3294 5671 quis
3317 5593 3507 5654 similis
3535 5597 3635 5651 erit
3664 5596 3761 5665 tibi

2141 5688 2258 5762 [Δὶ.
2291 5697 2429 5769 tui]?
2458 5713 2525 5754 ne
2565 5705 2758 5766 taceas,
2804 5712 2969 5768 neque
2999 5691 3372 5764 compescaris,
3401 5688 3569 5746 Deus.
3614 5689 3765 5756 ρυο-
