4010 6316
481 253 590 316 803
1727 237 1788 294 3.
1829 229 2102 292 EUSEBH

2227 222 2527 288 EBONYMI
3165 229 3172 234 ’
3233 229 3236 234 ’
3679 211 3786 279 901

481 369 706 426 traheret
749 359 1038 435 superbiam
1088 354 1254 410 omnis
1283 352 1468 427 gloria:
1497 365 1516 406 :
1547 359 1594 405 et
1641 351 1709 405 ad
1750 350 2080 422 ignominiam
2107 353 2156 410 Α
2187 349 2268 401 lus
2289 363 2392 400 non
2419 348 2518 416 fuit
2545 362 2563 400 :
2595 345 2758 400 Assur
2788 341 3022 410 fundarit
3043 355 3156 394 eam
3181 338 3236 392 in
3263 339 3647 402 captivitatem,
3679 345 3787 392 trao

483 461 756 518 deduceret
785 431 1049 508 universos
1079 449 1300 520 inclytus
1333 456 1500 500 terrm.
1554 445 1686 510 Quia
1721 458 1882 512 supra
1916 443 2085 495 inter-
2187 438 2450 494 duxerunt
2479 439 2711 492 robustos
2741 438 2876 506 ejus,
2901 432 3220 498 stt/foderunt
3252 432 3434 486 domos
3461 431 3608 486 illius
3632 473 3648 494 ,
3697 445 3790 503 po-

481 551 729 622 rogantis
751 561 904 602 tttnre
933 544 1149 604 dixerat
1181 561 1193 595 :
1232 540 1358 606 Quis
1385 537 1626 608 cogitauit
1663 535 1760 590 hoc
1797 551 1951 603 super
1983 533 2087 602 Ty-
2185 539 2526 584 suerunteam
2555 530 2608 582 in
2635 529 2836 582 ruinam
2888 524 3120 586 Ululote,
3153 539 3306 578 naues
3341 523 3519 584 maris.
3541 525 3668 592 quia
3687 523 3785 622 tte-

482 612 600 704 ruin
625 641 884 710 quondam
911 634 1252 690 coronatam?
1280 631 1432 686 Nunc
1473 629 1590 698 ipse
1619 627 1900 696 respondit
1933 644 1945 680 :
1979 641 2084 680 non
2187 633 2386 676 uastata
2409 635 2478 675 est
2511 621 2756 692 fortitudo
2783 635 2970 674 uestra.
3005 619 3140 685 Quia
3187 629 3350 684 supra
3379 616 3594 670 dixerat
3624 633 3637 667 :
3675 612 3792 668 Du-

481 707 742 796 falorum,
773 743 830 786 ut
852 731 1004 786 stulti
1037 736 1228 796 putant
1253 767 1268 790 ,
1303 727 1381 780 sic
1415 723 1502 778 lilu
1532 723 1762 778 deducta
1785 729 1944 776 sunt:
1981 735 2086 774 non
2190 723 2297 768 cent
2316 731 2425 768 eam
2451 714 2605 783 pedes
2625 713 2706 766 sui
2737 713 2886 780 longe
2907 711 2975 764 ad
2991 707 3420 782 peregrinandum
3444 723 3462 763 :
3483 717 3540 764 et
3565 709 3790 772 iterum,

486 829 725 888 fortuna:
754 825 994 882 cucurrit
1018 833 1160 884 rota,
1193 819 1289 874 sed
1321 818 1413 872 Dei
1441 815 1646 887 judicio
1695 825 1750 868 et
1800 813 1970 882 ipsius
1997 827 2092 866 νο-
2191 807 2380 862 Transi
2407 817 2596 861 terram
2626 817 2764 859 tuam
2791 806 2938 876 quasi
2968 804 3193 872 ﬂumen,
3225 801 3542 871 duplexque
3573 801 3672 854 fuit
3705 813 3800 869 po-

481 921 699 978 luntate
731 917 1028 989 perfectum
1061 921 1144 970 est
1169 953 1185 978 ,
1213 913 1300 982 qui
1331 909 1584 978 superbis
1612 907 1820 962 resistit
1849 947 1863 971 ,
1907 915 1962 960 et
1990 905 2093 958 lm-
2193 902 2352 971 pulns
2378 901 2527 972 Tyri,
2563 915 2752 954 eorum
2784 899 2872 968 qui
2905 897 3184 966 fugerant,
3221 901 3278 948 et
3309 893 3798 948 transitetaverant

484 1012 706 1070 milibus
734 983 828 1064 dat
851 1008 1082 1078 gratiam
1114 1002 1319 1073 (Iacob.
1347 1001 1458 1070 tv):
1505 1007 1560 1054 et
1589 998 1752 1070 230
1780 1005 2094 1052 commonet
2197 995 2256 1050 in
2283 993 2494 1050 Cethim
2524 1034 2540 1058 ,
2591 1003 2645 1048 et
2675 1007 2864 1047 eorum
2899 992 2989 1060 qui
3021 989 3076 1044 in
3109 988 3242 1044 urbe
3273 995 3656 1042 remanserant
3679 1029 3692 1052 ,
3729 983 3799 1041 ad

487 1112 810 1174 arrogantes
858 1097 1188 1156 conditionis
1234 1111 1346 1150 sua:
1373 1135 1388 1156 ,
1443 1099 1505 1146 ut
1549 1093 1761 1145 discant
1795 1087 2091 1158 potentiam
2195 1093 2488 1156 utrumque
2517 1084 2772 1155 loquitur.
2825 1083 2898 1137 De
2927 1083 3012 1136 bis
3038 1083 3126 1150 qui
3157 1081 3405 1150 fugerant
3427 1123 3440 1146 ,
3477 1091 3640 1149 supra
3673 1079 3749 1133 ait
3781 1095 3798 1133 :

488 1198 609 1270 ejus
642 1211 736 1264 per
765 1193 1042 1249 miseriam
1071 1231 1088 1258 ,
1117 1189 1273 1260 cujus
1317 1185 1666 1242 clementiam
1699 1199 1794 1253 per
1833 1181 2095 1237 beneﬁcia
2196 1177 2264 1234 In
2291 1179 2492 1236 Cet/tim
2534 1193 2847 1248 consurgens
2886 1179 3164 1248 transfreta
3189 1217 3202 1238 ,
3231 1175 3301 1228 ibi
3339 1189 3544 1246 quoque
3571 1190 3676 1226 non
3704 1173 3804 1228 erit

492 1267 699 1346 sentire
725 1288 1031 1340 noluerant.
2194 1274 2394 1342 requies
2422 1273 2531 1325 tibi.
2563 1271 2640 1326 De
2669 1272 2752 1325 his
2777 1272 2868 1341 qui
2898 1279 3297 1336 remanserant,
3327 1277 3382 1322 et
3411 1267 3558 1322 ducti
3587 1273 3717 1322 sunt
3749 1267 3802 1322 in

571 1378 752 1449 (Vers.
780 1375 898 1446 10.)
930 1373 1118 1428 Transi
1149 1379 1337 1425 terram
1377 1377 1516 1422 tuam
1547 1365 1692 1436 quasi
1733 1366 1950 1434 flumen,
1983 1363 2097 1432 ﬁlia
2197 1365 2596 1434 captivitatem:
2625 1363 2774 1430 Ecce,
2801 1365 2994 1433 inquit,
3027 1361 3216 1416 accola
3243 1371 3394 1416 terra!
3413 1361 3798 1424 Chaldaeorum,

491 1472 650 1527 maris
680 1486 699 1525 :
723 1485 822 1522 non
849 1477 921 1522 est
951 1464 1214 1535 cingulum
1241 1460 1382 1514 ultra
1415 1461 1524 1512 tibi.
1550 1459 1724 1522 Sicut.
1759 1455 1956 1526 inquit,
1997 1454 2098 1508 ﬂu-
2198 1460 2354 1522 cujus
2374 1461 2672 1526 potentiam
2703 1458 2836 1510 nulli
2868 1457 3046 1525 pepuli
3074 1467 3202 1510 ante
3228 1453 3552 1518 habuerunt,
3585 1463 3640 1507 et
3685 1465 3808 1524 qua

491 1566 636 1628 vius,
665 1564 780 1618 sive
810 1571 867 1615 ut
893 1560 948 1614 in
978 1555 1245 1612 llebraico
1289 1551 1681 1624 significantius
1711 1550 1872 1602 habet
1897 1589 1912 1614 ,
1959 1548 2098 1601 rivu-

503 1656 610 1720 lus,
643 1655 745 1708 hoc
773 1651 917 1706 enim
950 1649 1151 1704 dicitur
1180 1660 1270 1700 ton
1303 1646 1435 1716 (1N7
1459 1643 1498 1714 ),
1536 1643 1690 1695 facile
1720 1641 1979 1694 transitur
2005 1653 2100 1708 pe—

2199 1551 2268 1604 ah
2295 1551 2522 1622 Assyrio
2554 1551 2774 1604 fundata
2796 1557 2898 1614 est,
2919 1547 3348 1603 transduxerunt
3368 1549 3626 1602 rnlutstos
3655 1545 3806 1617 Tyri.

2198 1641 2552 1698 Suftndernnt
2579 1657 2684 1697 non
2715 1643 2890 1696 solum
2927 1655 3133 1700 muros.
3169 1641 3341 1696 sedet
3369 1649 3565 1694 cuncta
3598 1639 3814 1692 habita-

491 1748 560 1804 de
597 1765 610 1801 :
645 1748 717 1802 ita
763 1755 816 1800 et
847 1753 900 1798 tu
933 1751 1140 1797 terram
1173 1749 1320 1792 tuam
1348 1778 1362 1800 ,
1395 1737 1450 1791 ia
1480 1734 1851 1804 captivitatem
1898 1732 2056 1788 ducta
2083 1771 2097 1797 ,
2133 1727 2179 1788 Β
2206 1737 2326 1790 cnla
2370 1737 2604 1790 civitatis
2625 1777 2642 1802 ,
2686 1745 3090 1805 posueruntque
3118 1749 3242 1790 eam
3285 1734 3338 1788 in
3383 1733 3620 1788 ruinam.
3671 1733 3812 1801 Qui:

493 1839 779 1906 transibis,
812 1855 844 1894 0
885 1837 994 1892 tilia
1028 1833 1217 1898 matis,
1245 1833 1334 1888 vel
1363 1830 1488 1898 quia
1524 1829 1700 1882 insula
1729 1843 1792 1882 es
1817 1867 1832 1888 ,
1861 1827 1946 1880 vel
1975 1826 2100 1895 quia

492 1953 656 2007 supra
683 1936 752 1989 de
784 1946 834 1988 te
863 1933 1122 2000 scriptum
1157 1939 1240 1982 est
1269 1945 1282 1980 ;
1311 1925 1456 1980 Dixit
1481 1939 1623 1978 mare
1643 1919 1894 1990 fortitudo
1919 1921 2100 1986 maris,

491 2048 598 2090 non
625 2027 898 2097 parturivi,
922 2035 967 2078 et
995 2040 1096 2076 non
1127 2019 1320 2090 peperi.
1364 2017 1628 2086 Quodque
1657 2017 1840 2079 infert,
1893 2029 1994 2066 non
2025 2019 2101 2064 est

423 2103 434 2116 ’
501 2121 770 2196 cingulum
797 2119 934 2172 ultra
959 2115 1074 2180 tibi,
1103 2127 1262 2181 quem
1309 2125 1534 2164 sensum
1577 2108 1810 2172 habeat,
1861 2103 2104 2172 apertius

503 2211 866 2288 Symmachus
889 2209 1068 2270 docet,
1096 2223 1200 2260 non
1227 2204 1419 2272 poteris
1455 2199 1598 2254 ultra
1627 2199 1880 2262 resistere,
1910 2196 1960 2249 id
1991 2204 2098 2260 est,

501 2281 614 2368 non
661 2304 888 2360 habebis
929 2302 1113 2364 vires,
1163 2311 1263 2350 nec
1306 2293 1582 2348 accinctos
1635 2289 1702 2342 ad
1753 2281 2133 2357 pugnaitdutn

494 2401 716 2458 lumbos
748 2409 888 2463 tuus,
921 2404 980 2448 ut
1009 2391 1186 2460 possis
1216 2384 1546 2442 adversariis
1577 2380 1872 2436 contraire.

566 2495 753 2566 (γει-ς.
785 2491 811 2544 l
827 2489 901 2558 ι.)
927 2484 1142 2540 Manum
1164 2495 1314 2536 suam
1339 2476 1569 2532 extendit
1595 2463 1746 2543 super
1773 2486 1915 2524 mare
1939 2509 1954 2534 ,
1983 2483 2107 2522 con-

494 2560 716 2646 turbavit
745 2597 924 2652 regna.
954 2576 1090 2644 Quis
1109 2571 1360 2628 extendit
1394 2566 1656 2622 manum?
1689 2563 1832 2616 haud
1877 2560 2104 2616 dubium

498 2701 570 2744 ex
602 2685 714 2750 ipsa
750 2674 1020 2734 sermonis
1048 2669 1384 2726 continentia
1413 2667 1538 2736 quin
1577 2661 1720 2718 Deus
1743 2705 1756 2728 ,
1787 2661 1852 2714 de
1883 2675 1989 2730 qun
2017 2674 2109 2714 su-

501 2794 602 2851 pra
634 2777 770 2830 dixit
800 2791 812 2826 :
845 2769 1100 2824 Dominus
1143 2763 1458 2819 exercituum
1487 2757 1725 2828 cogita-uit
1756 2756 1850 2808 Itoc
1873 2795 1890 2821 ,
1935 2763 1988 2808 ut
2018 2754 2108 2807 tle-

503 2845 728 2926 tralteret
767 2860 1056 2932 superbiam
1079 2855 1244 2910 omnis
1271 2852 1472 2924 gloriae.
1528 2845 1793 2902 Extendit
1829 2860 1959 2914 ergo
1997 2859 2110 2896 ma-

505 2977 638 3021 num
668 2973 824 3014 suam
856 2969 1018 3025 super
1057 2949 1240 3002 omnia
1269 2945 1438 3000 maria
1461 2984 1478 3008 ,
1508 2939 1766 2994 smculum
1809 2939 2109 3005 orbemque

501 3053 850 3126 signiﬁmus,
894 3057 950 3102 et
986 3039 1334 3100 conturbavit
1373 3037 1654 3090 universas
1694 3039 1883 3101 gentes
1907 3071 1922 3092 ,
1969 3028 2110 3082 inter

505 3103 672 3220 quas.
701 3153 756 3200 et
788 3103 882 3208 tu,
909 3138 1072 3209 Tyrc,
1107 3131 1322 3190 turbata
1351 3144 1440 3194 es,
1475 3127 1586 3182 sive
1619 3139 1788 3194 super
1819 3136 1976 3176 mare
1999 3163 2016 3188 ,
2055 3121 2108 3174 in
2135 3103 2178 3164 C

507 3255 616 3312 quo
647 3235 868 3308 proprie
892 3230 992 3286 sita
1025 3244 1106 3284 es.

586 3303 768 3404 (versi
795 3323 914 3395 η.)
966 3318 1214 3376 Dominus
1259 3311 1522 3369 mandauit
1553 3311 1794 3364 adversus
1839 3303 2112 3365 Chanaan,

507 3433 566 3481 ut
587 3401 868 3477 contereret
895 3419 1052 3485 fortes
1087 3413 1220 3484 ejus.
1270 3405 1522 3462 Ostendit
1543 3401 1687 3472 quod
1721 3403 1792 3454 sit
1819 3414 1990 3465 mare,
2025 3413 2117 3450 su-

510 3529 612 3586 per
641 3511 784 3581 quod
815 3505 1126 3563 extenderit
1158 3499 1656 3554 Dnminusumuum
1685 3507 1860 3558 suam,
1891 3491 2112 3544 dicens:

515 3583 791 3660 :Mandavit
838 3603 1087 3653 adversus
1126 3592 1397 3645 Chanaan.
1449 3589 1624 3656 'l‘yrus
1677 3586 1826 3640 cuitu
1879 3583 1930 3638 in
1975 3593 2118 3636 terra

517 3695 774 3754 Chanaan
803 3689 1014 3744 condita
1057 3695 1163 3738 est.
1215 3683 1354 3750 Lege
1383 3679 1698 3744 Scripturas
1721 3717 1735 3740 ,
1774 3689 2120 3744 munitaeque

519 3786 880 3856 Evangeiium
931 3779 1138 3854 (Marc.
1171 3792 1242 3830 vu
1271 3780 1286 3844 )
1313 3816 1330 3840 ,
1364 3773 1455 3828 tibi
1493 3771 1910 3842 Syrtsphteuissa
1949 3769 2124 3824 inter-

519 3883 738 3956 pellans
767 3893 863 3947 pro
893 3874 997 3928 lilii
1019 3915 1034 3940 ,
1070 3868 1347 3938 egreditur
1391 3865 1460 3956 de
1499 3872 1568 3916 te:
1585 3879 1638 3915 ra
1673 3861 1930 3956 tlltzttttttttt
1957 3903 1970 3926 ,
2001 3877 2122 3956 qua:

518 3949 719 4028 dicitur
737 3966 930 4022 mulier
949 3962 1272 4016 manatura.
1294 3955 1572 4020 Simulque
1602 3953 1722 4021 quia
1750 3953 1996 4006 dixerat;
2017 3949 2124 4005 Ea:-

523 4066 686 4122 tendil
710 4067 1124 4120 ntattttttt‘suaut,
1157 4067 1224 4106 ne
1251 4057 1568 4116 Operatttcltt
1595 4043 1854 4098 tut'tttltti~
1877 4085 1894 4110 ,
1923 4055 1976 4097 ct
2007 4042 2126 4096 ulli-

524 4161 612 4216 cio
641 4153 916 4226 corporali
945 4148 1198 4204 crederes
1232 4143 1538 4206 Dominum,
1570 4137 1769 4208 adjecit
1791 4177 1808 4206 ,
1841 4123 2160 4202 mandarit,"

525 4263 587 4306 ut
619 4251 712 4303 Dei
742 4245 959 4308 let-isse,
993 4239 1224 4310 jussiSse
1251 4237 1341 4288 sit.

602 4341 784 4414 (νοτε.
809 4337 926 4404 l3.)
953 4333 1019 4388 Et
1045 4331 1174 4386 dixit
1205 4345 1222 4384 :
1253 4327 1372 4382 Non
1389 4325 1604 4392 adficies
1631 4325 1763 4377 ultra
1793 4333 1848 4376 ut
1868 4322 2124 4394 glorieris,

528 4433 840 4489 calumniam
885 4426 1140 4480 sustinens
1167 4463 1180 4486 ,
1223 4422 1366 4491 virgo
1407 4419 1516 4484 [ilia
1568 4417 1812 4476 Sidonis.
1845 4419 1898 4468 in
1928 4415 2128 4470 Cetltint

525 4541 844 4595 consurgens
874 4521 1150 4590 transfreta
1179 4532 1197 4568 :
1220 4515 1292 4568 ibi
1317 4529 1516 4584 quoque
1545 4529 1646 4566 non
1675 4512 1768 4564 erit
1791 4510 1988 4578 requies
2017 4510 2126 4562 tibi.

531 4622 696 4686 Deus,
722 4616 814 4686 qui
843 4612 1100 4684 cogitavit
1123 4609 1418 4662 detrahere
1460 4606 1772 4674 superbiam
1802 4602 1980 4656 omnis
2009 4601 2124 4672 glo-

528 4713 648 4780 riae,
683 4713 774 4780 qui
801 4704 1074 4762 mandavit
1106 4701 1372 4756 adversus
1402 4697 1686 4760 Chanaan,
1733 4705 1790 4748 ut
1819 4702 2134 4748 cauti-reret

527 4805 702 4860 fortes
729 4803 868 4872 ejus,
897 4799 1014 4866 ipsi:
1043 4794 1202 4856 dicit,
1228 4791 1582 4859 Nequaquam
1617 4787 1752 4838 ultra
1784 4786 2128 4854 gloriaberis,

532 4908 590 4954 et
615 4901 670 4952 in
699 4907 790 4952 tua
818 4893 1058 4948 contidcs
1090 4887 1348 4956 polentia.
1381 4883 1428 4938 0
1461 4886 1614 4948 virgo
1643 4881 1749 4934 ﬁlia
1781 4881 2000 4934 Sidonis
2027 4921 2041 4944 ,
2076 4879 2128 4932 i-l

532 5001 638 5056 est,
671 4986 884 5042 culnuia
918 4983 1266 5036 Sidonii-rum
1291 5021 1306 5044 ,
1342 4980 1512 5048 fugit-5
1542 4977 1760 5043 quidem
1797 4975 2022 5028 navibus
2066 4973 2132 5028 ad

538 5081 745 5136 insulas
767 5074 1103 5136 Occidentis,
1132 5088 1226 5125 St‘lt
1261 5073 1312 5126 in
1344 5070 1606 5142 Cyprum,
1635 5079 1688 5122 ct
1907 5080 2134 5128 (zu-teras

536 5173 872 5232 Macednum
889 5157 1222 5235 Graeciaeque
1247 5173 1440 5230 terras,
1473 5163 1566 5218 sed
1593 5174 1644 5216 et
1673 5161 1742 5216 ibi
1764 5203 1780 5226 ,
1811 5163 2134 5215 adversante

537 5269 672 5334 Deo,
708 5245 950 5334 rcqtttem
978 5257 1224 5314 invenire
1256 5273 1360 5308 non
1391 5257 1611 5324 timeris.
1656 5253 1932 5320 Alioquin,
1957 5252 2135 5304 omnis

535 5376 708 5430 vagus
737 5371 900 5427 atque
931 5357 982 5408 in
1023 5353 1155 5406 orbe
1189 5363 1506 5418 peregrinus
1533 5390 1547 5413 ,
1597 5355 1651 5400 et
1681 5347 2010 5400 incertarum
2051 5357 2137 5398 se-

533 5455 708 5520 dium,
742 5465 958 5518 semper
988 5455 1014 5484 α
1043 5441 1394 5514 iuangustia,
1423 5440 1622 5511 iugiter
1653 5439 1708 5494 in
1763 5453 2000 5493 mmrore
2029 5443 2131 5492 est.

613 5547 798 5618 (γεω.
830 5544 919 5607 l5,
954 5539 1067 5610 14.)
1099 5539 1232 5593 Ecce
1250 5549 1385 5591 terra
1412 5537 1794 5598 Chaldmorum,
1826 5534 1944 5587 tatis
1971 5547 2134 5602 popu-

2159 4485 2214 4544 D

2208 1829 2372 1894 igitur
2417 1829 2506 1880 alii
2554 1827 2835 1898 fugerunt,
2884 1826 2976 1880 alii
3021 1827 3163 1896 cap-ti
3211 1833 3364 1892 sunt,
3420 1826 3650 1893 ulnlate,
3708 1841 3810 1880 na-

2207 1933 2324 1978 ves.
2357 1919 2438 1973 vel
2473 1921 2662 1978 maris.
2698 1921 2782 1974 vel
2813 1917 3196 1988 Carthaginis;
3231 1917 3524 1988 negotiatio
3555 1919 3723 1986 etaim,
3757 1925 3815 1973 et

2206 2013 2420 2066 colonia
2451 2023 2628 2066 vestra
2659 2011 2836 2066 (lt-leta
2868 2022 2972 2066 est.
3021 2011 3304 2080 Simulque
3329 2010 3646 2072 considera,
3677 2025 3816 2080 quo-

2207 2106 2370 2162 modo
2398 2105 2699 2160 laudaverit
2729 2105 3035 2160 Cbahla-os.
3077 2103 3196 2160 an
3228 2105 3386 2166 dixit,
3425 2104 3550 2158 talis
3579 2104 3815 2174 populus

2207 2201 2350 2255 ultra
2383 2217 2490 2254 non
2519 2200 2623 2254 erit
2659 2217 2670 2252 :
2709 2200 2980 2270 potentius
3005 2199 3206 2268 quippe
3228 2239 3243 2265 ,
3282 2207 3337 2253 et
3363 2195 3556 2252 durius
3585 2213 3814 2267 regnum

2207 2305 2292 2348 est
2320 2294 2728 2358 Romanorum;
2761 2294 2884 2358 sed,
2921 2302 3042 2346 ante
3069 2307 3170 2345 non
3205 2292 3323 2363 fuit.
3372 2291 3473 2360 Qui
3505 2293 3689 2361 priora
3719 2305 3818 2346 ne-

2208 2387 2376 2457 gavit,
2411 2389 2688 2440 concessit
2711 2385 3014 2454 sequentia.
3067 2421 3072 2424 -

2283 2479 2464 2549 (Vers.
2499 2478 2614 2548 15.)
2669 2477 2738 2532 Et
2761 2479 2860 2532 erit
2899 2480 2951 2531 in
2981 2479 3064 2531 die
3090 2476 3184 2531 illa
3209 2519 3222 2540 ,
3253 2477 3308 2530 in
3333 2475 3592 2530 obliuione
3615 2475 3718 2530 eris
3739 2518 3754 2541 ,
3787 2491 3820 2528 ο

2213 2569 2256 2624 Τ
2257 2589 2382 2641 gre,
2413 2572 2740 2641 septuaginta
2777 2571 2964 2630 annis.
3017 2571 3147 2624 sicut
3192 2569 3302 2624 dies
3337 2569 3472 2640 regis
3511 2570 3686 2622 unius.
3731 2565 3818 2622 Alt

2212 2665 2317 2720 hoc
2349 2667 2468 2720 loco
2499 2681 2668 2735 usque
2697 2668 2750 2718 in
2787 2665 2950 2719 tinem
2984 2664 3144 2734 hujus
3172 2663 3492 2732 prophetiae,
3518 2663 3666 2734 Tyro
3689 2675 3814 2730 pro-

2209 2773 2368 2826 ειιυηι
2399 2763 2715 2812 nuntiantur
2741 2801 2753 2820 ,
2784 2758 2928 2826 quod
2957 2757 3154 2812 debeat
3195 2773 3360 2824 agere
3387 2753 3768 2826 penitentiam
3793 2797 3808 2820 ,

2211 2851 2358 2924 quod
2381 2855 2576 2909 iterum
2604 2855 2934 2908 exstrttetula
2966 2851 3069 2916 sit,
3115 2851 3256 2918 quod
3307 2853 3652 2920 septuaginta
3700 2861 3818 2903 tau—

2209 2955 2324 3002 tum
2351 2949 2506 3001 anuis
2537 2990 2550 3013 ,
2581 2948 2776 3010 quibus
2821 2955 2874 3000 et
2907 2946 3166 3016 templum
3200 2945 3288 3000 Dei
3336 2944 3645 3000 desolatam
3675 2941 3818 3008 fuit,

2212 3043 2340 3112 'l‘yri
2368 3041 2654 3095 sulwersio
2681 3049 2898 3094 inanest
2931 3055 2942 3091 :
2990 3049 3046 3093 ut
3077 3037 3231 3106 enim
3263 3037 3434 3092 ruinis
3477 3035 3774 3090 insultabat
3801 3079 3816 3101 ,

2215 3145 2268 3190 et
2301 3136 2576 3189 ruinarum
2605 3134 2722 3202 ejus
2771 3141 2982 3200 tempus
3015 3131 3275 3185 imitetur.
3326 3129 3684 3198 Septuaginta
3717 3143 3820 3181 au-

2215 3237 2322 3284 tem
2352 3243 2523 3282 annos
2551 3229 2711 3281 unius
2741 3227 2885 3292 regis
2908 3268 2923 3294 ,
2969 3223 3128 3280 multi
3157 3233 3348 3294 putant
3374 3220 3820 3276 Nabuchodono-

2215 3337 2308 3376 Sor
2350 3319 2454 3375 dici
2483 3362 2497 3386 ,
2549 3319 2744 3390 quibus
2775 3333 2998 3388 regnum
3030 3317 3207 3389 gentis
3235 3317 3473 3388 Assyriae
3511 3315 3564 3368 in
3599 3313 3824 3370 Jerusa-

2217 3413 2324 3466 lctn
2371 3410 2752 3480 permanserit.
2817 3411 2925 3465 Alii
2982 3409 3310 3481 generaliter
3359 3408 3776 3474 pronuntiatum
3807 3451 3822 3473 ,

2218 3505 2362 3574 quod
2387 3505 2477 3572 qui
2511 3505 2725 3572 longum
2761 3503 3022 3573 regnandi
3053 3509 3268 3571 tempus
3295 3499 3566 3568 habuerit,
3605 3509 3826 3569 septua-

2219 3601 2368 3670 ginta
2399 3613 2572 3651 annos
2598 3600 2834 3652 transire
2866 3613 2970 3651 non
3007 3600 3195 3666 possit.

2297 3691 2460 3763 232
2485 3690 2666 3762 (Vcrs.
2695 3689 2810 3761 l6.)
2841 3690 2966 3744 Post
2990 3687 3320 3762 septuaginta
3340 3699 3510 3742 autem
3539 3701 3702 3742 annos
3732 3698 3828 3741 erit

2225 3783 2368 3854 Tgro
2392 3783 2542 3854 quasi
2567 3785 2818 3838 canticum
2853 3784 3146 3837 meretricis.
3185 3781 3344 3838 Smne
3381 3781 3636 3836 citharam
3663 3825 3678 3845 ,
3721 3783 3828 3836 cir-

2225 3877 2358 3928 cumi
2390 3877 2662 3939 civitatem,
2703 3877 2948 3930 meretrix
2974 3875 3214 3929 oblivioni
3245 3875 3436 3930 tradita
3461 3918 3474 3936 .
3517 3877 3642 3930 bene
3668 3891 3827 3941 cane,

2228 3971 2500 4040 frequenta
2526 3971 2801 4030 canticum,
2829 3979 2886 4023 ut
2915 3969 3160 4024 memoria
3199 3971 3272 4023 tui
3301 3971 3386 4022 sit.
3416 3969 3552 4034 Quia
3570 3983 3691 4023 cum
3713 3972 3830 4034 plu-

2229 4063 2385 4118 rimis
2415 4064 2664 4132 gentibus
2693 4062 2952 4117 fornicata
2983 4080 3071 4128 es,
3105 4072 3158 4117 et
3184 4063 3490 4117 desulnlttm
3519 4071 3572 4116 te
3597 4061 3826 4116 nudam-

2229 4173 2336 4226 que
2373 4165 2430 4212 et
2471 4159 2798 4226 captivitatis
2847 4159 3190 4228 squalentem
3219 4159 3474 4211 sordibus
3503 4199 3518 4222 ,
3560 4169 3829 4211 amatores

2232 4251 2442 4319 pristini
2471 4261 2939 4321 contempserunt,
2961 4264 3176 4305 assume
3205 4265 3348 4306 nunc
3367 4251 3634 4304 citharam
3657 4294 3670 4312 ,
3701 4263 3832 4304 cun-

2231 4343 2444 4410 getnina
2471 4346 2740 4407 carmina,
2771 4341 2996 4396 circumi
3025 4341 3294 4396 civitate-ui
3323 4383 3336 4398 .
3368 4343 3566 4410 plange
3609 4343 3832 4410 lup-utar

2235 4435 2547 4500 pri-uiuum.
2580 4443 2636 4488 et
2667 4436 2873 4504 aiitfqui
2902 4437 3102 4488 erroris
3137 4435 3363 4503 vestigia
3397 4435 3658 4504 lacrymis
3689 4435 3830 4499 lava,

2239 4535 2296 4574 ttt
2327 4525 2502 4589 peresis
2533 4523 2624 4576 ὓνί
2658 4524 2710 4576 in
2739 4533 2790 4578 te
2819 4525 3244 4580 misericordiam
3280 4539 3606 4594 provocare.

2311 4621 2488 4690 (Vt-rs.
2527 4622 2640 4692 Π.)
2671 4621 2736 4676 Et
2761 4625 2876 4690 erit,
2911 4635 3028 4695 post
3054 4623 3378 4698 septuaginta
3417 4641 3586 4680 atinas
3615 4625 3838 4679 uisitabit

2237 4715 2492 4773 Dominus
2523 4719 2720 4792 Tyrum
2738 4768 2749 4784 ,
2783 4733 2834 4778 et
2861 4725 3070 4779 reducet
3097 4745 3208 4780 eam
3245 4729 3310 4780 ad
3357 4745 3550 4780 merces
3597 4745 3717 4782 suos
3745 4770 3760 4792 ,
3787 4737 3834 4782 et

2237 4837 2446 4874 rursum
2478 4825 2820 4892 fornicnbitur
2847 4844 2964 4880 Cum
3007 4829 3258 4883 uniuersis
3299 4831 3470 4900 regnis
3503 4843 3655 4886 terra
3683 4847 3834 4901 super

2241 4924 2425 5014 faciem
2453 4937 2620 4980 terrte.
2657 4927 2780 4980 llaec
2803 4927 2982 4980 omnia
3011 4927 3157 4994 juxta
3195 4929 3473 4982 historiam
3511 4934 3730 4998 expleta
3751 4945 3836 4986 es-

2241 5040 2322 5090 se,
2356 5029 2610 5082 consertis
2638 5026 2949 5082 Graecorum
2969 5071 2984 5094 ,
3013 5041 3063 5084 et
3099 5031 3413 5086 l’llmuicum
3466 5033 3664 5088 litteris
3691 5032 3833 5087 indi-

2242 5136 2416 5192 catur,
2451 5127 2590 5193 qund
2639 5137 2759 5196 post
2794 5125 2932 5180 LXX
2963 5143 3136 5182 annos
3167 5129 3466 5183 instaurata
3491 5170 3510 5193 ,
3553 5132 3622 5188 ad
3651 5141 3838 5200 poten-

2245 5227 2369 5279 tiam
2405 5225 2681 5292 pristinam
2728 5227 2800 5279 sit
2827 5241 3078 5290 reversa,
3115 5239 3170 5283 et
3217 5229 3510 5298 negotiatio
3562 5233 3838 5286 universa-

2241 5341 2360 5382 rum
2408 5328 2646 5397 gentium
2707 5327 2864 5381 fuerit
2893 5369 2908 5394 ,
2960 5344 3094 5397 quas
3128 5343 3228 5400 ego
3279 5341 3404 5397 puto
3449 5329 3842 5388 fornicationes

2241 5429 2506 5499 appellari
2533 5471 2550 5496 ,
2600 5437 2658 5483 ut
2699 5402 2974 5497 quomodo
3017 5430 3108 5500 qui
3141 5429 3438 5485 fornicatur
3463 5473 3477 5498 ,
3510 5433 3580 5487 ad
3613 5433 3842 5501 lupanar

2239 5529 2560 5600 ingreditur,
2591 5539 2646 5586 et
2670 5530 2979 5586 mercedem
3012 5531 3178 5602 stupri
3207 5531 3400 5588 tribuit
3434 5550 3449 5587 :
3479 5535 3563 5591 sic
3591 5545 3644 5592 et
3674 5534 3846 5589 insta—

613 5738 638 5766 ἰ
671 5729 798 5783 Erat
825 5739 1021 5793 semper
1051 5724 1104 5774 in
1135 5717 1374 5788 angustia
1393 5716 1594 5788 jugitcr
1616 5723 1660 5768 et
1689 5712 1740 5765 in
1773 5724 2003 5764 mturare.
2046 5707 2362 5779 llnjusmodi
2393 5710 2498 5766 alia
2527 5707 2720 5764 menda
2752 5722 2897 5778 sape
2919 5723 2982 5764 ex
3017 5723 3150 5764 ms.
3177 5709 3558 5768 emam”,
