4010 6346
758 349 1396 411 COMMENTARIORUM
1435 353 1501 410 IN
1539 354 1774 416 ISAIAM
1809 357 2237 417 PROPIIETAM
2278 360 2405 417 LIB.
2441 360 2528 418 VI.
2571 361 2725 418 CAP.
2759 361 2896 420 XIII.

3372 367 3478 424 210

202 471 293 539 qui
321 471 420 526 sibi
455 468 655 526 traditi
694 469 913 532 fuerint,
942 469 994 523 in
1029 472 1171 526 mala
1221 481 1375 538 parte
1419 487 1771 531 consensum.
1804 479 1855 538 Α
1882 493 1964 530 res
1994 478 2386 547 apprehendent
2411 495 2497 533 eos
2523 495 2542 532 :
2575 480 2699 533 illos
2733 479 2938 548 legatos
2981 481 3329 549 interpretari
3355 500 3480 554 pos-

289 560 519 616 Dumintts
542 563 854 615 exercituum
879 565 1114 635 precepit
1135 567 1334 619 militia:
1361 563 1505 627 belli,
1528 569 1775 622 venienti-

220 653 311 707 bus
349 655 410 707 de
451 664 575 706 terra
609 652 788 723 procul
817 671 850 707 a
882 658 1176 710 summitate
1201 658 1318 712 caeli
1365 673 1384 712 :
1415 657 1690 725 Dominus,
1723 669 1774 715 et

218 762 333 802 vasa
355 749 535 815 furoris
558 749 687 819 ejus,
723 758 777 800 ut
805 748 1070 815 disperdat
1111 767 1312 804 omnem
1351 761 1556 805 terram.
1586 751 1730 807 LXX
1757 772 1768 806 :

217 837 448 893 Dominus
465 840 689 894 Sabaoth
713 843 958 910 prtrcepit
982 844 1119 908 genti
1141 843 1564 908 bellicosissima,
1597 859 1651 899 nt
1685 863 1770 900 ve-

213 933 309 986 niat
343 935 400 986 de
420 942 548 986 terra
570 934 853 1006 longinqua
882 953 912 986 a
931 953 1135 990 suntmo
1153 943 1205 1003 ἦ
1224 939 1563 1008 fundamento
1612 945 1632 1008 ζ
1659 941 1774 995 εωίὶ

211 1022 466 1086 Dominus,
503 1036 546 1078 et
574 1023 846 1080 bellatores
873 1029 1010 1092 eius,
1053 1040 1107 1082 ut
1137 1031 1441 1101 disperdttnt
1480 1033 1774 1087 unirersum

210 1116 390 1169 orbem.
443 1115 850 1174 Fundamentum
890 1121 1052 1175 obl-lo
1097 1125 1514 1190 prtetiotandum
1569 1139 1673 1179 est.
1715 1127 1772 1180 In

207 1205 420 1274 Rugum,
439 1219 490 1262 et
519 1209 964 1275 Paraliponwnon
998 1213 1274 1270 volumine
1297 1216 1523 1286 legimus
1551 1217 1615 1284 (II
1643 1218 1770 1287 Reg.

207 1313 353 1356 xxiv;
387 1298 400 1350 Ι
433 1297 552 1352 Par.
589 1303 733 1368 xxi).
763 1302 905 1369 quod
947 1304 1024 1356 ira
1077 1305 1172 1359 1)‹εἰ
1219 1321 1450 1362 accensa
1505 1309 1576 1364 sit
1611 1325 1776 1377 super

204 1386 353 1443 Israel
401 1394 618 1461 quando
646 1393 813 1447 David
860 1401 1164 1451 numeravit
1196 1399 1479 1469 populum,
1510 1412 1562 1454 et
1604 1401 1777 1456 olli-n-

202 1480 270 1534 dit
304 1484 603 1537 Dominum.
637 1483 694 1538 In
742 1484 975 1541 Ps‘almis
1023 1503 1242 1558 quoque
1293 1489 1552 1544 serihitur
1597 1508 1610 1544 :
1661 1490 1772 1545 Do-

201 1574 338 1635 mine,
381 1592 439 1628 ne
478 1576 532 1630 in
585 1577 766 1645 furore
791 1588 882 1632 tuo
911 1595 1106 1648 arguas
1132 1597 1230 1644 me,
1279 1597 1443 1644 neque
1480 1582 1535 1634 in
1571 1583 1651 1635 ira
1687 1594 1806 1637 tua'

197 1668 427 1738 corripias
452 1685 550 1731 me,
589 1679 644 1722 et
667 1682 864 1724 cauera
901 1669 987 1723 liis
1020 1672 1242 1729 simiiia.
1285 1690 1384 1742 pro
1429 1690 1538 1742 quo
1568 1675 1669 1744 logi
1722 1674 1773 1729 in

196 1758 451 1826 citjnsdam
494 1758 786 1830 (Basiliam
823 1761 1096 1833 intelligit)
1143 1763 1600 1826 C0tttmetttartis,
1635 1764 1770 1819 iram

1878 582 2092 635 sumus,
2153 585 2288 638 quos
2335 573 2484 626 cives
2533 572 2795 626 mi~erant
2849 573 3140 627 adversum
3187 591 3332 636 eum,
3384 577 3474 644 qui

1877 662 2156 733 prolectus
2180 672 2300 716 erat
2331 665 2380 717 in
2416 675 2616 718 teriam
2649 666 3020 735 longinquam.
3047 679 3102 720 ut
3128 668 3230 722 sibi
3250 685 3472 735 regnum

1877 761 2083 821 peteret
2120 753 2269 826 (Luc.
2319 771 2427 812 XIX.
2457 755 2574 824 ‘27).
2610 755 2762 812 Unde
2797 761 2914 826 ipse
2947 761 3186 826 loquitur
3219 761 3268 812 ilt
3305 759 3474 814 Evan-

1873 849 2014 916 gelio
2052 866 2064 902 :
2103 846 2353 904 Inimicos
2388 862 2580 914 autem,
2617 855 2705 922 qui
2737 853 3014 906 noluerunt
3042 869 3123 907 me
3151 871 3368 924 regnare
3391 870 3479 908 su-

1876 957 1966 1010 per
1992 958 2064 1004 se,
2089 942 2330 996 adducite
2350 941 2473 1011 huc,
2504 954 2552 996 et
2578 945 2856 1014 interﬁcite
2883 961 3056 998 coram
3085 963 3185 999 me.

1947 1032 2128 1104 (Vers.
2177 1039 2258 1102 8.)
2301 1033 2575 1088 Torsiones
2617 1045 2668 1089 et
2716 1037 2922 1090 dolores
2977 1037 3220 1090 tenebunt
3259 1053 3279 1092 :
3325 1040 3478 1109 quasi

1875 1128 2169 1198 parturiens
2199 1127 2443 1182 dolebant
2475 1143 2493 1182 :
2523 1130 2876 1200 unusquisque
2903 1130 2972 1183 ad
3003 1132 3298 1196 proximum
3323 1149 3476 1186 suum

1875 1221 2098 1291 stupebit
2133 1238 2151 1272 :
2183 1221 2340 1289 [acies
2371 1223 2649 1276 combusta,
2697 1225 2869 1276 vultus
2899 1239 3097 1277 eorum.
3128 1223 3260 1277 Cum
3314 1239 3482 1278 vene-

1875 1312 1987 1366 rint
2017 1312 2225 1367 Domini
2258 1315 2553 1369 bctlatm'es
2776 1315 2844 1368 de
2882 1327 3024 1370 terra
3067 1317 3385 1386 longinqua,
3418 1329 3476 1373 et

1877 1419 2068 1460 omnes
2113 1421 2305 1459 manus
2356 1406 2554 1460 fuitt'itt
2602 1410 2914 1469 ιιιδδυιιιιςιε,
2966 1419 3020 1462 et
3068 1423 3165 1461 cor
3219 1409 3474 1478 pavidum

1875 1507 2039 1566 atque
2084 1499 2414 1563 contritum;
2465 1507 2592 1551 tunc
2619 1499 3021 1567 stropltomata,
3071 1515 3194 1570 qum
3227 1515 3328 1554 nos
3362 1514 3466 1555 tor-

1877 1591 2062 1645 siones
2113 1591 2319 1644 ventris
2353 1591 2695 1658 interpretati
2728 1608 2938 1652 sumus,
2967 1603 3022 1647 et
3052 1593 3271 1646 dolores
3325 1605 3477 1649 tene-

1879 1681 2012 1736 bunt
2042 1697 2160 1748 eos,
2191 1683 2397 1737 similes
2427 1683 2711 1738 doloribus
2736 1685 3178 1752 parturientinm.
3222 1684 3323 1738 Per
3354 1699 3482 1753 quae

1877 1776 2185 1828 Ostenditur
2217 1775 2459 1844 torqueri
2511 1790 2608 1830 eos
2642 1778 2857 1843 propria
2903 1775 3276 1839 comcieutia,
3313 1786 3364 1829 et
3402 1777 3481 1829 ta-

195 1847 278 1904 Dei
303 1866 451 1918 po~se
475 1854 712 1923 intelligi
743 1857 1076 1910 contrariam
1110 1855 1505 1918 fortitudinem,
1543 1858 1630 1911 cui
1663 1869 1773 1913 tra-

1882 1867 1989 1921 cies
2019 1867 2220 1921 habere
2248 1870 2564 1922 combustus
2583 1882 2650 1921 eo
2678 1867 2820 1934 igne,
2851 1881 3012 1935 quem
3038 1866 3140 1919 sini
3174 1865 3476 1922 succende-

193 1939 353 1996 diutor
389 1944 454 1999 ad
502 1946 867 2014 puniendum.
916 1946 986 2002 de
1013 1964 1120 2018 quo
1151 1960 1205 2003 et
1227 1952 1278 2002 in
1330 1963 1527 2004 octavo
1562 1955 1770 2019 psalmo

189 2045 462 2093 cantatur:
499 2036 574 2093 Ut
626 2039 866 2093 destruas
906 2039 1198 2102 inimicum.
1242 2050 1288 2096 et
1329 2042 1549 2095 ultorem
1589 2041 1766 2114 (Psal.

190 2139 291 2187 \‘ltt.
339 2128 410 2201 5).
447 2129 696 2184 Passum
725 2131 1020 2186 bellatores
1052 2133 1160 2188 dici
1185 2134 1276 2202 qui
1309 2135 1376 2190 de
1406 2142 1552 2189 terra
1584 2137 1773 2201 procul

184 2219 394 2275 Veniunt
624 2234 680 2277 et
706 2241 734 2277 a
768 2239 984 2278 smnnto
1005 2225 1155 2288 caeli,
1179 2229 1343 2281 etiam
1377 2227 1612 2281 ministri
1657 2228 1764 2283 An-

187 2313 302 2380 geli,
327 2319 415 2383 qui
449 2319 500 2370 ιιι
529 2314 726 2370 ιιιιιιιάί
757 2326 1226 2374 consummatione
1250 2321 1502 2374 mittendi
1535 2333 1683 2383 sunt,
1714 2329 1773 2376 ut

186 2410 499 2466 zizaniorum
536 2414 852 2482 manipulos
883 2414 1106 2479 faciant,
1155 2427 1206 2470 et
1249 2426 1534 2484 separatos
1583 2432 1610 2468 a
1659 2417 1772 2471 fru-

187 2515 356 2557 mento
383 2506 650 2561 incendio
691 2518 993 2575 praeparent
1021 2508 1361 2576 sempiterno
1391 2508 1604 2572 (Matth.
1629 2513 1770 2578 sui).

183 2590 356 2650 Omnis
403 2614 631 2669 quoque
676 2607 820 2654 terra
870 2601 1230 2667 disperditur,
1286 2602 1503 2668 quando
1555 2609 1769 2656 terrena

183 2700 331 2753 Opera
363 2691 791 2748 subvertantur.
836 2693 975 2748 Sunt
1004 2704 1060 2747 et
1097 2694 1188 2747 alit
1218 2695 1432 2748 Domini
1480 2694 1772 2750 bellatores

180 2781 414 2841 instructi
448 2798 731 2842 armatura
775 2789 1028 2855 Apostoli
1052 2831 1067 2851 ,
1101 2789 1195 2858 qui
1225 2789 1466 2852 quotidie
1496 2789 1550 2841 in
1583 2790 1770 2843 Eoi-le-

177 2874 270 2937 sia,
301 2895 424 2950 quae
453 2883 742 2953 οἰκουμένη,
779 2881 828 2934 id
858 2893 937 2934 est
969 2883 1129 2946 orbis,
1167 2888 1224 2935 et
1266 2882 1492 2935 habitata
1522 2882 1774 2951 intelligi-

177 2974 275 3033 tur,
327 2971 658 3042 dispertiunt
687 2987 804 3036 eos,
847 2982 903 3027 et
955 2972 1311 3037 interﬁciant,
1352 2974 1443 3042 qui
1490 2973 1775 3043 eriguntur

173 3073 351 3116 eoatra
383 3065 678 3119 scientiam
707 3067 823 3120 Ili-i.
1177 3127 1195 3133 _

233 3154 424 3226 (Vers.
487 3159 547 3221 6,
582 3157 662 3226 7.)
705 3157 941 3220 Ululate,
973 3159 1095 3226 quia
1119 3174 1282 3227 prope
1301 3167 1374 3212 est
1404 3158 1516 3212 dies
1540 3157 1774 3222 Domini,

1875 1968 1998 2013 rant
2041 1976 2054 2012 :
2095 1959 2218 2028 quia
2253 1974 2358 2013 non
2394 1971 2618 2026 possunt
2649 1959 2834 2013 direre
2875 1975 2888 2011 :
2917 1957 3197 2028 Signatnm
3228 1970 3301 2012 est
3324 1974 3484 2021 super

1873 2067 1966 2105 nos
1991 2052 2162 2105 Itrmen
2193 2053 2363 2105 vultus
2397 2052 2495 2118 tui,
2545 2050 2766 2104 Domine
2795 2049 2916 2121 (Ps.
2960 2066 3032 2113 tv,
3069 2051 3166 2120 7);
3207 2056 3263 2103 ci.
3298 2066 3314 2103 :
3365 2048 3480 2104 Nos

1872 2159 2048 2197 omnes
2077 2142 2301 2197 revelata
2350 2144 2504 2214 facie.
2539 2141 2762 2214 gloriam
2797 2143 3007 2196 Domini
3053 2145 3479 2214 contemplantes,

1871 2236 1925 2290 in
1951 2239 2187 2291 eumdem
2227 2239 2506 2309 imaginem
2537 2241 2980 2304 transformamur
3004 2234 3071 2303 (II
3094 2234 3221 2290 Cor.
3248 2252 3323 2299 ιιι,
3362 2235 3479 2306 I8).

1875 2329 2260 2400 Unusquisque
2282 2341 2368 2384 stu
2379 2330 2600 2396 peltitad
2630 2330 3127 2394 prosimumsnum,
3153 2332 3343 2384 videns
3356 2345 3481 2384 eum

1872 2423 1926 2478 in
1990 2420 2198 2475 eisdem
2233 2436 2358 2475 esse
2410 2420 2724 2484 tormrntis,
2773 2421 2973 2489 quibus
3045 2423 3160 2489 ipse
3189 2432 3486 2474 cruciatur.

1944 2515 2127 2584 (Vers.
2163 2515 2248 2587 9.)
2290 2513 2426 2569 Ecce
2454 2515 2565 2569 dies
2603 2515 2813 2568 Domini
2857 2514 2990 2567 venit
3035 2513 3285 2578 crudelts,
3317 2523 3365 2566 et
3388 2515 3482 2568 in-
3521 2556 3528 2562 ,

1872 2609 2192 2681 dignationis
2231 2609 2434 2678 plenus,
2485 2616 2536 2662 et
2588 2611 2681 2662 ira?
2718 2607 3040 2679 furorisque,
3087 2605 3158 2658 ad
3185 2605 3482 2677 ponendam

1874 2711 2063 2756 terram
2101 2704 2153 2756 in
2185 2703 2540 2768 solitudinem,
2575 2713 2870 2773 peccatores
2910 2704 3025 2771 ejus
3051 2705 3392 2754 conterendos
3417 2697 3484 2753 de

1874 2811 1955 2849 ea.
1990 2795 2094 2849 Pro
2125 2804 2268 2849 terra
2302 2797 2658 2865 Septuaginta
2689 2807 2782 2855 τήν
2813 2796 3129 2866 οἰκουμένην.
3166 2793 3216 2846 id
3261 2805 3366 2852 est.
3400 2809 3488 2846 or-

1875 2885 1984 2938 bem
2038 2887 2380 2955 interpretati
2427 2897 2558 2940 sunt
2603 2902 2618 2939 :
2671 2901 2770 2955 pro
2822 2886 3065 2946 crudeli,
3118 2883 3482 2938 insanabilem.

1874 2974 2009 3028 Cum
2046 2973 2190 3028 enim
2223 2968 2340 3028 dies
2391 2975 2476 3029 vel
2523 2975 2736 3040 ledIt'Ii,
2792 2975 2880 3029 vel
2932 2973 3126 3028 mortis
3176 2973 3485 3038 advenerit,

1878 3065 2192 3134 implebitur
2223 3067 2355 3120 illttd
2386 3067 2532 3135 quod
2566 3069 2618 3120 in
2657 3077 2817 3120 scxto
2869 3068 3079 3131 psalmo
3129 3067 3325 3131 It'eitur
3357 3084 3371 3120 :
3417 3063 3484 3121 In

1875 3158 2085 3229 inferno
2112 3167 2282 3210 artem
2324 3159 2442 3227 quis
2466 3154 2796 3223 conﬁtebitur
2847 3157 2936 3210 tibi
2963 3159 3080 3224 (Ps.
3117 3176 3190 3223 vi,
3219 3159 3319 3228 6)?
3361 3157 3482 3215 Non

167 3251 308 3315 quasi
345 3252 570 3303 vastitas
598 3269 628 3302 a
660 3248 888 3304 Domina
916 3252 1104 3304 ueniet.
1146 3249 1430 3317 Propterea
1456 3266 1631 3303 omnes
1667 3267 1773 3303 ma-
1801 3247 1846 3309 C
1879 3260 1963 3304 est
2013 3250 2158 3303 enim
2210 3249 2340 3302 illud
2394 3258 2611 3316 tempus
2660 3250 3012 3316 pmnitentize.
3044 3251 3138 3303 sed
3174 3267 3479 3318 pinnarum.

166 3355 259 3394 nus
289 3341 670 3405 dissolvuntur,
692 3353 741 3394 et
767 3358 916 3394 omne
941 3359 1027 3395 cor
1059 3342 1284 3395 hominis
1311 3342 1551 3406 tubescct,
1577 3349 1624 3394 et
1650 3356 1776 3393 con-

165 3440 377 3489 teretur.
406 3435 684 3501 Quoniam
728 3436 1024 3488 bellatores
1055 3433 1273 3487 Domini
1305 3435 1515 3488 venturi
1545 3442 1694 3498 sunt,
1719 3443 1774 3487 ιιι

168 3525 493 3594 disperdant
536 3541 758 3581 omnem
796 3535 1022 3588 terram,
1070 3528 1294 3591 ulnlate,
1328 3540 1374 3580 et
1413 3529 1554 3596 agite
1601 3528 1775 3596 pteni-

171 3623 391 3674 tentiam
453 3620 656 3689 quibus
684 3634 841 3689 pmua
879 3628 1105 3674 ventura
1147 3630 1250 3674 εει.
1297 3620 1472 3688 Prope
1507 3634 1590 3674 est
1627 3622 1770 3676 enim

171 3710 282 3765 dies
311 3714 563 3778 Domini,
599 3714 681 3768 vel
711 3715 1208 3768 oonsnmmatinnis
1235 3715 1404 3766 totius
1436 3714 1644 3780 mundi,
1683 3724 1768 3769 at-

169 3820 270 3875 que
293 3809 512 3877 iudicii,
545 3810 629 3863 vel
662 3812 842 3864 exitus
872 3810 1292 3879 uniuscujusque
1335 3809 1406 3866 de
1443 3812 1570 3864 vita.
1612 3809 1769 3865 Venit

171 3904 313 3955 enim
370 3918 397 3952 a
453 3901 686 3955 Domino
741 3901 1116 3970 deprmdatio,
1176 3918 1337 3967 quam
1385 3917 1482 3956 nos
1527 3902 1768 3957 diximus

175 3993 515 4052 vastitatem.
564 4005 994 4053 utserVuremns
1028 3995 1426 4059 tne'aplioram,
1464 4001 1591 4060 quia
1623 4010 1768 4064 pra:-

171 4083 388 4139 ntiserat
424 4086 744 4142 bellatores.
769 4085 904 4142 Cum
935 4087 1050 4141 dies
1072 4086 1284 4156 indicii,
1314 4087 1398 4140 vel
1421 4087 1769 4140 domuitionis

170 4184 479 4246 advenerit,
513 4203 703 4239 omnes
735 4200 925 4240 manus
951 4185 1345 4246 dissolventur,
1395 4183 1590 4250 quibus
1628 4181 1768 4234 dici-

172 4283 262 4328 tur
292 4277 344 4329 in
368 4277 479 4331 alio
504 4279 630 4331 loco
655 4295 668 4329 :
695 4275 1097 4347 Confortamini,
1129 4289 1312 4325 manus
1335 4273 1623 4324 dissolntte.
1651 4270 1773 4323 Dis-

173 4366 451 4422 sttlvensnr
479 4377 664 4421 autem
711 4382 938 4425 manus:
973 4371 1102 4432 quia
1130 4363 1338 4416 nullum
1371 4375 1513 4426 opus
1543 4361 1768 4422 dignum

176 4454 265 4511 Det
297 4461 513 4521 iustitia
553 4459 890 4524 reperietur:
926 4455 994 4510 Et
1017 4473 1119 4510 non
1149 4451 1532 4524 justiﬁcabitur
1561 4451 1611 4503 in
1649 4466 1775 4503 con-

172 4562 336 4618 spectu
369 4557 488 4626 ejus
525 4553 692 4606 omnis
734 4553 907 4605 tinens
949 4549 1067 4616 (Ps.
1115 4565 1280 4613 cun,
1328 4547 1408 4614 ἓ).
1457 4545 1611 4601 Unde
1645 4546 1776 4599 Pro-

1880 3341 1945 3394 Et
1987 3340 2039 3393 in
2068 3341 2178 3393 alio
2210 3341 2330 3394 loco
2352 3339 2555 3392 dicitur
2582 3357 2595 3392 :
2628 3340 2796 3404 Quam
2831 3357 3020 3410 magna
3054 3339 3332 3396 multitudo
3360 3343 3480 3396 dul-

1878 3432 2076 3487 cedinis
2107 3441 2232 3496 tute,
2265 3431 2510 3494 Domine,
2542 3449 2698 3502 quam
2728 3433 3040 3486 abscondisti
3071 3435 3367 3487 timentibus
3395 3437 3485 3489 te!

1878 3525 2024 3594 Ergo
2051 3524 2408 3578 absconditur
2440 3526 2604 3578 multa
2637 3523 2733 3579 Diei
2773 3526 3150 3579 misericordia
3183 3528 3252 3578 ab
3280 3527 3364 3579 Itis
3390 3509 3484 3596 qui
3507 3513 3520 3526 ’

1874 3618 2051 3671 adlmc
2101 3617 2154 3671 in
2191 3617 2387 3670 timore
2416 3625 2540 3670 sunt
2570 3618 2755 3686 positi,
2804 3627 2858 3671 et
2906 3617 3201 3686 perlectam
3245 3618 3339 3674 Dei
3372 3636 3480 3678 non

1873 3707 2075 3764 habent
2115 3709 2467 3775 elutritatem,
2512 3718 2572 3764 tit
2605 3710 2733 3764 dum
2765 3711 3045 3764 crudelem
3082 3712 3304 3767 audiunt
3337 3713 3486 3769 diem
3538 3743 3543 3751 ·

1873 3799 2127 3866 Domini,
2151 3810 2207 3855 tt
2235 3800 2627 3857 insanabilem.
2663 3813 2719 3856 et
2754 3803 3142 3871 indignationis
3175 3803 3485 3872 furorisque

1872 3896 2116 3964 plenutn,
2170 3911 2402 3965 peccare
2451 3897 2746 3951 desistant.
2794 3897 3032 3951 Ponetur
3077 3913 3295 3968 quoque
3334 3900 3484 3955 orbis

1871 3993 1954 4046 νινΙ
1989 4004 2133 4047 terra
2170 3995 2223 4045 in
2255 3992 2633 4058 solitudinem,
2667 3999 2725 4046 et
2780 3976 3096 4059 peccatores
3126 3999 3484 4045 eonterentur

1871 4085 1940 4141 de
1965 4101 2052 4147 ea,
2087 4102 2208 4155 qua:
2238 4087 2387 4153 prius
2421 4096 2768 4153 peccatorum
2802 4097 2973 4135 (Illtfl'e
3020 4082 3372 4148 gravabatur,
3419 4091 3478 4135 ut

1873 4159 2068 4231 deletis
2102 4177 2441 4245 [tertiusque
2487 4173 2826 4238 sceleribus,
2865 4169 3073 4226 habitet
3114 4182 3170 4226 et
3204 4181 3390 4241 regnet
3426 4171 3481 4228 in

1877 4275 2020 4321 terra
2049 4268 2166 4322 sola
2194 4268 2426 4336 iustitia.

1947 4359 1965 4421 ί
1980 4361 2132 4412 \‘ers.
2163 4359 2273 4421 t0.)
2297 4361 2558 4426 Quoniam
2587 4361 2753 4415 stellae
2784 4360 2920 4426 caeli,
2947 4368 2996 4414 et
3026 4360 3274 4432 splendor
3299 4377 3482 4416 earum

1877 4464 1980 4501 non
2011 4449 2304 4514 expandent
2357 4453 2529 4504 lumen
2571 4467 2725 4505 suam
2752 4468 2772 4505 :
2798 4453 3160 4516 obtentbratus
3210 4463 3286 4507 est
3315 4457 3392 4507 sol
3431 4456 3487 4511 in

1878 4551 1996 4594 ortu
2021 4556 2134 4596 suo.
2166 4549 2214 4592 et
2247 4539 2374 4593 luna
2401 4557 2504 4592 non
2533 4543 2821 4611 splendebit
2853 4546 2904 4595 in
2937 4543 3132 4596 lumine
3152 4561 3269 4597 suo.
3294 4544 3436 4600 LXX
3465 4564 3481 4600 :

175 4643 331 4709 pheta
363 4647 494 4699 dicit
555 4646 607 4698 in
643 4645 865 4710 psalmis
901 4662 912 4696 :
950 4642 1010 4699 Si
1039 4643 1342 4713 iniquitates
1369 4638 1634 4703 attendas,
1665 4636 1771 4692 Do-
1799 4629 1854 4689 D
1881 4630 2063 4690 Stella:
2106 4630 2240 4683 enim
2293 4629 2407 4683 cteli
2437 4640 2486 4683 et
2544 4631 2732 4692 Orion,
2793 4641 2838 4682 et
2899 4635 3068 4686 ornuis
3109 4648 3323 4691 ornatus
3370 4636 3487 4689 ειειί

176 4735 324 4797 mine,
353 4738 473 4800 quis
513 4735 784 4790 sustinebit
828 4733 950 4807 (Ps.
999 4749 1181 4800 οιιιι,
1217 4733 1313 4801 5)?
1339 4732 1514 4786 Omne
1553 4747 1772 4799 qunque

178 4837 287 4888 cttr,
313 4829 430 4882 sive
479 4832 664 4881 anima
716 4827 953 4880 nominis
988 4825 1263 4888 tabescet;
1308 4831 1366 4876 et
1397 4822 1614 4889 pavebit
1640 4836 1776 4876 con-

177 4915 400 4972 scientia
435 4917 655 4989 peccati
679 4918 786 4973 sui.
816 4917 940 4972 Ilaec
966 4926 1051 4972 est
1079 4917 1201 4972 dics
1233 4916 1582 4970 formidulosa
1610 4925 1776 4984 atque

180 5011 457 5074 terribilis,
488 5011 559 5064 de
589 5026 694 5077 qua
727 5018 782 5063 et
811 5009 1118 5078 Soplionias
1159 5008 1394 5070 IO-‘iullltt‘
1441 5023 1455 5058 :
1487 5004 1703 5060 Metuite
1745 5022 1778 5060 a

175 5103 306 5170 faeie
334 5101 554 5157 Domini
582 5119 603 5158 :
629 5104 751 5172 quia
790 5117 950 5174 prope
992 5110 1066 5153 est
1107 5100 1218 5154 dies
1257 5096 1466 5152 Domini
1497 5100 1690 5170 (Soph.
1736 5115 1774 5165 ι,

178 5191 288 5261 Η).
340 5195 408 5249 Et
439 5210 660 5249 rursum
713 5211 726 5246 :
776 5191 943 5247 Juxta
985 5201 1062 5247 est
1110 5191 1219 5244 dies
1271 5189 1481 5243 Domini
1523 5204 1712 5257 magna
1754 5203 1776 5242 :

179 5304 356 5356 prope,
380 5299 430 5343 et
457 5289 614 5344 velox
643 5289 818 5342 nimis.
854 5289 919 5341 Et
942 5289 1106 5341 Amos
1136 5302 1148 5337 :
1190 5281 1298 5346 Vte,
1332 5283 1529 5350 inqttit,
1557 5282 1647 5352 qui
1677 5282 1770 5334 dc-

178 5379 403 5436 siderant
431 5383 570 5436 diem
600 5380 811 5435 Domini
835 5396 855 5434 :
880 5378 1060 5448 utquid
1090 5377 1229 5431 vobis
1267 5376 1376 5428 dies
1406 5373 1637 5430 Domini.
1660 5389 1775 5443 qua:

179 5473 398 5530 tenebrte
453 5488 598 5540 sunt,
643 5485 689 5528 et
737 5490 839 5529 non
891 5473 983 5528 lux
1038 5473 1218 5544 (Amos
1265 5486 1320 5535 v,
1357 5469 1775 5540 18)'lQnodqne

177 5561 325 5630 iusta
361 5565 512 5622 LXX
542 5567 786 5621 additum
819 5576 902 5620 est
931 5585 944 5618 :
969 5563 1313 5619 turbabuntur
1343 5561 1520 5633 legali,
1552 5571 1598 5614 et
1625 5562 1776 5616 dolo-

247 5709 272 5736 ⁸
314 5699 597 5754 Cltisileem
618 5716 636 5753 :
667 5699 895 5754 Verbum
929 5697 1248 5752 HebraiCnm
1280 5703 1636 5760 corrumpunt
1664 5694 1778 5749 edi-

184 5747 358 5825 tiones
390 5747 608 5824 [2:57am
655 5782 711 5825 et
742 5747 869 5824 ituri
909 5769 962 5823 ni
992 5811 1006 5831 ,
1037 5769 1275 5838 legenti»
1307 5747 1432 5824 “DD
1468 5747 1634 5821 cesile
1661 5766 1778 5838 sine

184 5839 344 5897 afﬁxo
370 5841 718 5914 pronomine,
749 5848 804 5896 et
833 5837 1107 5910 tinti'qttatn
1143 5837 1430 5895 lectionem
1465 5837 1777 5905 Hieronymi

1877 4729 2049 4782 lumen
2081 4739 2233 4776 suum
2260 4739 2358 4776 non
2392 4723 2585 4776 dabunt
2613 4719 2721 4793 [AL
2749 4721 3028 4794 habebunt]
3061 4741 3074 4776 :
3108 4735 3155 4777 et
3183 4723 3487 4777 obtenebra-
3563 4787 3569 4794 ,

1872 4822 2068 4874 buntur
2120 4815 2228 4872 sole
2265 4819 2482 4878 oriente.
2509 4831 2558 4872 et
2595 4817 2722 4872 luna
2760 4833 2863 4869 non
2910 4817 3054 4871 dabit
3093 4818 3267 4871 lumen
3295 4835 3470 4872 suum.

1878 4913 2077 4967 Prom
2106 4910 2248 4981 quod
2279 4926 2376 4965 ιιος
2427 4909 2767 4978 interpretati
2823 4922 3034 4977 sumus,
3085 4907 3333 4978 splendor
3380 4926 3476 4966 ea-

1877 5023 2029 5066 rum,
2067 5005 2206 5058 haud
2239 5005 2460 5058 dubium
2509 5005 2638 5072 quin
2679 5001 2961 5056 stellarum
2998 5005 3189 5073 Aquila
3221 5013 3275 5058 et
3304 5002 3485 5059 ΤΙιι-οο

1885 5099 2034 5154 dolio
2067 5099 2242 5168 ipsum
2282 5096 2505 5149 verlunn
2542 5104 2834 5159 posuerunt
2870 5093 3194 5150 Hi-liraicntn
3236 5104 3262 5134 ⁸
3317 5112 3485 5152 cattu-

1884 5209 2026 5250 ιεειι
2067 5167 2336 5262 (inﬁmos)
2371 5205 2385 5241 :
2432 5201 2530 5256 pro
2576 5202 2681 5257 quit
2711 5186 2853 5242 LXX
2890 5187 3138 5244 Orionem
3181 5190 3473 5245 transtule-

1880 5294 2030 5350 runt,
2064 5283 2326 5336 addentes
2372 5280 2440 5332 do
2463 5295 2584 5340 suo,
2631 5290 2679 5333 et
2724 5283 2888 5333 omnis
2919 5295 3137 5336 ornatus
3168 5281 3302 5340 caeli,
3336 5284 3483 5348 quod

1881 5369 2481 5442 obelo‘prtenotandnm
2518 5381 2622 5425 est.
2654 5368 2818 5441 240
2841 5370 3100 5423 Orionem
3137 5381 3317 5422 autetn
3347 5383 3483 5439 gen-

1882 5467 2055 5524 tilimn
2113 5464 2307 5516 lalutlze
2353 5462 2544 5516 dicunt
2574 5463 2764 5529 viginti
2794 5462 2932 5512 duas
2961 5460 3168 5514 habere
3211 5459 3417 5526 Slt'IIﬂS,
3450 5474 3486 5516 ο

1883 5558 2079 5630 quibus
2119 5567 2352 5626 quatuor
2397 5553 2572 5607 tertiae
2637 5548 3028 5620 magnitudinis
3087 5557 3234 5613 sunt,
3290 5564 3484 5606 novem

1884 5708 2164 5750 cutsthttu
2192 5691 2412 5744 omnino
2439 5686 2712 5742 vitiantes.
2742 5687 3010 5742 Murus.

1956 5793 2025 5805 ..-
2057 5765 2294 5827 auctius,
2322 5770 2377 5815 nt
2409 5760 2648 5822 videtur,
2682 5761 2734 5814 in
2788 5759 2958 5809 \‘atw.
2997 5770 3100 5810 ms.
3130 5754 3350 5811 Xileem.
3383 5757 3493 5815 Re-

1887 5836 2136 5905 coloqua:
2159 5837 2229 5892 do
2255 5839 2362 5891 hoc
2380 5831 2647 5889 vocabulo
2660 5843 2825 5901 supra
2838 5837 3219 5888 annotavnnus
3230 5832 3335 5889 col.
3361 5829 3496 5889 ns.
