4010 6338
208 341 309 400 illi

665 381 672 386 ς
749 341 1390 400 COMMENTARIORUM
1421 342 1488 398 IN
1527 341 1763 400 ISAIAM
1803 341 2225 402 PROPHETAM
2258 347 2386 403 LIB.
2436 348 2522 406 Vl.
2565 349 2719 406 CAP.
2766 353 2904 408 XIV.

3370 357 3474 414 9M

205 457 444 520 hominis,
475 455 684 509 inveniet
700 455 849 524 [idem
877 471 1035 524 super
1060 463 1248 508 terram
1295 455 1449 526 (Luc.
1485 471 1635 520 ινιιι,
1668 457 1765 525 8)τ
1793 461 1842 521 Α
1869 460 1958 530 qui
1981 471 2250 530 argentum
2271 479 2371 516 non
2397 475 2654 534 quierant,
2707 485 2796 522 nec
2819 483 3003 522 aurum
3032 471 3189 524 uelint
3219 488 3238 526 ι
3270 474 3361 526 sed
3379 489 3472 527 sa-

208 558 331 602 tunc
352 559 403 603 et
432 548 548 604 coiit
583 548 940 601 movebuntur
964 559 1018 602 et
1054 559 1221 602 terra.
1267 547 1478 604 Catum
1513 551 1658 603 enim
1710 559 1768 605 et

207 651 344 694 terra
379 638 792 708 pertransibunt,
827 652 931 691 non
961 653 1056 692 sua
1091 641 1370 694 voluntate
1392 684 1406 706 ,
1441 650 1495 694 et
1543 643 1768 711 proprio

201 733 454 795 arbitrio,
488 738 539 782 ut
583 731 826 798 plerique
880 731 1186 792 mstiutant.
1222 730 1514 785 animantia
1548 747 1608 786 ea
1643 747 1770 787 esse

197 822 499 882 credentes;
532 822 622 875 sed
653 833 864 892 propter
903 822 1312 892 indignationem
1340 823 1545 877 Domini
1571 826 1768 878 exerci-

199 923 348 972 tuum.
376 924 419 967 et
436 923 641 982 propter
661 913 794 966 diem
813 916 1006 984 furoris
1027 917 1160 985 ejus,
1185 916 1274 985 qui
1301 930 1512 984 resptctt
1533 928 1761 982 terram,

196 1012 246 1056 et
276 1003 390 1057 laclt
414 1019 528 1058 eam
566 1017 824 1058 tremere.
861 1004 1014 1060 Unde
1047 1007 1148 1060 hoc
1185 1006 1328 1072 quod
1363 1010 1414 1060 iu
1451 1006 1592 1060 LXX
1632 1007 1767 1063 dici-

197 1107 296 1161 tur,
330 1096 500 1150 caelum
521 1098 652 1150 enim
677 1099 857 1168 feriet,
882 1107 1237 1170 μιτωνυμικῶς
1261 1101 1637 1169 accipiendum
1668 1114 1768 1170 pro

194 1189 294 1252 his,
348 1192 434 1260 qul
479 1201 762 1245 versantur
803 1195 855 1245 itt
882 1197 1042 1255 caelo,
1069 1193 1347 1263 quomodo
1390 1195 1434 1246 si
1482 1193 1763 1258 dicamus,

192 1283 356 1336 oumis
406 1284 597 1338 civitas
646 1283 1033 1351 conclamavit,
1084 1295 1138 1339 et
1170 1285 1385 1340 obs-iatn
1415 1286 1586 1355 judici
1640 1286 1768 1340 urbs

192 1374 425 1429 universa
473 1379 758 1445 processit.
804 1377 1186 1432 Fundamenta
1243 1392 1374 1432 vero
1402 1387 1564 1432 terrae
1609 1385 1667 1432 et
1710 1377 1764 1431 itt

190 1467 482 1522 Proverbiis
514 1470 747 1538 legimus
782 1487 795 1522 :
829 1469 968 1524 Deus
997 1469 1253 1539 sapientia
1282 1469 1521 1538 fundauit
1574 1480 1767 1524 terram

189 1557 354 1628 (Prov.
378 1561 584 1631 ut,l9).
614 1561 679 1615 Et
702 1561 768 1616 ad
785 1561 889 1616 Job
914 1562 1153 1632 loquitur
1177 1563 1442 1618 Dominus
1472 1577 1486 1615 :
1521 1561 1620 1616 Ubi
1646 1577 1765 1616 eras

183 1656 372 1723 quando
395 1657 685 1726 [undabant
709 1669 900 1711 terram
925 1656 1068 1730 (Job.
1099 1671 1329 1722 suun,
1362 1657 1591 1728 4)?Non
1619 1657 1766 1727 quod

186 1755 313 1800 terra
356 1750 543 1803 habent
582 1750 940 1806 lundamenta
982 1750 1251 1820 profunda
1307 1750 1452 1806 mole
1510 1750 1759 1817 detecta;

1871 555 2016 624 gittis
2053 560 2296 619 parvulos
2327 558 2661 627 interficiant.
2694 570 2740 613 et
2776 563 3087 617 lactentibus
3120 563 3465 636 uteri[Vulg.

1871 647 2054 719 uteris]
2085 665 2185 701 non
2215 653 2573 716 misereantur,
2605 661 2651 706 et
2676 670 2835 721 super
2857 654 2993 720 ﬁlios
3012 672 3111 709 non
3141 666 3313 724 parcet
3346 673 3473 710 ocu-

1871 739 1952 792 lus
1980 754 2178 791 eorum.
2211 739 2526 795 imenimus
2557 745 2608 795 in
2636 744 2834 799 Geni-si
2859 744 3068 813 (Cenes.
3098 746 3157 818 ι)
3180 746 3324 812 quod
3353 743 3472 801 Haa

1871 827 1959 880 dai
1987 838 2177 883 auctor
2201 833 2378 897 gentis
2411 832 2688 886 Medorum
2722 833 2906 900 fuerit,
2940 837 3033 902 qui
3063 836 3469 905 interpretatur

1869 935 2133 986 mensura,
2163 923 2280 976 site
2307 941 2336 975 tt
2360 935 2585 994 potente,
2614 927 2696 978 vel
2728 927 2872 996 forti.
2917 925 3084 996 Igitur
3113 939 3303 982 contra
3359 928 3469 983 Ba-

1873 1013 2151 1083 bylonios,
2209 1014 2308 1084 qui
2369 1024 2551 1070 mente
2598 1017 2810 1071 confusi
2866 1028 3019 1083 sunt,
3061 1019 3400 1073 suscitantur
3431 1024 3464 1074 ἁ

1872 1118 2092 1174 potente
2113 1115 2167 1160 et
2199 1106 2322 1162 l‘orti
2347 1104 2459 1159 Deo
2491 1107 2726 1162 ministri
2759 1111 2825 1162 ad
2858 1109 3194 1177 puniendum
3251 1109 3470 1164 fortitu-

1869 1198 2013 1254 diuis
2044 1215 2057 1250 :
2110 1210 2167 1252 ut
2199 1198 2431 1253 reddant
2459 1200 2751 1270 unicuique
2777 1202 3077 1255 secundum
3120 1216 3284 1269 opera
3339 1215 3462 1258 sua.

1869 1291 1924 1345 in
1949 1305 2055 1360 qua
2084 1291 2229 1345 enim
2261 1308 2513 1346 mensura
2560 1296 2730 1348 mensi
2789 1305 2912 1349 sunt
2939 1335 2956 1361 ,
3001 1298 3325 1358 remetiatur
3355 1299 3460 1352 eis.

1870 1383 2180 1437 Mensuram
2229 1385 2485 1453 agitatam
2525 1394 2687 1454 atque
2726 1402 3049 1441 concussam
3083 1395 3138 1441 et
3169 1387 3381 1456 plenam
3409 1394 3466 1440 et

1869 1474 2404 1540 supercli‘untleutom
2429 1480 2715 1534 restituent
2751 1478 2802 1532 in
2835 1479 2989 1532 sinus
3018 1494 3212 1532 eorum
3243 1475 3464 1548 (Matth.

1868 1578 1980 1630 xu,
2006 1562 2195 1618 etLttc.
2222 1573 2320 1630 vi).
2341 1567 2441 1633 Qui
2469 1582 2569 1620 nec
2589 1577 2874 1638 argentum
2903 1584 3002 1624 nec
3028 1585 3245 1632 autum,
3275 1569 3327 1623 id
3356 1578 3460 1635 est,

1870 1671 1969 1711 nec
1999 1657 2198 1727 eloquii
2225 1659 2704 1728 pulchritudinem,
2739 1677 2840 1716 nec
2871 1676 3101 1718 acumen
3130 1663 3333 1732 ingenii
3359 1704 3372 1727 ,
3403 1663 3462 1722 in

1865 1749 2061 1819 quibus
2083 1752 2186 1803 sibi
2209 1761 2335 1804 ante
2366 1751 2731 1818 plaudebant,
2764 1754 3029 1822 recipient
3072 1770 3086 1806 :
3136 1754 3234 1808 sed
3281 1753 3460 1822 pinnis

182 1841 265 1891 sed
286 1832 528 1896 voluntas
549 1851 607 1895 et
634 1851 879 1912 potestas
896 1841 1019 1905 Dei,
1049 1859 1152 1912 qua
1176 1842 1359 1897 omnia
1383 1843 1757 1907 continentur,
1789 1853 1837 1913 Β
1865 1839 2110 1896 :tl‘ticieut
2153 1840 2410 1906 traditos;
2458 1852 2514 1896 et
2561 1843 2726 1915 2“
2770 1846 3010 1913 parvulis
3035 1859 3100 1898 ac
3131 1845 3461 1900 lactentibus

181 1930 506 1987 fundamenta
542 1934 690 1988 illius
722 1934 1044 2004 appellanda
1082 1944 1228 1989 sunt.
1271 1933 1392 2002 Ipse
1417 1935 1562 1989 enim
1596 1951 1761 2004 super

181 2023 332 2078 muria
389 2027 638 2081 fundavit
669 2043 823 2094 eam,
880 2037 938 2083 et
983 2043 1148 2098 super
1187 2027 1412 2083 ﬂumina
1463 2029 1760 2083 collocavit

179 2128 304 2180 eam,
336 2127 386 2172 et
418 2121 535 2187 ipse
573 2121 838 2190 appendit
869 2136 988 2175 eam
1019 2136 1186 2191 super
1220 2120 1378 2175 nihili
1417 2119 1538 2190 (Ps.
1591 2135 1756 2185 sum;

177 2206 281 2262 Job.
308 2213 474 2282 sxw).

239 2301 413 2374 (Vera.
445 2306 670 2372 ili-16.)
693 2304 757 2359 Et
777 2309 875 2362 erit
893 2309 1042 2379 quasi
1055 2308 1270 2363 damula
1290 2308 1514 2381 fugiens,
1539 2318 1591 2362 et
1609 2308 1758 2377 quasi

174 2408 286 2462 grex
304 2397 492 2460 ouium,
529 2409 700 2451 etnon
722 2402 817 2452 erit
855 2401 945 2470 qui
981 2410 1250 2473 congregat
1273 2417 1292 2454 :
1319 2401 1669 2469 unusquisque
1687 2399 1757 2453 ad

175 2485 404 2553 populum
427 2504 582 2542 suurn
603 2501 978 2554 convertentur,
1002 2500 1052 2545 et
1085 2488 1279 2560 singuli
1297 2490 1364 2544 ad
1397 2501 1585 2544 terram
1605 2507 1756 2544 suam

172 2573 372 2647 fugient.
403 2579 590 2635 Oenotis
620 2584 711 2652 qui
734 2583 968 2637 inuentus
999 2587 1174 2653 fuerit,
1199 2584 1486 2646 occidetur,
1519 2592 1568 2636 et
1587 2584 1756 2637 omnis

171 2669 247 2734 qui
265 2676 614 2743 supervenerit
633 2717 646 2740 ,
689 2677 835 2730 cadet
863 2679 914 2730 in
937 2677 1132 2747 gladio.
1157 2675 1396 2746 Infantes
1418 2692 1596 2730 eorum
1633 2676 1756 2730 alli-

171 2758 344 2815 dentur
362 2767 416 2818 in
438 2767 609 2820 oculis
647 2783 868 2826 eorum:
907 2770 1220 2834 dmipientur
1258 2769 1441 2822 domus
1478 2785 1672 2828 eorum.
1705 2775 1754 2821 et

167 2865 340 2907 uxores
376 2873 560 2912 eorum
589 2860 934 2915 violabuntur.
963 2860 1118 2918 Ccelo
1159 2869 1414 2930 terraque
1443 2863 1753 2926 commotis,

166 2939 326 3012 fugiet
353 2948 620 3005 diabolus
659 2953 884 3007 coluber
906 2962 1207 3017 tortuosos,
1240 2954 1321 3008 vel
1368 2970 1528 3008 omne
1558 2954 1754 3023 dogma

164 3044 497 3095 contrarium
525 3045 763 3112 veritati,
794 3044 956 3117 2‘3
978 3046 1124 3116 quod
1154 3048 1205 3100 itt
1234 3048 1523 3116 magistros
1554 3063 1616 3101 ac
1645 3048 1758 3102 disc

161 3128 364 3199 cipulos
391 3136 666 3190 scinditur
687 3177 702 3203 ,
731 3154 963 3207 quorum
999 3142 1214 3208 priores
1237 3149 1262 3180 ιι
1299 3151 1522 3209 propter
1549 3139 1758 3216 ὀξυδὲρ-

1867 1935 2000 1986 uteri
2028 1947 2135 1986 non
2164 1932 2591 1999 miserebuntur,
2637 1947 2694 1988 ut
2739 1937 2914 2004 magis
2945 1937 3328 1994 misereantur.
3361 1937 3461 1994 At-

1862 2040 1967 2095 que
1993 2027 2194 2080 utinam
2219 2037 2268 2078 et
2302 2040 2402 2080 nos
2433 2029 2762 2081 suscitemttr
2790 2045 2819 2080 a
2853 2028 3103 2094 Domino,
3140 2038 3194 2082 et
3219 2030 3333 2082 inec
3358 2041 3456 2083 no.

1861 2118 1942 2171 bis
1965 2117 2122 2171 detur
2153 2126 2417 2186 potestas,
2449 2128 2506 2170 ut
2533 2133 2634 2176 nec
2655 2128 2940 2188 argentum
2974 2133 3076 2173 nec
3103 2134 3296 2173 aurum
3320 2119 3456 2174 veli-

1863 2225 1983 2264 mus
2021 2210 2349 2279 eloquentia:
2378 2219 2432 2263 ot
2473 2212 2757 2278 sapientia:
2816 2211 3134 2270 surcularis:
3167 2211 3264 2266 sed
3315 2211 3458 2267 ﬁlios

1861 2301 2269 2366 haereticorum,
2321 2313 2375 2355 et
2403 2304 2645 2356 omnium
2674 2304 2766 2371 qui
2793 2302 3009 2372 decepti
3049 2311 3218 2367 sunt,
3251 2302 3459 2358 interﬁc-

1859 2395 2066 2448 ciatnns
2111 2395 2324 2464 sagittis
2371 2394 2788 2462 spiritual‘tbus,
2843 2393 2895 2447 id
2947 2403 3070 2458 est,
3130 2393 3456 2450 testimoniis

1859 2486 2264 2556 Set-iptttrarum
2283 2504 2294 2539 :
2316 2497 2368 2540 et
2392 2491 2482 2556 qui
2504 2486 2643 2539 laeto
2667 2487 2988 2538 nutriuntur
3000 2484 3225 2548 erroris,
3249 2485 3456 2555 absque

1858 2581 1966 2633 ulla
2000 2580 2371 2636 tttisericordia
2405 2581 2778 2645 trucidentur,
2814 2590 2874 2632 ut
2912 2578 3168 2633 clementi
3215 2578 3455 2634 crudoiio

1859 2683 1967 2728 tate
1990 2683 2236 2744 pereant,
2264 2661 2575 2744 nulliosque
2599 2675 2957 2730 misereantur
2987 2671 3252 2738 infantia},
3285 2687 3337 2727 et
3363 2673 3455 2729 illa

1857 2766 2196 2820 beatitudine
2222 2767 2368 2836 digni
2391 2767 2560 2820 simus
2586 2780 2601 2821 :
2635 2763 2827 2819 Beatus
2853 2765 2943 2834 qui
2985 2763 3172 2817 tenebit
3194 2775 3242 2818 et
3271 2764 3458 2819 allidu

1856 2856 2097 2927 parvulos
2121 2875 2241 2911 suos
2263 2857 2331 2911 ad
2355 2857 2591 2929 petram!

1932 2950 2113 3022 (Ven.
2147 2953 2210 3006 i8
2242 2953 2422 3022 seqq.)
2469 2952 2643 3007 Ettrit
2665 2953 2899 3024 Babylon
2919 2955 3013 3010 illa
3033 2957 3264 3027 gloriosa
3284 2955 3338 3008 in
3365 2969 3452 3007 re-

1856 3043 1994 3113 gnis,
2019 3041 2215 3110 inclyta
2244 3042 2294 3094 in
2315 3044 2558 3108 superbia
2596 3042 2963 3099 Cluzldteorum
2987 3087 3002 3111 ,
3038 3049 3172 3100 sicut
3203 3045 3456 3101 subuertit

1857 3132 2004 3188 Deus
2022 3133 2304 3187 Sodomam
2319 3143 2367 3186 et
2385 3134 2806 3190 Gomorrltam.N
2813 3154 2880 3190 an
2898 3139 3211 3192 habitabitur
3222 3154 3384 3208 usque
3394 3138 3452 3194 in

158 3242 306 3289 κείαν,
334 3225 540 3280 Graeco
570 3244 822 3285 sermone
844 3231 1131 3296 Dorcodes,
1164 3233 1216 3286 id
1240 3245 1348 3296 est,
1372 3232 1584 3300 Caprete
1613 3250 1753 3286 nutt-
1781 3232 1826 3295 C
1857 3226 2036 3295 ﬁnem.
2063 3234 2106 3278 ει
2134 3241 2235 3279 ηοη
2260 3226 2565 3294 Ῑυιιάαθδιαν
2594 3243 2754 3297 usque
2784 3230 2851 3283 ad
2882 3223 3335 3299 gtnct‘aliomm'bl
3363 3248 3452 3300 σε*

156 3326 432 3383 cupantur
466 3333 757 3387 sequentes
795 3326 947 3390 quasi
983 3324 1140 3376 bruta
1187 3325 1475 3388 animalia;
1536 3334 1590 3378 et
1651 3324 1755 3379 ltuc

154 3416 315 3476 atque
351 3408 488 3462 illnc
535 3412 772 3467 errantia
815 3428 922 3466 non
957 3414 1155 3468 habent
1181 3415 1271 3484 qui
1295 3413 1322 3454 ι’
1347 3429 1442 3469 eos
1467 3416 1705 3484 dirigant
1739 3433 1752 3468 :

156 3501 522 3566 perdiderunt
551 3506 696 3558 enim
725 3521 846 3560 eum
866 3549 879 3572 ,
913 3509 983 3562 de
1013 3525 1121 3574 qtto
1147 3511 1412 3577 scriptum
1445 3519 1530 3564 est
1559 3528 1572 3562 :
1598 3512 1641 3562 Α
1667 3510 1756 3563 do~

156 3594 283 3648 mino
303 3611 521 3666 gressus
543 3598 769 3653 hominis
797 3601 1095 3672 diriguntur
1135 3602 1323 3671 (Prov.
1352 3619 1440 3669 xx,
1486 3604 1579 3670 24)
1615 3621 1628 3658 :
1658 3607 1748 3675 qui

160 3684 362 3744 liberati
406 3705 437 3744 a
472 3695 747 3761 magistris
780 3697 1032 3762 pessimis
1063 3708 1453 3753 convertentur
1482 3701 1546 3753 ad
1582 3717 1749 3770 popil-

158 3773 260 3832 lttm
282 3795 466 3848 suum,
500 3791 557 3837 et
579 3784 774 3854 singuli
803 3785 868 3838 ad
899 3796 1100 3840 terram
1125 3803 1274 3842 suam
1303 3789 1526 3858 fugient,
1553 3793 1621 3848 de
1641 3809 1745 3863 qua

157 3873 257 3923 orti
304 3886 431 3928 sunt
459 3877 591 3947 :qni
625 3892 759 3932 vero
803 3880 1054 3934 inventus
1077 3880 1259 3948 fuerit,
1295 3885 1606 3953 occidetur,
1631 3889 1749 3944 sive

153 3966 505 4037 jugulabitur.
533 3975 646 4030 Hoc
670 3986 848 4030 autem
869 3993 973 4030 non
994 3979 1166 4032 solum
1200 3981 1250 4033 in
1273 3985 1746 4039 consummatione

158 4063 377 4126 mundi,
410 4067 510 4120 sed
553 4082 728 4136 usque
776 4069 939 4123 ltodie
985 4069 1041 4122 lit
1097 4072 1148 4122 in
1202 4071 1442 4127 Ecclesia
1478 4090 1491 4128 :
1525 4076 1745 4144 quando

154 4153 428 4220 magistris
476 4158 782 4228 superatis,
839 4175 980 4230 grex
1027 4159 1292 4228 deceptus
1339 4167 1635 4219 revertitur
1679 4167 1744 4221 ad

155 4245 406 4310 populum
429 4289 442 4307 .
469 4259 528 4304 et
555 4249 621 4304 ad
653 4259 857 4304 terram
891 4265 1043 4305 ειιτιιιι
1081 4266 1093 4313 ;
1127 4262 1181 4304 et
1215 4252 1267 4306 in
1307 4267 1373 4305 eo
1399 4254 1541 4320 quod
1597 4257 1747 4309 iuve-

155 4334 312 4403 nitur,
338 4341 637 4404 occiditur,
663 4351 718 4395 ut
747 4343 1038 4396 haircticus
1087 4357 1210 4398 esse
1264 4343 1510 4409 desistat,
1544 4352 1599 4398 et
1623 4347 1745 4414 qui-

154 4440 381 4499 cumque
426 4436 855 4502 supervenerit,
901 4437 1061 4489 cadet
1107 4436 1160 4488 in
1217 4435 1402 4505 gladio
1446 4436 1742 4501 spirituall.

157 4519 299 4578 Tunc
326 4525 572 4582 infantes
614 4543 805 4583 eorum
839 4538 893 4584 et
931 4531 1215 4599 parvulos,
1248 4529 1340 4601 qui
1387 4528 1630 4584 nonduin
1675 4528 1743 4584 ad

1857 3317 2170 3371 net-titionem
2199 3332 2217 3370 :
2249 3332 2340 3370 nec
2370 3327 2522 3386 ponet
2545 3317 2617 3372 ibi
2641 3322 2863 3374 tentoria
2883 3321 3046 3376 Arabs
3065 3337 3187 3376 :nee
3214 3333 3452 3391 pastores

1860 3410 2172 3478 requiescent
2192 3410 2260 3461 ibi
2272 3426 2291 3463 :
2305 3410 2394 3464 sed
2417 3411 2734 3478 requiescent
2749 3411 2819 3464 ibi
2836 3415 3032 3478 bestite,
3048 3424 3094 3467 et
3115 3414 3452 3484 repit-buntur

1858 3502 2043 3557 domus
2063 3517 2240 3556 eorum
2263 3503 2574 3560 draconibus
2598 3515 2676 3558 :et
2691 3505 3078 3560 ltabitabuntibt'
3098 3505 3415 3560 struthiones
3430 3545 3445 3570 ,

1853 3609 1896 3650 et
1917 3598 2068 3666 pilosi
2084 3596 2343 3650 saltabant
2367 3599 2439 3651 ibi
2459 3615 2477 3658 :
2502 3608 2550 3652 et
2573 3600 2950 3670 respondebunt
2971 3601 3046 3655 ibi
3065 3602 3296 3656 ululain
3314 3602 3446 3656 tedi-

1851 3688 1944 3744 bus
1964 3693 2077 3761 ejus
2095 3704 2111 3743 :
2130 3700 2176 3742 et
2194 3689 2378 3742 sirena:
2394 3689 2447 3742 in
2471 3688 2703 3745 delubris
2723 3692 3026 3763 uoluptatis.
3049 3694 3207 3764 (Cap.
3231 3692 3446 3750 XIV.—

1851 3784 2037 3838 νει-δά
2057 3790 2098 3852 .)
2114 3781 2290 3851 Prope
2304 3795 2376 3835 est
2400 3794 2450 3835 ut
2464 3785 2635 3839 ueniat
2650 3794 2852 3851 tempus
2865 3787 3000 3854 ejus,
3018 3795 3066 3841 et
3087 3787 3196 3844 diu
3211 3791 3325 3861 ejus
3339 3803 3445 3842 non

1848 3877 2243 3948 elongnbuntur.
2277 3874 2453 3934 LXX:
2482 3875 2548 3930 Et
2577 3878 2670 3931 erit
2690 3875 2952 3948 Babylon,
2985 3897 3099 3950 qtae
3127 3893 3339 3935 uocatur
3359 3883 3446 3935 in-

1848 3971 1985 4039 clyta
2013 3969 2238 4038 gloriosa
2279 3971 2413 4040 regis
2445 3970 2835 4037 Chaldatorutn,
2863 3973 2998 4025 sicut
3025 3972 3271 4026 subuertit
3296 3971 3443 4030 Deus

1850 4060 2135 4116 Sodamam
2155 4070 2200 4112 et
2220 4059 2565 4115 Gomorrltam
2587 4077 2604 4118 ξ
2632 4077 2735 4116 non
2750 4062 3132 4116 lsabitabiturin
3153 4073 3440 4122 internum:

1848 4170 1940 4208 nec
1963 4151 2286 4223 ingredietur
2299 4168 2408 4208 eam
2427 4169 2517 4222 per
2534 4153 2722 4208 multas
2740 4153 3136 4224 generationes:
3161 4169 3253 4210 nec
3269 4163 3442 4208 trans-

1847 4246 1993 4302 ibunt
2023 4264 2114 4315 per
2140 4245 2289 4300 illam
2311 4247 2540 4303 Arabes:
2580 4262 2746 4317 neque
2774 4259 3006 4317 pastores
3036 4247 3354 4316 requiescent
3387 4247 3443 4302 in

1847 4355 1930 4402 ea,
1952 4341 2039 4392 sed
2066 4340 2381 4407 requie-stent
2407 4338 2478 4392 ibi
2499 4341 2693 4404 bestia,
2725 4350 2771 4393 et
2794 4339 3128 4410 replebantur
3147 4340 3333 4393 domus
3356 4354 3444 4394 so-

1848 4431 1981 4494 nitu,
2014 4439 2059 4481 et
2087 4430 2409 4482 accubabant
2431 4432 2500 4483 ibi
2542 4432 2763 4497 sirena,
2797 4442 2844 4486 et
2887 4433 3146 4486 dmonia
3184 4431 3448 4486 saltabant

1849 4520 1938 4585 ibi,
1987 4529 2032 4573 et
2067 4522 2400 4573 onocentuuri
2442 4522 2511 4574 ibi
2557 4523 2878 4586 habitabant,
2909 4535 2955 4577 et
2981 4523 3222 4576 cubicula
3250 4523 3444 4594 Ῑιιοίοιι

154 4617 441 4680 perlectam
471 4629 746 4675 venerunt
774 4625 980 4676 erroris
1005 4635 1246 4690 aetatem,
1273 4623 1500 4678 auidelit
1530 4622 1584 4675 itt
1615 4637 1746 4676 ocu-

1860 4614 2031 4667 bericii
2052 4614 2105 4668 in
2123 4611 2359 4664 domibus
2390 4629 2586 4666 eorum.
2613 4613 2730 4666 Cito
2758 4616 2923 4672 ueniet
2960 4622 3009 4674 et
3039 4630 3142 4674 non
3192 4615 3439 4668 tardabit.

155 4706 214 4763 Iis
243 4714 668 4782 magistrorum,
727 4715 1099 4785 diripientth
1151 4727 1383 4770 eornme
1413 4717 1638 4779 domos,
1693 4725 1748 4771 et

159 4815 347 4858 uxores
391 4822 592 4861 eorum
644 4808 928 4862 violabuut
959 4852 972 4873 ,
1033 4823 1250 4875 pravam
1312 4808 1636 4876 sapientiam
1691 4819 1744 4863 et

155 4890 450 4952 doctrinam
510 4914 848 4968 perversam.
884 4899 1041 4955 Unde
1078 4915 1176 4968 pro
1215 4900 1523 4967 bujusutodi
1580 4902 1748 4970 patri-

158 4984 249 5040 bus
286 5006 523 5058 quorum
587 4992 954 5050 interﬁciendi
1007 5002 1133 5046 sunt
1174 4993 1418 5060 parvuli.
1479 4995 1746 5069 debemus

158 5091 309 5138 orare
362 5097 420 5140 et
457 5087 691 5141 dicere:
728 5086 806 5138 Da
847 5087 959 5151 eis,
1002 5084 1242 5140 Domine.
1267 5085 1404 5150 Quid
1447 5085 1594 5139 dabis
1633 5087 1745 5140 eis?

168 5167 373 5228 Vulvam
397 5177 649 5232 sterilem.
681 5187 730 5232 et
759 5179 914 5231 ubera
934 5179 1132 5232 arentia
1159 5175 1318 5248 (Osee
1341 5192 1414 5239 Ix,
1445 5178 1526 5246 4).
1553 5177 1745 5230 Partu-

160 5263 360 5321 rieruut
391 5273 542 5324 enim
567 5269 939 5339 iniquitatem,
969 5279 1342 5338 conceperunt
1373 5269 1646 5332 dolorem,
1691 5277 1748 5324 et

161 5367 464 5421 genuerunt
495 5362 839 5429 injustitinnt.

225 5447 240 5501 l
253 5446 406 5505 Vere.
437 5451 523 5517 i7,
560 5451 678 5525 18.)
707 5449 841 5506 Ecce
859 5468 954 5522 ego
971 5451 1229 5508 suscitabo
1249 5467 1404 5522 super
1423 5467 1511 5505 eos
1536 5449 1738 5518 Medos,

226 5588 248 5614 ⁸
272 5579 629 5656 Οτξςιήηθξθϋ
655 5583 982 5656 Hieronymo
1000 5583 1188 5640 Latine
1206 5583 1472 5656 redditus,
1509 5594 1738 5640 tractatu

165 5651 398 5726 secondo
429 5654 483 5708 in
510 5654 722 5718 (Zantic.
754 5651 944 5708 (Zan'tic
973 5674 985 5708 :
1012 5656 1194 5721 Abeo,
1228 5655 1396 5724 inquit
1423 5695 1437 5718 ,
1457 5658 1596 5726 quod
1622 5673 1746 5726 aru~

169 5720 476 5803 tiusqvfaeat,
507 5725 562 5780 id
599 5735 691 5803 est,
749 5720 1207 5803 diudcpxéa'rapov,
1252 5720 1436 5780 dorcas
1469 5720 1753 5803 appellata

171 5797 276 5844 ut.’
310 5792 443 5847 Vide
498 5811 614 5864 qua:
651 5797 703 5848 in
743 5810 855 5849 eum
895 5792 1092 5856 'tocum'
1118 5809 1427 5869 annotantus
1473 5792 1598 5864 aut.
1653 5796 1750 5868 lli,

1849 4705 2005 4773 Quod
2029 4704 2278 4773 sequitur
2303 4719 2316 4756 :
2346 4702 2413 4757 Et
2435 4703 2546 4762 dies
2568 4705 2681 4772 ejus
2704 4720 2804 4756 non
2834 4708 3218 4772 protrahantur,
3241 4708 3283 4770 ,’
3306 4715 3446 4760 aste-

1851 4798 2008 4854 riscis
2055 4795 2350 4850 notandum
2383 4806 2501 4862 est,
2531 4796 2653 4866 quia
2703 4794 2773 4849 do
2827 4793 3202 4849 Tlteodotione
3259 4795 3442 4849 addita

1850 4904 1995 4949 sunt.
2048 4891 2216 4948 Medis
2248 4894 2509 4948 adversus
2556 4888 2893 4944 confusionis
2922 4888 3110 4946 urbem
3141 4888 3438 4955 suscitatis,

1848 4989 1937 5055 qui
1967 5001 2067 5040 nec
2087 5000 2280 5038 aurum
2304 4985 2354 5038 in
2387 4973 2544 5038 bonis
2567 4991 2841 5050 reputant,
2875 4996 2974 5036 nec
2993 4993 3316 5053 argentum;
3346 4983 3441 5052 qui

1845 5079 2056 5148 sagittis
2109 5074 2442 5130 interﬁciunt
2496 5075 2789 5142 parvulos,
2832 5082 2887 5129 et
2938 5074 3266 5130 lactantibus
3298 5076 3442 5132 uteri

1849 5188 1956 5225 non
1986 5172 2335 5231 miserentur,
2361 5174 2416 5222 et
2435 5181 2600 5235 super
2633 5166 2774 5222 tilias
2798 5181 2904 5222 non
2933 5167 3105 5235 parcit
3133 5167 3325 5224 oculos
3351 5182 3445 5224 eo.

1845 5279 1964 5318 rum
1999 5280 2013 5316 :
2045 5262 2179 5316 urbs
2217 5258 2489 5330 quondam
2536 5259 2735 5329 inclyta
2786 5275 2907 5327 quae
2951 5269 3071 5316 erat
3102 5262 3153 5315 in
3185 5261 3439 5329 superbia

1843 5354 2248 5415 Cltaldteorntu,
2274 5352 2363 5421 qui
2397 5351 2850 5420 interpretantur,
2875 5351 3025 5419 quasi
3049 5351 3329 5412 damonia,
3358 5350 3442 5404 sic

1846 5449 2208 5511 subvertetur,
2240 5442 2513 5514 quomodo
2535 5441 2796 5512 subversa
2819 5445 2906 5496 est
2943 5437 3183 5498 Sodoma
3228 5447 3288 5504 et
3335 5438 3442 5498 Go—

1847 5582 1948 5640 col.
1974 5577 2100 5636 538.
2247 5649 2254 5652 _
2287 5647 2298 5652 _
2627 5607 2632 5613 ο
2675 5623 2684 5630 .

1870 5707 1872 5710 ν
1924 5647 2402 5725 δδπηιξεηᾳῄὶςὶβᾳδ
2430 5649 2757 5718 congregant.
2828 5711 2866 5725 ﬁ
2936 5711 2948 5725 .
3009 5713 3020 5725 .

1933 5735 1954 5762 ο
1993 5711 2176 5787 Ιιιυιιιξ
2216 5711 2563 5792 diripiuntque
2602 5711 2776 5793 eorum
2808 5711 3081 5793 ‘Erclesias
3107 5753 3122 5779 ,
3169 5723 3218 5770 ll
3262 5733 3448 5782 uxores

1859 5786 2187 5852 uiolabumur
2210 5805 2378 5866 prava
2409 5787 2683 5860 sapientia,
2713 5799 2759 5842 et
2783 5786 3018 5840 doctrina
3049 5801 3305 5855 perversa.
