4010 6302
548 267 660 326 H5

1807 261 1866 319 5.
1908 258 2186 318 EUSEBII
2212 257 2597 316 HIERONYMI

3739 251 3858 308 216

553 381 808 441 morrha;
837 388 894 434 ut
933 378 1142 434 nullum
1170 378 1224 432 in
1248 391 1309 431 ea
1334 375 1821 446 maneat‘pristinte
1844 374 2145 431 mansionis
2173 379 2224 438 Α
2249 371 2362 428 Nec
2410 379 2662 442 pastores
2707 370 2782 425 ibi
2815 369 3197 439 requiescant,
3230 366 3424 436 Angcli
3462 365 3718 422 videlicet
3759 365 3857 436 qui

557 476 844 544 vestigium
879 471 1015 526 :sed
1044 480 1332 542 postquam
1385 468 1548 543 25.5
1597 468 1758 523 fuerit
1809 468 2010 523 coelum
2050 482 2148 522 no-

551 582 702 620 vum.
722 575 774 619 el
800 573 945 618 terra
971 577 1132 629 nova,
1153 574 1205 616 et
1235 573 1562 632 praeterierit
1589 563 1757 632 figura
1784 562 1942 631 hujus
1961 560 2150 616 mundi

551 659 600 730 (1
623 658 743 713 Car.
769 662 866 712 Vill
889 701 904 722 ,
931 672 1036 713 non
1066 656 1398 712 habitabitur
1424 655 1553 710 urbs
1580 655 1921 711 confusionis
1946 656 1998 709 in
2032 669 2153 722 per-

552 763 815 818 petuum;
857 757 914 804 et
961 763 1301 816 nequaquam
1352 748 1602 801 eumdem
1648 757 1850 801 statum
1901 745 2150 811 recipiet.

547 838 667 894 Non
702 838 847 894 enim
883 849 1047 908 punet
1067 839 1162 902 ibi,
1191 851 1477 906 postquam
1509 839 1561 892 in
1590 839 1812 908 prisdua
1840 839 2010 906 gloria
2031 852 2153 892 esse

547 932 798 999 desierit,
839 933 1013 986 Arabs
1045 934 1279 986 tentoria
1311 947 1428 997 sua,
1462 934 1551 1000 qui
1603 933 1990 998 interpretatur
2020 931 2155 984 occi-

551 1023 775 1079 dentalis
821 1035 876 1079 et
926 1025 1278 1092 vrsprrlimts;
1333 1035 1394 1078 ut
1450 1023 1503 1078 in
1539 1039 1604 1076 ea
1652 1025 1832 1093 cupiat
1868 1023 2148 1088 habitare,

550 1134 716 1188 quam
770 1116 969 1172 viderit
1021 1132 1145 1172 esse
1189 1117 1486 1172 desertam.
1519 1117 1695 1172 Arabs
1725 1131 1906 1172 autem
1930 1117 1984 1170 in
2015 1131 2158 1186 pta:-

551 1212 695 1265 senti
730 1211 920 1264 locoiu
947 1209 1144 1264 bonam
1177 1217 1382 1278 partem
1414 1210 1679 1278 accipitur
1709 1227 1722 1263 :
1753 1209 1896 1278 quod
1923 1222 2145 1276 semper

549 1306 736 1359 tendat
761 1305 828 1358 ad
862 1308 1048 1367 linem,
1075 1311 1130 1358 et
1160 1304 1362 1357 oblitus
1393 1302 1796 1371 praeteritorum
1827 1340 1844 1365 ,
1896 1301 2156 1357 extendat

545 1398 690 1460 lein
719 1396 921 1465 piiora.
947 1394 1058 1450 Nec
1087 1403 1334 1463 pastores
1367 1395 1709 1463 requiescet"
1741 1393 1835 1456 ibi,
1860 1395 1950 1462 qui
1985 1408 2142 1446 Inan-

548 1490 925 1546 snetissimnm
973 1489 1183 1544 Domini
1229 1503 1452 1558 gregem
1516 1487 1567 1541 in
1620 1486 1928 1542 Jerusalem
1977 1485 2156 1540 solent

552 1598 820 1656 pascere;
859 1583 954 1638 sed
999 1598 1029 1636 e
1068 1584 1351 1636 contrario
1407 1581 1752 1650 requiesceut
1803 1577 1874 1632 ibi
1932 1576 2150 1643 bestiae,

549 1693 685 1750 qnas
711 1679 1018 1731 detestatur
1043 1673 1328 1728 Psalmista
1354 1714 1370 1737 ,
1397 1671 1587 1727 dicens
1616 1687 1631 1726 :
1664 1670 1749 1726 Ne
1770 1669 1950 1724 tradas
1981 1669 2156 1723 bestiis

2255 465 2496 520 humano
2553 473 2794 534 praesunt
2828 461 3041 532 generi.
3069 469 3126 516 et
3150 456 3400 530 quotidie
3439 457 3625 511 vident
3658 455 3857 511 faciem

2253 558 2430 615 Patris
2456 575 2470 612 ;
2500 558 2594 612 sed
2627 557 2983 627 requiescant
3013 554 3084 610 ibi
3119 553 3308 609 bestia:
3355 560 3412 607 et
3440 551 3711 608 draco::es
3740 592 3756 615 ,
3791 560 3850 606 et

2255 651 2612 718 struthiones,
2643 658 2698 704 et
2730 649 2909 716 pilusi,
2935 658 2989 703 et
3014 646 3198 710 ululae,
3227 655 3282 700 et
3311 647 3534 708 sirenae,
3556 658 3694 712 quas
3740 661 3862 697 otii—

2254 760 2354 800 nes
2375 743 2578 799 besuias
2599 744 2650 798 in
2679 741 2850 812 figura
2876 740 3228 810 intelligimus
3255 737 3607 808 Angelorum,
3630 735 3716 789 vel
3746 735 3865 790 dte-

2255 853 2500 899 monum,
2524 845 2792 890 eteorum
2837 833 3035 902 quibus
3091 832 3361 887 tradimur
3393 830 3460 885 ad
3495 831 3863 898 puniendum.

2255 929 2318 984 Et
2349 929 2400 984 in
2434 927 2691 982 domibus
2745 927 3015 996 quondam
3043 926 3360 992 voluptatis,
3397 921 3488 978 tibi
3521 934 3640 976 erat
3668 923 3867 978 laetitia

2256 1033 2310 1076 et
2333 1020 2613 1092 gaudium,
2638 1018 2710 1074 sit
2738 1018 2991 1087 planctus
3037 1015 3346 1078 ulularunt,
3380 1027 3434 1069 et
3489 1014 3866 1069 lamentabilis

2254 1128 2359 1167 vos
2391 1114 2724 1176 sirenarum,
2747 1125 2866 1181 qua'
2883 1109 3162 1164 auditores
3183 1122 3312 1162 suos
3332 1105 3481 1162 ducit
3507 1106 3572 1161 ad
3600 1118 3862 1161 mortem.

2256 1206 2500 1275 Tempus
2519 1215 2699 1260 autem
2737 1205 3024 1260 imminere
3048 1201 3262 1273 judicii,
3296 1212 3347 1256 et
3398 1201 3545 1256 diem
3592 1215 3867 1255 consum-

2257 1299 2511 1354 mulionis
2542 1297 2850 1365 Babylonia:
2875 1311 2983 1350 non
3015 1294 3284 1365 elongari,
3321 1308 3660 1364 nequaquam
3687 1293 3866 1347 mira-

2255 1392 2441 1455 bitur,
2493 1391 2586 1462 qui
2634 1389 2879 1461 quotidie
2937 1405 3034 1457 per
3089 1397 3308 1442 sanctos
3351 1387 3499 1440 viros
3550 1386 3604 1440 in
3641 1384 3730 1439 his
3768 1385 3866 1456 qui

2256 1484 2488 1540 cro-dunt
2514 1483 2568 1538 in
2589 1482 2842 1545 Domino,
2889 1478 3134 1536 subvv-rti
3165 1478 3360 1534 \‘idcl‘il
3409 1477 3776 1550 Babylonem;
3810 1488 3867 1532 et

2257 1579 2550 1636 tetcrnitati
2579 1589 2950 1650 comparatam
2978 1619 2991 1639 ,
3017 1592 3236 1632 onmem
3277 1575 3680 1646 longitudinem
3727 1590 3864 1631 esse

2256 1673 2512 1728 vicinam.
2554 1673 2628 1727 De
2652 1669 2952 1742 generibus
2981 1671 3280 1726 bestiarum
3308 1711 3324 1735 ,
3375 1672 3543 1725 immo
3581 1680 3868 1726 monstro-

549 1773 782 1826 animam
814 1767 1142 1837 conﬁtentem
1175 1767 1266 1820 tibi
1292 1763 1409 1835 (Ps.
1445 1761 1636 1831 Luttt,
1672 1763 1784 1835 ta).
1831 1765 1935 1818 l’ro
1959 1765 2156 1834 quibus
2188 1774 2234 1834 Β
2265 1783 2407 1831 rum,
2431 1766 2669 1822 breviter
2712 1766 2954 1819 diximus
2983 1781 2994 1818 :
3023 1765 3148 1832 quia
3173 1764 3227 1820 in
3260 1773 3286 1802 ⁸
3321 1765 3489 1834 priori
3534 1765 3679 1819 libro
3706 1765 3870 1834 juxta

549 1863 771 1932 Aquila,
797 1868 854 1915 et
873 1858 1236 1931 Symmachus
1253 1899 1268 1922 ,
1288 1869 1343 1912 et
1371 1857 1699 1919 Theodotio,
1726 1855 1902 1924 ipsum
1926 1852 2154 1909 verbum

551 1955 876 2011 llebraicum
937 1964 1236 2021 pusuertmt
1267 1964 1376 2005 Sitit
1439 1951 1634 2018 (utut).
1675 1947 1744 2003 Et
1788 1947 2157 2014 implebuntur

551 2041 748 2096 donius
777 2058 993 2107 eorum,
1031 2044 1134 2096 hoc
1164 2051 1248 2095 est
1279 2039 1728 2111 Babyloniorum,
1752 2039 1905 2106 juxta
1929 2035 2072 2091 LXX
2101 2045 2157 2090 et

553 2135 990 2192 Tlieodoliouetu
1039 2136 1202 2207 ἤχου,
1249 2133 1302 2187 id
1329 2142 1432 2194 est,
1463 2134 1644 2186 sonitu
1682 2139 1739 2186 et
1784 2131 2153 2196 clamoribus;

550 2226 702 2296 juxta
728 2226 1001 2296 Aquilam,
1027 2225 1359 2296 typhonibns,
1384 2237 1521 2292 quos
1554 2237 1653 2276 nos
1681 2224 1734 2277 itt
1759 2223 2010 2276 dracones
2036 2236 2159 2276 ver-

555 2319 751 2385 timus;
776 2320 930 2386 juxta
952 2320 1341 2387 Symmachum
1370 2330 1483 2370 otttt
1513 2314 1727 2385 (Dm),
1762 2315 1905 2384 quod
1930 2314 2156 2368 verbum

554 2411 609 2466 in
642 2410 912 2466 llebraico
951 2410 1295 2464 continetur.
1332 2407 1398 2462 Et
1440 2407 1763 2460 habitabqu
1791 2405 1860 2461 ibi
1893 2403 2161 2459 struthio-

555 2520 674 2570 nes,
711 2505 910 2558 animal
949 2517 1168 2567 semper
1195 2502 1524 2556 solitudines
1557 2510 1846 2571 appetens,
1876 2499 1944 2553 de
1971 2515 2080 2570 quo
2105 2501 2160 2556 in

557 2597 661 2654 Job
703 2597 918 2667 plenius
968 2595 1229 2650 scribitur
1261 2611 1275 2648 :
1315 2594 1560 2663 quicum
1597 2607 1803 2663 pennas
1835 2592 2040 2648 habere
2081 2594 2162 2648 vi-

557 2689 774 2752 deatur,
811 2700 992 2740 tamen
1023 2687 1090 2741 de
1119 2697 1262 2740 terra
1286 2685 1450 2738 altius
1478 2699 1584 2738 non
1607 2683 1891 2738 elevatur:
1929 2699 2026 2752 pro
2053 2701 2162 2754 quo

560 2782 708 2839 LXX
727 2793 986 2861 σειρῆνας,
1015 2783 1066 2838 id
1092 2792 1198 2848 est,
1237 2783 1438 2838 sirenas
1470 2783 1811 2852 interpretati
1840 2793 1988 2838 sunt.
2019 2784 2164 2839 Pilo-

561 2891 656 2932 sos
697 2888 880 2930 autem
925 2877 1014 2942 qui
1056 2875 1320 2931 dicuntur
1350 2876 1616 2931 llebraice
1671 2891 1814 2932 sttuit
1865 2880 2160 2945 (nt-um),

563 2969 893 3034 Theodotio,
925 2970 1105 3024 erectis
1129 2979 1176 3021 et
1204 2969 1460 3024 stantibus
1489 2968 1614 3040 pilis
1639 2971 2032 3039 interpretatus
2057 2982 2161 3028 est.

560 3047 922 3134 Symmachus
970 3072 1025 3118 et
1076 3062 1218 3118 LXX
1260 3062 1526 3119 daemonas
1585 3065 2005 3121 transtulerunt.
2060 3066 2167 3122 Pro

2262 1857 2544 1912 historiam
2576 1872 2645 1911 ex
2669 1866 2821 1926 parte
2852 1855 3142 1925 perstricta
3166 1865 3312 1911 sunt.
3343 1856 3454 1911 lloc
3485 1871 3705 1926 queque
3731 1871 3871 1912 con-

2261 1948 2631 2012 siderandum,
2662 1947 2807 2016 quod
2855 1958 3142 2019 postquam
3163 1948 3572 2004 ecclesiasticus
3598 1963 3786 2003 smno
3814 1960 3874 2005 et

2263 2042 2514 2098 doctrina
2548 2041 2846 2098 Salvatoris
2883 2042 3072 2094 urbem
3103 2040 3448 2096 confusionis
3477 2043 3772 2106 everterit,
3795 2043 3873 2096 ita

2263 2147 2320 2192 ut
2342 2137 2594 2191 Sodomae
2615 2148 2670 2192 et
2698 2134 3022 2192 Gotnorrbze
3051 2147 3430 2205 comparetur;
3456 2150 3563 2189 non
3587 2135 3875 2190 habitetur

2265 2245 2295 2284 a
2320 2229 2524 2284 sanctis
2550 2229 2714 2296 viris,
2755 2243 2856 2283 nec
2892 2238 3137 2298 pastores
3171 2227 3520 2297 requiescant
3573 2228 3626 2281 in
3656 2243 3746 2292 ea,
3777 2229 3876 2299 qui

2262 2319 2467 2376 Christi
2494 2335 2715 2392 gregem
2747 2335 2975 2391 pascere
2994 2330 3401 2376 consueverant
3428 2339 3440 2375 :
3467 2320 3560 2377 sed
3589 2339 3618 2374 e
3640 2334 3876 2378 contra-

2263 2415 2346 2469 rio
2374 2414 2726 2482 requiescant
2752 2412 2822 2466 ibi
2850 2413 3062 2479 bestiae,
3095 2421 3152 2466 et
3177 2412 3468 2476 dracones,
3519 2421 3576 2466 et
3602 2416 3879 2468 S'l'lllilio-

2266 2520 2389 2564 nes.
2415 2515 2470 2560 et
2501 2505 2661 2574 pilosi
2695 2505 2901 2559 saltent
2937 2505 2989 2558 in
3019 2519 3105 2558 ea.
3131 2504 3404 2574 Quidquid
3429 2504 3574 2559 enim
3621 2504 3877 2561 hmretici

2268 2599 2564 2668 loquuntur
2590 2598 2641 2651 in
2671 2599 2968 2669 synagogis
3003 2597 3258 2661 Satanae,
3316 2613 3426 2651 non
3475 2608 3558 2652 est
3613 2597 3875 2654 doctrina

2270 2690 2508 2755 Domini,
2541 2690 2636 2744 sed
2670 2690 2916 2745 ululatus
2953 2689 3266 2744 daemonum
3289 2700 3343 2744 et
3371 2689 3698 2760 pilosorum,
3731 2707 3877 2763 quos

2269 2784 2584 2840 imitabatur
2610 2784 2774 2840 Esau.
2827 2786 2891 2839 Et
2913 2783 3112 2839 sirena:
3139 2783 3488 2854 requiesct-nt
3534 2783 3592 2839 in
3623 2784 3878 2840 delubris

2269 2878 2589 2944 voluptatis,
2621 2892 2745 2948 qua:
2771 2875 2915 2931 dulci
2947 2885 3003 2930 et
3033 2877 3320 2930 mortilero
3361 2879 3606 2930 carmine
3659 2875 3877 2932 animas

2273 2971 2598 3038 pertrahunt
2629 2972 2681 3024 in
2714 2968 3042 3038 profundum
3072 2980 3168 3024 :ut
3212 2970 3475 3026 saeviente
3501 2968 3808 3036 naufragio,
3844 2987 3876 3026 a

2270 3061 2414 3132 lupis
2444 3070 2499 3118 et
2522 3063 2748 3117 canibus
2773 3063 3128 3118 deVoreutur.
3163 3061 3339 3131 Pro‘pe
3363 3073 3443 3117 est
3468 3077 3601 3133 ergo
3621 3072 3673 3116 ct
3704 3063 3878 3119 instat

563 3156 952 3210 onocentauris
991 3170 1238 3226 quoque,
1294 3171 1434 3226 quos
1490 3157 1592 3212 soli
1641 3157 1782 3214 LXX
1814 3159 2161 3230 interpretati
2193 3162 2240 3226 ο
2271 3155 2514 3223 quotidie
2547 3165 2761 3224 tempus
2783 3155 2961 3210 ruinae
2995 3153 3414 3222 litereticorum,
3449 3165 3506 3210 et
3539 3170 3648 3210 nou
3685 3153 3876 3211 (υσεν-

560 3256 709 3314 sunt,
740 3247 1019 3302 imitantes
1044 3247 1331 3316 gentilium
1365 3247 1595 3316 fabulas,
1639 3250 1734 3320 qni
1765 3251 1953 3308 dicunt
1992 3253 2161 3310 fuisse

563 3341 1046 3410 liippocentauros,
1077 3351 1187 3396 tres
1209 3342 1405 3405 reliqui
1459 3343 1790 3412 interpretes
1840 3347 2018 3417 ipsum
2066 3364 2161 3412 po-

563 3446 725 3487 suere
741 3432 965 3486 verlmm
985 3431 1308 3486 Hebraicum
1327 3447 1402 3486 tut
1421 3432 1601 3503 (niue)
1616 3435 1760 3500 quod
1786 3453 1886 3490 nos
1913 3439 1965 3490 in
1985 3439 2160 3494 nlulas

563 3523 848 3577 vertimus.
884 3523 984 3578 Uhi
1017 3531 1199 3576 autern
1231 3522 1374 3577 LXX
1413 3525 1702 3590 dixerunt,
1751 3527 1945 3581 cubilia
1972 3532 2164 3600 facient

562 3611 746 3665 ltericii
767 3613 820 3665 in
838 3613 1073 3665 domibus
1089 3629 1292 3679 eorum,
1314 3623 1369 3668 et
1400 3614 1454 3668 in
1495 3615 1763 3672 llrbraico
1801 3619 2035 3686 positum
2077 3630 2164 3676 est

563 3719 803 3759 TBANNII
833 3705 1034 3775 (pun),
1066 3705 1260 3774 Aquila
1289 3706 1727 3777 etSymmachus
1747 3722 1802 3765 et
1831 3710 2158 3778 Theodotio,

564 3800 764 3855 sirenas
819 3801 1160 3871 interpretati
1193 3813 1323 3857 sunt
1360 3805 1775 3874 ;signilicautes
1826 3806 1909 3860 vel
1959 3807 2163 3862 bestias

567 3891 774 3962 aliquas
801 3909 946 3962 esse,
979 3897 1061 3950 vel
1088 3896 1390 3961 daemonas,
1424 3898 1576 3964 juxta
1608 3915 1851 3954 errorem
1881 3902 2162 3971 gentilium

567 3985 731 4043 dulce
778 3997 1086 4056 cantantes,
1123 3999 1174 4046 et
1201 3990 1540 4058 decipientes
1567 3994 1815 4048 homines
1840 4039 1854 4061 ,
1884 3996 1973 4064 qui
2001 3994 2165 4066 hujus

563 4082 751 4137 sa'culi
776 4085 1112 4154 naufragium
1141 4085 1346 4140 clausis
1366 4087 1590 4141 auribus
1616 4087 1854 4143 transire
1885 4104 1991 4144 non
2038 4104 2163 4158 pos-

564 4185 713 4227 sunt.
748 4171 921 4227 i’nrru
949 4176 1305 4230 onocentauri
1353 4193 1584 4244 nomen,
1639 4194 1704 4232 ex
1733 4179 1901 4233 asinis
1943 4191 2164 4235 centau-

564 4265 749 4333 risqtte
780 4267 1165 4332 compositum,
1196 4267 1413 4323 videtur
1435 4269 1563 4323 mihi
1596 4269 1902 4340 significare
1924 4286 2041 4337 eos,
2071 4273 2162 4340 qui

568 4368 632 4410 es
667 4363 825 4423 parte
876 4355 1077 4425 aliquid
1109 4355 1408 4412 humanum
1442 4361 1694 4426 sapiunt;
1739 4370 1794 4416 et
1823 4377 2039 4418 rursum
2069 4378 2164 4417 vo-

563 4443 862 4514 luptatibus
880 4456 933 4500 et
961 4461 1120 4500 cteno
1145 4449 1504 4520 turpitudinis
1527 4452 1870 4508 abducuntur
1910 4455 1975 4509 ad
2007 4455 2156 4510 vitia.

2265 3257 2354 3304 tur
2378 3265 2568 3304 eorum
2595 3248 2904 3304 subversio.

2338 3341 2666 3397 Miserebitur
2685 3341 2824 3396 enim
2853 3340 3100 3396 Dominus
3132 3339 3328 3406 Jacob,
3361 3351 3408 3396 et
3438 3341 3588 3414 eliget
3617 3343 3792 3396 adhuc
3811 3343 3876 3398 de

2263 3433 2436 3490 Israel
2462 3477 2477 3499 ,
2508 3443 2559 3488 et
2588 3434 2900 3504 requiescere
2937 3451 3022 3489 eos
3052 3434 3206 3502 faciet
3232 3450 3389 3494 super
3412 3433 3629 3488 humum
3670 3451 3820 3489 suam
3854 3453 3871 3489 :

2265 3527 2579 3599 adiungetur
2616 3527 2814 3580 advena
2844 3525 3005 3599 247
3035 3527 3104 3580 ad
3134 3542 3252 3593 eos,
3285 3537 3333 3579 et
3362 3525 3646 3581 adlicerebit
3691 3527 3870 3580 domui

2263 3618 2450 3673 Jacob.
2489 3618 2552 3672 Et
2583 3620 2820 3676 tenebunt
2843 3635 2927 3672 eas
2957 3616 3135 3689 populi
3163 3659 3176 3681 ,
3208 3629 3257 3672 et
3286 3617 3545 3672 adducent
3575 3633 3663 3673 eos
3693 3618 3762 3671 ad
3794 3616 3872 3671 lo-

2265 3729 2384 3766 cum
2412 3729 2560 3766 suunt
2593 3728 2613 3767 :
2641 3721 2689 3766 et
2739 3712 3016 3780 possidebit
3047 3728 3134 3765 eos
3161 3711 3342 3764 domus
3391 3709 3557 3764 lsrnel
3585 3727 3742 3781 super
3770 3722 3870 3764 ter-

2263 3822 2377 3861 ram
2411 3806 2617 3861 Domini
2645 3807 2700 3860 in
2725 3823 2894 3860 servos
2917 3817 2966 3861 et
2992 3807 3047 3859 in
3069 3807 3290 3860 ancillas
3315 3821 3334 3867 ξ
3358 3814 3407 3860 et
3437 3816 3582 3859 erunt
3614 3806 3869 3876 rapientes

2265 3917 2351 3955 eos
2379 3901 2468 3970 qui
2497 3914 2552 3953 se
2569 3907 2830 3970 ceperant,
2863 3906 2909 3950 et
2941 3899 3213 3968 subjicient
3235 3911 3499 3953 exactores
3527 3914 3664 3951 suos.
3689 3895 3754 3950 Et
3773 3899 3872 3952 erit

2264 3993 2319 4046 in
2349 3991 2433 4045 die
2461 3989 2556 4044 illa
2585 4006 2700 4044 cum
2729 3991 2952 4056 requiem
2983 3988 3182 4044 dederit
3213 3991 3304 4044 tibi
3334 3989 3475 4044 Deus
3499 4007 3530 4042 a
3558 3987 3740 4044 labore
3760 4001 3866 4054 tua,

2266 4094 2316 4140 et
2343 4101 2375 4138 a
2404 4083 2741 4138 concussione
2780 4093 2869 4137 tua
2894 4125 2910 4146 ,
2951 4092 2999 4137 et
3041 4099 3074 4136 a
3112 4083 3354 4137 servitute
3405 4081 3539 4136 dura
3566 4123 3582 4148 ,
3624 4099 3726 4151 qua
3753 4091 3870 4136 ante

2266 4178 2467 4232 serviin
2497 4195 2518 4231 :
2552 4193 2722 4230 sumes
2748 4175 3047 4249 parabolam
3078 4176 3228 4229 istam
3257 4186 3436 4228 contra
3477 4191 3651 4245 regem
3702 4173 3868 4244 Baby-

2267 4270 2433 4332 lonis,
2465 4279 2513 4324 et
2543 4269 2701 4324 dices.
2737 4269 2841 4323 Pro
2872 4269 3078 4323 advena
3100 4308 3116 4332 ,
3153 4267 3203 4322 id
3243 4279 3360 4332 est,
3395 4267 3694 4338 proselyto,
3728 4266 3869 4323 LXX

2266 4359 2821 4439 γηὼρανὶιιιθηπεηιί
2839 4367 2966 4413 sunt
2989 4379 3002 4413 :
3025 4359 3117 4430 qui
3134 4359 3864 4430 HebraicecsnluMicitur.

2266 4453 2421 4510 Unde
2453 4463 2582 4523 puto
2609 4463 2664 4508 et
2694 4452 2862 4524 Moysi
2893 4453 3083 4518 tilium,
3105 4453 3195 4522 qtti
3227 4453 3437 4508 advena
3467 4462 3586 4507 erat
3616 4453 3672 4508 in
3704 4464 3867 4517 terra,

565 4534 777 4590 Dlt'illll‘
797 4551 928 4607 ergo
955 4535 1120 4610 m
1164 4541 1461 4595 secundum
1522 4544 1903 4615 tropologiam,
1933 4545 2077 4616 quod
2106 4546 2158 4600 in
2186 4543 2242 4604 D
2267 4547 2603 4600 nominatum
2633 4561 2660 4598 a
2693 4556 2868 4615 patre,
2903 4542 3139 4599 Gersam.
3178 4543 3393 4612 (Exod.
3421 4545 3495 4614 t).
3526 4545 3670 4614 Ergo
3690 4563 3870 4616 georas

563 4627 674 4684 ﬁne
702 4630 912 4695 mundi,
940 4636 1024 4687 vel
1056 4636 1246 4689 mortis
1278 4637 1736 4709 uniuscuiusque.
1771 4641 1950 4694 omnis
1991 4641 2162 4709 gloria

561 4732 619 4779 et
647 4727 904 4794 superbia
933 4726 1338 4795 Chaldmorum,
1361 4738 1418 4784 et
1443 4731 1694 4786 confusio
1749 4733 1933 4786 mundi
1959 4775 1972 4797 ,
2009 4747 2163 4789 recc-

560 4814 655 4870 dat
683 4831 712 4871 a
745 4818 940 4884 nobis;
973 4831 1023 4872 et
1043 4820 1114 4874 ita
1138 4822 1318 4874 omnia
1345 4820 1754 4886 subvertantur,
1777 4822 1916 4876 sicut
1936 4823 2161 4877 subver-

560 4906 626 4960 tit
656 4906 803 4962 Deus
827 4909 1122 4965 Sodomam
1154 4922 1214 4966 et
1239 4910 1636 4972 Gomorrhatn;
1671 4928 1770 4968 nec
1799 4915 1940 4968 ultra
1972 4913 2159 4969 mundi

557 5001 718 5056 istius
745 5005 960 5060 iuturus
982 5007 1054 5060 sit
1080 5015 1276 5073 status,
1307 5009 1403 5062 sed
1438 5017 1626 5079 peteat
1657 5009 1708 5063 in
1734 5018 2024 5064 aeternum.
2049 5007 2158 5064 Nec

555 5103 725 5164 ponat
753 5095 826 5150 ibi
873 5097 1048 5151 Arabs
1077 5101 1309 5154 tentoria
1337 5117 1432 5156 sua
1454 5143 1468 5164 ,
1502 5101 1570 5156 de
1597 5117 1706 5172 quo
1736 5102 1790 5158 in
1819 5101 2160 5173 sexagesimo

560 5187 800 5257 septimo
852 5191 1063 5258 psalmo
1096 5189 1341 5252 dicitur;
1383 5191 1654 5262 lterfncite
1696 5196 1742 5249 ei
1783 5197 1870 5266 qui
1925 5195 2160 5250 ascendit

554 5294 715 5350 super
738 5295 999 5344 occasum,
1024 5279 1282 5337 Dominus
1310 5299 1493 5338 nomen
1517 5288 1632 5357 ejus
1654 5285 1825 5355 (Psal.
1852 5301 2026 5354 urit,
2069 5286 2147 5358 5).

628 5399 656 5430 ι
687 5391 799 5446 Sub
823 5396 940 5448 e?tts
967 5393 1089 5449 libri
1113 5394 1296 5451 linem.

627 5459 656 5543 ξ)
678 5461 791 5543 Νρη
813 5465 1025 5543 videtur
1046 5483 1074 5519 a
1095 5466 1198 5543 ρει·
1222 5483 1356 5522 voce
1369 5468 1654 5543 Hebraica,
1679 5470 1774 5526 sed
1793 5471 1991 5543 a_Syro
2002 5487 2161 5528 voca-

554 5531 688 5610 bulo
701 5531 867 5610 σφω
881 5535 1084 5610 factum
1099 5535 1143 5592 G
1159 5555 1310 5610 oras,
1330 5540 1515 5594 atldito
1537 5563 1584 5604 ς.
1610 5531 1744 5597 sicut
1762 5531 2152 5610 aludttlttdas,

553 5612 608 5680 et
637 5601 722 5680 his
750 5604 968 5680 similia.
1013 5607 1077 5662 Et
1097 5623 1126 5662 a
1167 5607 1272 5680 Ger
1293 5613 1509 5680 quidem
1539 5601 1724 5670 Graeca
1759 5601 2152 5670 consuetudine

552 5669 935 5756 declinandum
975 5689 1146 5756 essn-t,
1189 5669 1455 5756 Germani
1495 5669 1920 5748 Geram-Latiori
1969 5669 2148 5756 itaque

543 5752 713 5798 sensu
741 5737 1050 5801 llebraicnm
1094 5737 1180 5804 hic
1219 5739 1320 5805 lotii
1345 5741 1564 5808 Hieron.
1605 5737 2142 5825 pro—Syroiac'Cipi‘t:

2267 4650 2352 4696 est
2384 4637 2608 4693 verbum
2636 4637 2664 4676 δ
2698 4637 2914 4692 Ηώς-εἰσ
2935 4653 3026 4694 um
3056 4679 3072 4704 ,
3121 4636 3308 4694 Cra-ca
3337 4640 3738 4693 consuetudine
3765 4637 3869 4692 de-

2266 4733 2524 4790 clinatum
2558 4750 2572 4787 :
2607 4732 2734 4788 licet
2762 4733 2983 4803 quidam
3035 4731 3248 4787 Hebrtei
3291 4735 3564 4788 sermonis
3595 4733 3818 4802 ignarus
3850 4772 3868 4799 ,

2264 4825 2509 4881 Graecam
2539 4823 2594 4878 in
2617 4839 2684 4879 eo
2731 4825 3112 4896 etymologiam
3161 4827 3470 4893 esprimo-re
3499 4835 3732 4880 conetur
3753 4865 3768 4889 ,
3803 4824 3869 4879 ab

2263 4931 2329 4972 eo
2343 4914 2487 4986 quod
2511 4926 2740 4971 terrenae
2773 4916 2849 4970 rei
2871 4931 3056 4970 curam
3087 4914 3276 4970 haheat
3306 4932 3319 4967 :
3344 4926 3366 4954 ο
3391 4925 3458 4987 γᾶ
3482 4914 3652 4980 ιοηὶιη,
3677 4915 3867 4987 inquit,

2265 5018 2408 5064 terra
2438 5007 2762 5077 appellatur,
2797 5018 2844 5064 et
2871 5009 3010 5086 ὥρα,
3046 5012 3248 5085 φροντὶς
3273 5047 3290 5074 ,
3324 5007 3376 5063 id
3405 5018 3511 5074 est,
3544 5007 3866 5064 sollicitudo.

2269 5102 2502 5157 Rursum
2527 5117 2624 5172 pro
2648 5117 2821 5158 IASAL
2846 5085 3022 5172 (ἣτις)
3043 5117 3203 5171 quam
3223 5103 3412 5172 Aquila
3443 5117 3491 5158 et
3523 5103 3870 5158 Simmachus

2268 5202 2324 5250 et
2352 5193 2653 5248 Theodotio
2697 5195 3000 5263 parabolam
3047 5194 3439 5247 trattstuletunt
3465 5233 3480 5259 ,
3511 5209 3655 5264 quos
3683 5203 3743 5250 et
3770 5209 3871 5248 nos

2259 5287 2428 5342 secuti
2461 5301 2648 5341 smnus
2672 5326 2688 5350 ,
2724 5283 2869 5340 LXX
2891 5287 3156 5352 planctum
3189 5286 3526 5356 interpretati
3569 5296 3724 5340 sunt.
3775 5284 3871 5340 Est

2335 5413 2358 5441 ο
2383 5412 2452 5463 Γῆ
2500 5403 2652 5456 enim.
2681 5401 3026 5466 Manuscripti
3050 5403 3271 5456 codices
3294 5403 3482 5470 legunt
3502 5419 3629 5458 cum
3655 5403 3869 5460 Lati-is

2269 5473 2558 5529 elementis
2579 5491 2660 5547 ge,
2682 5485 2734 5528 et
2757 5490 2849 5526 ora
2861 5485 2910 5526 et
2926 5474 3181 5546 pltrontis.
3205 5473 3379 5537 Sunra
3403 5490 3624 5547 quoque
3649 5476 3764 5530 indi
3821 5496 3871 5533 :-

2266 5552 2457 5617 rt-nter
2484 5545 2718 5617 retinent
2749 5561 2930 5617 georas
2977 5554 3032 5598 et
3080 5547 3297 5617 gioras;
3341 5561 3469 5609 quia
3519 5545 3625 5599 hoc
3661 5563 3867 5602 nomen

2259 5617 2400 5700 apud
2446 5613 2587 5670 LXX
2640 5613 2833 5700 legiiur
2865 5613 3105 5691 γειώραςζ
3163 5631 3269 5668 non
3296 5619 3506 5700 γηώρας
3541 5634 3554 5669 :
3587 5637 3635 5673 et
3659 5632 3869 5700 _at_item

2257 5683 2505 5754 Graecum
2537 5703 2633 5754 per
2662 5683 2790 5742 {vel
2821 5703 2846 5740 e
2872 5683 3198 5757 'espiessum
3230 5683 3507 5756 reperitur
3527 5688 3676 5757 apud
3721 5688 3873 5745 Lati-

2254 5771 2374 5814 nos.
2409 5757 2688 5838 Maurus,
