4010 6324
194 302 299 360 ἏΠ

764 298 1313 358 ΒΟΜΜΕΝΤΑΒῙΟΒ
1323 297 1413 356 υΜ
1450 297 1515 355 IN
1555 290 1780 357 IS'AIAM

1884 298 2261 359 ROPHETAM
2301 299 2432 357 LIB.
2478 299 2567 357 Vl.
2607 300 2763 358 CAP.
2787 301 2929 359 XIV.

3384 305 3491 365 218

198 433 379 480 autem
410 420 542 477 ordo
590 438 615 476 :
666 426 940 490 postquam
972 418 1215 489 Babylon
1258 418 1471 474 deserta
1518 417 1679 474 fuerit
1725 418 1778 474 in
1807 425 1856 482 Α
1885 421 2048 478 Israel
2076 420 2350 493 quomodo
2374 422 2674 478 cessaverit
2702 434 2945 491 exactor,
2980 424 3074 494 qui
3119 426 3333 495 exigere
3357 440 3488 482 con-

202 528 483 578 sternum,
510 513 580 569 ita
617 521 673 567 ut
701 511 957 565 habitatio
990 511 1286 565 bestiarum
1317 510 1408 576 sit,
1439 511 1786 567 miserebiaur

204 605 463 664 Dominus
488 604 673 670 Jacob,
701 604 818 674 ejus
849 604 1101 659 videlicet
1128 604 1218 671 qui
1245 604 1369 660 vitia
1397 604 1783 673 supplantavit;

200 710 255 756 et
282 700 439 770 eliget
464 698 621 753 [smel
644 739 660 761 .
693 712 819 753 eum
848 699 940 768 qui
973 707 1154 753 mente
1183 699 1450 761 conspicit
1474 697 1665 752 Deum.
1720 697 1786 753 Et

194 802 320 847 uota
356 795 639 845 verborum
681 791 1069 860 proprietatem
1099 806 1114 842 :
1147 789 1317 844 .lat-ob
1339 831 1355 856 ,
1400 791 1492 860 qui
1524 789 1700 842 adhuc
1730 789 1782 842 in

193 886 330 943 lucta
364 886 593 955 positus,
616 896 702 940 θηι
735 885 1086 939 tntsrrebitur
1121 882 1342 939 :l~raeli
1372 898 1523 944 vero.
1545 883 1636 954 qui
1664 891 1785 954 post

191 979 466 1036 victoriam
497 994 658 1052 nonne
680 1000 692 1030 ι
715 979 949 1047 accepit,
973 993 1077 1033 nou
1103 979 1499 1039 misericlirdia.
1525 977 1620 1033 sed
1638 993 1669 1032 e
1690 992 1781 1033 ec-

190 1072 266 1127 tio
291 1081 595 1142 coaptatnr.
652 1069 1018 1141 Reqnte~cere
1045 1087 1263 1140 qutique
1292 1086 1389 1125 eos
1422 1073 1581 1126 laciet
1620 1086 1786 1141 Super

190 1172 386 1220 terram
414 1179 587 1229 suam,
619 1163 689 1219 de
715 1178 821 1234 qua
853 1163 1104 1220 Salvator
1130 1164 1373 1233 loquitur
1396 1179 1411 1216 :
1436 1160 1584 1215 Beati
1612 1163 1780 1222 mites.

184 1260 426 1329 quaninm
465 1257 566 1327 ipsi
609 1257 940 1327 passidebttnt
974 1269 1162 1312 terram
1201 1256 1221 1330 (
1257 1255 1450 1312 Matth.
1491 1272 1526 1310 v
1552 1298 1568 1320 ,
1599 1257 1633 1311 ι
1658 1256 1700 1323 ),
1729 1266 1786 1311 et

183 1349 346 1405 Credo
363 1350 536 1404 videre
560 1350 699 1404 bona
725 1350 931 1403 Dannni
955 1350 1007 1403 in
1037 1362 1175 1404 terra
1199 1350 1476 1403 viventium
1496 1347 1615 1419 (Ps.
1634 1363 1778 1413 xxvi,

184 1442 248 1498 15
266 1443 306 1516 ).
339 1442 726 1515 Adjungentur
752 1459 974 1515 quoque
999 1444 1192 1499 domui
1234 1443 1435 1508 Jacob,
1485 1444 1575 1510 qui
1621 1443 1782 1497 electi

179 1550 300 1594 sunt
334 1553 430 1607 per
448 1539 769 1607 Aposto'os,
798 1538 1040 1608 gentium
1082 1538 1408 1602 multitudo;
1437 1546 1492 1591 et
1522 1536 1783 1593 tenebunt

177 1631 432 1697 reliquias
459 1632 663 1687 domus
700 1631 904 1697 Israel,
954 1641 1010 1687 et
1053 1632 1324 1687 adducent
1353 1647 1448 1686 eos
1495 1631 1549 1685 in
1601 1633 1777 1687 locum

174 1738 346 1789 suum,
361 1738 416 1780 ut
434 1724 691 1781 habitent
709 1728 763 1780 in
783 1726 1146 1781 tabernaculis
1158 1742 1346 1781 eorum
1368 1742 1383 1795 ;
1403 1739 1452 1780 et
1480 1726 1780 1797 possidebit

1885 526 2139 571 siteverat
2167 530 2336 582 usque
2362 514 2430 569 ad
2464 517 2820 569 novissimum
2851 517 3228 586 quadrantem.
3258 516 3488 587 Exigere

1887 619 2066 663 autem
2096 618 2387 664 consuetus
2420 623 2526 662 non
2557 609 2699 662 alios
2729 608 2833 662 nisi
2866 608 3168 674 debitores,
3190 612 3279 678 qtti
3304 611 3487 665 dicunt

1887 703 1939 757 in
1965 705 2224 757 Oratione
2254 703 2529 758 llomittica
2549 720 2563 756 :
2583 702 2795 758 Dimitte
2815 703 2962 757 nobis
2989 704 3160 756 debita
3181 716 3355 758 nostra
3380 706 3483 758 sic-

1885 805 1943 850 ut
1966 806 2012 849 et
2039 811 2131 850 nos
2158 796 2468 849 dimittimus
2489 796 2806 849 debitoribus
2824 799 3015 850 nostris
3038 794 3259 864 (Matth.
3280 795 3483 859 v1.12).

1885 889 2019 946 Huic
2033 892 2274 946 t'XuCIOI'i
2290 890 2569 944 debitores
2585 902 2619 941 ll
2634 890 2911 944 aduutura
2927 891 3136 960 judice,
3153 907 3241 959 qut
3255 905 3353 945 eos
3367 889 3489 944 init-

1887 986 1950 1037 tit
1966 983 2018 1037 in
2038 998 2316 1038 caret-retu
2335 992 2388 1037 et
2409 984 2578 1046 exigit
2604 997 2775 1051 USqUe
2798 983 2862 1035 ad
2885 992 3164 1051 pet-catum
3183 983 3484 1037 minimum.

1887 1074 2131 1146 Denique
2150 1092 2197 1131 e.
2217 1075 2382 1148 259
2401 1077 2599 1129 Paulus
2614 1076 2898 1145 apostolus
2920 1086 2941 1111 ³
2957 1075 3306 1130 Corinthium
3324 1075 3490 1130 forni-

1884 1158 2123 1231 canteiu,
2140 1184 2231 1239 qui
2257 1185 2482 1224 uxorem
2507 1174 2675 1237 patris
2692 1178 3001 1239 acceperat.
3026 1185 3236 1223 necnon
3258 1169 3490 1240 Phygel-

1885 1264 1995 1319 lum
2027 1276 2080 1319 et
2118 1266 2519 1334 Hermogenem
2554 1267 2777 1320 tradidit
2815 1267 3059 1322 exartori
3089 1266 3109 1337 (
3135 1265 3148 1316 Ι
3174 1263 3298 1319 Cor.
3330 1280 3394 1329 v;
3440 1262 3487 1321 ll

1887 1355 2023 1411 Tim.
2063 1357 2126 1428 ι).
2172 1357 2236 1412 Et
2258 1360 2327 1412 de
2351 1360 2432 1411 bis
2468 1360 2817 1414 teaactoribus
2858 1360 3019 1413 etiam
3044 1373 3205 1427 supra
3246 1358 3486 1413 dicitur:

1889 1446 2127 1515 Populus
2151 1466 2295 1504 meus
2316 1461 2575 1505 exactores
2597 1453 2751 1505 vestri
2788 1452 3157 1524 depraaduntar
3179 1466 3300 1515 vos;
3328 1461 3377 1506 et
3396 1452 3486 1523 qui

1882 1552 2117 1612 repetunt
2142 1585 2156 1609 ,
2197 1543 2491 1597 dominator
2513 1545 2684 1598 vestri.
2716 1545 2820 1600 Ριο
2841 1548 3052 1606 tributo.
3077 1545 3269 1614 Aquila
3296 1551 3483 1617 famem

1883 1636 2271 1705 interpretatus
2294 1648 2399 1690 est.
2423 1639 2652 1692 Sublato
2673 1641 2818 1692 enim
2863 1655 2891 1691 a
2933 1639 3091 1691 nobis
3113 1653 3318 1706 sponso
3343 1679 3359 1702 ,
3402 1637 3483 1692 fa-

1882 1742 2025 1782 mem
2053 1728 2290 1796 patitnnr
2327 1729 2479 1782 verbi
2526 1729 2643 1792 Dei,
2669 1731 2944 1800 etjugiter
2963 1747 2993 1782 a
3020 1745 3165 1798 corp.
3191 1746 3247 1783 rc
3273 1728 3487 1783 Domini

174 1833 263 1872 eos
285 1818 484 1874 domus
532 1819 706 1874 Israel
738 1835 906 1889 super
931 1830 1132 1875 terram
1181 1819 1397 1875 Domini
1424 1821 1476 1874 in
1504 1834 1691 1874 servos
1721 1829 1777 1875 et
1810 1831 1853 1891 Β
1873 1820 2202 1891 jejunamus.
2245 1819 2565 1890 Idcircoque
2607 1819 2752 1889 virga
2789 1831 2847 1875 et
2882 1822 3109 1873 baculus
3152 1819 3438 1891 impiorum
3464 1861 3479 1885 ,

172 1910 402 1969 ancillas.
452 1911 695 1968 Prodest
739 1915 944 1983 quippe
983 1914 1181 1981 malis,
1233 1924 1292 1968 ut
1337 1914 1493 1969 bonis
1516 1912 1772 1968 serviant.

169 2003 317 2062 Unde
340 2019 391 2062 et
422 2006 465 2063 Ε
500 2022 572 2061 an
594 2008 798 2062 dicitur
824 2023 843 2062 :
868 2007 1071 2064 Servies
1089 2010 1239 2075 fratri
1260 2016 1370 2064 tuo.
1400 2007 1471 2062 Et
1494 2007 1560 2060 ad
1587 2005 1773 2072 Jacob,

166 2099 360 2157 Serviet
405 2102 501 2156 tibi
555 2105 726 2172 [rater
763 2111 883 2156 tuus
932 2107 951 2169 (
977 2100 1107 2157 Gen.
1137 2101 1352 2171 xxvu).
1406 2101 1469 2156 Et
1505 2100 1779 2171 accipient

163 2208 254 2249 eos
277 2194 367 2263 qui
400 2208 462 2250 se
491 2193 932 2261 smphistnatilms
960 2208 1085 2248 an'e
1128 2193 1463 2262 deceperaut
1491 2210 1504 2247 :
1532 2202 1589 2248 et
1616 2206 1775 2246 exac-

165 2293 310 2341 tores
338 2301 498 2351 suos,
530 2285 640 2356 qui
663 2286 846 2341 omnia
880 2286 1018 2340 lucri
1044 2300 1205 2339 causa
1241 2284 1443 2339 faciunt
1466 2328 1480 2350 ,
1533 2284 1778 2355 redigeut

164 2377 215 2433 in
249 2380 608 2435 servitutem.
665 2380 954 2448 Postquam
998 2386 1178 2433 autem
1230 2378 1561 2448 requieverit
1615 2375 1779 2449 248

170 2467 331 2527 Jacob
358 2479 415 2527 et
436 2471 615 2527 Israel
640 2486 667 2525 a
693 2470 885 2525 labore
907 2486 1006 2525 suo
1031 2512 1048 2536 ,
1073 2485 1183 2540 quo
1215 2471 1443 2524 multum
1467 2481 1654 2524 contra
1686 2489 1779 2523 sw-

165 2564 337 2620 cttlum
355 2577 412 2621 et
432 2564 730 2620 hereticos
743 2581 883 2634 pugn
905 2566 1033 2619 tudo
1051 2567 1422 2629 laboraverat;
1441 2571 1497 2617 ct
1510 2581 1536 2616 a
1554 2577 1775 2619 concus-

165 2658 314 2713 sione
343 2669 403 2712 et
439 2658 710 2714 servitute
746 2671 877 2723 sua,
906 2673 1007 2727 qua
1048 2658 1295 2729 maligna:
1328 2656 1772 2726 interpretationi

163 2758 215 2804 et
231 2750 378 2805 talsis
400 2749 756 2820 dogmatibus
773 2761 900 2805 ante
916 2755 1218 2806 servierat:
1243 2762 1372 2805 tunc
1398 2753 1775 2820 sumotplattc-

168 2848 274 2897 tum
305 2857 477 2914 atque
505 2842 823 2911 parabolam
850 2854 1042 2898 contra
1073 2859 1254 2914 regem
1298 2843 1588 2914 Babylonis
1614 2861 1625 2895 :
1656 2858 1776 2898 ser-

163 2947 378 2989 monem
402 2933 665 2989 videlicet
697 2934 941 2989 heretici
971 2938 1180 2988 erroris
1206 2943 1263 2988 ιιι
1285 2934 1625 2989 confusionis
1659 2951 1672 2987 :
1723 2944 1779 2988 et

164 3024 301 3083 dicet
325 3043 454 3099 quae
482 3039 809 3099 sequuntur.
856 3028 1063 3083 Locqu
1096 3029 1256 3083 istum
1308 3026 1478 3082 .ludzei
1514 3029 1778 3096 interpre-

166 3125 351 3174 tantur
374 3120 861 3189 carnaliter,quod
895 3130 1181 3190 postquam
1212 3123 1415 3175 reversi
1439 3131 1563 3173 sunt
1589 3121 1656 3173 de
1680 3119 1778 3174 Ba-

1881 1931 1978 1985 pro
2001 1932 2110 1986 quo
2130 1917 2470 1983 septuaginta
2495 1921 2689 1988 jugum
2736 1914 3077 1985 interpretati
3100 1924 3261 1977 sunt,
3288 1928 3483 1982 percu-

1881 2008 1943 2061 tit
1970 2022 2089 2071 nos,
2107 2009 2223 2061 sive
2243 2007 2530 2077 opprimit;
2554 2007 2677 2077 quia
2705 2008 2980 2060 noluimus
3001 2008 3274 2060 sustinere
3292 2010 3481 2075 jugnm

1878 2100 2235 2166 levissimum,
2247 2101 2437 2171 jugum
2452 2099 2772 2154 Salvatoris.
2786 2100 2898 2153 lloc
2912 2108 3092 2153 autem
3109 2098 3300 2152 baculo
3312 2108 3365 2152 et
3381 2099 3480 2153 hac

1877 2197 2061 2266 virga,
2093 2195 2380 2250 insanabili
2413 2204 2600 2262 gentes
2626 2193 2810 2248 furore
2830 2194 3079 2249 ca-debat
3097 2235 3112 2257 ,
3136 2203 3191 2248 et
3214 2192 3482 2263 lugieutes

1879 2289 2309 2357 persequebatur
2337 2286 2636 2341 crudeliter
2659 2302 2672 2338 :
2699 2301 2805 2339 non
2829 2285 3127 2340 emendare
3153 2283 3344 2339 volens
3367 2292 3480 2338 tra-

1878 2380 2043 2444 di;os,
2088 2380 2182 2435 sed
2223 2380 2500 2435 occidere.

1953 2473 2149 2543 (Vers.
2185 2475 2213 2526 7
2244 2473 2423 2544 seqq.)
2452 2471 2756 2545 Conquievit
2795 2481 2844 2524 et
2886 2471 3035 2525 siluit
3093 2469 3258 2523 omnis
3305 2478 3443 2522 terra
3471 2485 3490 2524 :

1876 2567 2054 2639 gavisa
2075 2576 2168 2633 est,
2193 2580 2241 2622 et
2266 2570 2543 2622 exsultavit
2569 2567 2797 2622 :ubietes
2819 2581 3023 2638 quoque
3048 2563 3239 2619 lmtata'
3258 2573 3375 2618 sunt
3396 2580 3483 2618 su-

1876 2678 1967 2731 per
1992 2673 2059 2725 te,
2093 2671 2138 2715 et
2165 2660 2307 2714 cedri
2340 2660 2543 2716 Libani.
2576 2659 2660 2714 Ea:
2688 2677 2789 2730 quo
2818 2660 3076 2720 dormisti,
3109 2674 3210 2710 non
3240 2658 3482 2710 ascendet

1875 2755 1963 2822 qui
1993 2755 2223 2808 succidat
2270 2754 2659 2824 nos:infernus
2697 2752 2877 2807 subter
2920 2750 3251 2805 conturbatus
3296 2749 3479 2802 est:in

1877 2862 2147 2901 occursum
2173 2848 2422 2901 adventus
2456 2848 2531 2900 tui
2561 2848 2827 2901 suscitavit
2868 2847 2959 2899 tibi
2991 2848 3248 2915 gigantes.
3283 2841 3476 2897 Omnes

1879 2940 2137 3008 principes
2168 2949 2319 2993 terra:
2340 2948 2676 2993 surrexerunt
2707 2940 2772 2991 de
2798 2938 2943 2991 soliis
2965 2952 3102 3001 suis;
3128 2952 3302 2990 omnes
3334 2935 3483 3005 prin-

1879 3030 2019 3099 cipes
2048 3031 2339 3094 nationum,
2369 3031 2595 3084 universi
2619 3033 3024 3099 respondebunt,
3054 3042 3103 3083 et
3144 3030 3242 3083 dici
3260 3042 3315 3082 nt
3345 3027 3439 3081 tibi
3461 3043 3481 3081 :

1881 3117 1953 3172 Et
1979 3131 2031 3172 tu
2050 3121 2354 3173 vulneratus
2376 3138 2428 3173 es
2454 3124 2585 3173 sicut
2608 3138 2720 3175 nos.
2749 3124 2911 3175 nostri
2942 3122 3127 3195 similis
3152 3119 3369 3187 allectos
3391 3120 3482 3172 es?

160 3211 403 3285 bylone,
463 3211 666 3265 factum
710 3228 833 3268 esse
875 3213 1076 3267 docere
1126 3229 1233 3267 non
1283 3222 1559 3283 poterunt.
1594 3212 1780 3277 Neque
1807 3215 1851 3277 (ζ
1885 3210 2134 3264 D.-tracta
2164 3220 2237 3264 est
2262 3212 2332 3264 ad
2361 3213 2560 3279 inferos
2586 3213 2826 3283 superbia
2854 3223 2962 3270 tua.
3005 3213 3229 3266 concidit
3256 3213 3481 3265 cadaver

157 3303 313 3358 enim
368 3302 663 3371 Babylonii
708 3305 1017 3358 Serviet‘unt
1047 3304 1147 3369 eis,
1201 3304 1291 3374 qtti
1323 3319 1422 3358 eos
1447 3304 1594 3371 prius
1621 3319 1782 3373 cepe-

156 3405 283 3450 rant
303 3410 319 3459 ;
339 3408 448 3448 inec
470 3391 621 3447 victis
639 3393 965 3466 Babyloniis,
984 3395 1181 3449 domus
1195 3411 1380 3451 eorum
1400 3396 1782 3465 possederunt:

163 3500 350 3557 neque
396 3485 711 3540 habuerunt
758 3502 855 3542 eos
886 3487 938 3541 in
983 3502 1171 3542 sc-rvos
1200 3499 1255 3542 et
1302 3488 1547 3543 ancillas.
1597 3489 1784 3543 Restat

167 3578 330 3647 igitur
359 3588 418 3634 ut
447 3580 608 3647 juxta
652 3578 866 3633 fabulas
911 3596 1034 3634 suae
1060 3580 1129 3634 de
1153 3580 1386 3648 imperio
1435 3582 1538 3635 hoc
1589 3590 1781 3649 putt-nt

169 3670 409 3727 futurum
457 3685 584 3727 esse
632 3670 876 3726 Romano
907 3689 919 3724 :
949 3673 1144 3741 quibus
1176 3673 1456 3743 superatis
1487 3675 1537 3726 in
1589 3673 1780 3728 ultimo

171 3772 450 3833 tempore,
482 3768 767 3821 servitura:
788 3766 891 3820 sint
920 3767 1002 3821 eis
1028 3776 1240 3837 gentes,
1272 3768 1468 3838 quibus
1495 3775 1623 3823 ante
1661 3782 1780 3823 ser-

172 3857 382 3912 vierint.
416 3856 575 3925 Quod
606 3858 651 3913 si
676 3868 967 3926 sequentes
996 3858 1267 3921 litteram,
1310 3874 1408 3928 spe
1433 3873 1491 3912 se
1519 3860 1649 3915 falsa
1679 3860 1776 3914 de-

175 3950 400 4018 cipiunt,
430 3952 557 4021 quis
579 3951 660 4005 eis
680 3950 965 4016 concedet,
993 3963 1048 4005 ut
1074 3951 1240 4004 Imma
1268 3963 1490 4005 vocetur
1511 3951 1775 4022 Babylon,

175 4052 229 4096 et
258 4040 303 4097 Ν
321 4043 757 4100 tbuebodouosor
783 4060 878 4100 rex
912 4044 1142 4099 Romani
1170 4044 1423 4114 imperii?

249 4134 269 4204 (
293 4137 439 4191 Vers.
474 4136 525 4196 5.
554 4136 607 4190 6.
631 4138 649 4205 )
681 4137 952 4203 Quomodo
978 4138 1191 4191 cessauit
1214 4149 1446 4199 exactor,
1473 4138 1663 4207 quievit
1685 4139 1780 4190 tri-

178 4223 351 4281 butum
366 4228 392 4281 ?
426 4225 678 4284 Contrittit
704 4227 955 4283 Dominus
978 4226 1218 4281 baculum
1239 4229 1519 4298 impiorum
1541 4244 1560 4281 :
1585 4231 1781 4298 virgam

177 4319 589 4383 dominantium,
623 4323 896 4377 credentem
921 4319 1144 4391 populos
1173 4321 1227 4372 in
1258 4318 1632 4390 indignatione,
1666 4318 1781 4386 pla-

177 4428 240 4483 ga
265 4412 475 4468 insanab
501 4412 564 4478 li,
596 4410 952 4483 subjicientem
980 4415 1033 4467 in
1056 4417 1234 4484 furore
1254 4420 1449 4482 gentes,
1476 4426 1784 4480 persequen-

179 4515 272 4558 tem
300 4504 604 4560 crudeliter.
636 4506 694 4562 In
741 4506 885 4561 Petri
934 4505 1171 4575 Epistula
1223 4504 1450 4573 legimus
1497 4522 1511 4556 :
1561 4500 1784 4571 Tempus

1884 3311 2066 3364 luunt;
2093 3300 2264 3355 subter
2287 3311 2335 3354 te
2354 3310 2613 3355 sternetur
2640 3313 2800 3364 tinea,
2824 3300 2849 3338 ι)
2874 3303 3093 3369 putredo
3114 3313 3162 3355 et
3188 3302 3481 3365 aperimen-

1883 3402 1991 3446 tum
2032 3404 2178 3446 tuum
2223 3402 2371 3446 erunt
2414 3408 2631 3447 vermes.
2685 3394 2763 3446 Ad
2799 3393 3076 3446 interitum
3110 3396 3254 3461 regis
3305 3392 3477 3461 itnpii,

1885 3488 1977 3555 qui
2010 3487 2354 3552 percutiebat
2384 3487 2539 3556 plaga
2575 3485 2863 3539 insanabili
2906 3484 3178 3548 natioue~,
3211 3494 3265 3538 et
3297 3497 3485 3551 perse-

1883 3580 2159 3649 quebatur
2187 3596 2278 3633 eas
2307 3580 2632 3643 crudeliter,
2665 3579 2844 3632 omnis
2874 3591 3015 3632 terra
3061 3576 3396 3645 conquievit,
3427 3586 3483 3631 et

1881 3676 2055 3738 silu.t,
2081 3690 2203 3743 qua!
2236 3675 2386 3744 prius
2416 3675 2698 3729 turbarum
2723 3717 2737 3738 ,
2764 3685 2812 3727 et
2841 3672 3130 3728 seditionis
3156 3673 3318 3741 plena
3341 3683 3481 3735 erat,

1881 3769 1934 3823 in
1969 3776 2178 3822 tantum
2211 3777 2268 3822 ut
2299 3769 2530 3834 abietes,
2562 3778 2617 3823 ct
2649 3767 2804 3822 cedri
2827 3768 3017 3823 Libani
3053 3768 3388 3831 laetarentur,
3414 3764 3482 3819 de

1880 3861 2079 3931 quibus
2106 3861 2160 3914 iu
2196 3861 2421 3928 psalmis
2450 3863 2714 3931 scriptum
2746 3872 2826 3915 est
2860 3878 2872 3914 :
2912 3861 3125 3915 Vineam
3159 3860 3224 3911 de
3245 3857 3483 3928 1ngpto

1883 3954 2226 4018 transtulisti,
2269 3954 2467 4026 rjeristi
2493 3966 2687 4021 gentes,
2726 3963 2773 4006 et
2811 3953 3060 4023 plantnsti
3088 3965 3222 4002 eam.
3261 3948 3480 4016 υμμνιιίι

1881 4055 2079 4098 montes
2110 4050 2289 4098 umbra
2323 4046 2455 4114 ejus,
2484 4055 2530 4098 et
2574 4045 2789 4097 arbusta
2829 4045 2945 4112 ejus
2995 4038 3176 4091 cttdros
3220 4033 3478 4103 Dei(Ps.

1883 4152 2072 4201 uitis,
2100 4136 2191 4204 9).
2227 4136 2332 4189 llas
2359 4138 2556 4190 cedrus
2586 4135 2703 4197 Dei,
2735 4132 2859 4199 quia
2893 4128 3185 4199 aliquando
3218 4141 3481 4198 peccave—

1883 4238 2032 4294 runt,
2061 4228 2275 4282 tradidit
2300 4227 2564 4281 Dominus
2593 4224 2877 4293 suppliciis
2908 4221 3296 4277 conleretitlas.
3323 4218 3479 4275 Unde

1887 4320 1939 4373 in
1971 4322 2077 4373 alio
2108 4322 2318 4389 p~almo
2346 4321 2546 4374 dicitur
2571 4337 2584 4372 :
2607 4318 2847 4374 Conteret
2880 4314 3137 4371 Dominus
3174 4316 3355 4370 cedros
3389 4314 3482 4367 Li-

1888 4410 2009 4462 bani
2037 4408 2166 4479 (Ps.
2203 4425 2395 4475 xxviii,
2419 4410 2507 4481 5).
2543 4411 2767 4466 Abietes
2802 4421 2982 4464 autem
3015 4409 3221 4463 excelsi
3251 4409 3479 4477 quique,

1888 4509 1943 4552 ct
1970 4501 2021 4551 itt
2055 4500 2265 4552 llotnini
2294 4504 2564 4556 servitute
2593 4503 2856 4555 sublimes
2890 4502 3093 4555 debent
3120 4502 3319 4569 accipi,
3355 4513 3479 4567 qua!

180 4607 286 4665 est,
317 4612 371 4653 ut
400 4601 621 4672 incipiat
640 4601 906 4673 judicium
947 4616 979 4653 a
1005 4600 1158 4653 domo
1192 4598 1287 4652 Dei
1315 4596 1356 4670 (Ι
1383 4596 1526 4651 Petr.
1557 4612 1628 4658 tv,
1668 4595 1783 4665 i7).
1816 4598 1863 4658 ι)
1889 4604 2126 4644 consona
2176 4604 2313 4643 voce
2340 4590 2601 4644 dixerunt
2629 4609 2642 4643 :
2672 4592 2754 4644 lia:
2794 4608 2895 4660 quo
2924 4602 2979 4644 tu
3026 4591 3288 4645 dormisti.
3340 4589 3480 4645 Nota

182 4687 244 4743 Et
269 4690 320 4745 in
354 4692 609 4747 Ezechiel
649 4690 944 4747 ttrrtotibns
971 4691 1171 4745 dicitur
1201 4709 1213 4743 :
1266 4690 1311 4744 Α
1338 4690 1526 4744 sanctis
1554 4688 1679 4743 meis
1702 4692 1784 4739 in-

183 4781 327 4849 cipite
355 4786 377 4853 (
407 4782 596 4838 ls‘zeclt.
631 4799 714 4845 ix.
743 4783 823 4853 6).
857 4782 962 4837 Pro
982 4781 1301 4837 diversitate
1322 4783 1521 4852 quippe
1550 4778 1783 4850 peccati,

186 4867 361 4937 iudicii
390 4876 527 4931 ordo
570 4876 879 4943 disiiou‘ttur
910 4893 925 4930 :
959 4882 1018 4930 ιιι
1061 4877 1151 4943 qui
1193 4877 1370 4928 minus
1412 4874 1780 4941 deliquerint,

191 4978 306 5023 ante
319 4981 638 5040 purgentur.
652 4969 995 5025 Novissimus
1015 4976 1194 5024 autem
1212 4968 1786 5024 inimicusdeswuatur

191 5072 350 5116 mors.
372 5063 517 5134 Ergo
544 5078 670 5118 cum
696 5061 857 5119 Israel
879 5063 949 5117 de
969 5062 1232 5117 servitute
1255 5062 1387 5116 dura
1417 5061 1575 5116 [ιιει-ἰι
1599 5062 1786 5115 libera-

192 5156 292 5217 tus,
316 5163 492 5210 sumet
513 5156 827 5225 parabolam
849 5164 1034 5209 contra
1060 5169 1242 5223 regem
1273 5153 1589 5223 Babylonis,
1618 5167 1776 5219 qttam

191 5238 441 5298 debemus
491 5244 797 5316 intelligere
826 5254 884 5299 ut
929 5246 1265 5315 parabolam.
1317 5242 1378 5300 Si
1423 5245 1568 5297 enim
1591 5252 1780 5296 contra

190 5330 686 5392 Nabuchodonosor
711 5352 898 5392 sermo
922 5347 1030 5404 est,
1057 5348 1107 5392 et
1133 5335 1365 5404 simplex
1400 5335 1640 5390 historia:
1681 5349 1783 5389 ex-

194 5430 401 5495 positio,
461 5435 740 5500 quomodo
765 5432 1017 5502 parabola
1058 5430 1281 5495 dicitur,
1315 5444 1435 5501 qum
1467 5427 1600 5483 nulli
1626 5428 1786 5484 alteri

195 5521 570 5596 παραϐάλλιται
604 5562 620 5587 ,
678 5523 731 5578 id
776 5534 860 5579 est
889 5566 904 5590 ,
976 5529 1321 5593 comparatur.
1378 5521 1607 5577 Miratur
1655 5536 1786 5593 ergo

262 5665 290 5697 ⁸
326 5660 602 5727 Martium,
631 5661 686 5715 in
705 5660 974 5717 Corinthio
1001 5661 1364 5727 {ornicantem.
1398 5668 1508 5713 etc.

202 5794 207 5803 τ
246 5726 291 5803 εδ
330 5732 535 5793 Nomen
574 5734 805 5801 putredo,
828 5726 1006 5803 quod
1041 5733 1279 5803 quidem.
1324 5728 1623 5803 prmposito
1668 5729 1771 5803 sine

201 5798 469 5871 adverbio,
492 5798 643 5872 quasi
675 5804 775 5858 alta
801 5798 1222 5860 Hebraiciverbi
1248 5800 1369 5863 om
1398 5798 1770 5870 interpretatio

1888 4686 2032 4756 quod
2065 4696 2119 4739 et
2159 4686 2352 4738 mortis
2382 4699 2550 4750 mors,
2583 4685 2891 4752 appellatur
2927 4684 3207 4736 docntitio.
3241 4683 3362 4736 Non
3391 4699 3481 4735 us-

1887 4782 2068 4834 centlet
2096 4782 2187 4845 qui
2206 4779 2442 4833 sucridat
2464 4790 2591 4832 nos:
2619 4776 2771 4831 Vielo
2801 4776 2944 4829 enim
2982 4774 3131 4836 forti,
3165 4786 3212 4825 ct
3248 4774 3481 4842 direptis

1886 4874 2033 4927 vasis
2057 4872 2198 4943 ejus,
2233 4873 2397 4927 etiam
2430 4871 2618 4926 meteri
2643 4869 2906 4924 Satelliles
2937 4874 3289 4922 corruerunt.
3329 4864 3481 4922 Unde

1890 4979 1941 5023 et
1978 4969 2238 5023 Dominus
2272 4968 2514 5039 loquitur
2542 4969 2596 5022 in
2633 4967 2929 5037 Evangelii)
2954 4965 3181 5033 (Matth.
3199 4982 3327 5033 xxv,
3348 4966 3406 5020 εΗ
3428 4964 3481 5038 );

1893 5060 1972 5114 Ite
2000 5064 2053 5115 in
2098 5064 2268 5134 ignem
2294 5071 2564 5125 (Bh'fﬂllm,
2599 5061 2763 5134 250
2782 5064 2866 5130 qui
2902 5069 3226 5130 preparatus
3254 5070 3329 5115 est
3367 5061 3483 5114 dia-

1884 5154 2022 5217 bolo,
2052 5165 2099 5208 et
2119 5153 2319 5226 angelis
2340 5156 2475 5223 ejus.
2504 5154 2748 5221 Quantos
2779 5156 2863 5208 isti
2898 5154 3171 5224 lignorum
3192 5154 3482 5208 arborum-

1883 5262 1990 5314 que
2020 5261 2260 5300 caesores
2289 5246 2404 5299 suis
2453 5247 2734 5302 Sccnrtbus
2786 5248 3161 5310 succiderunt,
3200 5255 3255 5300 et
3304 5244 3484 5299 fect-re

1885 5335 2185 5394 corruere?
2215 5337 2468 5394 Inferuus
2494 5354 2709 5410 quoque
2738 5340 3118 5399 conturbatus,
3145 5336 3260 5388 sive
3289 5349 3483 5387 versus

1886 5429 1940 5483 in
1976 5428 2420 5493 amaritudinem,
2451 5430 2507 5483 in
2539 5445 2827 5483 occursum
2863 5431 3132 5481 adventus
3167 5428 3279 5480 veri
3306 5424 3487 5479 Nabu-

1889 5521 2259 5587 chodonosor,
2294 5522 2446 5577 locus
2495 5522 2888 5593 suppliciorum
2934 5532 3100 5590 atque
3145 5519 3485 5576 crueiatuum

1875 5659 2043 5714 scribi
2064 5659 2163 5715 abs
2188 5659 2519 5730 Hieronymo
2545 5661 2740 5726 putuit,
2765 5661 2856 5715 hic
2877 5659 3052 5720 ἁπλῶς
3074 5657 3333 5726 positum,
3351 5671 3477 5711 sen-

1877 5745 1997 5784 sum
2027 5730 2143 5785 fere
2174 5732 2389 5803 turbat,
2428 5747 2603 5800 neque
2644 5751 2694 5786 tu
2740 5731 3159 5803 Hieronytttiana
3202 5732 3317 5799 ipsa
3351 5743 3473 5784 Vel‘8

1879 5803 2033 5857 sione
2055 5818 2121 5858 ex
2147 5802 2408 5860 llebraica
2434 5804 2666 5860 veritate
2692 5803 2942 5860 habetur.
