  <div class='ocr_page' id='page_1' title='image "/cluster/home/n/w/nwhite01/storage/ocr_20150623/24/uva.x000826571/117.png"; bbox 0 0 4010 6304; ppageno 0'>
   <div class='ocr_carea' id='block_1_1' title="bbox 463 252 570 310">
    <p class='ocr_par' dir='ltr' id='par_1_1' title="bbox 463 252 570 310">
     <span class='ocr_line' id='line_1_1' title="bbox 463 252 570 310; baseline 0 -2"><span class='ocrx_word' id='word_1_1' title='bbox 463 252 570 310; x_wconf 71' lang='grc'><strong>219</strong></span> 
     </span>
    </p>
   </div>
   <div class='ocr_carea' id='block_1_2' title="bbox 1711 251 2500 314">
    <p class='ocr_par' dir='ltr' id='par_1_2' title="bbox 1711 251 2500 314">
     <span class='ocr_line' id='line_1_2' title="bbox 1711 251 2500 314; baseline 0.001 -3"><span class='ocrx_word' id='word_1_2' title='bbox 1711 253 1770 311; x_wconf 83' lang='lat' dir='ltr'><strong>S.</strong></span> <span class='ocrx_word' id='word_1_3' title='bbox 1811 251 2086 313; x_wconf 77' lang='lat' dir='ltr'><strong>EUSEBII</strong></span> <span class='ocrx_word' id='word_1_4' title='bbox 2124 253 2500 314; x_wconf 76' lang='lat' dir='ltr'><strong>HIEBONYMI</strong></span> 
     </span>
    </p>
   </div>
   <div class='ocr_carea' id='block_1_3' title="bbox 3648 261 3764 320">
    <p class='ocr_par' dir='ltr' id='par_1_3' title="bbox 3648 261 3764 320">
     <span class='ocr_line' id='line_1_3' title="bbox 3648 261 3764 320; baseline 0.017 -2"><span class='ocrx_word' id='word_1_5' title='bbox 3648 261 3764 320; x_wconf 72' lang='lat'><strong>220</strong></span> 
     </span>
    </p>
   </div>
   <div class='ocr_carea' id='block_1_4' title="bbox 471 356 3764 440">
    <p class='ocr_par' dir='ltr' id='par_1_4' title="bbox 471 356 3764 440">
     <span class='ocr_line' id='line_1_4' title="bbox 471 356 3764 440; baseline 0.002 -18"><span class='ocrx_word' id='word_1_6' title='bbox 471 356 556 424; x_wconf 77' lang='lat' dir='ltr'><strong>est</strong></span> <span class='ocrx_word' id='word_1_7' title='bbox 579 411 592 434; x_wconf 94' lang='lat'><strong>,</strong></span> <span class='ocrx_word' id='word_1_8' title='bbox 629 371 679 425; x_wconf 91' lang='lat' dir='ltr'><strong>in</strong></span> <span class='ocrx_word' id='word_1_9' title='bbox 731 384 839 438; x_wconf 86' lang='lat' dir='ltr'><strong>quo</strong></span> <span class='ocrx_word' id='word_1_10' title='bbox 869 367 1084 423; x_wconf 84' lang='lat' dir='ltr'><strong>videtur</strong></span> <span class='ocrx_word' id='word_1_11' title='bbox 1133 365 1290 421; x_wconf 82' lang='lat' dir='ltr'><strong>dives</strong></span> <span class='ocrx_word' id='word_1_12' title='bbox 1335 373 1702 435; x_wconf 87' lang='lat' dir='ltr'><strong>purpuratus:</strong></span> <span class='ocrx_word' id='word_1_13' title='bbox 1730 375 1753 404; x_wconf 76' lang='grc' dir='ltr'>α</span> <span class='ocrx_word' id='word_1_14' title='bbox 1781 367 1847 420; x_wconf 84' lang='lat' dir='ltr'><strong>ad</strong></span> <span class='ocrx_word' id='word_1_15' title='bbox 1893 383 2052 438; x_wconf 87' lang='lat' dir='ltr'><strong>quem</strong></span> <span class='ocrx_word' id='word_1_16' title='bbox 2083 375 2138 435; x_wconf 73' lang='grc' dir='ltr'><strong>Α</strong></span> <span class='ocrx_word' id='word_1_17' title='bbox 2161 368 2372 423; x_wconf 88' lang='lat' dir='ltr'><strong>debetis</strong></span> <span class='ocrx_word' id='word_1_18' title='bbox 2401 369 2647 438; x_wconf 72' lang='lat' dir='ltr'><strong>gloriari,</strong></span> <span class='ocrx_word' id='word_1_19' title='bbox 2674 369 2800 439; x_wconf 87' lang='lat' dir='ltr'><strong>quia</strong></span> <span class='ocrx_word' id='word_1_20' title='bbox 2829 368 2986 425; x_wconf 90' lang='lat' dir='ltr'><strong>vobis</strong></span> <span class='ocrx_word' id='word_1_21' title='bbox 3015 369 3281 425; x_wconf 77' lang='lat' dir='ltr'><strong>dicmonia</strong></span> <span class='ocrx_word' id='word_1_22' title='bbox 3312 371 3557 440; x_wconf 79' lang='lat' dir='ltr'><strong>subjecta</strong></span> <span class='ocrx_word' id='word_1_23' title='bbox 3585 381 3719 427; x_wconf 83' lang='lat' dir='ltr'><strong>sunt</strong></span> <span class='ocrx_word' id='word_1_24' title='bbox 3747 388 3764 430; x_wconf 90' lang='lat'><strong>:</strong></span> 
     </span>
    </p>
   </div>
   <div class='ocr_carea' id='block_1_5' title="bbox 466 455 2052 518">
    <p class='ocr_par' dir='ltr' id='par_1_5' title="bbox 466 455 2052 518">
     <span class='ocr_line' id='line_1_5' title="bbox 466 455 2052 518; baseline -0.002 -3"><span class='ocrx_word' id='word_1_25' title='bbox 466 460 745 515; x_wconf 88' lang='lat' dir='ltr'><strong>descendit</strong></span> <span class='ocrx_word' id='word_1_26' title='bbox 774 468 830 514; x_wconf 91' lang='lat' dir='ltr'><strong>et</strong></span> <span class='ocrx_word' id='word_1_27' title='bbox 858 458 1138 518; x_wconf 87' lang='lat' dir='ltr'><strong>Dominus.</strong></span> <span class='ocrx_word' id='word_1_28' title='bbox 1172 465 1228 510; x_wconf 89' lang='lat' dir='ltr'><strong>ut</strong></span> <span class='ocrx_word' id='word_1_29' title='bbox 1262 459 1474 511; x_wconf 84' lang='lat' dir='ltr'><strong>vinctos</strong></span> <span class='ocrx_word' id='word_1_30' title='bbox 1517 455 1587 511; x_wconf 88' lang='lat' dir='ltr'><strong>de</strong></span> <span class='ocrx_word' id='word_1_31' title='bbox 1614 471 1836 513; x_wconf 78' lang='lat' dir='ltr'><strong>corcere</strong></span> <span class='ocrx_word' id='word_1_32' title='bbox 1866 458 2052 512; x_wconf 84' lang='lat' dir='ltr'><strong>dimit-</strong></span> 
     </span>
    </p>
   </div>
   <div class='ocr_carea' id='block_1_6' title="bbox 468 551 2058 608">
    <p class='ocr_par' dir='ltr' id='par_1_6' title="bbox 468 551 2058 608">
     <span class='ocr_line' id='line_1_6' title="bbox 468 551 2058 608; baseline -0.001 0"><span class='ocrx_word' id='word_1_33' title='bbox 468 561 627 608; x_wconf 88' lang='lat' dir='ltr'><strong>teret.</strong></span> <span class='ocrx_word' id='word_1_34' title='bbox 682 553 977 606; x_wconf 85' lang='lat' dir='ltr'><strong>Possumus</strong></span> <span class='ocrx_word' id='word_1_35' title='bbox 1029 553 1303 606; x_wconf 79' lang='lat' dir='ltr'><strong>infernum</strong></span> <span class='ocrx_word' id='word_1_36' title='bbox 1335 559 1717 607; x_wconf 88' lang='lat' dir='ltr'><strong>occurrentem</strong></span> <span class='ocrx_word' id='word_1_37' title='bbox 1766 551 1954 607; x_wconf 90' lang='lat' dir='ltr'><strong>dicere</strong></span> <span class='ocrx_word' id='word_1_38' title='bbox 2001 560 2058 607; x_wconf 89' lang='lat' dir='ltr'><strong>et</strong></span> 
     </span>
    </p>
   </div>
   <div class='ocr_carea' id='block_1_7' title="bbox 469 643 2058 713">
    <p class='ocr_par' dir='ltr' id='par_1_7' title="bbox 469 643 2058 713">
     <span class='ocr_line' id='line_1_7' title="bbox 469 643 2058 713; baseline -0.001 -15"><span class='ocrx_word' id='word_1_39' title='bbox 469 657 592 698; x_wconf 90' lang='lat' dir='ltr'><strong>eum</strong></span> <span class='ocrx_word' id='word_1_40' title='bbox 624 646 877 709; x_wconf 67' lang='lat' dir='ltr'><strong>angelum</strong></span> <span class='ocrx_word' id='word_1_41' title='bbox 908 646 995 713; x_wconf 91' lang='lat' dir='ltr'><strong>qui</strong></span> <span class='ocrx_word' id='word_1_42' title='bbox 1031 644 1222 698; x_wconf 76' lang='lat' dir='ltr'><strong>inferis</strong></span> <span class='ocrx_word' id='word_1_43' title='bbox 1255 645 1430 712; x_wconf 70' lang='lat' dir='ltr'><strong>pinnis</strong></span> <span class='ocrx_word' id='word_1_44' title='bbox 1467 643 1788 712; x_wconf 72' lang='lat' dir='ltr'><strong>prmpositus</strong></span> <span class='ocrx_word' id='word_1_45' title='bbox 1818 655 1923 706; x_wconf 69' lang='grc' dir='ltr'><strong>ρει,</strong></span> <span class='ocrx_word' id='word_1_46' title='bbox 1964 643 2058 710; x_wconf 86' lang='lat' dir='ltr'><strong>qui</strong></span> 
     </span>
    </p>
   </div>
   <div class='ocr_carea' id='block_1_8' title="bbox 466 733 2055 805">
    <p class='ocr_par' dir='ltr' id='par_1_8' title="bbox 466 733 2055 805">
     <span class='ocr_line' id='line_1_8' title="bbox 466 733 2055 805; baseline -0.002 -14"><span class='ocrx_word' id='word_1_47' title='bbox 466 736 751 791; x_wconf 76' lang='lat' dir='ltr'><strong>suscitavit</strong></span> <span class='ocrx_word' id='word_1_48' title='bbox 799 753 990 792; x_wconf 82' lang='lat' dir='ltr'><strong>omnes</strong></span> <span class='ocrx_word' id='word_1_49' title='bbox 1039 736 1324 805; x_wconf 65' lang='lat' dir='ltr'><strong>gigantes:</strong></span> <span class='ocrx_word' id='word_1_50' title='bbox 1357 752 1453 804; x_wconf 86' lang='lat' dir='ltr'><strong>pro</strong></span> <span class='ocrx_word' id='word_1_51' title='bbox 1493 752 1603 804; x_wconf 92' lang='lat' dir='ltr'><strong>quo</strong></span> <span class='ocrx_word' id='word_1_52' title='bbox 1635 735 1724 788; x_wconf 91' lang='lat' dir='ltr'><strong>alii</strong></span> <span class='ocrx_word' id='word_1_53' title='bbox 1769 733 2055 802; x_wconf 81' lang='lat' dir='ltr'><strong>Rapliaim,</strong></span> 
     </span>
    </p>
   </div>
   <div class='ocr_carea' id='block_1_9' title="bbox 465 827 2061 894">
    <p class='ocr_par' dir='ltr' id='par_1_9' title="bbox 465 827 2061 894">
     <span class='ocr_line' id='line_1_9' title="bbox 465 827 2061 894; baseline -0.003 -11"><span class='ocrx_word' id='word_1_54' title='bbox 465 829 553 885; x_wconf 92' lang='lat' dir='ltr'><strong>alii</strong></span> <span class='ocrx_word' id='word_1_55' title='bbox 587 829 809 884; x_wconf 61' lang='lat' dir='ltr'><strong>Titanas</strong></span> <span class='ocrx_word' id='word_1_56' title='bbox 840 831 1260 884; x_wconf 72' lang='lat' dir='ltr'><strong>transtulerunt.</strong></span> <span class='ocrx_word' id='word_1_57' title='bbox 1301 827 1560 894; x_wconf 73' lang='lat' dir='ltr'><strong>Gigantes</strong></span> <span class='ocrx_word' id='word_1_58' title='bbox 1584 839 1767 881; x_wconf 87' lang='lat' dir='ltr'><strong>autem</strong></span> <span class='ocrx_word' id='word_1_59' title='bbox 1796 838 2061 881; x_wconf 79' lang='lat' dir='ltr'><strong>vocantur</strong></span> 
     </span>
    </p>
   </div>
   <div class='ocr_carea' id='block_1_10' title="bbox 460 919 2063 993">
    <p class='ocr_par' dir='ltr' id='par_1_10' title="bbox 460 919 2063 993">
     <span class='ocr_line' id='line_1_10' title="bbox 460 919 2063 993; baseline -0.002 -18"><span class='ocrx_word' id='word_1_60' title='bbox 460 922 618 993; x_wconf 65' lang='lat' dir='ltr'><strong>juxta</strong></span> <span class='ocrx_word' id='word_1_61' title='bbox 646 923 1000 977; x_wconf 76' lang='lat' dir='ltr'><strong>Etlinicoruiu</strong></span> <span class='ocrx_word' id='word_1_62' title='bbox 1019 922 1498 976; x_wconf 72' lang='lat' dir='ltr'><strong>consuetudinem.</strong></span> <span class='ocrx_word' id='word_1_63' title='bbox 1525 919 1734 986; x_wconf 88' lang='lat' dir='ltr'><strong>quieos</strong></span> <span class='ocrx_word' id='word_1_64' title='bbox 1759 922 2063 985; x_wconf 72' lang='lat' dir='ltr'><strong>terrigenas</strong></span> 
     </span>
    </p>
   </div>
   <div class='ocr_carea' id='block_1_11' title="bbox 467 1010 2062 1083">
    <p class='ocr_par' dir='ltr' id='par_1_11' title="bbox 467 1010 2062 1083">
     <span class='ocr_line' id='line_1_11' title="bbox 467 1010 2062 1083; baseline -0.004 -13"><span class='ocrx_word' id='word_1_65' title='bbox 467 1018 806 1076; x_wconf 82' lang='lat' dir='ltr'><strong>existimant,</strong></span> <span class='ocrx_word' id='word_1_66' title='bbox 831 1029 966 1083; x_wconf 86' lang='lat' dir='ltr'><strong>quos</strong></span> <span class='ocrx_word' id='word_1_67' title='bbox 986 1025 1127 1066; x_wconf 81' lang='lat' dir='ltr'><strong>terra</strong></span> <span class='ocrx_word' id='word_1_68' title='bbox 1150 1021 1420 1082; x_wconf 62' lang='lat' dir='ltr'><strong>genuerit.</strong></span> <span class='ocrx_word' id='word_1_69' title='bbox 1452 1012 1559 1066; x_wconf 78' lang='lat' dir='ltr'><strong>Nos</strong></span> <span class='ocrx_word' id='word_1_70' title='bbox 1586 1021 1767 1066; x_wconf 86' lang='lat' dir='ltr'><strong>autem</strong></span> <span class='ocrx_word' id='word_1_71' title='bbox 1795 1010 2062 1080; x_wconf 48' lang='lat' dir='ltr'><strong>gigantes,</strong></span> 
     </span>
    </p>
   </div>
   <div class='ocr_carea' id='block_1_12' title="bbox 465 1103 2065 1180">
    <p class='ocr_par' dir='ltr' id='par_1_12' title="bbox 465 1103 2065 1180">
     <span class='ocr_line' id='line_1_12' title="bbox 465 1103 2065 1180; baseline -0.001 -22"><span class='ocrx_word' id='word_1_72' title='bbox 465 1109 625 1180; x_wconf 76' lang='lat' dir='ltr'><strong>juxta</strong></span> <span class='ocrx_word' id='word_1_73' title='bbox 667 1107 842 1162; x_wconf 73' lang='lat' dir='ltr'><strong>Graeci</strong></span> <span class='ocrx_word' id='word_1_74' title='bbox 876 1107 1149 1160; x_wconf 75' lang='lat' dir='ltr'><strong>sermonis</strong></span> <span class='ocrx_word' id='word_1_75' title='bbox 1187 1104 1601 1175; x_wconf 74' lang='lat' dir='ltr'><strong>elytitologialn,</strong></span> <span class='ocrx_word' id='word_1_76' title='bbox 1649 1118 1745 1159; x_wconf 90' lang='lat' dir='ltr'><strong>eos</strong></span> <span class='ocrx_word' id='word_1_77' title='bbox 1787 1103 2065 1172; x_wconf 75' lang='lat' dir='ltr'><strong>appellare</strong></span> 
     </span>
    </p>
   </div>
   <div class='ocr_carea' id='block_1_13' title="bbox 471 1198 2066 1272">
    <p class='ocr_par' dir='ltr' id='par_1_13' title="bbox 471 1198 2066 1272">
     <span class='ocr_line' id='line_1_13' title="bbox 471 1198 2066 1272; baseline -0.003 -16"><span class='ocrx_word' id='word_1_78' title='bbox 471 1216 780 1272; x_wconf 64' lang='lat' dir='ltr'><strong>possumus,</strong></span> <span class='ocrx_word' id='word_1_79' title='bbox 807 1201 900 1270; x_wconf 90' lang='lat' dir='ltr'><strong>qui</strong></span> <span class='ocrx_word' id='word_1_80' title='bbox 927 1200 1159 1255; x_wconf 88' lang='lat' dir='ltr'><strong>terrenis</strong></span> <span class='ocrx_word' id='word_1_81' title='bbox 1183 1200 1442 1267; x_wconf 75' lang='lat' dir='ltr'><strong>operibus</strong></span> <span class='ocrx_word' id='word_1_82' title='bbox 1463 1204 1794 1254; x_wconf 88' lang='lat' dir='ltr'><strong>servierunt.</strong></span> <span class='ocrx_word' id='word_1_83' title='bbox 1823 1198 2066 1265; x_wconf 80' lang='lat' dir='ltr'><strong>Denique</strong></span> 
     </span>
    </p>
   </div>
   <div class='ocr_carea' id='block_1_14' title="bbox 473 1290 2066 1364">
    <p class='ocr_par' dir='ltr' id='par_1_14' title="bbox 473 1290 2066 1364">
     <span class='ocr_line' id='line_1_14' title="bbox 473 1290 2066 1364; baseline -0.003 -15"><span class='ocrx_word' id='word_1_84' title='bbox 473 1294 718 1362; x_wconf 80' lang='lat' dir='ltr'><strong>sequitur</strong></span> <span class='ocrx_word' id='word_1_85' title='bbox 747 1313 760 1347; x_wconf 87' lang='lat'><strong>:</strong></span> <span class='ocrx_word' id='word_1_86' title='bbox 796 1292 985 1347; x_wconf 82' lang='lat' dir='ltr'><strong>Omnes</strong></span> <span class='ocrx_word' id='word_1_87' title='bbox 1009 1294 1270 1364; x_wconf 77' lang='lat' dir='ltr'><strong>principes</strong></span> <span class='ocrx_word' id='word_1_88' title='bbox 1295 1305 1448 1350; x_wconf 73' lang='lat' dir='ltr'><strong>terra:</strong></span> <span class='ocrx_word' id='word_1_89' title='bbox 1477 1301 1812 1346; x_wconf 69' lang='lat' dir='ltr'><strong>surrexerunt</strong></span> <span class='ocrx_word' id='word_1_90' title='bbox 1839 1292 1900 1343; x_wconf 83' lang='lat' dir='ltr'><strong>de</strong></span> <span class='ocrx_word' id='word_1_91' title='bbox 1918 1290 2066 1344; x_wconf 83' lang='lat' dir='ltr'><strong>soliis</strong></span> 
     </span>
    </p>
   </div>
   <div class='ocr_carea' id='block_1_15' title="bbox 471 1381 2064 1453">
    <p class='ocr_par' dir='ltr' id='par_1_15' title="bbox 471 1381 2064 1453">
     <span class='ocr_line' id='line_1_15' title="bbox 471 1381 2064 1453; baseline -0.004 -12"><span class='ocrx_word' id='word_1_92' title='bbox 471 1388 602 1452; x_wconf 84' lang='lat' dir='ltr'><strong>suis,</strong></span> <span class='ocrx_word' id='word_1_93' title='bbox 644 1388 694 1437; x_wconf 86' lang='lat' dir='ltr'><strong>in</strong></span> <span class='ocrx_word' id='word_1_94' title='bbox 733 1387 970 1440; x_wconf 89' lang='lat' dir='ltr'><strong>adventu</strong></span> <span class='ocrx_word' id='word_1_95' title='bbox 1015 1387 1289 1453; x_wconf 67' lang='lat' dir='ltr'><strong>quondam</strong></span> <span class='ocrx_word' id='word_1_96' title='bbox 1345 1384 1606 1451; x_wconf 77' lang='lat' dir='ltr'><strong>principis</strong></span> <span class='ocrx_word' id='word_1_97' title='bbox 1655 1381 1738 1436; x_wconf 90' lang='lat' dir='ltr'><strong>sui</strong></span> <span class='ocrx_word' id='word_1_98' title='bbox 1765 1399 1779 1435; x_wconf 87' lang='lat'><strong>:</strong></span> <span class='ocrx_word' id='word_1_99' title='bbox 1807 1392 1862 1434; x_wconf 89' lang='lat' dir='ltr'><strong>ut</strong></span> <span class='ocrx_word' id='word_1_100' title='bbox 1901 1396 2064 1451; x_wconf 79' lang='lat' dir='ltr'><strong>quem</strong></span> 
     </span>
    </p>
   </div>
   <div class='ocr_carea' id='block_1_16' title="bbox 475 1475 2067 1549">
    <p class='ocr_par' dir='ltr' id='par_1_16' title="bbox 475 1475 2067 1549">
     <span class='ocr_line' id='line_1_16' title="bbox 475 1475 2067 1549; baseline -0.004 -15"><span class='ocrx_word' id='word_1_101' title='bbox 475 1479 624 1549; x_wconf 90' lang='lat' dir='ltr'><strong>prius</strong></span> <span class='ocrx_word' id='word_1_102' title='bbox 669 1480 1010 1534; x_wconf 62' lang='lat' dir='ltr'><strong>honorabant</strong></span> <span class='ocrx_word' id='word_1_103' title='bbox 1051 1493 1149 1546; x_wconf 88' lang='lat' dir='ltr'><strong>pro</strong></span> <span class='ocrx_word' id='word_1_104' title='bbox 1188 1477 1454 1548; x_wconf 74' lang='lat' dir='ltr'><strong>putentia,</strong></span> <span class='ocrx_word' id='word_1_105' title='bbox 1490 1485 1684 1545; x_wconf 78' lang='lat' dir='ltr'><strong>postea</strong></span> <span class='ocrx_word' id='word_1_106' title='bbox 1736 1475 2067 1528; x_wconf 75' lang='lat' dir='ltr'><strong>mirarentur</strong></span> 
     </span>
    </p>
   </div>
   <div class='ocr_carea' id='block_1_17' title="bbox 477 1567 2066 1640">
    <p class='ocr_par' dir='ltr' id='par_1_17' title="bbox 477 1567 2066 1640">
     <span class='ocr_line' id='line_1_17' title="bbox 477 1567 2066 1640; baseline -0.004 -13"><span class='ocrx_word' id='word_1_107' title='bbox 477 1573 530 1627; x_wconf 92' lang='lat' dir='ltr'><strong>in</strong></span> <span class='ocrx_word' id='word_1_108' title='bbox 557 1571 749 1640; x_wconf 71' lang='lat' dir='ltr'><strong>pinnis,</strong></span> <span class='ocrx_word' id='word_1_109' title='bbox 777 1580 827 1625; x_wconf 92' lang='lat' dir='ltr'><strong>et</strong></span> <span class='ocrx_word' id='word_1_110' title='bbox 857 1569 994 1625; x_wconf 58' lang='lat' dir='ltr'><strong>dice&#39;</strong></span> <span class='ocrx_word' id='word_1_111' title='bbox 1013 1580 1102 1623; x_wconf 88' lang='lat' dir='ltr'><strong>ent</strong></span> <span class='ocrx_word' id='word_1_112' title='bbox 1126 1585 1142 1622; x_wconf 93' lang='lat'><em>:</em></span> <span class='ocrx_word' id='word_1_113' title='bbox 1164 1569 1228 1621; x_wconf 78' lang='lat' dir='ltr'><strong>Et</strong></span> <span class='ocrx_word' id='word_1_114' title='bbox 1255 1579 1309 1622; x_wconf 94' lang='lat' dir='ltr'><strong>tu</strong></span> <span class='ocrx_word' id='word_1_115' title='bbox 1337 1569 1628 1622; x_wconf 81' lang='lat' dir='ltr'><strong>vulneratus</strong></span> <span class='ocrx_word' id='word_1_116' title='bbox 1651 1583 1702 1621; x_wconf 79' lang='lat' dir='ltr'><strong>cs</strong></span> <span class='ocrx_word' id='word_1_117' title='bbox 1723 1567 1853 1621; x_wconf 82' lang='lat' dir='ltr'><strong>sicut</strong></span> <span class='ocrx_word' id='word_1_118' title='bbox 1872 1578 1916 1619; x_wconf 85' lang='lat' dir='ltr'><strong>et</strong></span> <span class='ocrx_word' id='word_1_119' title='bbox 1939 1581 2066 1620; x_wconf 91' lang='lat' dir='ltr'><strong>nos:</strong></span> 
     </span>
    </p>
   </div>
   <div class='ocr_carea' id='block_1_18' title="bbox 475 1659 2064 1729">
    <p class='ocr_par' dir='ltr' id='par_1_18' title="bbox 475 1659 2064 1729">
     <span class='ocr_line' id='line_1_18' title="bbox 475 1659 2064 1729; baseline -0.004 -11"><span class='ocrx_word' id='word_1_120' title='bbox 475 1664 639 1718; x_wconf 77' lang='lat' dir='ltr'><strong>nostri</strong></span> <span class='ocrx_word' id='word_1_121' title='bbox 667 1662 851 1716; x_wconf 81' lang='lat' dir='ltr'><strong>similis</strong></span> <span class='ocrx_word' id='word_1_122' title='bbox 891 1661 1104 1729; x_wconf 68' lang='lat' dir='ltr'><strong>effectus</strong></span> <span class='ocrx_word' id='word_1_123' title='bbox 1152 1678 1224 1716; x_wconf 85' lang='lat' dir='ltr'><strong>es.</strong></span> <span class='ocrx_word' id='word_1_124' title='bbox 1279 1661 1412 1727; x_wconf 71' lang='lat' dir='ltr'><strong>Quae</strong></span> <span class='ocrx_word' id='word_1_125' title='bbox 1453 1662 1615 1714; x_wconf 86' lang='lat' dir='ltr'><strong>verba</strong></span> <span class='ocrx_word' id='word_1_126' title='bbox 1649 1659 1793 1714; x_wconf 90' lang='lat' dir='ltr'><strong>hunc</strong></span> <span class='ocrx_word' id='word_1_127' title='bbox 1843 1673 2064 1715; x_wconf 88' lang='lat' dir='ltr'><strong>sensum</strong></span> 
     </span>
    </p>
   </div>
   <div class='ocr_carea' id='block_1_19' title="bbox 2159 463 3770 534">
    <p class='ocr_par' dir='ltr' id='par_1_19' title="bbox 2159 463 3770 534">
     <span class='ocr_line' id='line_1_19' title="bbox 2159 463 3770 534; baseline 0.006 -20"><span class='ocrx_word' id='word_1_128' title='bbox 2159 463 2252 517; x_wconf 88' lang='lat' dir='ltr'><strong>sed</strong></span> <span class='ocrx_word' id='word_1_129' title='bbox 2296 463 2419 532; x_wconf 88' lang='lat' dir='ltr'><strong>quia</strong></span> <span class='ocrx_word' id='word_1_130' title='bbox 2463 465 2682 518; x_wconf 89' lang='lat' dir='ltr'><strong>nomina</strong></span> <span class='ocrx_word' id='word_1_131' title='bbox 2719 475 2901 519; x_wconf 79' lang='lat' dir='ltr'><strong>vestra</strong></span> <span class='ocrx_word' id='word_1_132' title='bbox 2949 465 3153 534; x_wconf 86' lang='lat' dir='ltr'><strong>scripta</strong></span> <span class='ocrx_word' id='word_1_133' title='bbox 3197 475 3322 519; x_wconf 89' lang='lat' dir='ltr'><strong>sunt</strong></span> <span class='ocrx_word' id='word_1_134' title='bbox 3373 466 3427 519; x_wconf 88' lang='lat' dir='ltr'><strong>in</strong></span> <span class='ocrx_word' id='word_1_135' title='bbox 3477 467 3656 531; x_wconf 60' lang='lat' dir='ltr'><strong>coelo;</strong></span> <span class='ocrx_word' id='word_1_136' title='bbox 3702 476 3770 523; x_wconf 88' lang='lat' dir='ltr'><strong>ut</strong></span> 
     </span>
    </p>
   </div>
   <div class='ocr_carea' id='block_1_20' title="bbox 2163 554 3772 627">
    <p class='ocr_par' dir='ltr' id='par_1_20' title="bbox 2163 554 3772 627">
     <span class='ocr_line' id='line_1_20' title="bbox 2163 554 3772 627; baseline 0.002 -19"><span class='ocrx_word' id='word_1_137' title='bbox 2163 555 2304 609; x_wconf 85' lang='lat' dir='ltr'><strong>unde</strong></span> <span class='ocrx_word' id='word_1_138' title='bbox 2333 554 2423 610; x_wconf 91' lang='lat' dir='ltr'><strong>ille</strong></span> <span class='ocrx_word' id='word_1_139' title='bbox 2453 557 2650 612; x_wconf 84' lang='lat' dir='ltr'><strong>cecidit</strong></span> <span class='ocrx_word' id='word_1_140' title='bbox 2684 571 2784 626; x_wconf 87' lang='lat' dir='ltr'><strong>per</strong></span> <span class='ocrx_word' id='word_1_141' title='bbox 2814 557 3155 626; x_wconf 71' lang='lat' dir='ltr'><strong>superbiam,</strong></span> <span class='ocrx_word' id='word_1_142' title='bbox 3191 571 3290 611; x_wconf 85' lang='lat' dir='ltr'><strong>vos</strong></span> <span class='ocrx_word' id='word_1_143' title='bbox 3318 557 3634 612; x_wconf 81' lang='lat' dir='ltr'><strong>ascendatis</strong></span> <span class='ocrx_word' id='word_1_144' title='bbox 3666 570 3772 627; x_wconf 82' lang='lat' dir='ltr'><strong>per</strong></span> 
     </span>
    </p>
   </div>
   <div class='ocr_carea' id='block_1_21' title="bbox 2165 649 3765 718">
    <p class='ocr_par' dir='ltr' id='par_1_21' title="bbox 2165 649 3765 718">
     <span class='ocr_line' id='line_1_21' title="bbox 2165 649 3765 718; baseline 0.004 -19"><span class='ocrx_word' id='word_1_145' title='bbox 2165 649 2544 702; x_wconf 87' lang='lat' dir='ltr'><strong>humilitatem.</strong></span> <span class='ocrx_word' id='word_1_146' title='bbox 2581 649 2684 702; x_wconf 87' lang='lat' dir='ltr'><strong>Istc</strong></span> <span class='ocrx_word' id='word_1_147' title='bbox 2705 660 2787 704; x_wconf 71' lang='grc' dir='ltr'><strong>εει</strong></span> <span class='ocrx_word' id='word_1_148' title='bbox 2814 651 3068 717; x_wconf 81' lang='lat' dir='ltr'><strong>princeps</strong></span> <span class='ocrx_word' id='word_1_149' title='bbox 3094 649 3303 712; x_wconf 45' lang='lat' dir='ltr'><strong>surculi,</strong></span> <span class='ocrx_word' id='word_1_150' title='bbox 3337 650 3427 718; x_wconf 85' lang='lat' dir='ltr'><strong>qui</strong></span> <span class='ocrx_word' id='word_1_151' title='bbox 3457 651 3601 704; x_wconf 90' lang='lat' dir='ltr'><strong>inter</strong></span> <span class='ocrx_word' id='word_1_152' title='bbox 3623 653 3765 705; x_wconf 82' lang='lat' dir='ltr'><strong>stel-</strong></span> 
     </span>
    </p>
   </div>
   <div class='ocr_carea' id='block_1_22' title="bbox 2162 741 3772 805">
    <p class='ocr_par' dir='ltr' id='par_1_22' title="bbox 2162 741 3772 805">
     <span class='ocr_line' id='line_1_22' title="bbox 2162 741 3772 805; baseline 0.001 -11"><span class='ocrx_word' id='word_1_153' title='bbox 2162 741 2244 795; x_wconf 91' lang='lat' dir='ltr'><strong>las</strong></span> <span class='ocrx_word' id='word_1_154' title='bbox 2272 750 2497 796; x_wconf 80' lang='lat' dir='ltr'><strong>ca-teras</strong></span> <span class='ocrx_word' id='word_1_155' title='bbox 2525 758 2683 796; x_wconf 79' lang='lat' dir='ltr'><strong>mane</strong></span> <span class='ocrx_word' id='word_1_156' title='bbox 2709 743 3007 805; x_wconf 88' lang='lat' dir='ltr'><strong>oriebatur,</strong></span> <span class='ocrx_word' id='word_1_157' title='bbox 3039 752 3091 795; x_wconf 82' lang='lat' dir='ltr'><strong>et</strong></span> <span class='ocrx_word' id='word_1_158' title='bbox 3127 757 3225 797; x_wconf 88' lang='lat' dir='ltr'><strong>suo</strong></span> <span class='ocrx_word' id='word_1_159' title='bbox 3247 743 3381 798; x_wconf 87' lang='lat' dir='ltr'><strong>vitio</strong></span> <span class='ocrx_word' id='word_1_160' title='bbox 3413 743 3482 797; x_wconf 87' lang='lat' dir='ltr'><strong>de</strong></span> <span class='ocrx_word' id='word_1_161' title='bbox 3507 741 3772 799; x_wconf 67' lang='lat' dir='ltr'><strong>Lucifero</strong></span> 
     </span>
    </p>
   </div>
   <div class='ocr_carea' id='block_1_23' title="bbox 2169 831 3772 903">
    <p class='ocr_par' dir='ltr' id='par_1_23' title="bbox 2169 831 3772 903">
     <span class='ocr_line' id='line_1_23' title="bbox 2169 831 3772 903; baseline 0.002 -18"><span class='ocrx_word' id='word_1_162' title='bbox 2169 831 2372 903; x_wconf 65' lang='lat' dir='ltr'><strong>Vesper</strong></span> <span class='ocrx_word' id='word_1_163' title='bbox 2417 834 2642 888; x_wconf 77' lang='lat' dir='ltr'><strong>effectus</strong></span> <span class='ocrx_word' id='word_1_164' title='bbox 2689 844 2794 899; x_wconf 84' lang='lat' dir='ltr'><strong>est,</strong></span> <span class='ocrx_word' id='word_1_165' title='bbox 2828 841 2883 887; x_wconf 90' lang='lat' dir='ltr'><strong>et.</strong></span> <span class='ocrx_word' id='word_1_166' title='bbox 2932 849 3041 887; x_wconf 90' lang='lat' dir='ltr'><strong>non</strong></span> <span class='ocrx_word' id='word_1_167' title='bbox 3072 834 3278 893; x_wconf 67' lang='lat' dir='ltr'><strong>oriens,</strong></span> <span class='ocrx_word' id='word_1_168' title='bbox 3329 832 3423 888; x_wconf 87' lang='lat' dir='ltr'><strong>sed</strong></span> <span class='ocrx_word' id='word_1_169' title='bbox 3465 835 3772 888; x_wconf 84' lang='lat' dir='ltr'><strong>occidens:</strong></span> 
     </span>
    </p>
   </div>
   <div class='ocr_carea' id='block_1_24' title="bbox 2165 926 3773 996">
    <p class='ocr_par' dir='ltr' id='par_1_24' title="bbox 2165 926 3773 996">
     <span class='ocr_line' id='line_1_24' title="bbox 2165 926 3773 996; baseline 0.002 -18"><span class='ocrx_word' id='word_1_170' title='bbox 2165 927 2254 994; x_wconf 91' lang='lat' dir='ltr'><strong>qui</strong></span> <span class='ocrx_word' id='word_1_171' title='bbox 2305 927 2618 980; x_wconf 83' lang='lat' dir='ltr'><strong>vulnerabat</strong></span> <span class='ocrx_word' id='word_1_172' title='bbox 2664 937 2876 996; x_wconf 73' lang='lat' dir='ltr'><strong>gentes,</strong></span> <span class='ocrx_word' id='word_1_173' title='bbox 2911 927 3026 982; x_wconf 74' lang='lat' dir='ltr'><strong>sive</strong></span> <span class='ocrx_word' id='word_1_174' title='bbox 3067 931 3159 994; x_wconf 87' lang='lat' dir='ltr'><strong>qui</strong></span> <span class='ocrx_word' id='word_1_175' title='bbox 3194 927 3443 981; x_wconf 80' lang='lat' dir='ltr'><strong>mittebat</strong></span> <span class='ocrx_word' id='word_1_176' title='bbox 3473 926 3542 980; x_wconf 92' lang='lat' dir='ltr'><strong>ad</strong></span> <span class='ocrx_word' id='word_1_177' title='bbox 3571 936 3773 996; x_wconf 70' lang='lat' dir='ltr'><strong>gentos</strong></span> 
     </span>
    </p>
   </div>
   <div class='ocr_carea' id='block_1_25' title="bbox 2168 1017 3776 1084">
    <p class='ocr_par' dir='ltr' id='par_1_25' title="bbox 2168 1017 3776 1084">
     <span class='ocr_line' id='line_1_25' title="bbox 2168 1017 3776 1084; baseline 0.002 -14"><span class='ocrx_word' id='word_1_178' title='bbox 2168 1018 2433 1072; x_wconf 67' lang='lat' dir='ltr'><strong>saiellites</strong></span> <span class='ocrx_word' id='word_1_179' title='bbox 2465 1034 2618 1081; x_wconf 78' lang='lat' dir='ltr'><strong>suos,</strong></span> <span class='ocrx_word' id='word_1_180' title='bbox 2653 1030 2708 1072; x_wconf 91' lang='lat' dir='ltr'><strong>ut</strong></span> <span class='ocrx_word' id='word_1_181' title='bbox 2735 1033 2929 1074; x_wconf 84' lang='lat' dir='ltr'><strong>omnes</strong></span> <span class='ocrx_word' id='word_1_182' title='bbox 2961 1033 3058 1071; x_wconf 88' lang='lat' dir='ltr'><strong>sua</strong></span> <span class='ocrx_word' id='word_1_183' title='bbox 3091 1019 3285 1072; x_wconf 73' lang='lat' dir='ltr'><strong>fraude</strong></span> <span class='ocrx_word' id='word_1_184' title='bbox 3333 1019 3639 1084; x_wconf 80' lang='lat' dir='ltr'><strong>deciperet.</strong></span> <span class='ocrx_word' id='word_1_185' title='bbox 3673 1017 3776 1074; x_wconf 78' lang='lat' dir='ltr'><strong>Isti</strong></span> 
     </span>
    </p>
   </div>
   <div class='ocr_carea' id='block_1_26' title="bbox 2168 1108 3774 1179">
    <p class='ocr_par' dir='ltr' id='par_1_26' title="bbox 2168 1108 3774 1179">
     <span class='ocr_line' id='line_1_26' title="bbox 2168 1108 3774 1179; baseline 0.002 -18"><span class='ocrx_word' id='word_1_186' title='bbox 2168 1117 2293 1161; x_wconf 90' lang='lat' dir='ltr'><strong>sunt</strong></span> <span class='ocrx_word' id='word_1_187' title='bbox 2326 1108 2445 1162; x_wconf 79' lang='lat' dir='ltr'><strong>falsi</strong></span> <span class='ocrx_word' id='word_1_188' title='bbox 2480 1109 2754 1177; x_wconf 84' lang='lat' dir='ltr'><strong>Apostoli,</strong></span> <span class='ocrx_word' id='word_1_189' title='bbox 2787 1110 3022 1179; x_wconf 90' lang='lat' dir='ltr'><strong>operarii</strong></span> <span class='ocrx_word' id='word_1_190' title='bbox 3057 1109 3372 1174; x_wconf 74' lang='lat' dir='ltr'><strong>mendaces,</strong></span> <span class='ocrx_word' id='word_1_191' title='bbox 3401 1109 3494 1178; x_wconf 91' lang='lat' dir='ltr'><strong>qui</strong></span> <span class='ocrx_word' id='word_1_192' title='bbox 3546 1109 3774 1164; x_wconf 73' lang='lat' dir='ltr'><strong>transﬁ-</strong></span> 
     </span>
    </p>
   </div>
   <div class='ocr_carea' id='block_1_27' title="bbox 2168 1203 3777 1273">
    <p class='ocr_par' dir='ltr' id='par_1_27' title="bbox 2168 1203 3777 1273">
     <span class='ocr_line' id='line_1_27' title="bbox 2168 1203 3777 1273; baseline 0.004 -20"><span class='ocrx_word' id='word_1_193' title='bbox 2168 1211 2432 1269; x_wconf 71' lang='lat' dir='ltr'><strong>guraiitur</strong></span> <span class='ocrx_word' id='word_1_194' title='bbox 2461 1203 2514 1256; x_wconf 92' lang='lat' dir='ltr'><strong>in</strong></span> <span class='ocrx_word' id='word_1_195' title='bbox 2560 1205 2853 1272; x_wconf 83' lang='lat' dir='ltr'><strong>Apostolos</strong></span> <span class='ocrx_word' id='word_1_196' title='bbox 2883 1203 3109 1267; x_wconf 85' lang='lat' dir='ltr'><strong>Christi,</strong></span> <span class='ocrx_word' id='word_1_197' title='bbox 3138 1203 3232 1273; x_wconf 90' lang='lat' dir='ltr'><strong>qui</strong></span> <span class='ocrx_word' id='word_1_198' title='bbox 3267 1205 3412 1257; x_wconf 89' lang='lat' dir='ltr'><strong>hono</strong></span> <span class='ocrx_word' id='word_1_199' title='bbox 3440 1205 3633 1259; x_wconf 80' lang='lat' dir='ltr'><strong>semini</strong></span> <span class='ocrx_word' id='word_1_200' title='bbox 3679 1206 3777 1260; x_wconf 83' lang='lat' dir='ltr'><strong>lo-</strong></span> 
     </span>
    </p>
   </div>
   <div class='ocr_carea' id='block_1_28' title="bbox 2171 1295 3779 1362">
    <p class='ocr_par' dir='ltr' id='par_1_28' title="bbox 2171 1295 3779 1362">
     <span class='ocr_line' id='line_1_28' title="bbox 2171 1295 3779 1362; baseline -0.001 -15"><span class='ocrx_word' id='word_1_201' title='bbox 2171 1296 2299 1347; x_wconf 90' lang='lat' dir='ltr'><strong>lium</strong></span> <span class='ocrx_word' id='word_1_202' title='bbox 2333 1297 2790 1362; x_wconf 88' lang='lat' dir='ltr'><strong>supersemiuant,</strong></span> <span class='ocrx_word' id='word_1_203' title='bbox 2819 1296 3222 1350; x_wconf 85' lang='lat' dir='ltr'><strong>duriiiientibus</strong></span> <span class='ocrx_word' id='word_1_204' title='bbox 3258 1295 3624 1349; x_wconf 81' lang='lat' dir='ltr'><strong>Ecclesiarum</strong></span> <span class='ocrx_word' id='word_1_205' title='bbox 3651 1310 3779 1348; x_wconf 80' lang='lat' dir='ltr'><strong>ina-</strong></span> 
     </span>
    </p>
   </div>
   <div class='ocr_carea' id='block_1_29' title="bbox 2169 1386 3778 1456">
    <p class='ocr_par' dir='ltr' id='par_1_29' title="bbox 2169 1386 3778 1456">
     <span class='ocr_line' id='line_1_29' title="bbox 2169 1386 3778 1456; baseline 0.004 -18"><span class='ocrx_word' id='word_1_206' title='bbox 2169 1386 2374 1456; x_wconf 76' lang='lat' dir='ltr'><strong>gistris,</strong></span> <span class='ocrx_word' id='word_1_207' title='bbox 2393 1396 2448 1441; x_wconf 88' lang='lat' dir='ltr'><strong>et</strong></span> <span class='ocrx_word' id='word_1_208' title='bbox 2467 1387 2780 1442; x_wconf 87' lang='lat' dir='ltr'><strong>nolentibus</strong></span> <span class='ocrx_word' id='word_1_209' title='bbox 2796 1395 2892 1441; x_wconf 86' lang='lat' dir='ltr'><strong>aut</strong></span> <span class='ocrx_word' id='word_1_210' title='bbox 2908 1387 3314 1456; x_wconf 76' lang='lat' dir='ltr'><strong>nequeuntibus</strong></span> <span class='ocrx_word' id='word_1_211' title='bbox 3331 1402 3520 1442; x_wconf 92' lang='lat' dir='ltr'><strong>eorum</strong></span> <span class='ocrx_word' id='word_1_212' title='bbox 3546 1388 3778 1444; x_wconf 64' lang='lat' dir='ltr'><strong>uiatitim</strong></span> 
     </span>
    </p>
   </div>
   <div class='ocr_carea' id='block_1_30' title="bbox 2173 1479 3776 1549">
    <p class='ocr_par' dir='ltr' id='par_1_30' title="bbox 2173 1479 3776 1549">
     <span class='ocr_line' id='line_1_30' title="bbox 2173 1479 3776 1549; baseline 0.002 -17"><span class='ocrx_word' id='word_1_213' title='bbox 2173 1479 2448 1534; x_wconf 80' lang='lat' dir='ltr'><strong>resistere.</strong></span> <span class='ocrx_word' id='word_1_214' title='bbox 2481 1479 2648 1534; x_wconf 84' lang='lat' dir='ltr'><strong>Jarob</strong></span> <span class='ocrx_word' id='word_1_215' title='bbox 2678 1489 2881 1543; x_wconf 86' lang='lat' dir='ltr'><strong>autem,</strong></span> <span class='ocrx_word' id='word_1_216' title='bbox 2915 1491 2970 1534; x_wconf 90' lang='lat' dir='ltr'><strong>et</strong></span> <span class='ocrx_word' id='word_1_217' title='bbox 2994 1479 3164 1534; x_wconf 86' lang='lat' dir='ltr'><strong>lsraol</strong></span> <span class='ocrx_word' id='word_1_218' title='bbox 3197 1479 3349 1549; x_wconf 84' lang='lat' dir='ltr'><strong>cujus</strong></span> <span class='ocrx_word' id='word_1_219' title='bbox 3382 1480 3636 1534; x_wconf 86' lang='lat' dir='ltr'><strong>misertus</strong></span> <span class='ocrx_word' id='word_1_220' title='bbox 3661 1488 3776 1545; x_wconf 83' lang='lat' dir='ltr'><strong>est,</strong></span> 
     </span>
    </p>
   </div>
   <div class='ocr_carea' id='block_1_31' title="bbox 2172 1571 3779 1641">
    <p class='ocr_par' dir='ltr' id='par_1_31' title="bbox 2172 1571 3779 1641">
     <span class='ocr_line' id='line_1_31' title="bbox 2172 1571 3779 1641; baseline 0.001 -16"><span class='ocrx_word' id='word_1_221' title='bbox 2172 1579 2226 1625; x_wconf 90' lang='lat' dir='ltr'><strong>ct</strong></span> <span class='ocrx_word' id='word_1_222' title='bbox 2246 1586 2406 1639; x_wconf 90' lang='lat' dir='ltr'><strong>quem</strong></span> <span class='ocrx_word' id='word_1_223' title='bbox 2435 1571 2596 1640; x_wconf 82' lang='lat' dir='ltr'><strong>elegit</strong></span> <span class='ocrx_word' id='word_1_224' title='bbox 2630 1571 2913 1635; x_wconf 86' lang='lat' dir='ltr'><strong>Dominus,</strong></span> <span class='ocrx_word' id='word_1_225' title='bbox 2941 1572 3055 1626; x_wconf 78' lang='lat' dir='ltr'><strong>lucc</strong></span> <span class='ocrx_word' id='word_1_226' title='bbox 3081 1571 3260 1627; x_wconf 86' lang='lat' dir='ltr'><strong>adhuc</strong></span> <span class='ocrx_word' id='word_1_227' title='bbox 3288 1571 3538 1641; x_wconf 87' lang='lat' dir='ltr'><strong>loquitur</strong></span> <span class='ocrx_word' id='word_1_228' title='bbox 3561 1572 3630 1627; x_wconf 85' lang='lat' dir='ltr'><strong>ad</strong></span> <span class='ocrx_word' id='word_1_229' title='bbox 3655 1571 3779 1627; x_wconf 82' lang='lat' dir='ltr'><strong>dia-</strong></span> 
     </span>
    </p>
   </div>
   <div class='ocr_carea' id='block_1_32' title="bbox 2175 1662 3778 1734">
    <p class='ocr_par' dir='ltr' id='par_1_32' title="bbox 2175 1662 3778 1734">
     <span class='ocr_line' id='line_1_32' title="bbox 2175 1662 3778 1734; baseline 0.004 -19"><span class='ocrx_word' id='word_1_230' title='bbox 2175 1662 2381 1727; x_wconf 88' lang='lat' dir='ltr'><strong>bolum,</strong></span> <span class='ocrx_word' id='word_1_231' title='bbox 2413 1663 2526 1718; x_wconf 77' lang='lat' dir='ltr'><strong>sive</strong></span> <span class='ocrx_word' id='word_1_232' title='bbox 2555 1672 2610 1716; x_wconf 92' lang='lat' dir='ltr'><strong>ut</strong></span> <span class='ocrx_word' id='word_1_233' title='bbox 2639 1662 2782 1718; x_wconf 78' lang='lat' dir='ltr'><strong>LXX</strong></span> <span class='ocrx_word' id='word_1_234' title='bbox 2814 1662 3022 1726; x_wconf 87' lang='lat' dir='ltr'><strong>volunt,</strong></span> <span class='ocrx_word' id='word_1_235' title='bbox 3053 1664 3121 1717; x_wconf 87' lang='lat' dir='ltr'><strong>de</strong></span> <span class='ocrx_word' id='word_1_236' title='bbox 3152 1662 3394 1729; x_wconf 82' lang='lat' dir='ltr'><strong>diabolo,</strong></span> <span class='ocrx_word' id='word_1_237' title='bbox 3431 1663 3484 1719; x_wconf 92' lang='lat' dir='ltr'><strong>id</strong></span> <span class='ocrx_word' id='word_1_238' title='bbox 3513 1675 3618 1734; x_wconf 88' lang='lat' dir='ltr'><strong>est,</strong></span> <span class='ocrx_word' id='word_1_239' title='bbox 3663 1679 3778 1721; x_wconf 84' lang='lat' dir='ltr'><strong>non</strong></span> 
     </span>
    </p>
   </div>
   <div class='ocr_carea' id='block_1_33' title="bbox 475 1751 3407 1826">
    <p class='ocr_par' dir='ltr' id='par_1_33' title="bbox 475 1751 3407 1826">
     <span class='ocr_line' id='line_1_33' title="bbox 475 1751 3407 1826; baseline 0.002 -22"><span class='ocrx_word' id='word_1_240' title='bbox 475 1752 675 1809; x_wconf 88' lang='lat' dir='ltr'><strong>habent</strong></span> <span class='ocrx_word' id='word_1_241' title='bbox 704 1771 716 1806; x_wconf 93' lang='lat'>:</span> <span class='ocrx_word' id='word_1_242' title='bbox 762 1753 1090 1808; x_wconf 83' lang='lat' dir='ltr'><strong>Putaliainus</strong></span> <span class='ocrx_word' id='word_1_243' title='bbox 1144 1766 1247 1806; x_wconf 85' lang='lat' dir='ltr'><strong>nos</strong></span> <span class='ocrx_word' id='word_1_244' title='bbox 1304 1767 1402 1821; x_wconf 89' lang='lat' dir='ltr'><strong>pro</strong></span> <span class='ocrx_word' id='word_1_245' title='bbox 1459 1751 1835 1806; x_wconf 83' lang='lat' dir='ltr'><strong>imbecillitate</strong></span> <span class='ocrx_word' id='word_1_246' title='bbox 1883 1761 2066 1805; x_wconf 82' lang='lat' dir='ltr'><strong>nostra</strong></span> <span class='ocrx_word' id='word_1_247' title='bbox 2101 1765 2143 1826; x_wconf 75' lang='grc' dir='ltr'><strong><em>Β</em></strong></span> <span class='ocrx_word' id='word_1_248' title='bbox 2174 1755 2237 1808; x_wconf 85' lang='lat' dir='ltr'><strong>ad</strong></span> <span class='ocrx_word' id='word_1_249' title='bbox 2271 1758 2567 1812; x_wconf 86' lang='lat' dir='ltr'><strong>secundam</strong></span> <span class='ocrx_word' id='word_1_250' title='bbox 2602 1772 2909 1824; x_wconf 85' lang='lat' dir='ltr'><strong>personam.</strong></span> <span class='ocrx_word' id='word_1_251' title='bbox 2943 1757 3037 1811; x_wconf 89' lang='lat' dir='ltr'><strong>sed</strong></span> <span class='ocrx_word' id='word_1_252' title='bbox 3066 1755 3133 1811; x_wconf 88' lang='lat' dir='ltr'><strong>ad</strong></span> <span class='ocrx_word' id='word_1_253' title='bbox 3167 1758 3407 1812; x_wconf 84' lang='lat' dir='ltr'><strong>tertiam.</strong></span> 
     </span>
    </p>
   </div>
   <div class='ocr_carea' id='block_1_34' title="bbox 475 1846 2066 1915">
    <p class='ocr_par' dir='ltr' id='par_1_34' title="bbox 475 1846 2066 1915">
     <span class='ocr_line' id='line_1_34' title="bbox 475 1846 2066 1915; baseline 0 -15"><span class='ocrx_word' id='word_1_254' title='bbox 475 1862 580 1900; x_wconf 89' lang='lat' dir='ltr'><strong>non</strong></span> <span class='ocrx_word' id='word_1_255' title='bbox 605 1847 843 1915; x_wconf 85' lang='lat' dir='ltr'><strong>potuisse</strong></span> <span class='ocrx_word' id='word_1_256' title='bbox 871 1847 1128 1902; x_wconf 83' lang='lat' dir='ltr'><strong>resistere</strong></span> <span class='ocrx_word' id='word_1_257' title='bbox 1151 1847 1410 1915; x_wconf 67' lang='lat' dir='ltr'><strong>potentiae</strong></span> <span class='ocrx_word' id='word_1_258' title='bbox 1438 1846 1553 1911; x_wconf 88' lang='lat' dir='ltr'><strong>Dei,</strong></span> <span class='ocrx_word' id='word_1_259' title='bbox 1575 1856 1630 1899; x_wconf 82' lang='lat' dir='ltr'><strong>et</strong></span> <span class='ocrx_word' id='word_1_260' title='bbox 1650 1855 1700 1902; x_wconf 91' lang='lat' dir='ltr'><strong>te</strong></span> <span class='ocrx_word' id='word_1_261' title='bbox 1722 1861 1844 1901; x_wconf 64' lang='lat' dir='ltr'><strong>esse</strong></span> <span class='ocrx_word' id='word_1_262' title='bbox 1867 1846 2066 1912; x_wconf 91' lang='lat' dir='ltr'><strong>solum,</strong></span> 
     </span>
    </p>
   </div>
   <div class='ocr_carea' id='block_1_35' title="bbox 477 1937 2073 2006">
    <p class='ocr_par' dir='ltr' id='par_1_35' title="bbox 477 1937 2073 2006">
     <span class='ocr_line' id='line_1_35' title="bbox 477 1937 2073 2006; baseline 0.003 -19"><span class='ocrx_word' id='word_1_263' title='bbox 477 1937 567 2006; x_wconf 88' lang='lat' dir='ltr'><strong>qui</strong></span> <span class='ocrx_word' id='word_1_264' title='bbox 599 1940 650 1992; x_wconf 89' lang='lat' dir='ltr'><strong>iu</strong></span> <span class='ocrx_word' id='word_1_265' title='bbox 687 1947 774 1992; x_wconf 89' lang='lat' dir='ltr'><strong>tua</strong></span> <span class='ocrx_word' id='word_1_266' title='bbox 807 1938 1094 1992; x_wconf 87' lang='lat' dir='ltr'><strong>altitudine</strong></span> <span class='ocrx_word' id='word_1_267' title='bbox 1147 1953 1530 2006; x_wconf 83' lang='lat' dir='ltr'><strong>permaneres;</strong></span> <span class='ocrx_word' id='word_1_268' title='bbox 1565 1937 1660 1992; x_wconf 86' lang='lat' dir='ltr'><strong>sed</strong></span> <span class='ocrx_word' id='word_1_269' title='bbox 1694 1947 1751 1992; x_wconf 91' lang='lat' dir='ltr'><strong>ut</strong></span> <span class='ocrx_word' id='word_1_270' title='bbox 1776 1939 1938 1993; x_wconf 85' lang='lat' dir='ltr'><strong>rebus</strong></span> <span class='ocrx_word' id='word_1_271' title='bbox 1984 1953 2073 1992; x_wconf 89' lang='lat' dir='ltr'><strong>os-</strong></span> 
     </span>
    </p>
   </div>
   <div class='ocr_carea' id='block_1_36' title="bbox 463 2030 2073 2104">
    <p class='ocr_par' dir='ltr' id='par_1_36' title="bbox 463 2030 2073 2104">
     <span class='ocr_line' id='line_1_36' title="bbox 463 2030 2073 2104; baseline 0.003 -20"><span class='ocrx_word' id='word_1_272' title='bbox 463 2030 746 2093; x_wconf 75' lang='lat' dir='ltr'><strong>‘tenditur,</strong></span> <span class='ocrx_word' id='word_1_273' title='bbox 796 2040 854 2086; x_wconf 91' lang='lat' dir='ltr'><strong>et</strong></span> <span class='ocrx_word' id='word_1_274' title='bbox 885 2041 942 2084; x_wconf 93' lang='lat' dir='ltr'><strong>tu</strong></span> <span class='ocrx_word' id='word_1_275' title='bbox 989 2032 1304 2086; x_wconf 86' lang='lat' dir='ltr'><strong>vulneratus</strong></span> <span class='ocrx_word' id='word_1_276' title='bbox 1341 2040 1397 2086; x_wconf 84' lang='lat' dir='ltr'><strong>et</strong></span> <span class='ocrx_word' id='word_1_277' title='bbox 1435 2044 1630 2101; x_wconf 87' lang='lat' dir='ltr'><strong>captus</strong></span> <span class='ocrx_word' id='word_1_278' title='bbox 1655 2048 1733 2097; x_wconf 91' lang='lat' dir='ltr'><strong>cs,</strong></span> <span class='ocrx_word' id='word_1_279' title='bbox 1793 2034 2073 2104; x_wconf 73' lang='lat' dir='ltr'><strong>nostrique</strong></span> 
     </span>
    </p>
   </div>
   <div class='ocr_carea' id='block_1_37' title="bbox 475 2122 2070 2193">
    <p class='ocr_par' dir='ltr' id='par_1_37' title="bbox 475 2122 2070 2193">
     <span class='ocr_line' id='line_1_37' title="bbox 475 2122 2070 2193; baseline 0 -16"><span class='ocrx_word' id='word_1_280' title='bbox 475 2122 673 2178; x_wconf 87' lang='lat' dir='ltr'><strong>similis</strong></span> <span class='ocrx_word' id='word_1_281' title='bbox 699 2122 957 2189; x_wconf 74' lang='lat' dir='ltr'><strong>eli‘eczus;</strong></span> <span class='ocrx_word' id='word_1_282' title='bbox 994 2133 1053 2178; x_wconf 91' lang='lat' dir='ltr'><strong>ut</strong></span> <span class='ocrx_word' id='word_1_283' title='bbox 1083 2140 1218 2193; x_wconf 87' lang='lat' dir='ltr'><strong>quos</strong></span> <span class='ocrx_word' id='word_1_284' title='bbox 1252 2125 1303 2178; x_wconf 93' lang='lat' dir='ltr'><strong>in</strong></span> <span class='ocrx_word' id='word_1_285' title='bbox 1346 2133 1487 2178; x_wconf 88' lang='lat' dir='ltr'><strong>terra</strong></span> <span class='ocrx_word' id='word_1_286' title='bbox 1515 2125 1750 2193; x_wconf 76' lang='lat' dir='ltr'><strong>dignitas</strong></span> <span class='ocrx_word' id='word_1_287' title='bbox 1777 2126 2070 2191; x_wconf 74' lang='lat' dir='ltr'><strong>separavit,</strong></span> 
     </span>
    </p>
   </div>
   <div class='ocr_carea' id='block_1_38' title="bbox 476 2215 2074 2287">
    <p class='ocr_par' dir='ltr' id='par_1_38' title="bbox 476 2215 2074 2287">
     <span class='ocr_line' id='line_1_38' title="bbox 476 2215 2074 2287; baseline 0.003 -19"><span class='ocrx_word' id='word_1_288' title='bbox 476 2215 620 2282; x_wconf 89' lang='lat' dir='ltr'><strong>apud</strong></span> <span class='ocrx_word' id='word_1_289' title='bbox 647 2215 856 2270; x_wconf 75' lang='lat' dir='ltr'><strong>inferos</strong></span> <span class='ocrx_word' id='word_1_290' title='bbox 891 2231 1050 2285; x_wconf 74' lang='lat' dir='ltr'><strong>pmna</strong></span> <span class='ocrx_word' id='word_1_291' title='bbox 1077 2217 1375 2272; x_wconf 75' lang='lat' dir='ltr'><strong>coosociet.</strong></span> <span class='ocrx_word' id='word_1_292' title='bbox 1409 2215 1658 2271; x_wconf 84' lang='lat' dir='ltr'><strong>Detracta</strong></span> <span class='ocrx_word' id='word_1_293' title='bbox 1687 2228 1761 2270; x_wconf 86' lang='lat' dir='ltr'><strong>est</strong></span> <span class='ocrx_word' id='word_1_294' title='bbox 1783 2219 1849 2272; x_wconf 88' lang='lat' dir='ltr'><strong>ad</strong></span> <span class='ocrx_word' id='word_1_295' title='bbox 1874 2219 2074 2287; x_wconf 77' lang='lat' dir='ltr'><strong>inferos</strong></span> 
     </span>
    </p>
   </div>
   <div class='ocr_carea' id='block_1_39' title="bbox 477 2308 2070 2380">
    <p class='ocr_par' dir='ltr' id='par_1_39' title="bbox 477 2308 2070 2380">
     <span class='ocr_line' id='line_1_39' title="bbox 477 2308 2070 2380; baseline 0.002 -19"><span class='ocrx_word' id='word_1_296' title='bbox 477 2308 737 2376; x_wconf 78' lang='lat' dir='ltr'><strong>superbia,</strong></span> <span class='ocrx_word' id='word_1_297' title='bbox 797 2311 881 2364; x_wconf 88' lang='lat' dir='ltr'><strong>vel</strong></span> <span class='ocrx_word' id='word_1_298' title='bbox 931 2312 1098 2380; x_wconf 87' lang='lat' dir='ltr'><strong>gloria</strong></span> <span class='ocrx_word' id='word_1_299' title='bbox 1149 2321 1258 2374; x_wconf 88' lang='lat' dir='ltr'><strong>tua,</strong></span> <span class='ocrx_word' id='word_1_300' title='bbox 1291 2320 1336 2363; x_wconf 79' lang='lat' dir='ltr'><strong>ct</strong></span> <span class='ocrx_word' id='word_1_301' title='bbox 1369 2312 1593 2364; x_wconf 83' lang='lat' dir='ltr'><strong>concidit</strong></span> <span class='ocrx_word' id='word_1_302' title='bbox 1646 2314 1867 2365; x_wconf 81' lang='lat' dir='ltr'><strong>cadauer</strong></span> <span class='ocrx_word' id='word_1_303' title='bbox 1898 2320 2070 2374; x_wconf 88' lang='lat' dir='ltr'><strong>tuum,</strong></span> 
     </span>
    </p>
   </div>
   <div class='ocr_carea' id='block_1_40' title="bbox 477 2403 2071 2474">
    <p class='ocr_par' dir='ltr' id='par_1_40' title="bbox 477 2403 2071 2474">
     <span class='ocr_line' id='line_1_40' title="bbox 477 2403 2071 2474; baseline 0.001 -19"><span class='ocrx_word' id='word_1_304' title='bbox 477 2403 591 2456; x_wconf 86' lang='lat' dir='ltr'><strong>sive</strong></span> <span class='ocrx_word' id='word_1_305' title='bbox 631 2414 690 2457; x_wconf 87' lang='lat' dir='ltr'><strong>ut</strong></span> <span class='ocrx_word' id='word_1_306' title='bbox 731 2403 875 2458; x_wconf 75' lang='lat' dir='ltr'><strong>LXX</strong></span> <span class='ocrx_word' id='word_1_307' title='bbox 924 2409 1340 2471; x_wconf 78' lang='lat' dir='ltr'><strong>transtulerunt,</strong></span> <span class='ocrx_word' id='word_1_308' title='bbox 1394 2406 1558 2459; x_wconf 90' lang='lat' dir='ltr'><strong>multa</strong></span> <span class='ocrx_word' id='word_1_309' title='bbox 1609 2405 1790 2460; x_wconf 71' lang='lat' dir='ltr'><strong>lwtitia</strong></span> <span class='ocrx_word' id='word_1_310' title='bbox 1822 2416 1932 2466; x_wconf 88' lang='lat' dir='ltr'><strong>tua,</strong></span> <span class='ocrx_word' id='word_1_311' title='bbox 1967 2418 2071 2474; x_wconf 86' lang='lat' dir='ltr'><strong>qua</strong></span> 
     </span>
    </p>
   </div>
   <div class='ocr_carea' id='block_1_41' title="bbox 483 2496 2073 2565">
    <p class='ocr_par' dir='ltr' id='par_1_41' title="bbox 483 2496 2073 2565">
     <span class='ocr_line' id='line_1_41' title="bbox 483 2496 2073 2565; baseline 0.001 -17"><span class='ocrx_word' id='word_1_312' title='bbox 483 2497 632 2564; x_wconf 89' lang='lat' dir='ltr'><strong>prius</strong></span> <span class='ocrx_word' id='word_1_313' title='bbox 685 2496 947 2564; x_wconf 81' lang='lat' dir='ltr'><strong>subjectis</strong></span> <span class='ocrx_word' id='word_1_314' title='bbox 1003 2498 1097 2552; x_wconf 90' lang='lat' dir='ltr'><strong>tibi</strong></span> <span class='ocrx_word' id='word_1_315' title='bbox 1145 2498 1398 2565; x_wconf 75' lang='lat' dir='ltr'><strong>gentibus</strong></span> <span class='ocrx_word' id='word_1_316' title='bbox 1447 2497 1748 2552; x_wconf 68' lang='lat' dir='ltr'><strong>laetabaris.</strong></span> <span class='ocrx_word' id='word_1_317' title='bbox 1805 2497 1994 2552; x_wconf 83' lang='lat' dir='ltr'><strong>Subter</strong></span> <span class='ocrx_word' id='word_1_318' title='bbox 2025 2506 2073 2551; x_wconf 83' lang='lat' dir='ltr'><strong>te</strong></span> 
     </span>
    </p>
   </div>
   <div class='ocr_carea' id='block_1_42' title="bbox 472 2589 2072 2661">
    <p class='ocr_par' dir='ltr' id='par_1_42' title="bbox 472 2589 2072 2661">
     <span class='ocr_line' id='line_1_42' title="bbox 472 2589 2072 2661; baseline 0.004 -20"><span class='ocrx_word' id='word_1_319' title='bbox 472 2597 726 2642; x_wconf 77' lang='lat' dir='ltr'><strong>sternetur</strong></span> <span class='ocrx_word' id='word_1_320' title='bbox 757 2589 996 2658; x_wconf 76' lang='lat' dir='ltr'><strong>putredo,</strong></span> <span class='ocrx_word' id='word_1_321' title='bbox 1021 2600 1069 2643; x_wconf 87' lang='lat' dir='ltr'><strong>et</strong></span> <span class='ocrx_word' id='word_1_322' title='bbox 1094 2592 1469 2661; x_wconf 82' lang='lat' dir='ltr'><strong>operimentum</strong></span> <span class='ocrx_word' id='word_1_323' title='bbox 1502 2599 1646 2644; x_wconf 85' lang='lat' dir='ltr'><strong>tuum</strong></span> <span class='ocrx_word' id='word_1_324' title='bbox 1675 2599 1824 2645; x_wconf 84' lang='lat' dir='ltr'><strong>erunt</strong></span> <span class='ocrx_word' id='word_1_325' title='bbox 1850 2607 2072 2648; x_wconf 74' lang='lat' dir='ltr'><strong>vermes.</strong></span> 
     </span>
    </p>
   </div>
   <div class='ocr_carea' id='block_1_43' title="bbox 477 2677 2062 2752">
    <p class='ocr_par' dir='ltr' id='par_1_43' title="bbox 477 2677 2062 2752">
     <span class='ocr_line' id='line_1_43' title="bbox 477 2677 2062 2752; baseline 0.003 -19"><span class='ocrx_word' id='word_1_326' title='bbox 477 2677 604 2733; x_wconf 67' lang='lat' dir='ltr'><strong>Haec</strong></span> <span class='ocrx_word' id='word_1_327' title='bbox 635 2681 851 2749; x_wconf 88' lang='lat' dir='ltr'><strong>requies</strong></span> <span class='ocrx_word' id='word_1_328' title='bbox 895 2680 1120 2746; x_wconf 87' lang='lat' dir='ltr'><strong>diaboli,</strong></span> <span class='ocrx_word' id='word_1_329' title='bbox 1155 2682 1256 2736; x_wconf 89' lang='lat' dir='ltr'><strong>iste</strong></span> <span class='ocrx_word' id='word_1_330' title='bbox 1289 2682 1461 2736; x_wconf 76' lang='lat' dir='ltr'><strong>lectus</strong></span> <span class='ocrx_word' id='word_1_331' title='bbox 1507 2683 1818 2748; x_wconf 89' lang='lat' dir='ltr'><strong>tentatoris,</strong></span> <span class='ocrx_word' id='word_1_332' title='bbox 1864 2685 1954 2752; x_wconf 92' lang='lat' dir='ltr'><strong>qui</strong></span> <span class='ocrx_word' id='word_1_333' title='bbox 2007 2683 2062 2738; x_wconf 91' lang='lat' dir='ltr'><strong>in</strong></span> 
     </span>
    </p>
   </div>
   <div class='ocr_carea' id='block_1_44' title="bbox 483 2775 2074 2843">
    <p class='ocr_par' dir='ltr' id='par_1_44' title="bbox 483 2775 2074 2843">
     <span class='ocr_line' id='line_1_44' title="bbox 483 2775 2074 2843; baseline 0.005 -18"><span class='ocrx_word' id='word_1_334' title='bbox 483 2780 686 2826; x_wconf 86' lang='lat' dir='ltr'><strong>tantam</strong></span> <span class='ocrx_word' id='word_1_335' title='bbox 735 2785 954 2828; x_wconf 90' lang='lat' dir='ltr'><strong>erectus</strong></span> <span class='ocrx_word' id='word_1_336' title='bbox 1002 2785 1088 2830; x_wconf 90' lang='lat' dir='ltr'><strong>est</strong></span> <span class='ocrx_word' id='word_1_337' title='bbox 1118 2775 1452 2843; x_wconf 83' lang='lat' dir='ltr'><strong>superbiam,</strong></span> <span class='ocrx_word' id='word_1_338' title='bbox 1501 2777 1747 2832; x_wconf 88' lang='lat' dir='ltr'><strong>utetiam</strong></span> <span class='ocrx_word' id='word_1_339' title='bbox 1784 2777 2074 2833; x_wconf 81' lang='lat' dir='ltr'><strong>Dominum</strong></span> 
     </span>
    </p>
   </div>
   <div class='ocr_carea' id='block_1_45' title="bbox 480 2865 2077 2939">
    <p class='ocr_par' dir='ltr' id='par_1_45' title="bbox 480 2865 2077 2939">
     <span class='ocr_line' id='line_1_45' title="bbox 480 2865 2077 2939; baseline 0.004 -24"><span class='ocrx_word' id='word_1_340' title='bbox 480 2865 710 2917; x_wconf 76' lang='lat' dir='ltr'><strong>auderet</strong></span> <span class='ocrx_word' id='word_1_341' title='bbox 742 2874 952 2919; x_wconf 89' lang='lat' dir='ltr'><strong>tentare</strong></span> <span class='ocrx_word' id='word_1_342' title='bbox 984 2867 1172 2920; x_wconf 89' lang='lat' dir='ltr'><strong>dicens</strong></span> <span class='ocrx_word' id='word_1_343' title='bbox 1198 2884 1210 2919; x_wconf 94' lang='lat'>:</span> <span class='ocrx_word' id='word_1_344' title='bbox 1235 2866 1364 2921; x_wconf 66' lang='lat' dir='ltr'><strong>Hinc</strong></span> <span class='ocrx_word' id='word_1_345' title='bbox 1387 2868 1561 2920; x_wconf 81' lang='lat' dir='ltr'><strong>omnia</strong></span> <span class='ocrx_word' id='word_1_346' title='bbox 1591 2867 1682 2921; x_wconf 91' lang='lat' dir='ltr'><strong>tibi</strong></span> <span class='ocrx_word' id='word_1_347' title='bbox 1710 2867 1861 2931; x_wconf 86' lang='lat' dir='ltr'><strong>dabo,</strong></span> <span class='ocrx_word' id='word_1_348' title='bbox 1887 2869 1931 2922; x_wconf 88' lang='lat' dir='ltr'><strong>si</strong></span> <span class='ocrx_word' id='word_1_349' title='bbox 1953 2884 2077 2939; x_wconf 86' lang='lat' dir='ltr'><strong>pro-</strong></span> 
     </span>
    </p>
   </div>
   <div class='ocr_carea' id='block_1_46' title="bbox 480 2956 2070 3029">
    <p class='ocr_par' dir='ltr' id='par_1_46' title="bbox 480 2956 2070 3029">
     <span class='ocr_line' id='line_1_46' title="bbox 480 2956 2070 3029; baseline 0.004 -20"><span class='ocrx_word' id='word_1_350' title='bbox 480 2956 656 3010; x_wconf 81' lang='lat' dir='ltr'><strong>cidens</strong></span> <span class='ocrx_word' id='word_1_351' title='bbox 682 2958 981 3012; x_wconf 75' lang='lat' dir='ltr'><strong>adoravcris</strong></span> <span class='ocrx_word' id='word_1_352' title='bbox 1005 2976 1081 3014; x_wconf 83' lang='lat' dir='ltr'><strong>me</strong></span> <span class='ocrx_word' id='word_1_353' title='bbox 1107 2961 1124 3029; x_wconf 85' lang='lat'>(</span> <span class='ocrx_word' id='word_1_354' title='bbox 1146 2959 1334 3012; x_wconf 73' lang='lat' dir='ltr'><strong>Matth.</strong></span> <span class='ocrx_word' id='word_1_355' title='bbox 1361 2977 1432 3025; x_wconf 88' lang='lat' dir='ltr'><strong>iv,</strong></span> <span class='ocrx_word' id='word_1_356' title='bbox 1452 2961 1485 3017; x_wconf 88' lang='lat'><strong>9</strong></span> <span class='ocrx_word' id='word_1_357' title='bbox 1504 2961 1538 3029; x_wconf 89' lang='lat'><strong>).</strong></span> <span class='ocrx_word' id='word_1_358' title='bbox 1575 2961 1808 3016; x_wconf 83' lang='lat' dir='ltr'><strong>Piitredo</strong></span> <span class='ocrx_word' id='word_1_359' title='bbox 1829 2970 1884 3014; x_wconf 89' lang='lat' dir='ltr'><strong>et</strong></span> <span class='ocrx_word' id='word_1_360' title='bbox 1907 2973 2070 3029; x_wconf 87' lang='lat' dir='ltr'><strong>tinea,</strong></span> 
     </span>
    </p>
   </div>
   <div class='ocr_carea' id='block_1_47' title="bbox 477 3053 2076 3122">
    <p class='ocr_par' dir='ltr' id='par_1_47' title="bbox 477 3053 2076 3122">
     <span class='ocr_line' id='line_1_47' title="bbox 477 3053 2076 3122; baseline 0.003 -19"><span class='ocrx_word' id='word_1_361' title='bbox 477 3058 534 3104; x_wconf 91' lang='lat' dir='ltr'><strong>et</strong></span> <span class='ocrx_word' id='word_1_362' title='bbox 578 3054 980 3112; x_wconf 74' lang='lat' dir='ltr'><strong>oiierimentuin</strong></span> <span class='ocrx_word' id='word_1_363' title='bbox 1015 3054 1311 3118; x_wconf 89' lang='lat' dir='ltr'><strong>vermium,</strong></span> <span class='ocrx_word' id='word_1_364' title='bbox 1354 3055 1436 3108; x_wconf 87' lang='lat' dir='ltr'><strong>vel</strong></span> <span class='ocrx_word' id='word_1_365' title='bbox 1470 3068 1647 3122; x_wconf 71' lang='lat' dir='ltr'><strong>pinnae</strong></span> <span class='ocrx_word' id='word_1_366' title='bbox 1690 3053 2076 3121; x_wconf 73' lang='lat' dir='ltr'><strong>intelliguntur</strong></span> 
     </span>
    </p>
   </div>
   <div class='ocr_carea' id='block_1_48' title="bbox 2245 1847 3781 1918">
    <p class='ocr_par' dir='ltr' id='par_1_48' title="bbox 2245 1847 3781 1918">
     <span class='ocr_line' id='line_1_48' title="bbox 2245 1847 3781 1918; baseline 0.001 -15"><span class='ocrx_word' id='word_1_367' title='bbox 2245 1855 2260 1913; x_wconf 93' lang='lat'><strong>(</strong></span> <span class='ocrx_word' id='word_1_368' title='bbox 2285 1848 2436 1903; x_wconf 81' lang='lat' dir='ltr'><strong>Vers.</strong></span> <span class='ocrx_word' id='word_1_369' title='bbox 2472 1848 2560 1912; x_wconf 75' lang='lat' dir='ltr'><strong>i3,</strong></span> <span class='ocrx_word' id='word_1_370' title='bbox 2583 1849 2668 1903; x_wconf 74' lang='grc'><strong>14.</strong></span> <span class='ocrx_word' id='word_1_371' title='bbox 2688 1849 2716 1918; x_wconf 46' lang='grc'><strong>),</strong></span> <span class='ocrx_word' id='word_1_372' title='bbox 2735 1848 2834 1915; x_wconf 88' lang='lat' dir='ltr'><strong>Qui</strong></span> <span class='ocrx_word' id='word_1_373' title='bbox 2858 1848 3064 1902; x_wconf 74' lang='lat' dir='ltr'><strong>dicebas</strong></span> <span class='ocrx_word' id='word_1_374' title='bbox 3091 1849 3143 1901; x_wconf 90' lang='lat' dir='ltr'><strong>in</strong></span> <span class='ocrx_word' id='word_1_375' title='bbox 3168 1847 3324 1902; x_wconf 81' lang='lat' dir='ltr'><strong>corde</strong></span> <span class='ocrx_word' id='word_1_376' title='bbox 3349 1858 3433 1902; x_wconf 88' lang='lat' dir='ltr'><strong>tuo</strong></span> <span class='ocrx_word' id='word_1_377' title='bbox 3463 1863 3482 1900; x_wconf 88' lang='lat'><strong><em>:</em></strong></span> <span class='ocrx_word' id='word_1_378' title='bbox 3503 1849 3558 1900; x_wconf 90' lang='lat' dir='ltr'><strong>in</strong></span> <span class='ocrx_word' id='word_1_379' title='bbox 3587 1847 3781 1905; x_wconf 74' lang='lat' dir='ltr'><strong>creluns</strong></span> 
     </span>
    </p>
   </div>
   <div class='ocr_carea' id='block_1_49' title="bbox 2173 1939 3783 2009">
    <p class='ocr_par' dir='ltr' id='par_1_49' title="bbox 2173 1939 3783 2009">
     <span class='ocr_line' id='line_1_49' title="bbox 2173 1939 3783 2009; baseline 0.002 -17"><span class='ocrx_word' id='word_1_380' title='bbox 2173 1941 2468 2004; x_wconf 75' lang='lat' dir='ltr'><strong>ascmdam,</strong></span> <span class='ocrx_word' id='word_1_381' title='bbox 2504 1958 2657 2009; x_wconf 86' lang='lat' dir='ltr'><strong>super</strong></span> <span class='ocrx_word' id='word_1_382' title='bbox 2699 1943 2869 1996; x_wconf 77' lang='lat' dir='ltr'><strong>sidera</strong></span> <span class='ocrx_word' id='word_1_383' title='bbox 2908 1939 3007 1995; x_wconf 90' lang='lat' dir='ltr'><strong>Dei</strong></span> <span class='ocrx_word' id='word_1_384' title='bbox 3043 1941 3280 1998; x_wconf 64' lang='lat' dir='ltr'><strong>exaltabit</strong></span> <span class='ocrx_word' id='word_1_385' title='bbox 3323 1943 3511 1996; x_wconf 79' lang='lat' dir='ltr'><strong>solium</strong></span> <span class='ocrx_word' id='word_1_386' title='bbox 3549 1955 3726 1994; x_wconf 79' lang='lat' dir='ltr'><strong>meum</strong></span> <span class='ocrx_word' id='word_1_387' title='bbox 3758 1955 3783 1995; x_wconf 88' lang='lat'><strong><em>:</em></strong></span> 
     </span>
    </p>
   </div>
   <div class='ocr_carea' id='block_1_50' title="bbox 2173 2033 3786 2101">
    <p class='ocr_par' dir='ltr' id='par_1_50' title="bbox 2173 2033 3786 2101">
     <span class='ocr_line' id='line_1_50' title="bbox 2173 2033 3786 2101; baseline -0.001 -13"><span class='ocrx_word' id='word_1_388' title='bbox 2173 2035 2358 2088; x_wconf 62' lang='lat' dir='ltr'><strong>sedebo</strong></span> <span class='ocrx_word' id='word_1_389' title='bbox 2383 2036 2436 2088; x_wconf 91' lang='lat' dir='ltr'><strong>in</strong></span> <span class='ocrx_word' id='word_1_390' title='bbox 2463 2043 2634 2088; x_wconf 84' lang='lat' dir='ltr'><strong>monte</strong></span> <span class='ocrx_word' id='word_1_391' title='bbox 2677 2033 2962 2089; x_wconf 81' lang='lat' dir='ltr'><strong>testamenti</strong></span> <span class='ocrx_word' id='word_1_392' title='bbox 2993 2033 3047 2087; x_wconf 89' lang='lat' dir='ltr'><strong>in</strong></span> <span class='ocrx_word' id='word_1_393' title='bbox 3075 2034 3322 2087; x_wconf 73' lang='lat' dir='ltr'><strong>lutei-ibus</strong></span> <span class='ocrx_word' id='word_1_394' title='bbox 3359 2033 3633 2101; x_wconf 75' lang='lat' dir='ltr'><strong>Aquilonis</strong></span> <span class='ocrx_word' id='word_1_395' title='bbox 3656 2047 3786 2087; x_wconf 84' lang='lat' dir='ltr'><strong>:as-</strong></span> 
     </span>
    </p>
   </div>
   <div class='ocr_carea' id='block_1_51' title="bbox 2173 2123 3782 2197">
    <p class='ocr_par' dir='ltr' id='par_1_51' title="bbox 2173 2123 3782 2197">
     <span class='ocr_line' id='line_1_51' title="bbox 2173 2123 3782 2197; baseline -0.002 -17"><span class='ocrx_word' id='word_1_396' title='bbox 2173 2131 2387 2180; x_wconf 85' lang='lat' dir='ltr'><strong>cendam</strong></span> <span class='ocrx_word' id='word_1_397' title='bbox 2415 2143 2570 2197; x_wconf 85' lang='lat' dir='ltr'><strong>super</strong></span> <span class='ocrx_word' id='word_1_398' title='bbox 2609 2126 2935 2179; x_wconf 81' lang='lat' dir='ltr'><strong>altitudinem</strong></span> <span class='ocrx_word' id='word_1_399' title='bbox 2980 2125 3217 2185; x_wconf 85' lang='lat' dir='ltr'><strong>nubium,</strong></span> <span class='ocrx_word' id='word_1_400' title='bbox 3266 2140 3353 2178; x_wconf 85' lang='lat' dir='ltr'><strong>ero</strong></span> <span class='ocrx_word' id='word_1_401' title='bbox 3378 2124 3568 2177; x_wconf 79' lang='lat' dir='ltr'><strong>similis</strong></span> <span class='ocrx_word' id='word_1_402' title='bbox 3613 2123 3782 2178; x_wconf 60' lang='lat' dir='ltr'><strong>Altis.</strong></span> 
     </span>
    </p>
   </div>
   <div class='ocr_carea' id='block_1_52' title="bbox 2173 2213 3777 2287">
    <p class='ocr_par' dir='ltr' id='par_1_52' title="bbox 2173 2213 3777 2287">
     <span class='ocr_line' id='line_1_52' title="bbox 2173 2213 3777 2287; baseline -0.003 -14"><span class='ocrx_word' id='word_1_403' title='bbox 2173 2221 2322 2273; x_wconf 81' lang='lat' dir='ltr'><strong>sima.</strong></span> <span class='ocrx_word' id='word_1_404' title='bbox 2351 2218 2446 2274; x_wconf 80' lang='lat' dir='ltr'><strong>Vel</strong></span> <span class='ocrx_word' id='word_1_405' title='bbox 2476 2229 2765 2287; x_wconf 86' lang='lat' dir='ltr'><strong>antequam</strong></span> <span class='ocrx_word' id='word_1_406' title='bbox 2798 2217 2867 2271; x_wconf 92' lang='lat' dir='ltr'><strong>de</strong></span> <span class='ocrx_word' id='word_1_407' title='bbox 2895 2221 3040 2272; x_wconf 73' lang='lat' dir='ltr'><strong>cmlo</strong></span> <span class='ocrx_word' id='word_1_408' title='bbox 3066 2225 3368 2282; x_wconf 88' lang='lat' dir='ltr'><strong>corrueret,</strong></span> <span class='ocrx_word' id='word_1_409' title='bbox 3401 2213 3504 2270; x_wconf 83' lang='lat' dir='ltr'><strong>ista</strong></span> <span class='ocrx_word' id='word_1_410' title='bbox 3527 2213 3777 2280; x_wconf 76' lang='lat' dir='ltr'><strong>dieebat,</strong></span> 
     </span>
    </p>
   </div>
   <div class='ocr_carea' id='block_1_53' title="bbox 2177 2307 3778 2381">
    <p class='ocr_par' dir='ltr' id='par_1_53' title="bbox 2177 2307 3778 2381">
     <span class='ocr_line' id='line_1_53' title="bbox 2177 2307 3778 2381; baseline -0.004 -15"><span class='ocrx_word' id='word_1_411' title='bbox 2177 2315 2259 2368; x_wconf 85' lang='lat' dir='ltr'><strong>vel</strong></span> <span class='ocrx_word' id='word_1_412' title='bbox 2295 2321 2480 2381; x_wconf 88' lang='lat' dir='ltr'><strong>postea</strong></span> <span class='ocrx_word' id='word_1_413' title='bbox 2507 2328 2668 2375; x_wconf 84' lang='lat' dir='ltr'><strong>quam</strong></span> <span class='ocrx_word' id='word_1_414' title='bbox 2701 2312 2768 2364; x_wconf 91' lang='lat' dir='ltr'><strong>de</strong></span> <span class='ocrx_word' id='word_1_415' title='bbox 2792 2311 2936 2367; x_wconf 74' lang='lat' dir='ltr'><strong>caelo</strong></span> <span class='ocrx_word' id='word_1_416' title='bbox 2963 2311 3191 2365; x_wconf 89' lang='lat' dir='ltr'><strong>corruit.</strong></span> <span class='ocrx_word' id='word_1_417' title='bbox 3223 2308 3278 2364; x_wconf 88' lang='lat' dir='ltr'><strong>Si</strong></span> <span class='ocrx_word' id='word_1_418' title='bbox 3312 2309 3493 2362; x_wconf 92' lang='lat' dir='ltr'><strong>adhuc</strong></span> <span class='ocrx_word' id='word_1_419' title='bbox 3527 2309 3579 2361; x_wconf 90' lang='lat' dir='ltr'><strong>in</strong></span> <span class='ocrx_word' id='word_1_420' title='bbox 3632 2307 3778 2363; x_wconf 65' lang='lat' dir='ltr'><strong>ratio</strong></span> 
     </span>
    </p>
   </div>
   <div class='ocr_carea' id='block_1_54' title="bbox 2178 2397 3777 2475">
    <p class='ocr_par' dir='ltr' id='par_1_54' title="bbox 2178 2397 3777 2475">
     <span class='ocr_line' id='line_1_54' title="bbox 2178 2397 3777 2475; baseline -0.004 -17"><span class='ocrx_word' id='word_1_421' title='bbox 2178 2406 2409 2475; x_wconf 86' lang='lat' dir='ltr'><strong>positus,</strong></span> <span class='ocrx_word' id='word_1_422' title='bbox 2440 2403 2714 2472; x_wconf 88' lang='lat' dir='ltr'><strong>quomodo</strong></span> <span class='ocrx_word' id='word_1_423' title='bbox 2764 2403 2917 2467; x_wconf 87' lang='lat' dir='ltr'><strong>dicit,</strong></span> <span class='ocrx_word' id='word_1_424' title='bbox 2966 2402 3248 2458; x_wconf 82' lang='lat' dir='ltr'><strong>ascendam</strong></span> <span class='ocrx_word' id='word_1_425' title='bbox 3300 2402 3352 2454; x_wconf 91' lang='lat' dir='ltr'><strong>in</strong></span> <span class='ocrx_word' id='word_1_426' title='bbox 3406 2400 3594 2454; x_wconf 62' lang='lat' dir='ltr'><strong>calum</strong></span> <span class='ocrx_word' id='word_1_427' title='bbox 3635 2397 3777 2470; x_wconf 88' lang='lat' dir='ltr'><strong>(Ps.</strong></span> 
     </span>
    </p>
   </div>
   <div class='ocr_carea' id='block_1_55' title="bbox 2176 2489 3776 2565">
    <p class='ocr_par' dir='ltr' id='par_1_55' title="bbox 2176 2489 3776 2565">
     <span class='ocr_line' id='line_1_55' title="bbox 2176 2489 3776 2565; baseline -0.005 -13"><span class='ocrx_word' id='word_1_428' title='bbox 2176 2513 2327 2562; x_wconf 75' lang='lat' dir='ltr'><strong>cxiii,</strong></span> <span class='ocrx_word' id='word_1_429' title='bbox 2362 2496 2502 2565; x_wconf 76' lang='lat' dir='ltr'><strong>lli)?</strong></span> <span class='ocrx_word' id='word_1_430' title='bbox 2542 2496 2646 2550; x_wconf 80' lang='lat' dir='ltr'><strong>Sed</strong></span> <span class='ocrx_word' id='word_1_431' title='bbox 2676 2496 2798 2563; x_wconf 87' lang='lat' dir='ltr'><strong>quia</strong></span> <span class='ocrx_word' id='word_1_432' title='bbox 2843 2495 3072 2565; x_wconf 77' lang='lat' dir='ltr'><strong>legimus</strong></span> <span class='ocrx_word' id='word_1_433' title='bbox 3108 2511 3121 2545; x_wconf 90' lang='lat'><strong>:</strong></span> <span class='ocrx_word' id='word_1_434' title='bbox 3155 2492 3352 2547; x_wconf 70' lang='lat' dir='ltr'><strong>Caelum</strong></span> <span class='ocrx_word' id='word_1_435' title='bbox 3379 2492 3493 2546; x_wconf 73' lang='lat' dir='ltr'><strong>casti</strong></span> <span class='ocrx_word' id='word_1_436' title='bbox 3517 2489 3776 2558; x_wconf 84' lang='lat' dir='ltr'><strong>Domino,</strong></span> 
     </span>
    </p>
   </div>
   <div class='ocr_carea' id='block_1_56' title="bbox 2177 2583 3776 2653">
    <p class='ocr_par' dir='ltr' id='par_1_56' title="bbox 2177 2583 3776 2653">
     <span class='ocr_line' id='line_1_56' title="bbox 2177 2583 3776 2653; baseline -0.005 -7"><span class='ocrx_word' id='word_1_437' title='bbox 2177 2608 2298 2646; x_wconf 92' lang='lat' dir='ltr'><strong>cum</strong></span> <span class='ocrx_word' id='word_1_438' title='bbox 2327 2603 2468 2645; x_wconf 87' lang='lat' dir='ltr'><strong>esset</strong></span> <span class='ocrx_word' id='word_1_439' title='bbox 2503 2589 2554 2642; x_wconf 91' lang='lat' dir='ltr'><strong>in</strong></span> <span class='ocrx_word' id='word_1_440' title='bbox 2584 2589 2746 2653; x_wconf 70' lang='lat' dir='ltr'><strong>cudo,</strong></span> <span class='ocrx_word' id='word_1_441' title='bbox 2779 2587 2830 2643; x_wconf 89' lang='lat' dir='ltr'><strong>id</strong></span> <span class='ocrx_word' id='word_1_442' title='bbox 2861 2597 2963 2649; x_wconf 81' lang='lat' dir='ltr'><strong>est,</strong></span> <span class='ocrx_word' id='word_1_443' title='bbox 2997 2589 3048 2640; x_wconf 92' lang='lat' dir='ltr'><strong>in</strong></span> <span class='ocrx_word' id='word_1_444' title='bbox 3084 2587 3450 2649; x_wconf 86' lang='lat' dir='ltr'><strong>lirinamento,</strong></span> <span class='ocrx_word' id='word_1_445' title='bbox 3483 2586 3535 2638; x_wconf 91' lang='lat' dir='ltr'><strong>in</strong></span> <span class='ocrx_word' id='word_1_446' title='bbox 3571 2583 3776 2644; x_wconf 66' lang='lat' dir='ltr'><strong>celum</strong></span> 
     </span>
    </p>
   </div>
   <div class='ocr_carea' id='block_1_57' title="bbox 2176 2675 3778 2750">
    <p class='ocr_par' dir='ltr' id='par_1_57' title="bbox 2176 2675 3778 2750">
     <span class='ocr_line' id='line_1_57' title="bbox 2176 2675 3778 2750; baseline -0.005 -12"><span class='ocrx_word' id='word_1_447' title='bbox 2176 2685 2264 2739; x_wconf 90' lang='lat' dir='ltr'><strong>ubi</strong></span> <span class='ocrx_word' id='word_1_448' title='bbox 2292 2683 2488 2738; x_wconf 88' lang='lat' dir='ltr'><strong>soliqu</strong></span> <span class='ocrx_word' id='word_1_449' title='bbox 2525 2683 2732 2735; x_wconf 85' lang='lat' dir='ltr'><strong>Domini</strong></span> <span class='ocrx_word' id='word_1_450' title='bbox 2761 2695 2865 2748; x_wconf 83' lang='lat' dir='ltr'><strong>est,</strong></span> <span class='ocrx_word' id='word_1_451' title='bbox 2897 2680 3152 2750; x_wconf 71' lang='lat' dir='ltr'><strong>cupiebat</strong></span> <span class='ocrx_word' id='word_1_452' title='bbox 3175 2679 3494 2742; x_wconf 84' lang='lat' dir='ltr'><strong>ascendere,</strong></span> <span class='ocrx_word' id='word_1_453' title='bbox 3535 2694 3645 2730; x_wconf 92' lang='lat' dir='ltr'><strong>non</strong></span> <span class='ocrx_word' id='word_1_454' title='bbox 3671 2675 3778 2730; x_wconf 84' lang='lat' dir='ltr'><strong>bu-</strong></span> 
     </span>
    </p>
   </div>
   <div class='ocr_carea' id='block_1_58' title="bbox 2180 2773 3772 2846">
    <p class='ocr_par' dir='ltr' id='par_1_58' title="bbox 2180 2773 3772 2846">
     <span class='ocr_line' id='line_1_58' title="bbox 2180 2773 3772 2846; baseline -0.003 -16"><span class='ocrx_word' id='word_1_455' title='bbox 2180 2777 2423 2841; x_wconf 84' lang='lat' dir='ltr'><strong>niiliiate,</strong></span> <span class='ocrx_word' id='word_1_456' title='bbox 2468 2775 2563 2830; x_wconf 89' lang='lat' dir='ltr'><strong>sed</strong></span> <span class='ocrx_word' id='word_1_457' title='bbox 2603 2775 2879 2841; x_wconf 83' lang='lat' dir='ltr'><strong>superbia.</strong></span> <span class='ocrx_word' id='word_1_458' title='bbox 2912 2773 3074 2846; x_wconf 65' lang='lat'><strong>252</strong></span> <span class='ocrx_word' id='word_1_459' title='bbox 3115 2773 3214 2830; x_wconf 91' lang='lat' dir='ltr'><strong>Sin</strong></span> <span class='ocrx_word' id='word_1_460' title='bbox 3247 2783 3430 2827; x_wconf 84' lang='lat' dir='ltr'><strong>autent</strong></span> <span class='ocrx_word' id='word_1_461' title='bbox 3479 2780 3772 2841; x_wconf 85' lang='lat' dir='ltr'><strong>postquam</strong></span> 
     </span>
    </p>
   </div>
   <div class='ocr_carea' id='block_1_59' title="bbox 2178 2864 3776 2935">
    <p class='ocr_par' dir='ltr' id='par_1_59' title="bbox 2178 2864 3776 2935">
     <span class='ocr_line' id='line_1_59' title="bbox 2178 2864 3776 2935; baseline -0.007 -12"><span class='ocrx_word' id='word_1_462' title='bbox 2178 2869 2244 2923; x_wconf 81' lang='lat' dir='ltr'><strong>de</strong></span> <span class='ocrx_word' id='word_1_463' title='bbox 2294 2870 2436 2922; x_wconf 64' lang='lat' dir='ltr'><strong>coelo</strong></span> <span class='ocrx_word' id='word_1_464' title='bbox 2466 2867 2692 2931; x_wconf 90' lang='lat' dir='ltr'><strong>corruit,</strong></span> <span class='ocrx_word' id='word_1_465' title='bbox 2739 2867 2980 2935; x_wconf 88' lang='lat' dir='ltr'><strong>loquitur</strong></span> <span class='ocrx_word' id='word_1_466' title='bbox 3025 2871 3124 2918; x_wconf 87' lang='lat' dir='ltr'><strong>ista</strong></span> <span class='ocrx_word' id='word_1_467' title='bbox 3156 2867 3343 2928; x_wconf 89' lang='lat' dir='ltr'><strong>verba,</strong></span> <span class='ocrx_word' id='word_1_468' title='bbox 3399 2864 3776 2932; x_wconf 78' lang='lat' dir='ltr'><strong>arrogantiam</strong></span> 
     </span>
    </p>
   </div>
   <div class='ocr_carea' id='block_1_60' title="bbox 2177 2948 3774 3030">
    <p class='ocr_par' dir='ltr' id='par_1_60' title="bbox 2177 2948 3774 3030">
     <span class='ocr_line' id='line_1_60' title="bbox 2177 2948 3774 3030; baseline -0.004 -15"><span class='ocrx_word' id='word_1_469' title='bbox 2177 2963 2438 3016; x_wconf 88' lang='lat' dir='ltr'><strong>debemus</strong></span> <span class='ocrx_word' id='word_1_470' title='bbox 2466 2948 2791 3030; x_wconf 77' lang='lat' dir='ltr'><strong>intelligere,</strong></span> <span class='ocrx_word' id='word_1_471' title='bbox 2814 2960 2956 3030; x_wconf 86' lang='lat' dir='ltr'><strong>quod</strong></span> <span class='ocrx_word' id='word_1_472' title='bbox 2984 2973 3082 3014; x_wconf 90' lang='lat' dir='ltr'><strong>nec</strong></span> <span class='ocrx_word' id='word_1_473' title='bbox 3101 2958 3471 3028; x_wconf 60' lang='lat' dir='ltr'><strong>praecipitatus</strong></span> <span class='ocrx_word' id='word_1_474' title='bbox 3493 2963 3774 3024; x_wconf 83' lang='lat' dir='ltr'><strong>quiescat,</strong></span> 
     </span>
    </p>
   </div>
   <div class='ocr_carea' id='block_1_61' title="bbox 2177 3048 3771 3123">
    <p class='ocr_par' dir='ltr' id='par_1_61' title="bbox 2177 3048 3771 3123">
     <span class='ocr_line' id='line_1_61' title="bbox 2177 3048 3771 3123; baseline -0.006 -15"><span class='ocrx_word' id='word_1_475' title='bbox 2177 3056 2272 3110; x_wconf 87' lang='lat' dir='ltr'><strong>sed</strong></span> <span class='ocrx_word' id='word_1_476' title='bbox 2299 3053 2478 3108; x_wconf 87' lang='lat' dir='ltr'><strong>adhuc</strong></span> <span class='ocrx_word' id='word_1_477' title='bbox 2507 3054 2609 3106; x_wconf 87' lang='lat' dir='ltr'><strong>sibi</strong></span> <span class='ocrx_word' id='word_1_478' title='bbox 2637 3053 2862 3123; x_wconf 76' lang='lat' dir='ltr'><strong>grandia</strong></span> <span class='ocrx_word' id='word_1_479' title='bbox 2896 3051 3267 3120; x_wconf 86' lang='lat' dir='ltr'><strong>repromittat,</strong></span> <span class='ocrx_word' id='word_1_480' title='bbox 3293 3065 3402 3104; x_wconf 89' lang='lat' dir='ltr'><strong>non</strong></span> <span class='ocrx_word' id='word_1_481' title='bbox 3438 3058 3491 3101; x_wconf 93' lang='lat' dir='ltr'><strong>ut</strong></span> <span class='ocrx_word' id='word_1_482' title='bbox 3518 3048 3653 3100; x_wconf 88' lang='lat' dir='ltr'><strong>inter</strong></span> <span class='ocrx_word' id='word_1_483' title='bbox 3675 3059 3771 3100; x_wconf 85' lang='lat' dir='ltr'><strong>as-</strong></span> 
     </span>
    </p>
   </div>
   <div class='ocr_carea' id='block_1_62' title="bbox 479 3141 3774 3217">
    <p class='ocr_par' dir='ltr' id='par_1_62' title="bbox 479 3141 3774 3217">
     <span class='ocr_line' id='line_1_62' title="bbox 479 3141 3774 3217; baseline -0.002 -19"><span class='ocrx_word' id='word_1_484' title='bbox 479 3155 719 3208; x_wconf 73' lang='lat' dir='ltr'><strong>:etermr,</strong></span> <span class='ocrx_word' id='word_1_485' title='bbox 753 3161 886 3215; x_wconf 86' lang='lat' dir='ltr'><strong>quas</strong></span> <span class='ocrx_word' id='word_1_486' title='bbox 918 3148 1132 3215; x_wconf 85' lang='lat' dir='ltr'><strong>propria</strong></span> <span class='ocrx_word' id='word_1_487' title='bbox 1156 3148 1320 3215; x_wconf 69' lang='lat' dir='ltr'><strong>gignit</strong></span> <span class='ocrx_word' id='word_1_488' title='bbox 1354 3149 1717 3213; x_wconf 84' lang='lat' dir='ltr'><strong>conscientia,</strong></span> <span class='ocrx_word' id='word_1_489' title='bbox 1752 3149 1832 3202; x_wconf 90' lang='lat' dir='ltr'><strong>vel</strong></span> <span class='ocrx_word' id='word_1_490' title='bbox 1866 3148 2070 3217; x_wconf 80' lang='lat' dir='ltr'><strong>suppli-</strong></span> <span class='ocrx_word' id='word_1_491' title='bbox 2099 3150 2140 3210; x_wconf 82' lang='lat' dir='ltr'><strong>C</strong></span> <span class='ocrx_word' id='word_1_492' title='bbox 2178 3156 2280 3209; x_wconf 89' lang='lat' dir='ltr'><strong>tra,</strong></span> <span class='ocrx_word' id='word_1_493' title='bbox 2321 3148 2416 3200; x_wconf 88' lang='lat' dir='ltr'><strong>sed</strong></span> <span class='ocrx_word' id='word_1_494' title='bbox 2448 3160 2613 3213; x_wconf 85' lang='lat' dir='ltr'><strong>super</strong></span> <span class='ocrx_word' id='word_1_495' title='bbox 2661 3153 2805 3199; x_wconf 83' lang='lat' dir='ltr'><strong>astra</strong></span> <span class='ocrx_word' id='word_1_496' title='bbox 2853 3145 2946 3198; x_wconf 89' lang='lat' dir='ltr'><strong>Dei</strong></span> <span class='ocrx_word' id='word_1_497' title='bbox 2978 3144 3066 3196; x_wconf 58' lang='lat' dir='ltr'><strong>sit.</strong></span> <span class='ocrx_word' id='word_1_498' title='bbox 3097 3142 3343 3210; x_wconf 78' lang='lat' dir='ltr'><strong>Cumque</strong></span> <span class='ocrx_word' id='word_1_499' title='bbox 3379 3141 3638 3194; x_wconf 72' lang='lat' dir='ltr'><strong>Dominus</strong></span> <span class='ocrx_word' id='word_1_500' title='bbox 3686 3142 3774 3193; x_wconf 81' lang='lat' dir='ltr'><strong>lo-</strong></span> 
     </span>
    </p>
   </div>
   <div class='ocr_carea' id='block_1_63' title="bbox 479 3235 2071 3308">
    <p class='ocr_par' dir='ltr' id='par_1_63' title="bbox 479 3235 2071 3308">
     <span class='ocr_line' id='line_1_63' title="bbox 479 3235 2071 3308; baseline 0.004 -20"><span class='ocrx_word' id='word_1_501' title='bbox 479 3235 689 3289; x_wconf 87' lang='lat' dir='ltr'><strong>ciorum</strong></span> <span class='ocrx_word' id='word_1_502' title='bbox 721 3235 967 3302; x_wconf 85' lang='lat' dir='ltr'><strong>materia,</strong></span> <span class='ocrx_word' id='word_1_503' title='bbox 999 3253 1119 3305; x_wconf 81' lang='lat' dir='ltr'><strong>qua-</strong></span> <span class='ocrx_word' id='word_1_504' title='bbox 1149 3253 1217 3292; x_wconf 78' lang='lat' dir='ltr'><strong>ex</strong></span> <span class='ocrx_word' id='word_1_505' title='bbox 1251 3239 1492 3307; x_wconf 86' lang='lat' dir='ltr'><strong>propriis</strong></span> <span class='ocrx_word' id='word_1_506' title='bbox 1520 3240 1758 3308; x_wconf 80' lang='lat' dir='ltr'><strong>peccatis</strong></span> <span class='ocrx_word' id='word_1_507' title='bbox 1803 3241 2071 3294; x_wconf 85' lang='lat' dir='ltr'><strong>nascitur.</strong></span> 
     </span>
    </p>
   </div>
   <div class='ocr_carea' id='block_1_64' title="bbox 477 3327 2077 3402">
    <p class='ocr_par' dir='ltr' id='par_1_64' title="bbox 477 3327 2077 3402">
     <span class='ocr_line' id='line_1_64' title="bbox 477 3327 2077 3402; baseline 0.004 -20"><span class='ocrx_word' id='word_1_508' title='bbox 477 3327 622 3384; x_wconf 91' lang='lat' dir='ltr'><strong>Sicut</strong></span> <span class='ocrx_word' id='word_1_509' title='bbox 657 3328 802 3384; x_wconf 90' lang='lat' dir='ltr'><strong>enim</strong></span> <span class='ocrx_word' id='word_1_510' title='bbox 827 3330 1081 3400; x_wconf 87' lang='lat' dir='ltr'><strong>quamdiu</strong></span> <span class='ocrx_word' id='word_1_511' title='bbox 1110 3332 1390 3387; x_wconf 80' lang='lat' dir='ltr'><strong>cadaveris</strong></span> <span class='ocrx_word' id='word_1_512' title='bbox 1419 3333 1648 3389; x_wconf 86' lang='lat' dir='ltr'><strong>materia</strong></span> <span class='ocrx_word' id='word_1_513' title='bbox 1673 3343 1777 3399; x_wconf 87' lang='lat' dir='ltr'><strong>est,</strong></span> <span class='ocrx_word' id='word_1_514' title='bbox 1802 3340 1859 3388; x_wconf 87' lang='lat' dir='ltr'><strong>et</strong></span> <span class='ocrx_word' id='word_1_515' title='bbox 1879 3333 2077 3402; x_wconf 85' lang='lat' dir='ltr'><strong>aliquis</strong></span> 
     </span>
    </p>
   </div>
   <div class='ocr_carea' id='block_1_65' title="bbox 479 3418 2073 3495">
    <p class='ocr_par' dir='ltr' id='par_1_65' title="bbox 479 3418 2073 3495">
     <span class='ocr_line' id='line_1_65' title="bbox 479 3418 2073 3495; baseline 0.006 -23"><span class='ocrx_word' id='word_1_516' title='bbox 479 3418 677 3475; x_wconf 80' lang='lat' dir='ltr'><strong>humor</strong></span> <span class='ocrx_word' id='word_1_517' title='bbox 701 3423 751 3476; x_wconf 91' lang='lat' dir='ltr'><strong>iu</strong></span> <span class='ocrx_word' id='word_1_518' title='bbox 779 3424 1068 3488; x_wconf 81' lang='lat' dir='ltr'><strong>cadavere,</strong></span> <span class='ocrx_word' id='word_1_519' title='bbox 1094 3441 1308 3479; x_wconf 80' lang='lat' dir='ltr'><strong>vermes</strong></span> <span class='ocrx_word' id='word_1_520' title='bbox 1340 3438 1639 3480; x_wconf 87' lang='lat' dir='ltr'><strong>nascuntur</strong></span> <span class='ocrx_word' id='word_1_521' title='bbox 1660 3441 1723 3482; x_wconf 79' lang='lat' dir='ltr'><strong>ex</strong></span> <span class='ocrx_word' id='word_1_522' title='bbox 1751 3426 2073 3495; x_wconf 86' lang='lat' dir='ltr'><strong>putredine;</strong></span> 
     </span>
    </p>
   </div>
   <div class='ocr_carea' id='block_1_66' title="bbox 477 3514 2072 3584">
    <p class='ocr_par' dir='ltr' id='par_1_66' title="bbox 477 3514 2072 3584">
     <span class='ocr_line' id='line_1_66' title="bbox 477 3514 2072 3584; baseline 0.004 -19"><span class='ocrx_word' id='word_1_523' title='bbox 477 3515 557 3566; x_wconf 86' lang='lat' dir='ltr'><strong>sic</strong></span> <span class='ocrx_word' id='word_1_524' title='bbox 586 3530 652 3568; x_wconf 81' lang='lat' dir='ltr'><strong>ex</strong></span> <span class='ocrx_word' id='word_1_525' title='bbox 683 3514 794 3582; x_wconf 82' lang='lat' dir='ltr'><strong>ipsa</strong></span> <span class='ocrx_word' id='word_1_526' title='bbox 828 3517 1050 3569; x_wconf 77' lang='lat' dir='ltr'><strong>materia</strong></span> <span class='ocrx_word' id='word_1_527' title='bbox 1083 3527 1429 3584; x_wconf 85' lang='lat' dir='ltr'><strong>peccatorum</strong></span> <span class='ocrx_word' id='word_1_528' title='bbox 1453 3517 1722 3584; x_wconf 85' lang='lat' dir='ltr'><strong>supplicia</strong></span> <span class='ocrx_word' id='word_1_529' title='bbox 1753 3520 2072 3584; x_wconf 68' lang='lat' dir='ltr'><strong>gignuntur.</strong></span> 
     </span>
    </p>
   </div>
   <div class='ocr_carea' id='block_1_67' title="bbox 481 3600 2074 3679">
    <p class='ocr_par' dir='ltr' id='par_1_67' title="bbox 481 3600 2074 3679">
     <span class='ocr_line' id='line_1_67' title="bbox 481 3600 2074 3679; baseline 0.005 -23"><span class='ocrx_word' id='word_1_530' title='bbox 481 3600 636 3656; x_wconf 81' lang='lat' dir='ltr'><strong>Unde</strong></span> <span class='ocrx_word' id='word_1_531' title='bbox 676 3613 731 3656; x_wconf 90' lang='lat' dir='ltr'><strong>et</strong></span> <span class='ocrx_word' id='word_1_532' title='bbox 777 3607 1069 3671; x_wconf 58' lang='lat' dir='ltr'><strong>APOSUDIU\</strong></span> <span class='ocrx_word' id='word_1_533' title='bbox 1105 3605 1304 3658; x_wconf 86' lang='lat' dir='ltr'><strong>Paulus</strong></span> <span class='ocrx_word' id='word_1_534' title='bbox 1346 3607 1629 3661; x_wconf 77' lang='lat' dir='ltr'><strong>interfecta</strong></span> <span class='ocrx_word' id='word_1_535' title='bbox 1678 3621 1872 3668; x_wconf 86' lang='lat' dir='ltr'><strong>morte.</strong></span> <span class='ocrx_word' id='word_1_536' title='bbox 1915 3606 2074 3679; x_wconf 71' lang='lat'><strong>251</strong></span> 
     </span>
    </p>
   </div>
   <div class='ocr_carea' id='block_1_68' title="bbox 479 3693 2075 3769">
    <p class='ocr_par' dir='ltr' id='par_1_68' title="bbox 479 3693 2075 3769">
     <span class='ocr_line' id='line_1_68' title="bbox 479 3693 2075 3769; baseline 0.004 -23"><span class='ocrx_word' id='word_1_537' title='bbox 479 3693 547 3748; x_wconf 91' lang='lat' dir='ltr'><strong>ad</strong></span> <span class='ocrx_word' id='word_1_538' title='bbox 591 3711 751 3762; x_wconf 83' lang='lat' dir='ltr'><strong>quam</strong></span> <span class='ocrx_word' id='word_1_539' title='bbox 799 3710 892 3763; x_wconf 88' lang='lat' dir='ltr'><strong>per</strong></span> <span class='ocrx_word' id='word_1_540' title='bbox 919 3695 1061 3750; x_wconf 73' lang='lat' dir='ltr'><strong>Osee</strong></span> <span class='ocrx_word' id='word_1_541' title='bbox 1089 3711 1270 3750; x_wconf 88' lang='lat' dir='ltr'><strong>sermo</strong></span> <span class='ocrx_word' id='word_1_542' title='bbox 1314 3698 1667 3768; x_wconf 83' lang='lat' dir='ltr'><strong>propheticus</strong></span> <span class='ocrx_word' id='word_1_543' title='bbox 1711 3699 2075 3769; x_wconf 88' lang='lat' dir='ltr'><strong>loquebatur:</strong></span> 
     </span>
    </p>
   </div>
   <div class='ocr_carea' id='block_1_69' title="bbox 483 3781 2078 3858">
    <p class='ocr_par' dir='ltr' id='par_1_69' title="bbox 483 3781 2078 3858">
     <span class='ocr_line' id='line_1_69' title="bbox 483 3781 2078 3858; baseline 0.005 -20"><span class='ocrx_word' id='word_1_544' title='bbox 483 3781 593 3839; x_wconf 87' lang='lat' dir='ltr'><strong>Ero</strong></span> <span class='ocrx_word' id='word_1_545' title='bbox 625 3801 760 3839; x_wconf 88' lang='lat' dir='ltr'><strong>mors</strong></span> <span class='ocrx_word' id='word_1_546' title='bbox 792 3798 900 3851; x_wconf 85' lang='lat' dir='ltr'><strong>tua,</strong></span> <span class='ocrx_word' id='word_1_547' title='bbox 926 3803 956 3840; x_wconf 88' lang='grc' dir='ltr'><strong><em>ο</em></strong></span> <span class='ocrx_word' id='word_1_548' title='bbox 979 3803 1116 3840; x_wconf 87' lang='lat' dir='ltr'><strong>mors</strong></span> <span class='ocrx_word' id='word_1_549' title='bbox 1143 3805 1161 3842; x_wconf 88' lang='lat'><strong><em>:</em></strong></span> <span class='ocrx_word' id='word_1_550' title='bbox 1185 3805 1272 3842; x_wconf 85' lang='lat' dir='ltr'><strong>ero</strong></span> <span class='ocrx_word' id='word_1_551' title='bbox 1295 3804 1490 3844; x_wconf 82' lang='lat' dir='ltr'><strong>morsus</strong></span> <span class='ocrx_word' id='word_1_552' title='bbox 1516 3802 1656 3854; x_wconf 88' lang='lat' dir='ltr'><strong>tuus,</strong></span> <span class='ocrx_word' id='word_1_553' title='bbox 1686 3790 1888 3857; x_wconf 74' lang='lat' dir='ltr'><strong>inferne</strong></span> <span class='ocrx_word' id='word_1_554' title='bbox 1912 3793 1928 3858; x_wconf 94' lang='lat'><strong>(</strong></span> <span class='ocrx_word' id='word_1_555' title='bbox 1948 3789 2078 3846; x_wconf 80' lang='lat' dir='ltr'><strong>Osee</strong></span> 
     </span>
    </p>
   </div>
   <div class='ocr_carea' id='block_1_70' title="bbox 485 3879 2077 3950">
    <p class='ocr_par' dir='ltr' id='par_1_70' title="bbox 485 3879 2077 3950">
     <span class='ocr_line' id='line_1_70' title="bbox 485 3879 2077 3950; baseline 0.005 -20"><span class='ocrx_word' id='word_1_556' title='bbox 485 3892 599 3941; x_wconf 80' lang='lat' dir='ltr'><strong>xui,</strong></span> <span class='ocrx_word' id='word_1_557' title='bbox 646 3879 770 3950; x_wconf 73' lang='grc'><strong>14),</strong></span> <span class='ocrx_word' id='word_1_558' title='bbox 803 3879 1047 3948; x_wconf 85' lang='lat' dir='ltr'><strong>loquitur</strong></span> <span class='ocrx_word' id='word_1_559' title='bbox 1092 3882 1158 3936; x_wconf 87' lang='lat' dir='ltr'><strong>ad</strong></span> <span class='ocrx_word' id='word_1_560' title='bbox 1191 3882 1470 3940; x_wconf 72' lang='lat' dir='ltr'><strong>eanizllbi</strong></span> <span class='ocrx_word' id='word_1_561' title='bbox 1515 3894 1586 3940; x_wconf 86' lang='lat' dir='ltr'><strong>est</strong></span> <span class='ocrx_word' id='word_1_562' title='bbox 1634 3899 1773 3937; x_wconf 86' lang='lat' dir='ltr'><strong>mors</strong></span> <span class='ocrx_word' id='word_1_563' title='bbox 1815 3886 2077 3940; x_wconf 84' lang='lat' dir='ltr'><strong>contentio</strong></span> 
     </span>
    </p>
   </div>
   <div class='ocr_carea' id='block_1_71' title="bbox 481 3972 2075 4050">
    <p class='ocr_par' dir='ltr' id='par_1_71' title="bbox 481 3972 2075 4050">
     <span class='ocr_line' id='line_1_71' title="bbox 481 3972 2075 4050; baseline 0.008 -27"><span class='ocrx_word' id='word_1_564' title='bbox 481 3973 607 4025; x_wconf 85' lang='lat' dir='ltr'><strong>tua?</strong></span> <span class='ocrx_word' id='word_1_565' title='bbox 635 3972 718 4027; x_wconf 85' lang='lat' dir='ltr'><strong>ubi</strong></span> <span class='ocrx_word' id='word_1_566' title='bbox 747 3984 820 4028; x_wconf 85' lang='lat' dir='ltr'><strong>est</strong></span> <span class='ocrx_word' id='word_1_567' title='bbox 853 3991 990 4028; x_wconf 82' lang='lat' dir='ltr'><strong>mors</strong></span> <span class='ocrx_word' id='word_1_568' title='bbox 1019 3978 1260 4031; x_wconf 86' lang='lat' dir='ltr'><strong>stimulus</strong></span> <span class='ocrx_word' id='word_1_569' title='bbox 1292 3987 1408 4032; x_wconf 84' lang='lat' dir='ltr'><strong>tuus</strong></span> <span class='ocrx_word' id='word_1_570' title='bbox 1431 3977 1487 4050; x_wconf 86' lang='grc' dir='ltr'>(Ι</span> <span class='ocrx_word' id='word_1_571' title='bbox 1517 3975 1639 4032; x_wconf 89' lang='lat' dir='ltr'><strong>Cor.</strong></span> <span class='ocrx_word' id='word_1_572' title='bbox 1670 3994 1760 4041; x_wconf 82' lang='lat' dir='ltr'><strong>xv,</strong></span> <span class='ocrx_word' id='word_1_573' title='bbox 1799 3978 1939 4048; x_wconf 78' lang='lat'><strong>55)?</strong></span> <span class='ocrx_word' id='word_1_574' title='bbox 1980 3979 2075 4035; x_wconf 86' lang='lat' dir='ltr'><strong>Illa</strong></span> 
     </span>
    </p>
   </div>
   <div class='ocr_carea' id='block_1_72' title="bbox 481 4067 2073 4143">
    <p class='ocr_par' dir='ltr' id='par_1_72' title="bbox 481 4067 2073 4143">
     <span class='ocr_line' id='line_1_72' title="bbox 481 4067 2073 4143; baseline 0.008 -26"><span class='ocrx_word' id='word_1_575' title='bbox 481 4067 626 4118; x_wconf 87' lang='lat' dir='ltr'><strong>enim</strong></span> <span class='ocrx_word' id='word_1_576' title='bbox 660 4078 896 4134; x_wconf 89' lang='lat' dir='ltr'><strong>mortua,</strong></span> <span class='ocrx_word' id='word_1_577' title='bbox 929 4084 1035 4124; x_wconf 90' lang='lat' dir='ltr'><strong>non</strong></span> <span class='ocrx_word' id='word_1_578' title='bbox 1063 4083 1146 4124; x_wconf 88' lang='lat' dir='ltr'><strong>est</strong></span> <span class='ocrx_word' id='word_1_579' title='bbox 1176 4071 1271 4138; x_wconf 84' lang='lat' dir='ltr'><strong>qui</strong></span> <span class='ocrx_word' id='word_1_580' title='bbox 1298 4071 1544 4126; x_wconf 85' lang='lat' dir='ltr'><strong>succidat</strong></span> <span class='ocrx_word' id='word_1_581' title='bbox 1564 4087 1664 4126; x_wconf 82' lang='lat' dir='ltr'><strong>nos</strong></span> <span class='ocrx_word' id='word_1_582' title='bbox 1689 4088 1701 4126; x_wconf 88' lang='lat'><strong>:</strong></span> <span class='ocrx_word' id='word_1_583' title='bbox 1732 4088 2073 4143; x_wconf 87' lang='lat' dir='ltr'><strong>nequaquam</strong></span> 
     </span>
    </p>
   </div>
   <div class='ocr_carea' id='block_1_73' title="bbox 479 4159 2074 4235">
    <p class='ocr_par' dir='ltr' id='par_1_73' title="bbox 479 4159 2074 4235">
     <span class='ocr_line' id='line_1_73' title="bbox 479 4159 2074 4235; baseline 0.006 -24"><span class='ocrx_word' id='word_1_584' title='bbox 479 4159 624 4212; x_wconf 91' lang='lat' dir='ltr'><strong>enim</strong></span> <span class='ocrx_word' id='word_1_585' title='bbox 655 4161 761 4214; x_wconf 91' lang='lat' dir='ltr'><strong>erit</strong></span> <span class='ocrx_word' id='word_1_586' title='bbox 791 4173 1072 4228; x_wconf 85' lang='lat' dir='ltr'><strong>peccatum</strong></span> <span class='ocrx_word' id='word_1_587' title='bbox 1093 4163 1239 4232; x_wconf 88' lang='lat' dir='ltr'><strong>quod</strong></span> <span class='ocrx_word' id='word_1_588' title='bbox 1267 4164 1660 4219; x_wconf 84' lang='lat' dir='ltr'><strong>succideiidum</strong></span> <span class='ocrx_word' id='word_1_589' title='bbox 1684 4165 1775 4232; x_wconf 77' lang='lat' dir='ltr'><strong>sit,</strong></span> <span class='ocrx_word' id='word_1_590' title='bbox 1825 4164 1954 4235; x_wconf 82' lang='lat' dir='ltr'><strong>quia</strong></span> <span class='ocrx_word' id='word_1_591' title='bbox 1979 4166 2074 4221; x_wconf 79' lang='lat' dir='ltr'><strong>sti-</strong></span> 
     </span>
    </p>
   </div>
   <div class='ocr_carea' id='block_1_74' title="bbox 483 4251 1330 4324">
    <p class='ocr_par' dir='ltr' id='par_1_74' title="bbox 483 4251 1330 4324">
     <span class='ocr_line' id='line_1_74' title="bbox 483 4251 1330 4324; baseline 0.012 -22"><span class='ocrx_word' id='word_1_592' title='bbox 483 4251 665 4305; x_wconf 90' lang='lat' dir='ltr'><strong>mulus</strong></span> <span class='ocrx_word' id='word_1_593' title='bbox 697 4255 889 4309; x_wconf 88' lang='lat' dir='ltr'><strong>mortis</strong></span> <span class='ocrx_word' id='word_1_594' title='bbox 921 4267 1204 4324; x_wconf 86' lang='lat' dir='ltr'><strong>peccatum</strong></span> <span class='ocrx_word' id='word_1_595' title='bbox 1237 4259 1330 4312; x_wconf 91' lang='lat' dir='ltr'><strong>sit.</strong></span> 
     </span>
    </p>
   </div>
   <div class='ocr_carea' id='block_1_75' title="bbox 555 4345 2072 4423">
    <p class='ocr_par' dir='ltr' id='par_1_75' title="bbox 555 4345 2072 4423">
     <span class='ocr_line' id='line_1_75' title="bbox 555 4345 2072 4423; baseline 0.008 -26"><span class='ocrx_word' id='word_1_596' title='bbox 555 4345 751 4416; x_wconf 69' lang='lat' dir='ltr'><strong>(Vers.</strong></span> <span class='ocrx_word' id='word_1_597' title='bbox 799 4347 923 4418; x_wconf 73' lang='grc'><strong>12.)</strong></span> <span class='ocrx_word' id='word_1_598' title='bbox 958 4349 1228 4415; x_wconf 80' lang='lat' dir='ltr'><strong>Quomodo</strong></span> <span class='ocrx_word' id='word_1_599' title='bbox 1281 4353 1512 4407; x_wconf 74' lang='lat' dir='ltr'><strong>cecidisti</strong></span> <span class='ocrx_word' id='word_1_600' title='bbox 1558 4353 1622 4408; x_wconf 87' lang='lat' dir='ltr'><strong>de</strong></span> <span class='ocrx_word' id='word_1_601' title='bbox 1657 4354 1805 4417; x_wconf 76' lang='lat' dir='ltr'><strong>ctzlo,</strong></span> <span class='ocrx_word' id='word_1_602' title='bbox 1840 4354 2072 4423; x_wconf 77' lang='lat' dir='ltr'><strong>Lucifer,</strong></span> 
     </span>
    </p>
   </div>
   <div class='ocr_carea' id='block_1_76' title="bbox 476 4439 2071 4514">
    <p class='ocr_par' dir='ltr' id='par_1_76' title="bbox 476 4439 2071 4514">
     <span class='ocr_line' id='line_1_76' title="bbox 476 4439 2071 4514; baseline 0.009 -25"><span class='ocrx_word' id='word_1_603' title='bbox 476 4439 565 4507; x_wconf 85' lang='lat' dir='ltr'><strong>qui</strong></span> <span class='ocrx_word' id='word_1_604' title='bbox 610 4454 758 4493; x_wconf 84' lang='lat' dir='ltr'><strong>mane</strong></span> <span class='ocrx_word' id='word_1_605' title='bbox 788 4443 1072 4498; x_wconf 80' lang='lat' dir='ltr'><strong>oriebaris?</strong></span> <span class='ocrx_word' id='word_1_606' title='bbox 1101 4447 1345 4499; x_wconf 88' lang='lat' dir='ltr'><strong>corruisti</strong></span> <span class='ocrx_word' id='word_1_607' title='bbox 1374 4448 1428 4501; x_wconf 86' lang='lat' dir='ltr'><strong>in</strong></span> <span class='ocrx_word' id='word_1_608' title='bbox 1457 4457 1664 4510; x_wconf 83' lang='lat' dir='ltr'><strong>terram,</strong></span> <span class='ocrx_word' id='word_1_609' title='bbox 1697 4449 1785 4514; x_wconf 86' lang='lat' dir='ltr'><strong>qui</strong></span> <span class='ocrx_word' id='word_1_610' title='bbox 1826 4451 2071 4504; x_wconf 79' lang='lat' dir='ltr'><strong>vulnera-</strong></span> 
     </span>
    </p>
   </div>
   <div class='ocr_carea' id='block_1_77' title="bbox 2179 3229 3780 3306">
    <p class='ocr_par' dir='ltr' id='par_1_77' title="bbox 2179 3229 3780 3306">
     <span class='ocr_line' id='line_1_77' title="bbox 2179 3229 3780 3306; baseline -0.004 -16"><span class='ocrx_word' id='word_1_611' title='bbox 2179 3249 2375 3306; x_wconf 86' lang='lat' dir='ltr'><strong>quatiir</strong></span> <span class='ocrx_word' id='word_1_612' title='bbox 2421 3237 2486 3290; x_wconf 87' lang='lat' dir='ltr'><strong>ad</strong></span> <span class='ocrx_word' id='word_1_613' title='bbox 2518 3237 2811 3304; x_wconf 75' lang='lat' dir='ltr'><strong>Apostolos</strong></span> <span class='ocrx_word' id='word_1_614' title='bbox 2843 3253 2856 3289; x_wconf 91' lang='lat'><strong>:</strong></span> <span class='ocrx_word' id='word_1_615' title='bbox 2889 3235 3098 3305; x_wconf 77' lang='lat' dir='ltr'><strong>Sufﬁcit</strong></span> <span class='ocrx_word' id='word_1_616' title='bbox 3131 3233 3412 3301; x_wconf 88' lang='lat' dir='ltr'><strong>discipulo,</strong></span> <span class='ocrx_word' id='word_1_617' title='bbox 3443 3241 3499 3284; x_wconf 89' lang='lat' dir='ltr'><strong>ut</strong></span> <span class='ocrx_word' id='word_1_618' title='bbox 3539 3233 3604 3286; x_wconf 80' lang='lat' dir='ltr'><strong>sit</strong></span> <span class='ocrx_word' id='word_1_619' title='bbox 3626 3229 3780 3296; x_wconf 81' lang='lat' dir='ltr'><strong>quasi</strong></span> 
     </span>
    </p>
   </div>
   <div class='ocr_carea' id='block_1_78' title="bbox 2180 3320 3775 3400">
    <p class='ocr_par' dir='ltr' id='par_1_78' title="bbox 2180 3320 3775 3400">
     <span class='ocr_line' id='line_1_78' title="bbox 2180 3320 3775 3400; baseline -0.005 -19"><span class='ocrx_word' id='word_1_620' title='bbox 2180 3329 2440 3400; x_wconf 80' lang='lat' dir='ltr'><strong>magister,</strong></span> <span class='ocrx_word' id='word_1_621' title='bbox 2473 3338 2520 3381; x_wconf 88' lang='lat' dir='ltr'><strong>et</strong></span> <span class='ocrx_word' id='word_1_622' title='bbox 2543 3343 2682 3380; x_wconf 58' lang='lat' dir='ltr'><strong>serra</strong></span> <span class='ocrx_word' id='word_1_623' title='bbox 2721 3328 2849 3380; x_wconf 85' lang='lat' dir='ltr'><strong>sicut</strong></span> <span class='ocrx_word' id='word_1_624' title='bbox 2881 3324 3130 3380; x_wconf 86' lang='lat' dir='ltr'><strong>Dominus</strong></span> <span class='ocrx_word' id='word_1_625' title='bbox 3159 3340 3280 3378; x_wconf 83' lang='lat' dir='ltr'><strong>suits</strong></span> <span class='ocrx_word' id='word_1_626' title='bbox 3308 3320 3529 3392; x_wconf 72' lang='lat' dir='ltr'><strong>(Matth</strong></span> <span class='ocrx_word' id='word_1_627' title='bbox 3563 3337 3618 3382; x_wconf 72' lang='grc' dir='ltr'>ι.</span> <span class='ocrx_word' id='word_1_628' title='bbox 3643 3320 3717 3374; x_wconf 73' lang='grc' dir='ltr'><em>’ὶὸ</em></span> <span class='ocrx_word' id='word_1_629' title='bbox 3731 3320 3775 3390; x_wconf 93' lang='lat'><strong>),</strong></span> 
     </span>
    </p>
   </div>
   <div class='ocr_carea' id='block_1_79' title="bbox 2179 3415 3780 3484">
    <p class='ocr_par' dir='ltr' id='par_1_79' title="bbox 2179 3415 3780 3484">
     <span class='ocr_line' id='line_1_79' title="bbox 2179 3415 3780 3484; baseline -0.004 -10"><span class='ocrx_word' id='word_1_630' title='bbox 2179 3430 2234 3474; x_wconf 90' lang='lat' dir='ltr'><strong>et</strong></span> <span class='ocrx_word' id='word_1_631' title='bbox 2260 3422 2401 3475; x_wconf 88' lang='lat' dir='ltr'><strong>dicat</strong></span> <span class='ocrx_word' id='word_1_632' title='bbox 2431 3419 2499 3474; x_wconf 87' lang='lat' dir='ltr'><strong>ad</strong></span> <span class='ocrx_word' id='word_1_633' title='bbox 2527 3419 2741 3475; x_wconf 86' lang='lat' dir='ltr'><strong>Patrem</strong></span> <span class='ocrx_word' id='word_1_634' title='bbox 2773 3437 2785 3472; x_wconf 91' lang='lat'>:</span> <span class='ocrx_word' id='word_1_635' title='bbox 2817 3417 2975 3471; x_wconf 80' lang='lat' dir='ltr'><strong>Pater</strong></span> <span class='ocrx_word' id='word_1_636' title='bbox 3011 3427 3207 3480; x_wconf 84' lang='lat' dir='ltr'><strong>sancte,</strong></span> <span class='ocrx_word' id='word_1_637' title='bbox 3245 3417 3332 3477; x_wconf 83' lang='lat' dir='ltr'><strong>da.</strong></span> <span class='ocrx_word' id='word_1_638' title='bbox 3367 3425 3420 3469; x_wconf 87' lang='lat' dir='ltr'><strong>ut</strong></span> <span class='ocrx_word' id='word_1_639' title='bbox 3441 3415 3574 3468; x_wconf 80' lang='lat' dir='ltr'><strong>sicut</strong></span> <span class='ocrx_word' id='word_1_640' title='bbox 3606 3428 3698 3484; x_wconf 74' lang='lat' dir='ltr'><strong>ego</strong></span> <span class='ocrx_word' id='word_1_641' title='bbox 3725 3422 3780 3468; x_wconf 82' lang='lat' dir='ltr'><strong>et</strong></span> 
     </span>
    </p>
   </div>
   <div class='ocr_carea' id='block_1_80' title="bbox 2181 3505 3775 3579">
    <p class='ocr_par' dir='ltr' id='par_1_80' title="bbox 2181 3505 3775 3579">
     <span class='ocr_line' id='line_1_80' title="bbox 2181 3505 3775 3579; baseline -0.006 -13"><span class='ocrx_word' id='word_1_642' title='bbox 2181 3522 2234 3566; x_wconf 89' lang='lat' dir='ltr'><strong>tu</strong></span> <span class='ocrx_word' id='word_1_643' title='bbox 2262 3529 2416 3566; x_wconf 89' lang='lat' dir='ltr'><strong>unum</strong></span> <span class='ocrx_word' id='word_1_644' title='bbox 2445 3529 2642 3579; x_wconf 84' lang='lat' dir='ltr'><strong>sumus,</strong></span> <span class='ocrx_word' id='word_1_645' title='bbox 2680 3513 2753 3565; x_wconf 85' lang='lat' dir='ltr'><strong>ita</strong></span> <span class='ocrx_word' id='word_1_646' title='bbox 2781 3521 2825 3565; x_wconf 89' lang='lat' dir='ltr'><strong>et</strong></span> <span class='ocrx_word' id='word_1_647' title='bbox 2869 3513 2953 3564; x_wconf 86' lang='lat' dir='ltr'><strong>isti</strong></span> <span class='ocrx_word' id='word_1_648' title='bbox 2983 3512 3035 3564; x_wconf 88' lang='lat' dir='ltr'><strong>in</strong></span> <span class='ocrx_word' id='word_1_649' title='bbox 3069 3510 3213 3564; x_wconf 88' lang='lat' dir='ltr'><strong>nobis</strong></span> <span class='ocrx_word' id='word_1_650' title='bbox 3245 3526 3402 3562; x_wconf 88' lang='lat' dir='ltr'><strong>unum</strong></span> <span class='ocrx_word' id='word_1_651' title='bbox 3432 3509 3533 3561; x_wconf 86' lang='lat' dir='ltr'><strong>sint</strong></span> <span class='ocrx_word' id='word_1_652' title='bbox 3577 3505 3775 3574; x_wconf 81' lang='lat' dir='ltr'><strong>(Joan.</strong></span> 
     </span>
    </p>
   </div>
   <div class='ocr_carea' id='block_1_81' title="bbox 2181 3600 3784 3673">
    <p class='ocr_par' dir='ltr' id='par_1_81' title="bbox 2181 3600 3784 3673">
     <span class='ocr_line' id='line_1_81' title="bbox 2181 3600 3784 3673; baseline -0.003 -11"><span class='ocrx_word' id='word_1_653' title='bbox 2181 3623 2315 3670; x_wconf 79' lang='lat' dir='ltr'><strong>xvii,</strong></span> <span class='ocrx_word' id='word_1_654' title='bbox 2350 3608 2406 3661; x_wconf 83' lang='grc' dir='ltr'>Η</span> <span class='ocrx_word' id='word_1_655' title='bbox 2437 3614 2481 3672; x_wconf 83' lang='grc'><strong>);</strong></span> <span class='ocrx_word' id='word_1_656' title='bbox 2506 3607 2605 3662; x_wconf 87' lang='lat' dir='ltr'><strong>iste</strong></span> <span class='ocrx_word' id='word_1_657' title='bbox 2634 3607 2684 3659; x_wconf 89' lang='lat' dir='ltr'><strong>iii</strong></span> <span class='ocrx_word' id='word_1_658' title='bbox 2719 3616 2925 3659; x_wconf 89' lang='lat' dir='ltr'><strong>tantum</strong></span> <span class='ocrx_word' id='word_1_659' title='bbox 2951 3605 3052 3659; x_wconf 91' lang='lat' dir='ltr'><strong>sibi</strong></span> <span class='ocrx_word' id='word_1_660' title='bbox 3085 3613 3329 3673; x_wconf 80' lang='lat' dir='ltr'><strong>arrogat,</strong></span> <span class='ocrx_word' id='word_1_661' title='bbox 3363 3612 3419 3655; x_wconf 89' lang='lat' dir='ltr'><strong>ut</strong></span> <span class='ocrx_word' id='word_1_662' title='bbox 3441 3615 3608 3668; x_wconf 90' lang='lat' dir='ltr'><strong>super</strong></span> <span class='ocrx_word' id='word_1_663' title='bbox 3640 3600 3784 3656; x_wconf 84' lang='lat' dir='ltr'><strong>stel-</strong></span> 
     </span>
    </p>
   </div>
   <div class='ocr_carea' id='block_1_82' title="bbox 2182 3695 3782 3764">
    <p class='ocr_par' dir='ltr' id='par_1_82' title="bbox 2182 3695 3782 3764">
     <span class='ocr_line' id='line_1_82' title="bbox 2182 3695 3782 3764; baseline -0.003 -12"><span class='ocrx_word' id='word_1_664' title='bbox 2182 3701 2257 3754; x_wconf 78' lang='lat' dir='ltr'><strong>las</strong></span> <span class='ocrx_word' id='word_1_665' title='bbox 2283 3697 2430 3764; x_wconf 77' lang='lat' dir='ltr'><strong>cteli,</strong></span> <span class='ocrx_word' id='word_1_666' title='bbox 2465 3715 2584 3762; x_wconf 70' lang='lat' dir='ltr'><strong>qua:</strong></span> <span class='ocrx_word' id='word_1_667' title='bbox 2623 3713 2728 3751; x_wconf 91' lang='lat' dir='ltr'><strong>non</strong></span> <span class='ocrx_word' id='word_1_668' title='bbox 2760 3705 3112 3760; x_wconf 76' lang='lat' dir='ltr'><strong>corruerunt,</strong></span> <span class='ocrx_word' id='word_1_669' title='bbox 3141 3697 3336 3750; x_wconf 84' lang='lat' dir='ltr'><strong>solium</strong></span> <span class='ocrx_word' id='word_1_670' title='bbox 3368 3708 3522 3749; x_wconf 89' lang='lat' dir='ltr'><strong>suum</strong></span> <span class='ocrx_word' id='word_1_671' title='bbox 3561 3695 3782 3762; x_wconf 59' lang='lat' dir='ltr'><strong>positu-</strong></span> 
     </span>
    </p>
   </div>
   <div class='ocr_carea' id='block_1_83' title="bbox 2182 3786 3779 3860">
    <p class='ocr_par' dir='ltr' id='par_1_83' title="bbox 2182 3786 3779 3860">
     <span class='ocr_line' id='line_1_83' title="bbox 2182 3786 3779 3860; baseline -0.004 -16"><span class='ocrx_word' id='word_1_672' title='bbox 2182 3808 2298 3846; x_wconf 89' lang='lat' dir='ltr'><strong>rum</strong></span> <span class='ocrx_word' id='word_1_673' title='bbox 2324 3807 2448 3847; x_wconf 67' lang='lat' dir='ltr'><strong>esse</strong></span> <span class='ocrx_word' id='word_1_674' title='bbox 2480 3805 2536 3844; x_wconf 84' lang='lat' dir='ltr'><strong>se</strong></span> <span class='ocrx_word' id='word_1_675' title='bbox 2563 3789 2753 3860; x_wconf 82' lang='lat' dir='ltr'><strong>jacti-t.</strong></span> <span class='ocrx_word' id='word_1_676' title='bbox 2776 3790 3036 3860; x_wconf 83' lang='lat' dir='ltr'><strong>Quodque</strong></span> <span class='ocrx_word' id='word_1_677' title='bbox 3070 3789 3230 3842; x_wconf 80' lang='lat' dir='ltr'><strong>infert</strong></span> <span class='ocrx_word' id='word_1_678' title='bbox 3256 3805 3268 3842; x_wconf 88' lang='lat'><strong>:</strong></span> <span class='ocrx_word' id='word_1_679' title='bbox 3291 3787 3488 3842; x_wconf 75' lang='lat' dir='ltr'><strong>Sedabo</strong></span> <span class='ocrx_word' id='word_1_680' title='bbox 3511 3786 3567 3840; x_wconf 76' lang='lat' dir='ltr'><strong>in</strong></span> <span class='ocrx_word' id='word_1_681' title='bbox 3603 3795 3779 3841; x_wconf 85' lang='lat' dir='ltr'><strong>monte</strong></span> 
     </span>
    </p>
   </div>
   <div class='ocr_carea' id='block_1_84' title="bbox 2180 3877 3782 3954">
    <p class='ocr_par' dir='ltr' id='par_1_84' title="bbox 2180 3877 3782 3954">
     <span class='ocr_line' id='line_1_84' title="bbox 2180 3877 3782 3954; baseline -0.005 -14"><span class='ocrx_word' id='word_1_682' title='bbox 2180 3886 2467 3940; x_wconf 78' lang='lat' dir='ltr'><strong>testamenti</strong></span> <span class='ocrx_word' id='word_1_683' title='bbox 2488 3886 2541 3938; x_wconf 84' lang='lat' dir='ltr'><strong>in</strong></span> <span class='ocrx_word' id='word_1_684' title='bbox 2560 3884 2800 3938; x_wconf 85' lang='lat' dir='ltr'><strong>lateribus</strong></span> <span class='ocrx_word' id='word_1_685' title='bbox 2822 3883 3123 3954; x_wconf 82' lang='lat' dir='ltr'><strong>Aquilonis;</strong></span> <span class='ocrx_word' id='word_1_686' title='bbox 3157 3897 3253 3950; x_wconf 88' lang='lat' dir='ltr'><strong>pro</strong></span> <span class='ocrx_word' id='word_1_687' title='bbox 3285 3895 3391 3950; x_wconf 88' lang='lat' dir='ltr'><strong>quo</strong></span> <span class='ocrx_word' id='word_1_688' title='bbox 3425 3877 3568 3933; x_wconf 75' lang='lat' dir='ltr'><strong>LXX</strong></span> <span class='ocrx_word' id='word_1_689' title='bbox 3595 3887 3782 3933; x_wconf 84' lang='lat' dir='ltr'><strong>trans-</strong></span> 
     </span>
    </p>
   </div>
   <div class='ocr_carea' id='block_1_85' title="bbox 2183 3970 3780 4043">
    <p class='ocr_par' dir='ltr' id='par_1_85' title="bbox 2183 3970 3780 4043">
     <span class='ocr_line' id='line_1_85' title="bbox 2183 3970 3780 4043; baseline -0.005 -10"><span class='ocrx_word' id='word_1_690' title='bbox 2183 3981 2444 4041; x_wconf 87' lang='lat' dir='ltr'><strong>tulerunt,</strong></span> <span class='ocrx_word' id='word_1_691' title='bbox 2470 3979 2522 4030; x_wconf 91' lang='lat' dir='ltr'><strong>in</strong></span> <span class='ocrx_word' id='word_1_692' title='bbox 2553 3988 2720 4031; x_wconf 89' lang='lat' dir='ltr'><strong>monte</strong></span> <span class='ocrx_word' id='word_1_693' title='bbox 2750 3975 2979 4039; x_wconf 81' lang='lat' dir='ltr'><strong>sublimi,</strong></span> <span class='ocrx_word' id='word_1_694' title='bbox 3003 3991 3157 4043; x_wconf 87' lang='lat' dir='ltr'><strong>super</strong></span> <span class='ocrx_word' id='word_1_695' title='bbox 3179 3985 3372 4026; x_wconf 85' lang='lat' dir='ltr'><strong>montes</strong></span> <span class='ocrx_word' id='word_1_696' title='bbox 3395 3970 3652 4035; x_wconf 44' lang='lat' dir='ltr'><strong>excelsos,</strong></span> <span class='ocrx_word' id='word_1_697' title='bbox 3689 3971 3780 4036; x_wconf 79' lang='lat' dir='ltr'><strong>qui</strong></span> 
     </span>
    </p>
   </div>
   <div class='ocr_carea' id='block_1_86' title="bbox 2180 4062 3782 4140">
    <p class='ocr_par' dir='ltr' id='par_1_86' title="bbox 2180 4062 3782 4140">
     <span class='ocr_line' id='line_1_86' title="bbox 2180 4062 3782 4140; baseline -0.006 -14"><span class='ocrx_word' id='word_1_698' title='bbox 2180 4084 2296 4126; x_wconf 84' lang='lat' dir='ltr'><strong>sunt</strong></span> <span class='ocrx_word' id='word_1_699' title='bbox 2325 4071 2391 4124; x_wconf 77' lang='lat' dir='ltr'><strong>ad</strong></span> <span class='ocrx_word' id='word_1_700' title='bbox 2427 4069 2754 4140; x_wconf 80' lang='lat' dir='ltr'><strong>Aquilonem,</strong></span> <span class='ocrx_word' id='word_1_701' title='bbox 2786 4069 2852 4122; x_wconf 90' lang='lat' dir='ltr'><strong>ad</strong></span> <span class='ocrx_word' id='word_1_702' title='bbox 2885 4069 3018 4122; x_wconf 89' lang='lat' dir='ltr'><strong>illtid</strong></span> <span class='ocrx_word' id='word_1_703' title='bbox 3063 4069 3383 4128; x_wconf 85' lang='lat' dir='ltr'><strong>referamus,</strong></span> <span class='ocrx_word' id='word_1_704' title='bbox 3416 4063 3562 4134; x_wconf 85' lang='lat' dir='ltr'><strong>quod</strong></span> <span class='ocrx_word' id='word_1_705' title='bbox 3596 4063 3654 4118; x_wconf 92' lang='lat' dir='ltr'><strong>in</strong></span> <span class='ocrx_word' id='word_1_706' title='bbox 3686 4062 3782 4117; x_wconf 79' lang='lat' dir='ltr'><strong>Je-</strong></span> 
     </span>
    </p>
   </div>
   <div class='ocr_carea' id='block_1_87' title="bbox 2181 4155 3784 4231">
    <p class='ocr_par' dir='ltr' id='par_1_87' title="bbox 2181 4155 3784 4231">
     <span class='ocr_line' id='line_1_87' title="bbox 2181 4155 3784 4231; baseline -0.006 -13"><span class='ocrx_word' id='word_1_707' title='bbox 2181 4166 2347 4220; x_wconf 86' lang='lat' dir='ltr'><strong>remia</strong></span> <span class='ocrx_word' id='word_1_708' title='bbox 2378 4164 2578 4217; x_wconf 88' lang='lat' dir='ltr'><strong>dicitur</strong></span> <span class='ocrx_word' id='word_1_709' title='bbox 2603 4180 2614 4192; x_wconf 78' lang='grc'><em>’</em></span> <span class='ocrx_word' id='word_1_710' title='bbox 2641 4161 2716 4215; x_wconf 86' lang='lat' dir='ltr'><strong>Ab</strong></span> <span class='ocrx_word' id='word_1_711' title='bbox 2762 4161 3011 4231; x_wconf 79' lang='lat' dir='ltr'><strong>Aquilone</strong></span> <span class='ocrx_word' id='word_1_712' title='bbox 3057 4157 3391 4214; x_wconf 77' lang='lat' dir='ltr'><strong>exnrdescent</strong></span> <span class='ocrx_word' id='word_1_713' title='bbox 3433 4155 3574 4207; x_wconf 85' lang='lat' dir='ltr'><strong>mata</strong></span> <span class='ocrx_word' id='word_1_714' title='bbox 3622 4169 3784 4226; x_wconf 82' lang='lat' dir='ltr'><strong>super</strong></span> 
     </span>
    </p>
   </div>
   <div class='ocr_carea' id='block_1_88' title="bbox 2180 4243 3780 4324">
    <p class='ocr_par' dir='ltr' id='par_1_88' title="bbox 2180 4243 3780 4324">
     <span class='ocr_line' id='line_1_88' title="bbox 2180 4243 3780 4324; baseline -0.007 -13"><span class='ocrx_word' id='word_1_715' title='bbox 2180 4274 2354 4312; x_wconf 79' lang='lat' dir='ltr'><strong>omnes</strong></span> <span class='ocrx_word' id='word_1_716' title='bbox 2391 4256 2699 4310; x_wconf 81' lang='lat' dir='ltr'><strong>habitatores</strong></span> <span class='ocrx_word' id='word_1_717' title='bbox 2743 4243 3075 4324; x_wconf 50' lang='lat' dir='ltr'><strong>terric(.ler.&#39;</strong></span> <span class='ocrx_word' id='word_1_718' title='bbox 3112 4267 3152 4315; x_wconf 91' lang='lat' dir='ltr'><strong>t,</strong></span> <span class='ocrx_word' id='word_1_719' title='bbox 3189 4247 3316 4320; x_wconf 76' lang='grc'><strong>14).</strong></span> <span class='ocrx_word' id='word_1_720' title='bbox 3368 4249 3433 4301; x_wconf 77' lang='lat' dir='ltr'><strong>Et</strong></span> <span class='ocrx_word' id='word_1_721' title='bbox 3477 4247 3624 4316; x_wconf 80' lang='lat' dir='ltr'><strong>quod</strong></span> <span class='ocrx_word' id='word_1_722' title='bbox 3669 4246 3780 4301; x_wconf 79' lang='lat' dir='ltr'><strong>olla</strong></span> 
     </span>
    </p>
   </div>
   <div class='ocr_carea' id='block_1_89' title="bbox 2179 4339 3781 4417">
    <p class='ocr_par' dir='ltr' id='par_1_89' title="bbox 2179 4339 3781 4417">
     <span class='ocr_line' id='line_1_89' title="bbox 2179 4339 3781 4417; baseline -0.007 -10"><span class='ocrx_word' id='word_1_723' title='bbox 2179 4367 2442 4408; x_wconf 70' lang='lat' dir='ltr'><strong>succeii~a</strong></span> <span class='ocrx_word' id='word_1_724' title='bbox 2458 4368 2486 4404; x_wconf 88' lang='lat' dir='ltr'><strong>a</strong></span> <span class='ocrx_word' id='word_1_725' title='bbox 2513 4351 2652 4404; x_wconf 79' lang='lat' dir='ltr'><strong>facie</strong></span> <span class='ocrx_word' id='word_1_726' title='bbox 2670 4347 2956 4417; x_wconf 81' lang='lat' dir='ltr'><strong>Aquilonis</strong></span> <span class='ocrx_word' id='word_1_727' title='bbox 2981 4343 3317 4400; x_wconf 75' lang='lat' dir='ltr'><strong>accenditur.</strong></span> <span class='ocrx_word' id='word_1_728' title='bbox 3342 4341 3451 4397; x_wconf 78' lang='lat' dir='ltr'><strong>ISie</strong></span> <span class='ocrx_word' id='word_1_729' title='bbox 3469 4351 3553 4393; x_wconf 83' lang='lat' dir='ltr'><strong>est</strong></span> <span class='ocrx_word' id='word_1_730' title='bbox 3578 4339 3781 4409; x_wconf 78' lang='lat' dir='ltr'><strong>Aquilo</strong></span> 
     </span>
    </p>
   </div>
   <div class='ocr_carea' id='block_1_90' title="bbox 2180 4432 3780 4507">
    <p class='ocr_par' dir='ltr' id='par_1_90' title="bbox 2180 4432 3780 4507">
     <span class='ocr_line' id='line_1_90' title="bbox 2180 4432 3780 4507; baseline -0.008 -9"><span class='ocrx_word' id='word_1_731' title='bbox 2180 4456 2372 4499; x_wconf 88' lang='lat' dir='ltr'><strong>ventus</strong></span> <span class='ocrx_word' id='word_1_732' title='bbox 2395 4441 2742 4505; x_wconf 89' lang='lat' dir='ltr'><strong>durissimus,</strong></span> <span class='ocrx_word' id='word_1_733' title='bbox 2773 4453 2802 4492; x_wconf 91' lang='lat' dir='ltr'><strong>a</strong></span> <span class='ocrx_word' id='word_1_734' title='bbox 2827 4452 2937 4507; x_wconf 92' lang='lat' dir='ltr'><strong>quo</strong></span> <span class='ocrx_word' id='word_1_735' title='bbox 2959 4452 3084 4491; x_wconf 84' lang='lat' dir='ltr'><strong>suos</strong></span> <span class='ocrx_word' id='word_1_736' title='bbox 3110 4436 3223 4489; x_wconf 89' lang='lat' dir='ltr'><strong>vult</strong></span> <span class='ocrx_word' id='word_1_737' title='bbox 3253 4433 3513 4488; x_wconf 89' lang='lat' dir='ltr'><strong>Dominus</strong></span> <span class='ocrx_word' id='word_1_738' title='bbox 3537 4432 3780 4487; x_wconf 73' lang='lat' dir='ltr'><strong>librrarc</strong></span> 
     </span>
    </p>
   </div>
   <div class='ocr_carea' id='block_1_91' title="bbox 475 4524 3777 4611">
    <p class='ocr_par' dir='ltr' id='par_1_91' title="bbox 475 4524 3777 4611">
     <span class='ocr_line' id='line_1_91' title="bbox 475 4524 3777 4611; baseline -0.004 -23"><span class='ocrx_word' id='word_1_739' title='bbox 475 4526 566 4582; x_wconf 74' lang='lat' dir='ltr'><strong>bas</strong></span> <span class='ocrx_word' id='word_1_740' title='bbox 608 4535 819 4601; x_wconf 69' lang='lat' dir='ltr'><strong>genus?</strong></span> <span class='ocrx_word' id='word_1_741' title='bbox 851 4533 988 4588; x_wconf 76' lang='lat' dir='ltr'><strong>LXX</strong></span> <span class='ocrx_word' id='word_1_742' title='bbox 1014 4551 1028 4589; x_wconf 91' lang='lat'>:</span> <span class='ocrx_word' id='word_1_743' title='bbox 1058 4535 1332 4603; x_wconf 83' lang='lat' dir='ltr'><strong>Quomodo</strong></span> <span class='ocrx_word' id='word_1_744' title='bbox 1362 4539 1547 4594; x_wconf 82' lang='lat' dir='ltr'><strong>cecidit</strong></span> <span class='ocrx_word' id='word_1_745' title='bbox 1577 4542 1640 4594; x_wconf 88' lang='lat' dir='ltr'><strong>de</strong></span> <span class='ocrx_word' id='word_1_746' title='bbox 1679 4547 1804 4596; x_wconf 75' lang='lat' dir='ltr'><strong>casto</strong></span> <span class='ocrx_word' id='word_1_747' title='bbox 1834 4540 2068 4611; x_wconf 80' lang='lat' dir='ltr'><strong>Lucifer,</strong></span> <span class='ocrx_word' id='word_1_748' title='bbox 2103 4542 2149 4600; x_wconf 83' lang='grc' dir='ltr'>υ</span> <span class='ocrx_word' id='word_1_749' title='bbox 2177 4539 2444 4599; x_wconf 75' lang='lat' dir='ltr'><strong>captivos,</strong></span> <span class='ocrx_word' id='word_1_750' title='bbox 2477 4542 2530 4588; x_wconf 89' lang='lat' dir='ltr'><strong>et</strong></span> <span class='ocrx_word' id='word_1_751' title='bbox 2568 4532 2830 4586; x_wconf 81' lang='lat' dir='ltr'><strong>reducere</strong></span> <span class='ocrx_word' id='word_1_752' title='bbox 2865 4531 2916 4584; x_wconf 90' lang='lat' dir='ltr'><strong>in</strong></span> <span class='ocrx_word' id='word_1_753' title='bbox 2949 4528 3222 4583; x_wconf 79' lang='lat' dir='ltr'><strong>civitatem</strong></span> <span class='ocrx_word' id='word_1_754' title='bbox 3255 4535 3495 4580; x_wconf 86' lang='lat' dir='ltr'><strong>sanctam</strong></span> <span class='ocrx_word' id='word_1_755' title='bbox 3540 4524 3732 4577; x_wconf 88' lang='lat' dir='ltr'><strong>dicens</strong></span> <span class='ocrx_word' id='word_1_756' title='bbox 3760 4539 3777 4578; x_wconf 87' lang='lat'><strong>:</strong></span> 
     </span>
    </p>
   </div>
   <div class='ocr_carea' id='block_1_92' title="bbox 475 4621 2072 4701">
    <p class='ocr_par' dir='ltr' id='par_1_92' title="bbox 475 4621 2072 4701">
     <span class='ocr_line' id='line_1_92' title="bbox 475 4621 2072 4701; baseline 0.011 -30"><span class='ocrx_word' id='word_1_757' title='bbox 475 4621 564 4688; x_wconf 80' lang='lat' dir='ltr'><strong>qui</strong></span> <span class='ocrx_word' id='word_1_758' title='bbox 597 4639 745 4676; x_wconf 88' lang='lat' dir='ltr'><strong>mane</strong></span> <span class='ocrx_word' id='word_1_759' title='bbox 773 4625 1032 4688; x_wconf 82' lang='lat' dir='ltr'><strong>oriebatur</strong></span> <span class='ocrx_word' id='word_1_760' title='bbox 1050 4629 1072 4680; x_wconf 65' lang='grc' dir='ltr'><strong>ε)</strong></span> <span class='ocrx_word' id='word_1_761' title='bbox 1100 4631 1354 4684; x_wconf 85' lang='lat' dir='ltr'><strong>contritus</strong></span> <span class='ocrx_word' id='word_1_762' title='bbox 1383 4642 1455 4685; x_wconf 78' lang='lat' dir='ltr'><strong>est</strong></span> <span class='ocrx_word' id='word_1_763' title='bbox 1483 4633 1536 4686; x_wconf 89' lang='lat' dir='ltr'><strong>in</strong></span> <span class='ocrx_word' id='word_1_764' title='bbox 1567 4642 1757 4688; x_wconf 78' lang='lat' dir='ltr'><strong>terram</strong></span> <span class='ocrx_word' id='word_1_765' title='bbox 1783 4635 1871 4701; x_wconf 83' lang='lat' dir='ltr'><strong>qui</strong></span> <span class='ocrx_word' id='word_1_766' title='bbox 1901 4637 2072 4689; x_wconf 85' lang='lat' dir='ltr'><strong>mitte-</strong></span> 
     </span>
    </p>
   </div>
   <div class='ocr_carea' id='block_1_93' title="bbox 478 4713 2072 4791">
    <p class='ocr_par' dir='ltr' id='par_1_93' title="bbox 478 4713 2072 4791">
     <span class='ocr_line' id='line_1_93' title="bbox 478 4713 2072 4791; baseline 0.008 -27"><span class='ocrx_word' id='word_1_767' title='bbox 478 4713 561 4765; x_wconf 85' lang='lat' dir='ltr'><strong>bat</strong></span> <span class='ocrx_word' id='word_1_768' title='bbox 585 4715 654 4766; x_wconf 87' lang='lat' dir='ltr'><strong>ad</strong></span> <span class='ocrx_word' id='word_1_769' title='bbox 685 4731 858 4791; x_wconf 74' lang='lat' dir='ltr'><strong>omnes</strong></span> <span class='ocrx_word' id='word_1_770' title='bbox 887 4729 1080 4790; x_wconf 67' lang='lat' dir='ltr'><strong>gemes.</strong></span> <span class='ocrx_word' id='word_1_771' title='bbox 1125 4721 1232 4775; x_wconf 88' lang='lat' dir='ltr'><strong>Pro</strong></span> <span class='ocrx_word' id='word_1_772' title='bbox 1276 4721 1532 4780; x_wconf 84' lang='lat' dir='ltr'><strong>Lucifero</strong></span> <span class='ocrx_word' id='word_1_773' title='bbox 1559 4725 1648 4791; x_wconf 89' lang='lat' dir='ltr'><strong>qui</strong></span> <span class='ocrx_word' id='word_1_774' title='bbox 1683 4725 1948 4780; x_wconf 83' lang='lat' dir='ltr'><strong>Hebraice</strong></span> <span class='ocrx_word' id='word_1_775' title='bbox 1989 4727 2072 4779; x_wconf 78' lang='lat' dir='ltr'><strong>di-</strong></span> 
     </span>
    </p>
   </div>
   <div class='ocr_carea' id='block_1_94' title="bbox 475 4785 2073 4880">
    <p class='ocr_par' dir='ltr' id='par_1_94' title="bbox 475 4785 2073 4880">
     <span class='ocr_line' id='line_1_94' title="bbox 475 4785 2073 4880; baseline 0.01 -25"><span class='ocrx_word' id='word_1_776' title='bbox 475 4803 615 4858; x_wconf 88' lang='lat' dir='ltr'><strong>citur</strong></span> <span class='ocrx_word' id='word_1_777' title='bbox 643 4785 938 4878; x_wconf 57' lang='grc' dir='ltr'><strong>ειιιὼηςη</strong></span> <span class='ocrx_word' id='word_1_778' title='bbox 958 4820 995 4876; x_wconf 85' lang='grc'><strong>),</strong></span> <span class='ocrx_word' id='word_1_779' title='bbox 1029 4811 1216 4880; x_wconf 78' lang='lat' dir='ltr'><strong>Aquila</strong></span> <span class='ocrx_word' id='word_1_780' title='bbox 1249 4815 1527 4868; x_wconf 74' lang='lat' dir='ltr'><strong>transtulit</strong></span> <span class='ocrx_word' id='word_1_781' title='bbox 1556 4785 1840 4870; x_wconf 77' lang='lat' dir='ltr'><strong>ululantem</strong></span> <span class='ocrx_word' id='word_1_782' title='bbox 1868 4832 2073 4871; x_wconf 71' lang='lat' dir='ltr'><strong>aurora</strong></span> 
     </span>
    </p>
   </div>
   <div class='ocr_carea' id='block_1_95' title="bbox 480 4894 2074 4976">
    <p class='ocr_par' dir='ltr' id='par_1_95' title="bbox 480 4894 2074 4976">
     <span class='ocr_line' id='line_1_95' title="bbox 480 4894 2074 4976; baseline 0.012 -32"><span class='ocrx_word' id='word_1_783' title='bbox 480 4894 666 4960; x_wconf 83' lang='lat' dir='ltr'><strong>ﬁlium.</strong></span> <span class='ocrx_word' id='word_1_784' title='bbox 703 4898 842 4952; x_wconf 81' lang='lat' dir='ltr'><strong>Vere</strong></span> <span class='ocrx_word' id='word_1_785' title='bbox 864 4904 1010 4958; x_wconf 89' lang='lat' dir='ltr'><strong>enim</strong></span> <span class='ocrx_word' id='word_1_786' title='bbox 1040 4905 1249 4958; x_wconf 87' lang='lat' dir='ltr'><strong>ululare</strong></span> <span class='ocrx_word' id='word_1_787' title='bbox 1277 4905 1468 4960; x_wconf 87' lang='lat' dir='ltr'><strong>debuit</strong></span> <span class='ocrx_word' id='word_1_788' title='bbox 1495 4915 1553 4960; x_wconf 91' lang='lat' dir='ltr'><strong>et</strong></span> <span class='ocrx_word' id='word_1_789' title='bbox 1580 4905 1813 4976; x_wconf 85' lang='lat' dir='ltr'><strong>ejulare,</strong></span> <span class='ocrx_word' id='word_1_790' title='bbox 1839 4906 1930 4975; x_wconf 90' lang='lat' dir='ltr'><strong>qui</strong></span> <span class='ocrx_word' id='word_1_791' title='bbox 1952 4923 2074 4973; x_wconf 83' lang='lat' dir='ltr'><strong>pro-</strong></span> 
     </span>
    </p>
   </div>
   <div class='ocr_carea' id='block_1_96' title="bbox 479 4992 2071 5067">
    <p class='ocr_par' dir='ltr' id='par_1_96' title="bbox 479 4992 2071 5067">
     <span class='ocr_line' id='line_1_96' title="bbox 479 4992 2071 5067; baseline 0.01 -29"><span class='ocrx_word' id='word_1_792' title='bbox 479 4997 602 5053; x_wconf 90' lang='lat' dir='ltr'><strong>pter</strong></span> <span class='ocrx_word' id='word_1_793' title='bbox 624 4992 934 5055; x_wconf 73' lang='lat' dir='ltr'><strong>Superbiam</strong></span> <span class='ocrx_word' id='word_1_794' title='bbox 961 5009 1113 5048; x_wconf 85' lang='lat' dir='ltr'><strong>suam</strong></span> <span class='ocrx_word' id='word_1_795' title='bbox 1139 4997 1207 5050; x_wconf 90' lang='lat' dir='ltr'><strong>de</strong></span> <span class='ocrx_word' id='word_1_796' title='bbox 1231 4998 1372 5057; x_wconf 76' lang='grc' dir='ltr'>οωιιι</span> <span class='ocrx_word' id='word_1_797' title='bbox 1392 4999 1446 5054; x_wconf 92' lang='lat' dir='ltr'><strong>in</strong></span> <span class='ocrx_word' id='word_1_798' title='bbox 1467 5010 1668 5054; x_wconf 84' lang='lat' dir='ltr'><strong>terram</strong></span> <span class='ocrx_word' id='word_1_799' title='bbox 1703 4998 2071 5067; x_wconf 73' lang='lat' dir='ltr'><strong>praecipitatus</strong></span> 
     </span>
    </p>
   </div>
   <div class='ocr_carea' id='block_1_97' title="bbox 478 5086 2073 5158">
    <p class='ocr_par' dir='ltr' id='par_1_97' title="bbox 478 5086 2073 5158">
     <span class='ocr_line' id='line_1_97' title="bbox 478 5086 2073 5158; baseline 0.009 -25"><span class='ocrx_word' id='word_1_800' title='bbox 478 5087 584 5136; x_wconf 75' lang='lat' dir='ltr'><strong>est.</strong></span> <span class='ocrx_word' id='word_1_801' title='bbox 615 5089 780 5145; x_wconf 83' lang='lat' dir='ltr'><strong>atque</strong></span> <span class='ocrx_word' id='word_1_802' title='bbox 811 5087 1101 5137; x_wconf 87' lang='lat' dir='ltr'><strong>contritus.</strong></span> <span class='ocrx_word' id='word_1_803' title='bbox 1145 5086 1296 5141; x_wconf 90' lang='lat' dir='ltr'><strong>Unde</strong></span> <span class='ocrx_word' id='word_1_804' title='bbox 1323 5099 1379 5142; x_wconf 86' lang='lat' dir='ltr'><strong>et</strong></span> <span class='ocrx_word' id='word_1_805' title='bbox 1407 5091 1656 5144; x_wconf 62' lang='lat' dir='ltr'><strong>Salvator</strong></span> <span class='ocrx_word' id='word_1_806' title='bbox 1683 5091 1750 5146; x_wconf 85' lang='lat' dir='ltr'><strong>ad</strong></span> <span class='ocrx_word' id='word_1_807' title='bbox 1777 5091 2073 5158; x_wconf 80' lang='lat' dir='ltr'><strong>discipulos</strong></span> 
     </span>
    </p>
   </div>
   <div class='ocr_carea' id='block_1_98' title="bbox 475 5166 2076 5251">
    <p class='ocr_par' dir='ltr' id='par_1_98' title="bbox 475 5166 2076 5251">
     <span class='ocr_line' id='line_1_98' title="bbox 475 5166 2076 5251; baseline 0.009 -30"><span class='ocrx_word' id='word_1_808' title='bbox 475 5166 721 5236; x_wconf 87' lang='lat' dir='ltr'><strong>loquitur</strong></span> <span class='ocrx_word' id='word_1_809' title='bbox 745 5188 758 5221; x_wconf 87' lang='lat'><strong>:</strong></span> <span class='ocrx_word' id='word_1_810' title='bbox 800 5170 1047 5226; x_wconf 80' lang='lat' dir='ltr'><strong>Videbam</strong></span> <span class='ocrx_word' id='word_1_811' title='bbox 1076 5173 1324 5230; x_wconf 85' lang='lat' dir='ltr'><strong>Satanam</strong></span> <span class='ocrx_word' id='word_1_812' title='bbox 1353 5181 1499 5248; x_wconf 86' lang='lat' dir='ltr'><strong>quasi</strong></span> <span class='ocrx_word' id='word_1_813' title='bbox 1531 5181 1712 5251; x_wconf 79' lang='lat' dir='ltr'><strong>fulgur</strong></span> <span class='ocrx_word' id='word_1_814' title='bbox 1738 5179 1802 5234; x_wconf 88' lang='lat' dir='ltr'><strong>de</strong></span> <span class='ocrx_word' id='word_1_815' title='bbox 1828 5182 1954 5235; x_wconf 74' lang='lat' dir='ltr'><strong>mlo</strong></span> <span class='ocrx_word' id='word_1_816' title='bbox 1987 5198 2076 5235; x_wconf 86' lang='lat' dir='ltr'><strong>ca-</strong></span> 
     </span>
    </p>
   </div>
   <div class='ocr_carea' id='block_1_99' title="bbox 475 5258 2075 5346">
    <p class='ocr_par' dir='ltr' id='par_1_99' title="bbox 475 5258 2075 5346">
     <span class='ocr_line' id='line_1_99' title="bbox 475 5258 2075 5346; baseline 0.01 -32"><span class='ocrx_word' id='word_1_817' title='bbox 475 5258 678 5317; x_wconf 84' lang='lat' dir='ltr'><strong>dentem</strong></span> <span class='ocrx_word' id='word_1_818' title='bbox 718 5261 886 5335; x_wconf 87' lang='lat' dir='ltr'><strong>(Luc.</strong></span> <span class='ocrx_word' id='word_1_819' title='bbox 927 5281 982 5325; x_wconf 73' lang='grc' dir='ltr'>ι.</span> <span class='ocrx_word' id='word_1_820' title='bbox 1030 5267 1156 5340; x_wconf 78' lang='grc'><strong>18).</strong></span> <span class='ocrx_word' id='word_1_821' title='bbox 1186 5269 1300 5323; x_wconf 84' lang='lat' dir='ltr'><strong>Non</strong></span> <span class='ocrx_word' id='word_1_822' title='bbox 1349 5273 1515 5328; x_wconf 88' lang='lat' dir='ltr'><strong>modo</strong></span> <span class='ocrx_word' id='word_1_823' title='bbox 1546 5275 1740 5340; x_wconf 90' lang='lat' dir='ltr'><strong>video,</strong></span> <span class='ocrx_word' id='word_1_824' title='bbox 1795 5274 1890 5328; x_wconf 85' lang='lat' dir='ltr'><strong>sed</strong></span> <span class='ocrx_word' id='word_1_825' title='bbox 1923 5273 2075 5346; x_wconf 90' lang='lat' dir='ltr'><strong>prius</strong></span> 
     </span>
    </p>
   </div>
   <div class='ocr_carea' id='block_1_100' title="bbox 477 5354 2076 5438">
    <p class='ocr_par' dir='ltr' id='par_1_100' title="bbox 477 5354 2076 5438">
     <span class='ocr_line' id='line_1_100' title="bbox 477 5354 2076 5438; baseline 0.011 -31"><span class='ocrx_word' id='word_1_826' title='bbox 477 5354 730 5411; x_wconf 78' lang='lat' dir='ltr'><strong>videbam</strong></span> <span class='ocrx_word' id='word_1_827' title='bbox 772 5359 989 5428; x_wconf 88' lang='lat' dir='ltr'><strong>quando</strong></span> <span class='ocrx_word' id='word_1_828' title='bbox 1027 5367 1261 5419; x_wconf 86' lang='lat' dir='ltr'><strong>corruit.</strong></span> <span class='ocrx_word' id='word_1_829' title='bbox 1297 5365 1363 5424; x_wconf 83' lang='lat' dir='ltr'><strong>Et</strong></span> <span class='ocrx_word' id='word_1_830' title='bbox 1391 5367 1435 5420; x_wconf 89' lang='lat' dir='ltr'><strong>si</strong></span> <span class='ocrx_word' id='word_1_831' title='bbox 1483 5365 1575 5423; x_wconf 91' lang='lat' dir='ltr'><strong>ille</strong></span> <span class='ocrx_word' id='word_1_832' title='bbox 1629 5378 1854 5438; x_wconf 84' lang='lat' dir='ltr'><strong>propter</strong></span> <span class='ocrx_word' id='word_1_833' title='bbox 1884 5383 2076 5438; x_wconf 68' lang='lat' dir='ltr'><strong>supero</strong></span> 
     </span>
    </p>
   </div>
   <div class='ocr_carea' id='block_1_101' title="bbox 475 5445 2074 5532">
    <p class='ocr_par' dir='ltr' id='par_1_101' title="bbox 475 5445 2074 5532">
     <span class='ocr_line' id='line_1_101' title="bbox 475 5445 2074 5532; baseline 0.01 -29"><span class='ocrx_word' id='word_1_834' title='bbox 475 5445 620 5503; x_wconf 90' lang='lat' dir='ltr'><strong>biam</strong></span> <span class='ocrx_word' id='word_1_835' title='bbox 647 5449 715 5505; x_wconf 88' lang='lat' dir='ltr'><strong>de</strong></span> <span class='ocrx_word' id='word_1_836' title='bbox 746 5461 893 5505; x_wconf 85' lang='lat' dir='ltr'><strong>tanta</strong></span> <span class='ocrx_word' id='word_1_837' title='bbox 927 5455 1300 5522; x_wconf 76' lang='lat' dir='ltr'><strong>magnitudine</strong></span> <span class='ocrx_word' id='word_1_838' title='bbox 1329 5459 1551 5524; x_wconf 86' lang='lat' dir='ltr'><strong>cecidit,</strong></span> <span class='ocrx_word' id='word_1_839' title='bbox 1584 5474 1680 5515; x_wconf 77' lang='lat' dir='ltr'><strong>ves</strong></span> <span class='ocrx_word' id='word_1_840' title='bbox 1710 5476 1933 5532; x_wconf 84' lang='lat' dir='ltr'><strong>qttoque</strong></span> <span class='ocrx_word' id='word_1_841' title='bbox 1963 5476 2074 5519; x_wconf 92' lang='lat' dir='ltr'><strong>non</strong></span> 
     </span>
    </p>
   </div>
   <div class='ocr_carea' id='block_1_102' title="bbox 2181 4613 3782 4694">
    <p class='ocr_par' dir='ltr' id='par_1_102' title="bbox 2181 4613 3782 4694">
     <span class='ocr_line' id='line_1_102' title="bbox 2181 4613 3782 4694; baseline -0.009 -13"><span class='ocrx_word' id='word_1_842' title='bbox 2181 4627 2360 4681; x_wconf 85' lang='lat' dir='ltr'><strong>Dicam</strong></span> <span class='ocrx_word' id='word_1_843' title='bbox 2387 4624 2651 4694; x_wconf 85' lang='lat' dir='ltr'><strong>Aquiloni,</strong></span> <span class='ocrx_word' id='word_1_844' title='bbox 2676 4623 2885 4677; x_wconf 84' lang='lat' dir='ltr'><strong>adduc:</strong></span> <span class='ocrx_word' id='word_1_845' title='bbox 2909 4630 2956 4677; x_wconf 83' lang='lat' dir='ltr'><strong>et</strong></span> <span class='ocrx_word' id='word_1_846' title='bbox 2986 4622 3181 4692; x_wconf 77' lang='lat' dir='ltr'><strong>Africo.</strong></span> <span class='ocrx_word' id='word_1_847' title='bbox 3215 4617 3319 4671; x_wconf 87' lang='lat' dir='ltr'><strong>noli</strong></span> <span class='ocrx_word' id='word_1_848' title='bbox 3359 4615 3654 4688; x_wconf 81' lang='lat' dir='ltr'><strong>prohibere,</strong></span> <span class='ocrx_word' id='word_1_849' title='bbox 3683 4613 3782 4667; x_wconf 84' lang='lat' dir='ltr'><strong>ad-</strong></span> 
     </span>
    </p>
   </div>
   <div class='ocr_carea' id='block_1_103' title="bbox 2181 4707 3779 4787">
    <p class='ocr_par' dir='ltr' id='par_1_103' title="bbox 2181 4707 3779 4787">
     <span class='ocr_line' id='line_1_103' title="bbox 2181 4707 3779 4787; baseline -0.008 -12"><span class='ocrx_word' id='word_1_850' title='bbox 2181 4723 2281 4775; x_wconf 84' lang='lat' dir='ltr'><strong>duc</strong></span> <span class='ocrx_word' id='word_1_851' title='bbox 2303 4721 2440 4787; x_wconf 85' lang='lat' dir='ltr'><strong>[ilios</strong></span> <span class='ocrx_word' id='word_1_852' title='bbox 2468 4734 2603 4772; x_wconf 75' lang='lat' dir='ltr'><strong>meos</strong></span> <span class='ocrx_word' id='word_1_853' title='bbox 2625 4717 2687 4770; x_wconf 85' lang='lat' dir='ltr'><strong>de</strong></span> <span class='ocrx_word' id='word_1_854' title='bbox 2712 4726 2848 4770; x_wconf 67' lang='lat' dir='ltr'><strong>terra</strong></span> <span class='ocrx_word' id='word_1_855' title='bbox 2887 4715 3172 4784; x_wconf 87' lang='lat' dir='ltr'><strong>longinqua</strong></span> <span class='ocrx_word' id='word_1_856' title='bbox 3199 4711 3333 4783; x_wconf 74' lang='lat' dir='ltr'><strong>(lnf.</strong></span> <span class='ocrx_word' id='word_1_857' title='bbox 3360 4726 3506 4775; x_wconf 71' lang='lat' dir='ltr'><strong>suit,</strong></span> <span class='ocrx_word' id='word_1_858' title='bbox 3531 4709 3610 4778; x_wconf 90' lang='grc'><strong>6).</strong></span> <span class='ocrx_word' id='word_1_859' title='bbox 3641 4707 3779 4763; x_wconf 88' lang='lat' dir='ltr'><strong>llliid</strong></span> 
     </span>
    </p>
   </div>
   <div class='ocr_carea' id='block_1_104' title="bbox 2178 4808 3778 4880">
    <p class='ocr_par' dir='ltr' id='par_1_104' title="bbox 2178 4808 3778 4880">
     <span class='ocr_line' id='line_1_104' title="bbox 2178 4808 3778 4880; baseline -0.008 -16"><span class='ocrx_word' id='word_1_860' title='bbox 2178 4823 2360 4866; x_wconf 87' lang='lat' dir='ltr'><strong>autem</strong></span> <span class='ocrx_word' id='word_1_861' title='bbox 2401 4811 2544 4880; x_wconf 90' lang='lat' dir='ltr'><strong>quod</strong></span> <span class='ocrx_word' id='word_1_862' title='bbox 2603 4809 2729 4864; x_wconf 86' lang='lat' dir='ltr'><strong>huic</strong></span> <span class='ocrx_word' id='word_1_863' title='bbox 2787 4817 2970 4878; x_wconf 82' lang='lat' dir='ltr'><strong>potest</strong></span> <span class='ocrx_word' id='word_1_864' title='bbox 3014 4821 3140 4861; x_wconf 80' lang='lat' dir='ltr'><strong>esse</strong></span> <span class='ocrx_word' id='word_1_865' title='bbox 3177 4808 3550 4869; x_wconf 88' lang='lat' dir='ltr'><strong>contrarium,</strong></span> <span class='ocrx_word' id='word_1_866' title='bbox 3577 4810 3778 4857; x_wconf 82' lang='lat' dir='ltr'><strong>montes</strong></span> 
     </span>
    </p>
   </div>
   <div class='ocr_carea' id='block_1_105' title="bbox 2181 4898 3784 4971">
    <p class='ocr_par' dir='ltr' id='par_1_105' title="bbox 2181 4898 3784 4971">
     <span class='ocr_line' id='line_1_105' title="bbox 2181 4898 3784 4971; baseline -0.004 -11"><span class='ocrx_word' id='word_1_867' title='bbox 2181 4907 2334 4965; x_wconf 88' lang='lat' dir='ltr'><strong>Sion.</strong></span> <span class='ocrx_word' id='word_1_868' title='bbox 2365 4906 2528 4959; x_wconf 89' lang='lat' dir='ltr'><strong>latera</strong></span> <span class='ocrx_word' id='word_1_869' title='bbox 2554 4902 2845 4971; x_wconf 85' lang='lat' dir='ltr'><strong>Aquilonis,</strong></span> <span class='ocrx_word' id='word_1_870' title='bbox 2869 4903 3048 4956; x_wconf 81' lang='lat' dir='ltr'><strong>ciuitas</strong></span> <span class='ocrx_word' id='word_1_871' title='bbox 3075 4900 3212 4971; x_wconf 80' lang='lat' dir='ltr'><strong>regis</strong></span> <span class='ocrx_word' id='word_1_872' title='bbox 3243 4900 3440 4970; x_wconf 84' lang='lat' dir='ltr'><strong>magni,</strong></span> <span class='ocrx_word' id='word_1_873' title='bbox 3473 4898 3639 4954; x_wconf 72' lang='lat' dir='ltr'><strong>facile</strong></span> <span class='ocrx_word' id='word_1_874' title='bbox 3667 4899 3784 4953; x_wconf 90' lang='lat' dir='ltr'><strong>sol-</strong></span> 
     </span>
    </p>
   </div>
   <div class='ocr_carea' id='block_1_106' title="bbox 2180 4989 3783 5064">
    <p class='ocr_par' dir='ltr' id='par_1_106' title="bbox 2180 4989 3783 5064">
     <span class='ocr_line' id='line_1_106' title="bbox 2180 4989 3783 5064; baseline -0.005 -13"><span class='ocrx_word' id='word_1_875' title='bbox 2180 5007 2344 5051; x_wconf 91' lang='lat' dir='ltr'><strong>vitur.</strong></span> <span class='ocrx_word' id='word_1_876' title='bbox 2374 4995 2436 5050; x_wconf 85' lang='lat' dir='ltr'><strong>lli</strong></span> <span class='ocrx_word' id='word_1_877' title='bbox 2469 5012 2612 5050; x_wconf 68' lang='lat' dir='ltr'><strong>enim</strong></span> <span class='ocrx_word' id='word_1_878' title='bbox 2637 4998 2726 5064; x_wconf 87' lang='lat' dir='ltr'><strong>qui</strong></span> <span class='ocrx_word' id='word_1_879' title='bbox 2755 4995 3026 5064; x_wconf 86' lang='lat' dir='ltr'><strong>quondam</strong></span> <span class='ocrx_word' id='word_1_880' title='bbox 3050 5003 3208 5046; x_wconf 83' lang='lat' dir='ltr'><strong>erant</strong></span> <span class='ocrx_word' id='word_1_881' title='bbox 3233 4992 3284 5046; x_wconf 91' lang='lat' dir='ltr'><strong>in</strong></span> <span class='ocrx_word' id='word_1_882' title='bbox 3315 4991 3580 5044; x_wconf 77' lang='lat' dir='ltr'><strong>lateribus</strong></span> <span class='ocrx_word' id='word_1_883' title='bbox 3613 4989 3783 5061; x_wconf 82' lang='lat' dir='ltr'><strong>Aqui-</strong></span> 
     </span>
    </p>
   </div>
   <div class='ocr_carea' id='block_1_107' title="bbox 2179 5084 3785 5158">
    <p class='ocr_par' dir='ltr' id='par_1_107' title="bbox 2179 5084 3785 5158">
     <span class='ocr_line' id='line_1_107' title="bbox 2179 5084 3785 5158; baseline -0.004 -13"><span class='ocrx_word' id='word_1_884' title='bbox 2179 5091 2323 5145; x_wconf 87' lang='lat' dir='ltr'><strong>Ionis</strong></span> <span class='ocrx_word' id='word_1_885' title='bbox 2366 5090 2667 5152; x_wconf 84' lang='lat' dir='ltr'><strong>durissimi,</strong></span> <span class='ocrx_word' id='word_1_886' title='bbox 2711 5100 2898 5158; x_wconf 84' lang='lat' dir='ltr'><strong>postea</strong></span> <span class='ocrx_word' id='word_1_887' title='bbox 2932 5104 3025 5155; x_wconf 86' lang='lat' dir='ltr'><strong>per</strong></span> <span class='ocrx_word' id='word_1_888' title='bbox 3060 5085 3436 5156; x_wconf 75' lang='lat' dir='ltr'><strong>pmuitentiam</strong></span> <span class='ocrx_word' id='word_1_889' title='bbox 3467 5085 3521 5138; x_wconf 90' lang='lat' dir='ltr'><strong>in</strong></span> <span class='ocrx_word' id='word_1_890' title='bbox 3554 5084 3785 5142; x_wconf 80' lang='lat' dir='ltr'><strong>civitate</strong></span> 
     </span>
    </p>
   </div>
   <div class='ocr_carea' id='block_1_108' title="bbox 2181 5179 3784 5252">
    <p class='ocr_par' dir='ltr' id='par_1_108' title="bbox 2181 5179 3784 5252">
     <span class='ocr_line' id='line_1_108' title="bbox 2181 5179 3784 5252; baseline -0.002 -14"><span class='ocrx_word' id='word_1_891' title='bbox 2181 5184 2276 5241; x_wconf 78' lang='lat' dir='ltr'><strong>Dei</strong></span> <span class='ocrx_word' id='word_1_892' title='bbox 2302 5200 2424 5239; x_wconf 63' lang='lat' dir='ltr'><strong>esse</strong></span> <span class='ocrx_word' id='word_1_893' title='bbox 2455 5193 2765 5252; x_wconf 65' lang='lat' dir='ltr'><strong>crepet-unt.</strong></span> <span class='ocrx_word' id='word_1_894' title='bbox 2801 5182 3032 5250; x_wconf 87' lang='lat' dir='ltr'><strong>Semper</strong></span> <span class='ocrx_word' id='word_1_895' title='bbox 3054 5180 3366 5235; x_wconf 80' lang='lat' dir='ltr'><strong>istiusmodi</strong></span> <span class='ocrx_word' id='word_1_896' title='bbox 3388 5179 3610 5234; x_wconf 84' lang='lat' dir='ltr'><strong>Luriler</strong></span> <span class='ocrx_word' id='word_1_897' title='bbox 3631 5194 3784 5246; x_wconf 76' lang='lat' dir='ltr'><strong>qua:-</strong></span> 
     </span>
    </p>
   </div>
   <div class='ocr_carea' id='block_1_109' title="bbox 2179 5272 3783 5345">
    <p class='ocr_par' dir='ltr' id='par_1_109' title="bbox 2179 5272 3783 5345">
     <span class='ocr_line' id='line_1_109' title="bbox 2179 5272 3783 5345; baseline -0.002 -13"><span class='ocrx_word' id='word_1_898' title='bbox 2179 5281 2248 5333; x_wconf 91' lang='lat' dir='ltr'><strong>rit</strong></span> <span class='ocrx_word' id='word_1_899' title='bbox 2278 5279 2573 5333; x_wconf 81' lang='lat' dir='ltr'><strong>ascendere</strong></span> <span class='ocrx_word' id='word_1_900' title='bbox 2599 5291 2761 5344; x_wconf 81' lang='lat' dir='ltr'><strong>super</strong></span> <span class='ocrx_word' id='word_1_901' title='bbox 2788 5293 2882 5330; x_wconf 88' lang='lat' dir='ltr'><strong>eos</strong></span> <span class='ocrx_word' id='word_1_902' title='bbox 2905 5278 2995 5345; x_wconf 91' lang='lat' dir='ltr'><strong>qui</strong></span> <span class='ocrx_word' id='word_1_903' title='bbox 3029 5275 3233 5330; x_wconf 88' lang='lat' dir='ltr'><strong>habent</strong></span> <span class='ocrx_word' id='word_1_904' title='bbox 3259 5273 3554 5341; x_wconf 75' lang='lat' dir='ltr'><strong>imaginem</strong></span> <span class='ocrx_word' id='word_1_905' title='bbox 3579 5272 3783 5328; x_wconf 49' lang='lat' dir='ltr'><strong>cmles‘</strong></span> 
     </span>
    </p>
   </div>
   <div class='ocr_carea' id='block_1_110' title="bbox 2178 5366 3786 5441">
    <p class='ocr_par' dir='ltr' id='par_1_110' title="bbox 2178 5366 3786 5441">
     <span class='ocr_line' id='line_1_110' title="bbox 2178 5366 3786 5441; baseline -0.003 -16"><span class='ocrx_word' id='word_1_906' title='bbox 2178 5373 2270 5435; x_wconf 90' lang='lat' dir='ltr'><strong>tis,</strong></span> <span class='ocrx_word' id='word_1_907' title='bbox 2321 5380 2377 5428; x_wconf 90' lang='lat' dir='ltr'><strong>et</strong></span> <span class='ocrx_word' id='word_1_908' title='bbox 2404 5371 2496 5441; x_wconf 90' lang='lat' dir='ltr'><strong>qui</strong></span> <span class='ocrx_word' id='word_1_909' title='bbox 2543 5372 2746 5440; x_wconf 72' lang='lat' dir='ltr'><strong>[uigent</strong></span> <span class='ocrx_word' id='word_1_910' title='bbox 2776 5369 2829 5426; x_wconf 92' lang='lat' dir='ltr'><strong>in</strong></span> <span class='ocrx_word' id='word_1_911' title='bbox 2879 5370 3125 5425; x_wconf 67' lang='lat' dir='ltr'><strong>Ecclesia</strong></span> <span class='ocrx_word' id='word_1_912' title='bbox 3177 5369 3319 5424; x_wconf 86' lang='lat' dir='ltr'><strong>sicut</strong></span> <span class='ocrx_word' id='word_1_913' title='bbox 3347 5376 3495 5420; x_wconf 77' lang='lat' dir='ltr'><strong>astra</strong></span> <span class='ocrx_word' id='word_1_914' title='bbox 3549 5366 3651 5421; x_wconf 89' lang='lat' dir='ltr'><strong>Dei</strong></span> <span class='ocrx_word' id='word_1_915' title='bbox 3684 5374 3786 5422; x_wconf 84' lang='lat' dir='ltr'><strong>:et</strong></span> 
     </span>
    </p>
   </div>
   <div class='ocr_carea' id='block_1_111' title="bbox 2177 5455 3786 5528">
    <p class='ocr_par' dir='ltr' id='par_1_111' title="bbox 2177 5455 3786 5528">
     <span class='ocr_line' id='line_1_111' title="bbox 2177 5455 3786 5528; baseline -0.002 -12"><span class='ocrx_word' id='word_1_916' title='bbox 2177 5461 2369 5517; x_wconf 87' lang='lat' dir='ltr'><strong>sedere</strong></span> <span class='ocrx_word' id='word_1_917' title='bbox 2401 5463 2454 5518; x_wconf 91' lang='lat' dir='ltr'><strong>in</strong></span> <span class='ocrx_word' id='word_1_918' title='bbox 2485 5468 2668 5516; x_wconf 89' lang='lat' dir='ltr'><strong>monte</strong></span> <span class='ocrx_word' id='word_1_919' title='bbox 2697 5461 2836 5528; x_wconf 87' lang='lat' dir='ltr'><strong>pacti</strong></span> <span class='ocrx_word' id='word_1_920' title='bbox 2865 5459 2982 5518; x_wconf 82' lang='lat' dir='ltr'><strong>sive</strong></span> <span class='ocrx_word' id='word_1_921' title='bbox 3011 5458 3343 5523; x_wconf 85' lang='lat' dir='ltr'><strong>testamenti,</strong></span> <span class='ocrx_word' id='word_1_922' title='bbox 3376 5456 3426 5511; x_wconf 90' lang='lat' dir='ltr'><strong>id</strong></span> <span class='ocrx_word' id='word_1_923' title='bbox 3454 5466 3560 5522; x_wconf 89' lang='lat' dir='ltr'><strong>est,</strong></span> <span class='ocrx_word' id='word_1_924' title='bbox 3594 5457 3652 5513; x_wconf 86' lang='lat' dir='ltr'><strong>in</strong></span> <span class='ocrx_word' id='word_1_925' title='bbox 3675 5455 3786 5514; x_wconf 59' lang='lat' dir='ltr'><strong>Ec.</strong></span> 
     </span>
    </p>
   </div>
   <div class='ocr_carea' id='block_1_112' title="bbox 552 5583 3787 5669">
    <p class='ocr_par' dir='ltr' id='par_1_112' title="bbox 552 5583 3787 5669">
     <span class='ocr_line' id='line_1_112' title="bbox 552 5583 3787 5669; baseline 0.002 -31"><span class='ocrx_word' id='word_1_926' title='bbox 701 5603 863 5667; x_wconf 35' lang='lat' dir='ltr'><strong>quem.</strong></span> <span class='ocrx_word' id='word_1_927' title='bbox 896 5587 1179 5669; x_wconf 67' lang='lat' dir='ltr'><strong>descendit,</strong></span> <span class='ocrx_word' id='word_1_928' title='bbox 1225 5600 1331 5646; x_wconf 89' lang='lat' dir='ltr'><strong>etc.</strong></span> <span class='ocrx_word' id='word_1_929' title='bbox 1376 5593 1616 5669; x_wconf 71' lang='lat' dir='ltr'><strong>lli-spicit</strong></span> <span class='ocrx_word' id='word_1_930' title='bbox 1647 5597 1820 5649; x_wconf 87' lang='lat' dir='ltr'><strong>locum</strong></span> <span class='ocrx_word' id='word_1_931' title='bbox 1853 5595 2129 5650; x_wconf 74' lang='lat' dir='ltr'><strong>Zacharia:</strong></span> <span class='ocrx_word' id='word_1_932' title='bbox 2178 5597 2456 5669; x_wconf 58' lang='lat' dir='ltr'><strong>propheta;</strong></span> <span class='ocrx_word' id='word_1_933' title='bbox 2479 5612 2599 5661; x_wconf 84' lang='lat' dir='ltr'><strong>cap.</strong></span> <span class='ocrx_word' id='word_1_934' title='bbox 2634 5612 2712 5669; x_wconf 74' lang='lat' dir='ltr'><strong>tit.</strong></span> <span class='ocrx_word' id='word_1_935' title='bbox 2748 5596 2859 5669; x_wconf 65' lang='lat' dir='ltr'><strong>ii:</strong></span> <span class='ocrx_word' id='word_1_936' title='bbox 2895 5595 2969 5650; x_wconf 87' lang='lat' dir='ltr'><strong>Tu</strong></span> <span class='ocrx_word' id='word_1_937' title='bbox 2992 5610 3189 5669; x_wconf 65' lang='lat' dir='ltr'><strong>quoque</strong></span> <span class='ocrx_word' id='word_1_938' title='bbox 3217 5594 3267 5669; x_wconf 80' lang='lat' dir='ltr'><strong>in</strong></span> <span class='ocrx_word' id='word_1_939' title='bbox 3297 5593 3554 5669; x_wconf 57' lang='lat' dir='ltr'><strong>sanguine</strong></span> <span class='ocrx_word' id='word_1_940' title='bbox 3583 5591 3787 5669; x_wconf 80' lang='lat' dir='ltr'><strong>_Testa-</strong></span> 
     </span>
    </p>
   </div>
   <div class='ocr_carea' id='block_1_113' title="bbox 477 5662 3785 5736">
    <p class='ocr_par' dir='ltr' id='par_1_113' title="bbox 477 5662 3785 5736">
     <span class='ocr_line' id='line_1_113' title="bbox 477 5662 3785 5736; baseline 0.003 -29"><span class='ocrx_word' id='word_1_941' title='bbox 477 5662 974 5736; x_wconf 25' lang='lat' dir='ltr'><strong>menttAtui&#39;emisisti</strong></span> <span class='ocrx_word' id='word_1_942' title='bbox 1001 5662 1192 5736; x_wconf 64' lang='lat' dir='ltr'><strong>cinctos</strong></span> <span class='ocrx_word' id='word_1_943' title='bbox 1219 5671 1330 5736; x_wconf 79' lang='lat' dir='ltr'><strong>tuos</strong></span> <span class='ocrx_word' id='word_1_944' title='bbox 1353 5666 1416 5717; x_wconf 81' lang='lat' dir='ltr'><strong>dc</strong></span> <span class='ocrx_word' id='word_1_945' title='bbox 1445 5668 1559 5718; x_wconf 86' lang='lat' dir='ltr'><strong>lacu</strong></span> <span class='ocrx_word' id='word_1_946' title='bbox 1590 5666 1640 5718; x_wconf 89' lang='lat' dir='ltr'><strong>in</strong></span> <span class='ocrx_word' id='word_1_947' title='bbox 1670 5683 1769 5736; x_wconf 91' lang='lat' dir='ltr'><strong>quo</strong></span> <span class='ocrx_word' id='word_1_948' title='bbox 1790 5679 1998 5736; x_wconf 69' lang='lat' dir='ltr'><strong>nonest</strong></span> <span class='ocrx_word' id='word_1_949' title='bbox 2029 5683 2184 5736; x_wconf 87' lang='lat' dir='ltr'><strong>aqua.</strong></span> <span class='ocrx_word' id='word_1_950' title='bbox 2217 5666 2512 5735; x_wconf 56' lang='lat' dir='ltr'><strong>Respicnre</strong></span> <span class='ocrx_word' id='word_1_951' title='bbox 2540 5668 2708 5736; x_wconf 90' lang='lat' dir='ltr'><strong>potuit</strong></span> <span class='ocrx_word' id='word_1_952' title='bbox 2737 5677 2792 5720; x_wconf 90' lang='lat' dir='ltr'><strong>et</strong></span> <span class='ocrx_word' id='word_1_953' title='bbox 2825 5662 3041 5721; x_wconf 57' lang='lat' dir='ltr'><strong>locum]</strong></span> <span class='ocrx_word' id='word_1_954' title='bbox 3064 5665 3323 5733; x_wconf 76' lang='lat' dir='ltr'><strong>Epistula:</strong></span> <span class='ocrx_word' id='word_1_955' title='bbox 3355 5662 3413 5720; x_wconf 81' lang='lat' dir='ltr'><strong>B.</strong></span> <span class='ocrx_word' id='word_1_956' title='bbox 3444 5662 3623 5732; x_wconf 77' lang='lat' dir='ltr'><strong>Petri,</strong></span> <span class='ocrx_word' id='word_1_957' title='bbox 3656 5677 3785 5732; x_wconf 85' lang='lat' dir='ltr'><strong>cap.</strong></span> 
     </span>
    </p>
   </div>
   <div class='ocr_carea' id='block_1_114' title="bbox 481 5723 3011 5806">
    <p class='ocr_par' dir='ltr' id='par_1_114' title="bbox 481 5723 3011 5806">
     <span class='ocr_line' id='line_1_114' title="bbox 481 5723 3011 5806; baseline 0.005 -29"><span class='ocrx_word' id='word_1_958' title='bbox 481 5736 559 5784; x_wconf 87' lang='lat' dir='ltr'><strong>ni,</strong></span> <span class='ocrx_word' id='word_1_959' title='bbox 591 5727 688 5776; x_wconf 69' lang='lat' dir='ltr'><strong>i9:</strong></span> <span class='ocrx_word' id='word_1_960' title='bbox 720 5723 786 5790; x_wconf 82' lang='lat' dir='ltr'><strong>In</strong></span> <span class='ocrx_word' id='word_1_961' title='bbox 813 5743 920 5795; x_wconf 63' lang='lat' dir='ltr'><strong>qro</strong></span> <span class='ocrx_word' id='word_1_962' title='bbox 935 5740 980 5780; x_wconf 82' lang='lat' dir='ltr'><strong>et</strong></span> <span class='ocrx_word' id='word_1_963' title='bbox 1001 5727 1081 5783; x_wconf 87' lang='lat' dir='ltr'><strong>his</strong></span> <span class='ocrx_word' id='word_1_964' title='bbox 1105 5733 1192 5803; x_wconf 81' lang='lat' dir='ltr'><strong>qui</strong></span> <span class='ocrx_word' id='word_1_965' title='bbox 1219 5733 1270 5786; x_wconf 84' lang='lat' dir='ltr'><strong>in</strong></span> <span class='ocrx_word' id='word_1_966' title='bbox 1292 5749 1495 5789; x_wconf 82' lang='lat' dir='ltr'><strong>carcere</strong></span> <span class='ocrx_word' id='word_1_967' title='bbox 1511 5747 1657 5788; x_wconf 89' lang='lat' dir='ltr'><strong>erant</strong></span> <span class='ocrx_word' id='word_1_968' title='bbox 1713 5734 1987 5806; x_wconf 84' lang='lat' dir='ltr'><strong>spiritibus</strong></span> <span class='ocrx_word' id='word_1_969' title='bbox 2010 5723 2214 5792; x_wconf 75' lang='lat' dir='ltr'><strong>veniens</strong></span> <span class='ocrx_word' id='word_1_970' title='bbox 2247 5723 2567 5806; x_wconf 45' lang='lat' dir='ltr'><strong>pra-dicavit,</strong></span> <span class='ocrx_word' id='word_1_971' title='bbox 2594 5749 2702 5793; x_wconf 90' lang='lat' dir='ltr'><strong>etc.</strong></span> <span class='ocrx_word' id='word_1_972' title='bbox 2745 5738 3011 5794; x_wconf 70' lang='lat' dir='ltr'><strong>MABTIAN.</strong></span> 
     </span>
    </p>
   </div>
   <div class='ocr_carea' id='block_1_115' title="bbox 4000 455 4005 1076">
    <p class='ocr_par' dir='ltr' id='par_1_115' title="bbox 4001 950 4003 1076">
     <span class='ocr_line' id='line_1_115' title="bbox 4001 950 4003 1076; baseline 0 0"><span class='ocrx_word' id='word_1_973' title='bbox 4001 950 4003 1018; x_wconf 72' lang='lat'>‘</span> 
     </span>
    </p>
   </div>
  </div>
