4010 6318
198 306 295 363 221

749 301 1392 360 ΕΟΜΜΕΝΤΑΒῘΟΒΠΜ
1433 303 1498 359 IN
1537 303 1771 362 ISAIAM

1888 305 2238 364 ἰΟΡΗΕΤΑΜ
2280 307 2412 364 LIB.
2452 305 2545 364 Vl.
2585 305 2745 366 CAP.
2784 305 2930 365 XIV.

3379 310 3486 369 2'3!

199 423 394 489 clasis,
427 434 552 493 ειη
585 419 638 474 iu
667 418 994 477 sublimibus
1017 418 1289 476 collocata
1319 427 1423 486 est,
1455 428 1510 474 et
1535 419 1608 476 de
1643 420 1780 477 late-
1809 427 1864 488 Α
1888 421 2087 492 lypsim
2119 420 2362 490 Joannis,
2399 431 2491 480 aut
2521 423 2681 480 calidi
2715 433 2923 491 essent,
2956 433 3050 481 aut
3087 423 3264 496 frigidi
3295 427 3480 498 (Apoc.

203 516 358 569 ribus
387 513 653 584 quondam
687 511 969 580 Aquilonis
997 511 1338 568 habitatores
1379 511 1643 584 possidet.
1677 511 1781 580 Qui

205 604 260 663 in
283 594 490 663 tantum
514 604 714 660 oblitus
740 604 822 660 sui
845 614 948 670 est,
974 611 1032 658 ut
1055 604 1188 660 velit
1204 620 1372 674 super
1395 605 1567 661 nubes
1591 620 1782 662 ascen-

204 698 358 766 dere,
403 698 594 768 quibus
644 697 926 752 mandavit
973 697 1258 764 Dominus,
1303 715 1373 756 ne
1403 699 1595 771 pluant
1623 715 1786 769 super

198 792 362 850 lsrael
403 793 654 859 imbrem,
683 801 740 849 et
758 792 826 848 ad
852 806 992 863 quas
1017 794 1271 864 pervenit
1301 798 1506 850 veritas
1539 794 1780 860 Domini,

197 885 282 942 cui
310 883 548 952 loquitur
572 893 626 938 et
653 882 862 938 Abdias
887 899 903 935 :
930 882 990 940 Si
1018 884 1278 940 exaltatus
1315 884 1476 954 fueris
1502 894 1557 937 ut
1585 882 1782 954 aquila,

195 986 243 1030 et
281 975 414 1032 inter
440 975 613 1031 sidera
645 976 766 1032 creti
799 976 1036 1046 posueris
1066 977 1242 1030 nidum
1263 985 1431 1041 tuum,
1461 977 1586 1032 inde
1619 985 1666 1031 te
1694 976 1785 1031 de-

194 1067 415 1132 traham,
450 1068 574 1122 dicit
606 1067 857 1124 Dominus
881 1068 903 1139 (
924 1070 1138 1136 Abdias,
1180 1086 1232 1126 tv
1251 1069 1292 1140 ).
1345 1070 1539 1126 lnl'elix
1591 1069 1780 1136 ludas,

194 1160 285 1228 qui
334 1158 486 1230 quasi
513 1159 686 1216 nubes
710 1174 834 1215 cum
869 1160 991 1214 aliis
1043 1160 1320 1231 Apostolis
1351 1159 1694 1220 mittebatur,
1729 1168 1788 1216 ut

193 1251 401 1320 plueret
430 1268 602 1322 super
648 1253 818 1310 Israel
859 1254 1118 1320 imbrem,
1151 1266 1204 1311 et
1243 1258 1397 1324 quasi
1445 1254 1605 1310 stella
1643 1255 1788 1310 inter

193 1359 416 1406 steteras
464 1347 661 1404 Stellae
697 1357 839 1413 erat,
879 1351 1081 1417 quibus
1118 1350 1381 1406 Dominus
1420 1349 1784 1422 loquebatur:

193 1435 378 1496 Luttth
399 1437 582 1497 lumen
609 1450 838 1496 oestrum
861 1457 1035 1496 coram
1049 1440 1344 1496 hominibus
1366 1442 1584 1513 (Matth.
1601 1457 1653 1504 v,
1673 1441 1784 1507 Hi),

189 1529 326 1586 vitio
349 1545 446 1586 suo
471 1532 724 1602 suscepit
758 1547 1112 1590 ascensorem
1149 1533 1452 1599 diabolmn,
1495 1533 1584 1603 qui
1615 1543 1670 1585 ιιι
1698 1547 1790 1588 su-

187 1619 380 1689 perbiai
402 1622 578 1678 verba
598 1625 925 1694 compleret,
947 1623 1113 1680 etiam
1143 1626 1246 1679 hoc
1267 1639 1438 1681 ausus
1459 1635 1542 1679 est
1567 1624 1784 1679 dicere:

186 1708 291 1767 Ero
325 1713 517 1771 similis
567 1713 858 1782 Altissimo,
913 1724 974 1772 ut
1012 1713 1288 1784 quomodo
1326 1713 1577 1770 Christus
1625 1714 1786 1770 habet

1886 514 1989 582 ut),
2018 515 2068 570 id
2092 525 2197 583 est,
2221 527 2312 570 aut
2339 516 2651 581 crederent,
2675 526 2769 574 aut
2793 517 3020 574 omnino
3041 531 3149 574 non
3170 518 3482 587 crederent.

1887 621 1957 661 ne
1987 622 2084 676 per
2114 617 2379 680 teporem,
2411 619 2465 664 et
2494 609 2897 666 simulationem
2929 610 3058 667 fidei
3079 627 3108 665 a
3141 611 3368 668 Domino
3398 626 3486 671 re-

1880 701 2206 770 jicercnturl

1959 794 2141 864 (Vere.
2163 795 2382 867 16,17.)
2413 797 2516 863 Qui
2545 808 2594 852 tc
2624 797 2870 862 uiderint,
2903 799 2974 852 ad
2994 807 3044 856 te
3071 799 3487 866 inclinabantur,

1887 884 2049 959 254
2070 897 2216 955 teque
2243 890 2581 957 prospicient.
2621 887 2891 962 Numquid
2919 892 3014 946 iste
3043 899 3118 946 est
3146 892 3222 944 uir
3249 893 3338 960 qui
3363 908 3490 946 con.

1886 979 2108 1034 turbavit
2138 989 2329 1034 terram
2346 981 2372 1035 ?
2394 981 2483 1049 qui
2511 982 2770 1036 concussit
2795 982 2992 1052 regna?
3010 983 3102 1052 qui
3121 983 3294 1053 posuit
3314 983 3488 1038 orbem

1886 1069 2166 1137 desertum,
2199 1080 2247 1124 et
2284 1072 2434 1126 nrbes
2472 1073 2586 1142 ejus
2613 1073 2885 1136 destruit-it,
2933 1082 2982 1126 et
3026 1073 3207 1128 vinctis
3245 1077 3359 1147 ejus
3385 1091 3491 1132 non

1885 1162 2087 1231 aperuit
2113 1165 2406 1217 carcerem?
2434 1162 2559 1218 Sive
2585 1173 2644 1218 ut
2666 1163 3022 1234 Septuaginta
3057 1163 3451 1226 transtulerunt
3467 1181 3484 1229 ε

1885 1266 1970 1306 eos
1994 1252 2085 1324 qui
2111 1251 2433 1308 ducebantur
2461 1271 2563 1308 non
2590 1256 2780 1310 soluit?
2805 1256 2907 1320 Qui
2941 1247 3180 1310 viderint
3200 1253 3490 1310 Nabucho-

1888 1342 2130 1398 donosor
2153 1359 2337 1414 regem
2369 1344 2746 1416 Babylonium,
2779 1362 2886 1401 non
2910 1348 3223 1413 oculorum,
3255 1346 3350 1401 sed
3374 1361 3490 1401 cor-

1889 1435 1974 1490 dis
2004 1435 2226 1501 inluitu,
2262 1436 2330 1491 de
2371 1431 2513 1493 cado
2555 1437 2623 1492 ad
2671 1438 2876 1494 inferos
2919 1439 3221 1505 corruisse,
3253 1438 3489 1493 inclina-

1888 1527 2092 1584 buntur
2125 1527 2459 1596 humilitate,
2492 1546 2612 1602 qua:
2653 1533 2927 1587 contraria
2966 1540 3052 1587 est
3098 1532 3391 1600 superbiai.
3431 1539 3491 1592 et

1890 1617 2040 1672 illum
2091 1622 2423 1690 prospicient
2456 1621 2556 1676 iSta
2588 1621 2878 1678 dicentes:
2917 1623 3105 1678 Nonne
3138 1625 3232 1678 iste
3272 1633 3346 1679 est
3387 1624 3487 1692 uir,

1890 1711 2004 1768 sive
2027 1711 2201 1775 homo,
2245 1715 2335 1784 qui
2359 1715 2700 1780 conturbavit,
2732 1717 2821 1773 vel
2854 1717 3118 1771 concitavit
3157 1718 3382 1771 terram?
3422 1715 3491 1776 Et

185 1803 482 1872 Protihetas
501 1815 567 1866 et
587 1809 878 1876 apostolos
893 1823 1049 1873 suos,
1075 1811 1156 1864 sic
1175 1816 1230 1864 et
1243 1823 1346 1878 ego
1369 1808 1598 1863 habeam
1617 1807 1782 1881 253
1813 1814 1858 1876 Β
1885 1812 1970 1858 est
1997 1820 2194 1860 sensus
2223 1822 2236 1862 :
2271 1807 2372 1876 Qui
2405 1808 2651 1863 dixerat:
2679 1807 2788 1864 Ero
2812 1809 3008 1863 similis
3029 1807 3329 1868 Altissimo.
3356 1816 3411 1861 et
3433 1821 3493 1863 se

184 1896 704 1968 pseudospostolos.
749 1900 876 1956 Haec
909 1908 1090 1958 autem
1123 1901 1306 1958 omnia
1337 1898 1627 1956 referenda
1657 1908 1785 1956 sunt

181 1985 241 2040 ad
275 1986 597 2050 haereticos.
630 1990 723 2060 qui
751 2006 876 2048 cum
905 1991 1164 2048 deorsum
1208 1992 1340 2057 sint,
1375 2007 1497 2049 cum
1531 1992 1778 2062 principe

183 2091 274 2136 suo
296 2081 560 2140 excelsos
582 2098 644 2140 se
672 2097 797 2140 esse
822 2083 1055 2153 iactant.

247 2169 422 2234 (Vt-rs.
463 2172 589 2245 15.)
629 2172 992 2230 Verumtamen
1019 2175 1089 2230 ad
1119 2173 1384 2246 infernum
1415 2174 1708 2230 detraheris
1730 2175 1786 2230 in

174 2265 501 2331 profundum
532 2264 656 2324 laci.
704 2265 848 2324 LXX
873 2285 885 2320 :
926 2265 1084 2324 Nunc
1111 2279 1286 2324 autem
1318 2269 1374 2322 in
1400 2269 1665 2339 infernum
1695 2266 1788 2321 de-

168 2355 394 2422 scendes,
441 2365 514 2410 ελ
552 2357 623 2415 ad
671 2360 1013 2430 fundamenta
1043 2370 1211 2415 teme.
1258 2360 1374 2418 Non
1413 2361 1478 2414 ad
1512 2359 1784 2414 infernum

173 2457 362 2514 sponte
383 2448 708 2508 desccndes
733 2449 840 2526 [ΑΙ.
869 2451 1251 2526 descendens],
1283 2453 1385 2510 hoc
1405 2455 1548 2508 enim
1565 2453 1783 2510 DOutini

174 2537 468 2600 Silvatnris
516 2551 623 2610 est,
674 2554 730 2600 ut
761 2546 974 2602 vinetus
1013 2545 1083 2601 de
1127 2548 1311 2603 inl‘eris
1345 2547 1555 2612 liberet,
1589 2547 1685 2604 sed
1716 2547 1782 2604 ad

179 2630 446 2693 internum
483 2634 804 2696 detraheris
835 2638 1062 2707 invitus,
1097 2640 1270 2711 utqui
1304 2654 1402 2709 per
1429 2639 1658 2696 virtutes
1684 2654 1783 2711 po-

183 2727 319 2780 teras
348 2726 415 2784 ad
463 2727 686 2786 excelsa
730 2729 1127 2796 conscendere,
1163 2747 1261 2802 per
1301 2731 1430 2788 vitia
1475 2731 1786 2789 detrahatis

181 2818 240 2872 ad
271 2834 490 2888 pinnas.
529 2819 715 2878 Sancti
758 2838 966 2892 pennas
998 2825 1200 2882 habent
1230 2825 1447 2893 aquilm,
1479 2838 1536 2880 et
1580 2840 1787 2896 pennas

180 2911 472 2977 ColUlttbzt‘,
506 2922 562 2969 el.
592 2923 820 2988 possunt
861 2916 1046 2972 dicere
1081 2934 1094 2969 :
1137 2915 1358 2982 Volabo,
1384 2926 1431 2971 et
1473 2916 1788 2982 requiescam

179 3000 354 3074 (l’sal.
407 3003 549 3076 Liv).
599 3004 753 3074 impii
803 3017 984 3064 autem
1035 3015 1091 3062 et
1130 3007 1508 3079 Aigyptiorutu
1560 3008 1786 3075 similes,

176 3093 418 3158 demersi
455 3108 586 3156 sunt
614 3101 772 3166 quasi
808 3101 1083 3170 plumbum
1117 3105 1170 3156 in
1198 3103 1358 3172 aquis
1380 3100 1781 3157 vehementissi-

1884 1897 2128 1966 jactabat
2161 1899 2355 1966 Deum,
2391 1900 2556 1956 homo
2603 1917 2727 1956 esse
2770 1901 3137 1963 convincitur.
3178 1899 3247 1955 de
3277 1915 3384 1967 quo
3433 1899 3491 1958 in

1888 2005 2034 2046 nono
2064 1992 2278 2061 psalmo
2309 1993 2398 2063 qui
2429 1995 2648 2064 proprie
2671 2004 2868 2050 contra
2898 1993 3179 2049 diabolum
3214 2005 3322 2057 est,
3357 1991 3495 2047 dici-

1889 2090 2010 2138 tur:
2040 2083 2298 2158 Exsurge,
2330 2083 2576 2154 Domine,
2595 2104 2699 2142 non
2725 2091 3048 2159 confortetur
3077 2087 3232 2140 homo
3256 2085 3375 2154 (Ps.
3406 2101 3489 2152 Ix,

1888 2178 1965 2249 l).
2016 2179 2081 2236 Et
2114 2186 2166 2235 ln
2201 2180 2542 2252 Evangelio:
2576 2179 2829 2236 Inimicus
2856 2183 3012 2236 homo
3058 2179 3492 2252 superseminauis

1886 2271 2092 2326 zizania
2135 2270 2351 2341 (Matth.
2406 2287 2526 2336 xm,
2575 2271 2692 2340 25).
2744 2270 2902 2330 Unde
2931 2272 2998 2327 ad
3031 2286 3179 2338 eum,
3228 2279 3280 2324 et
3312 2271 3490 2326 socios

1889 2361 2006 2430 ejus
2032 2361 2235 2418 dietutn
2263 2363 2524 2433 legimus:
2545 2361 2660 2432 Ego
2681 2364 2813 2426 dixi,
2835 2363 2909 2418 dii
2939 2363 3148 2424 estis,et
3176 2363 3273 2427 ﬁlii
3304 2359 3491 2416 excelsi

1887 2467 2083 2508 omnes.
2129 2451 2229 2508 Vos
2271 2463 2443 2508 autem
2486 2455 2616 2508 sicut
2645 2453 2880 2510 homines
2921 2453 3234 2515 moriemini,
3268 2461 3314 2504 et
3357 2454 3492 2506 sicut

1888 2560 2022 2598 unus
2076 2545 2141 2600 de
2176 2545 2500 2618 principibus
2538 2549 2733 2601 cadetis
2767 2544 2940 2619 (Psal.
2977 2560 3167 2610 tum,
3205 2544 3283 2616 6).
3325 2544 3391 2600 Et
3419 2542 3490 2600 ad

1887 2639 2140 2694 eumdem
2178 2638 2282 2694 sub
2319 2641 2488 2710 ligura
2538 2641 2800 2710 principis
2841 2639 2966 2710 Tyri
3007 2639 3248 2694 dicitur:
3286 2637 3392 2690 Pro
3431 2651 3493 2690 eo

1887 2732 2026 2800 quod
2046 2732 2330 2787 exaltatum
2355 2743 2429 2790 est
2455 2747 2544 2786 cor
2569 2744 2739 2797 tuum,
2768 2741 2814 2788 et
2836 2732 3013 2786 dixisti
3037 2747 3053 2788 :
3078 2729 3220 2784 Deus
3239 2744 3333 2801 ego
3353 2743 3488 2792 sum.

1889 2822 2204 2878 habitatione
2233 2821 2331 2877 Dei
2359 2821 2585 2879 habitaui
2613 2824 2666 2878 in
2707 2824 2860 2878 corde
2896 2824 3056 2877 maris
3081 2837 3101 2878 :
3137 2834 3192 2875 tu
3230 2830 3402 2876 autem
3436 2834 3492 2874 es

1889 2915 2062 2972 homo.
2091 2923 2137 2968 et
2163 2930 2266 2968 non
2299 2911 2460 2975 Deus.
2491 2925 2539 2969 et
2583 2903 2772 2969 dedisti
2804 2931 2894 2968 eor
2920 2925 3067 2970 tuum
3102 2913 3234 2967 sicut
3263 2927 3355 2966 cor
3391 2908 3491 2965 Dei

1893 3004 2106 3076 (Ezech.
2137 3020 2325 3070 sum,
2345 3005 2426 3075 2).
2462 3007 2568 3063 Iste
2595 3010 2697 3071 vir,
2731 3017 2787 3062 et
2817 3008 2920 3062 iste
2953 3008 3117 3061 homo
3143 3005 3492 3061 conturbavit

1893 3096 2205 3148 universam
2240 3105 2469 3161 terram,
2519 3110 2614 3150 eos
2669 3097 2925 3150 videlicet
2951 3097 3042 3165 qui
3091 3097 3320 3153 audiunt
3363 3109 3489 3152 cum

172 3188 377 3256 mis,ct
408 3188 654 3246 demersi
684 3201 809 3250 sunt
828 3193 879 3250 in
900 3195 1222 3266 profundum
1247 3195 1385 3250 sicut
1415 3195 1551 3264 lapis
1579 3193 1778 3265 (Exod,
1810 3193 1855 3256 C
1893 3187 2062 3243 Adam
2091 3205 2103 3240 :
2129 3185 2292 3242 Terra
2315 3198 2454 3250 es,et
2474 3188 2525 3242 in
2552 3200 2744 3242 terram
2765 3187 2862 3241 ibis
2881 3186 3033 3255 (Gen.
3053 3174 3129 3254 tu,
3154 3187 3268 3259 19),
3291 3200 3490 3242 utcon-

170 3285 292 3348 ιν).
330 3280 498 3334 Unde
537 3291 590 3333 et
637 3283 906 3352 iniquitas,
941 3286 1056 3344 sive
1105 3296 1163 3342 ut
1213 3287 1405 3342 melius
1453 3287 1687 3343 habetur
1736 3289 1786 3346 in

169 3371 442 3435 Hebraeo,
467 3370 709 3440 impietas
733 3389 896 3442 super
929 3376 1191 3434 talentum
1212 3376 1414 3447 plutnbi
1435 3377 1632 3434 sedere
1656 3393 1788 3434 cono

173 3465 408 3535 spicitur
441 3463 628 3533 (Zaclt.
666 3467 740 3536 v).
778 3467 922 3541 Ergo
969 3470 1100 3528 illttd
1141 3472 1284 3542 quod
1331 3473 1456 3527 alibi
1510 3471 1736 3542 legimus
1771 3490 1786 3528 :

178 3559 363 3616 Omnis
403 3559 506 3630 qui
554 3574 610 3616 se
655 3559 870 3631 exultat,
915 3561 1278 3626 bumiliabitnr
1302 3564 1452 3637 (Luc.
1490 3581 1636 3629 mil.
1673 3565 1784 3638 14),

177 3654 338 3712 etiam
377 3668 474 3710 rex
510 3654 850 3714 confusionis
881 3671 1072 3726 passus
1095 3667 1200 3725 est,
1241 3671 1293 3717 ut
1325 3658 1703 3716 detraheretur
1731 3661 1784 3715 in

179 3746 526 3812 fundamenta
565 3755 736 3814 terra,
769 3749 886 3806 sive
917 3759 976 3803 ut
1006 3753 1189 3808 verius
1233 3752 1286 3810 in
1321 3753 1585 3807 llebraico
1619 3753 1783 3808 habe.

179 3843 289 3902 tur,
341 3836 397 3889 in
445 3837 765 3906 proﬂuuium
805 3837 928 3896 laci.
981 3840 1058 3898 De
1108 3840 1474 3900 fundamentis
1523 3853 1681 3900 terra:
1728 3844 1780 3900 in

180 3923 608 3986 Deuteronotuio
631 3929 892 3986 scribitur
916 3947 930 3984 :
959 3928 1106 4002 Ignis
1129 3949 1404 3990 succensus
1429 3944 1502 3989 est
1531 3936 1584 3986 in
1606 3939 1784 4004 furore

181 4033 319 4083 meo,
349 4017 554 4075 ardebit
583 4037 740 4088 usque
766 4021 836 4075 nd
876 4022 1140 4092 infernum
1168 4026 1520 4080 nouissimum.
1560 4025 1786 4082 Devora-

181 4108 253 4161 bit
287 4121 503 4175 terram.
532 4122 580 4170 et
619 4112 966 4186 fundamenta
991 4119 1103 4188 ejus
1127 4115 1308 4185 (Deut.
1339 4133 1508 4181 snit,
1540 4117 1656 4184 22),
1689 4133 1785 4174 eos

181 4199 437 4260 videlicet
468 4205 558 4272 qui
591 4207 800 4268 terreni
825 4215 973 4269 sunt.
1000 4207 1078 4266 De
1110 4208 1229 4262 lacu
1257 4222 1490 4278 quoque,
1521 4207 1665 4278 quod
1689 4223 1787 4279 per

179 4307 302 4352 eum
339 4296 611 4364 profunda
657 4297 1032 4376 signiﬁcentur
1068 4297 1290 4365 inferni,
1343 4298 1428 4352 illa
1476 4308 1598 4352 sunt
1633 4300 1786 4354 testi-

181 4387 359 4440 monia
390 4405 404 4441 :
431 4387 769 4450 Assinnlattts
791 4406 905 4447 sum
926 4406 1042 4446 cum
1064 4387 1493 4446 descendentibus
1516 4389 1567 4444 in
1590 4388 1784 4446 lacum.

183 4475 244 4531 Et
280 4496 296 4532 :
331 4477 638 4540 Posuerunt
662 4496 743 4535 me
771 4483 824 4533 in
851 4481 1371 4542 lacumnouissimum
1398 4478 1519 4550 (Ps.
1541 4493 1785 4548 cxxxvtt,

1891 3281 2062 3337 cussit
2093 3295 2259 3348 regna
2287 3284 2401 3335 sive
2433 3295 2610 3350 rcges,
2642 3297 2877 3352 qnorum
2907 3297 3003 3338 cor
3025 3283 3078 3338 in
3110 3298 3270 3336 manu
3308 3281 3490 3338 Domi-

1894 3373 1944 3424 ni
1979 3380 2063 3426 est
2092 3369 2275 3443 (Prov.
2314 3371 2454 3443 xxi).
2484 3373 2794 3438 Concussit,
2831 3373 3028 3444 inquit,
3063 3389 3169 3429 non
3197 3374 3484 3430 subvertit.

1895 3465 2048 3522 [Inde
2076 3475 2137 3522 et
2166 3481 2302 3522 unus
2329 3468 2394 3522 de
2428 3467 2511 3522 bis
2541 3468 2631 3538 qui
2661 3466 2918 3523 concussi
2945 3466 3182 3532 fuerant,
3227 3476 3281 3521 et
3310 3477 3488 3520 tamen

1890 3573 1995 3612 non
2031 3570 2236 3624 ruerat,
2269 3558 2597 3630 loquebatur
2627 3576 2642 3614 :
2673 3557 2782 3616 Hei
2819 3569 2990 3615 autem
3039 3575 3167 3629 pene
3212 3558 3335 3611 moti
3365 3567 3489 3616 sunt

1886 3649 2037 3720 pedes
2067 3648 2418 3722 (Psaltxxu,
2451 3651 2529 3723 2).
2563 3650 2633 3706 Ει
2664 3651 2959 3722 Apostolus
2988 3651 3231 3723 loquitur
3267 3649 3332 3704 ad
3370 3664 3491 3707 cre-

1885 3742 2100 3808 dentes,
2132 3754 2186 3797 ut
2214 3746 2477 3811 arripiant
2507 3755 2842 3801 armaturam
2871 3744 2994 3812 Dei,
3027 3757 3080 3800 et
3111 3754 3258 3800 stent
3291 3754 3481 3802 contra

1885 3832 2114 3891 inssdias
2157 3835 2358 3893 diaboli
2396 3835 2620 3906 (Ep/tes.
2651 3839 2745 3906 vt).
2793 3839 2994 3894 Domus
3026 3850 3206 3893 autem
3247 3851 3369 3907 qua:
3399 3851 3489 3890 su-

1886 3940 1980 3994 pra
2014 3939 2222 3996 petram
2256 3925 2483 3984 fundata
2515 3939 2619 3992 est,
2655 3930 2801 3984 nulla
2831 3915 3158 3994 tempestate
3179 3927 3490 3982 concutitur

1888 4019 2105 4092 (Matth.
2145 4023 2264 4094 vti).
2306 4022 2612 4092 Sequitur:
2646 4021 2746 4085 Qui
2792 4025 2963 4090 posuit
3009 4019 3181 4074 orbem
3233 4027 3488 4074 terrarum

1887 4115 2169 4181 desertum,
2219 4115 2336 4170 sive
2378 4124 2436 4172 ut
2473 4115 2632 4183 juxta
2677 4113 3026 4177 llebraicuut,
3080 4120 3279 4182 praeter
3322 4109 3490 4177 LXX,

1887 4222 2080 4266 omnes
2108 4209 2201 4264 alii
2233 4211 2653 4273 transtulerunt,
2685 4207 2835 4276 quasi
2857 4207 3134 4262 desertum.
3162 4204 3320 4262 Vitiis
3344 4207 3489 4264 enim

1888 4313 2051 4367 atque
2083 4303 2323 4370 peccatis
2372 4303 2559 4361 orbem
2601 4301 2694 4373 qui
2732 4300 2996 4358 Hebraice
3036 4299 3234 4358 dicitur
3279 4314 3490 4359 sunset.

1891 4373 2048 4459 (5:11)
2075 4391 2202 4448 fecit
2239 4405 2363 4450 esse
2386 4394 2687 4459 desertum,
2717 4402 2776 4446 ut
2811 4391 3016 4448 nullam
3048 4393 3276 4448 haberet
3313 4396 3488 4446 virtu-

1891 4492 2024 4549 tem,
2059 4485 2139 4538 vel
2171 4483 2379 4540 eisdem
2431 4486 2747 4554 subiaceret
2797 4487 2971 4550 vitiis,
3017 4487 3219 4555 quibus
3248 4485 3490 4555 gentium

182 4568 237 4635 5,
270 4569 347 4638 7).
380 4570 537 4628 Sicut
569 4571 712 4628 enim
743 4572 891 4632 lacus
919 4587 1086 4646 aquas
1107 4572 1172 4628 and
1199 4588 1256 4631 se
1278 4573 1690 4634 descendentes,
1716 4569 1788 4628 ita
1817 4565 1870 4632 D
1900 4573 2056 4643 plena
2084 4583 2169 4630 est
2195 4573 2459 4630 solitudo.
2496 4573 2673 4630 Urbes
2703 4589 2922 4644 quoque
2948 4574 3192 4640 ejusdem
3222 4575 3494 4632 destruxit

185 4657 429 4721 infernus
459 4663 673 4722 animas
702 4664 933 4733 suscipit
960 4680 972 4719 :
995 4665 1062 4718 ad
1094 4678 1257 4734 quem
1292 4665 1468 4722 lacum
1502 4661 1788 4722 descendit

185 4751 418 4819 Daunias
472 4765 721 4826 tempore
751 4758 895 4820 nivis
951 4766 1006 4812 et
1059 4755 1312 4826 frigoris.
1346 4767 1402 4812 et
1435 4755 1783 4815 intelfecitin

185 4857 250 4899 eo
277 4848 494 4912 leonem
527 4848 590 4922 (ll
626 4848 757 4921 Reg.
792 4863 951 4916 unt,
980 4859 1034 4904 et
1064 4849 1082 4908 Ι
1116 4848 1240 4910 Par.
1270 4847 1368 4920 XI).
1407 4848 1558 4910 Unde
1587 4860 1640 4908 et
1673 4848 1785 4908 Ita:-

187 4939 337 4994 retici
371 4940 687 5016 relinquunt
711 4941 917 5000 fontem
951 4955 1106 5012 aqua:
1136 4939 1364 5000 viventis
1395 4939 1703 5004 Dominum,
1730 4949 1787 5004 et

188 5029 397 5095 fodiunt
436 5034 537 5098 sibi
587 5035 740 5096 lacus
785 5035 1053 5095 contritus
1081 5035 1174 5108 qui
1207 5048 1400 5109 aquam
1434 5049 1538 5088 non
1568 5035 1786 5092 valeant

190 5126 490 5185 continere.
527 5126 604 5186 De
647 5125 731 5182 bis
781 5127 932 5190 lacis.
965 5127 1056 5198 qui
1104 5125 1373 5184 [crvorem
1425 5141 1529 5180 non
1582 5127 1783 5186 habent

193 5213 423 5288 Spiritus
453 5220 653 5288 sancti;
689 5236 787 5280 nec
811 5221 1064 5278 Jeretnite
1091 5220 1374 5291 propheta:
1403 5218 1607 5278 similes
1635 5229 1777 5290 sunt.

192 5309 278 5380 qui
304 5310 458 5378 juxta
489 5312 842 5382 Septuaginta
875 5313 1204 5388 interpretes
1236 5313 1596 5384 loqttebalut‘:
1631 5310 1782 5372 Inre-

193 5401 245 5453 ni
269 5419 456 5471 aquam
483 5406 708 5458 calidum
734 5405 787 5459 in
822 5407 1023 5459 deserto
1050 5404 1266 5476 (Jcrem.
1299 5405 1379 5474 tt);
1418 5405 1512 5458 sed
1557 5405 1782 5473 reb-ige-

195 5503 374 5556 scente
402 5495 692 5565 cbaritate,
735 5497 970 5552 calorem
1015 5482 1200 5556 Sancti
1241 5497 1477 5574 Spiritus
1524 5499 1774 5569 perdide-

195 5598 309 5642 rqu
345 5605 358 5642 :
391 5589 480 5648 ille
500 5598 589 5646 est
617 5589 782 5659 lacus,
807 5591 874 5650 de
902 5607 1010 5660 quo
1040 5591 1179 5652 idem
1206 5589 1474 5652 Joremias
1504 5591 1773 5659 loquitur;

197 5677 342 5732 Sicut
382 5681 654 5751 refrigerat
699 5681 839 5736 lacus
882 5698 1092 5752 aquam,
1140 5682 1215 5734 sio
1259 5683 1534 5754 refrigerat
1583 5682 1779 5740 malitia

195 5766 432 5826 habentes
457 5788 512 5826 se
539 5769 758 5840 (Jerem.
791 5790 861 5839 vs,
897 5773 974 5846 7).
1005 5774 1106 5846 Qui
1135 5773 1366 5834 utinam,
1389 5759 1540 5854 juxta
1573 5775 1784 5846 Apoca-

1889 4664 2064 4730 orbis,
2096 4672 2154 4719 ut
2181 4662 2250 4718 de
2280 4661 2547 4722 Ecclesiis
2577 4662 2776 4720 Christi
2811 4663 3008 4718 iaceret
3043 4678 3353 4734 synagogas
3382 4667 3498 4720 dia-

1891 4757 2026 4822 boli,
2058 4767 2112 4815 et
2144 4754 2470 4816 munditiam
2519 4770 2663 4814 verte
2698 4753 2822 4810 ﬁdei
2868 4753 3122 4809 haeretica
3165 4760 3328 4811 sorite
3375 4758 3492 4824 pol-

1888 4851 2083 4910 lueret.
2112 4849 2219 4910 Sed
2247 4860 2302 4906 et
2329 4847 2527 4904 vinctis
2547 4847 2689 4916 ejus,
2724 4845 2774 4901 id
2802 4855 2912 4912 est,
2940 4844 3116 4913 orbis,
3141 4861 3246 4900 non
3277 4848 3492 4918 aperuit

1885 4958 2185 5002 carcerem.
2217 4943 2328 5000 Nos
2361 4957 2553 5000 omnes
2593 4939 2760 4998 vincti
2790 4954 3031 5008 eramus,
3065 4948 3119 4993 et
3144 4941 3314 4996 clausi
3339 4949 3490 4998 tene-

1887 5035 2083 5094 bamur
2135 5037 2186 5091 in
2235 5046 2490 5094 carcere,
2541 5032 2739 5101 quibus
2790 5032 2986 5087 vinctis
3031 5030 3170 5087 dixit
3214 5031 3484 5100 SalvatOr,

1883 5129 2039 5192 exite,
2071 5135 2125 5182 et
2158 5125 2241 5180 his
2273 5125 2362 5188 qui
2397 5122 2558 5202 255
2590 5135 2748 5182 erant
2782 5123 2834 5184 in
2869 5125 3132 5188 tenebris,
3165 5125 3484 5186 reuelauiini.

1887 5219 2178 5276 Dominum
2228 5218 2376 5284 enim
2411 5217 2573 5276 solvit
2611 5217 2971 5289 compeditos.
3011 5219 3114 5288 Qui
3159 5221 3379 5276 liberati
3421 5220 3490 5276 ab

1881 5328 1971 5380 eo,
2003 5313 2208 5382 gratias
2249 5309 2494 5369 referunt
2530 5312 2774 5370 dicentes
2807 5330 2820 5366 :
2849 5311 2928 5365 Tu
2966 5311 3254 5367 disselvisti
3280 5309 3487 5368 vincula

1882 5423 1996 5460 mea
2046 5405 2164 5477 (Ps.
2211 5419 2337 5470 cxv,
2372 5405 2458 5469 i7;
2488 5403 2600 5458 Jer.
2633 5421 2700 5468 ιι,
2736 5403 2896 5455 Prov.
2929 5410 3006 5470 v).
3043 5403 3290 5458 Fuuihus
3337 5403 3482 5458 enim

1883 5506 2230 5568 peccatorum
2256 5511 2477 5554 suorum
2504 5495 2876 5564 unusquisque
2901 5494 3322 5567 Constringitur:
3347 5508 3485 5564 quos

1883 5591 2038 5646 funes
2067 5603 2231 5661 atque
2262 5589 2477 5644 vincula
2501 5589 2714 5648 SIlePJ‘e
2738 5596 2963 5657 possunt
2985 5598 3038 5642 et
3063 5589 3334 5656 Apostoli,
3357 5587 3484 5644 inti.

1888 5696 2064 5740 tantes
2094 5688 2414 5755 magisuum
2441 5695 2595 5740 suum
2625 5682 2717 5752 qui
2741 5680 2823 5734 eis
2845 5677 3050 5738 dixerat
3082 5697 3096 5734 :
3137 5681 3485 5749 Qutecumque

1890 5779 2144 5841 solveritis
2173 5793 2328 5848 super
2351 5785 2561 5840 terram,
2590 5782 2738 5834 erant
2763 5772 2934 5832 soluta
2965 5782 3010 5826 et
3032 5773 3085 5827 in
3112 5770 3240 5829 calo
3263 5771 3482 5848 (Matth.
