4010 6356
218 296 352 383 ἥδ

763 286 1403 349 COMMENTARIORUM
1444 286 1512 346 IN
1551 286 1785 347 ISAIAM
1827 285 2250 347 PROPilE’I‘AM
2290 286 2422 346 LIB.
2464 287 2557 347 Vl.
2596 289 2758 371 CAP.
2802 289 2943 349 XIV.

3398 296 3508 367 926

244 404 533 473 conditum,
564 418 673 477 quo
691 403 816 459 olim
843 405 981 459 Deus
1004 403 1367 467 vestiebatur;
1398 377 1492 456 sed
1517 376 1646 472 quia
1665 416 1815 457 cont-
1840 403 1893 464 Α
1919 397 2042 455 bunt
2070 401 2160 470 qui
2188 403 2482 456 custodiunt
2511 417 2622 456 eam
2647 402 2820 475 (Psal.
2842 418 3023 466 cxxvt,
3045 401 3105 475 2)
3134 421 3146 458 :
3175 404 3296 460 ideo
3329 384 3510 463 nomi-

244 504 461 557 mixtum
497 516 566 554 es
607 500 886 567 Sanguine,
926 507 981 551 et
1008 503 1180 551 totum
1211 512 1272 551 sc
1313 495 1505 566 polluit
1532 509 1631 549 suo
1656 494 1804 561 vitio,

245 606 298 652 et
325 594 469 650 malis
489 591 891 656 accedentibus,
911 604 1016 643 non
1039 589 1145 644 erit
1165 589 1372 643 munda
1394 608 1447 642 n.
1477 589 1541 642 lit
1562 595 1811 657 propter-
1852 632 1859 638 .

244 705 304 746 ea
342 705 437 743 non
463 688 563 742 erit
594 685 850 739 mundum
874 726 887 745 .
918 686 1040 755 quia
1080 693 1280 739 terram
1309 681 1519 738 [ὶοιιιίιιί
1549 682 1805 751 perdidit,

243 778 477 853 populum
510 777 627 846 ejus
663 776 959 841 interiecit,
994 786 1195 830 terram
1232 774 1437 830 Jude
1467 783 1522 829 et
1550 770 1726 847 [Fort.
1753 772 1807 829 id

238 871 335 945 est]
364 884 546 927 terram
575 868 941 924 Confessionis
967 881 1021 922 et
1050 877 1271 922 sanctos
1289 881 1536 937 quosque
1572 865 1808 936 perdens

240 974 385 1035 atque
411 962 738 1018 interliciens
768 980 782 1016 :
817 971 871 1016 et
902 960 1026 1015 ideo
1070 974 1176 1015 non
1226 958 1468 1013 manebit
1508 957 1563 1012 in
1614 972 1808 1027 perpe-

238 1068 399 1114 tuum.
431 1056 575 1114 Unde
612 1068 667 1110 et
712 1056 767 1111 in
809 1054 1104 1125 Evangelio
1151 1052 1387 1107 dicitur:
1415 1049 1498 1104 Ite
1534 1051 1588 1103 in
1636 1050 1806 1122 ignem

237 1162 487 1217 aeternum,
522 1151 611 1219 qui
658 1160 983 1223 purpuratus
1022 1155 1097 1201 est
1141 1143 1347 1200 diabolo
1387 1154 1435 1199 et
1471 1144 1668 1213 angelis
1693 1145 1807 1214 ejus

238 1241 438 1313 (Matth.
467 1258 593 1305 xxv.
615 1242 730 1312 M).
755 1242 1041 1307 Quomodo
1062 1249 1242 1293 autem
1269 1245 1492 1292 Sanctus
1515 1246 1808 1291 vestrttten-

235 1342 336 1388 tum
366 1333 453 1388 ltei
475 1342 581 1399 est,
614 1342 668 1387 et
695 1335 1078 1388 vestimentum
1122 1345 1347 1390 novum,
1376 1335 1431 1383 et
1470 1328 1699 1381 vestitur
1727 1334 1811 1380 tn-

229 1425 340 1481 nica
360 1426 543 1479 salutis
570 1432 733 1494 atque
752 1424 976 1486 liBlilliﬁ,
994 1423 1215 1476 dicens:
1232 1418 1471 1474 Exsultet
1496 1418 1672 1471 aninta
1695 1433 1809 1471 mea

227 1517 275 1573 in
297 1517 505 1571 Domino
523 1533 546 1573 :
581 1517 749 1571 induit
775 1532 909 1571 enim
932 1531 1013 1569 me
1036 1518 1332 1569 vestimento
1350 1511 1555 1575 salutis.
1571 1522 1617 1565 et
1635 1510 1808 1565 tunica

225 1606 401 1666 latitia?
424 1610 767 1666 circumdedit
798 1626 876 1663 nte
909 1606 1043 1680 (Isa.
1071 1623 1180 1669 ut,
1217 1603 1305 1679 i0)
1331 1622 1345 1658 :
1378 1604 1456 1659 sic
1481 1619 1513 1659 e
1532 1603 1809 1659 eontratio

223 1714 475 1775 peccator,
502 1706 603 1770 qui
636 1712 812 1774 paruit
843 1702 1133 1774 imaginem
1156 1698 1357 1753 veteris
1382 1697 1615 1752 hominis
1644 1707 1807 1765 atque

1913 511 2020 551 nos
2069 499 2183 565 ipse
2225 507 2518 567 consurget
2559 498 2821 552 adversus
2858 498 3000 551 lilios
3042 499 3422 568 pessimorum,
3453 510 3511 556 et

1912 587 2193 657 disperdet
2233 588 2303 641 de
2333 587 2656 665 confusione
2683 603 2880 643 nomen
2912 605 3107 643 eorum
3140 602 3190 644 et
3225 576 3502 661 reliquias,

1910 688 1962 732 et
1996 694 2160 731 omine
2182 694 2403 747 germen
2435 688 2490 733 et
2518 695 2852 747 progeniem,
2886 679 3053 753 259
3079 684 3307 735 neultra
3338 682 3511 749 pullu-

1909 772 2018 827 lent
2053 775 2108 828 in
2135 773 2362 828 urbibus
2388 773 2620 828 Domini.
2652 775 2902 841 Legimus
2926 779 2975 827 in
3000 773 3298 845 Evangc-lio
3323 774 3505 849 (Jonn.

1906 863 2048 937 vni),
2097 865 2241 937 quod
2283 864 2535 920 diabolus
2566 866 2635 919 ab
2667 865 2823 919 initio
2875 866 3111 921 mendax
3163 874 3235 921 sit
3262 880 3312 921 et
3356 883 3513 939 pater
3564 888 3575 900 ο

1908 962 2045 1031 ejus,
2081 960 2133 1015 id
2160 970 2263 1024 est.
2294 961 2587 1024 mendacii,
2620 961 2763 1029 quod
2797 960 2949 1014 multi
2974 975 3081 1014 n0tt
3120 962 3511 1029 intelligetttes,

1910 1064 2118 1124 patrem
2150 1054 2355 1107 diaboli
2388 1053 2578 1106 volunt
2602 1066 2724 1107 esse
2750 1055 3069 1116 dracmtetn,
3103 1052 3195 1121 qui
3239 1064 3422 1122 regnet
3458 1056 3512 1109 in

1909 1145 2069 1211 mari,
2096 1160 2256 1216 quem
2288 1144 2501 1199 lleltrmi
2540 1144 2817 1212 appellunt
2850 1142 3157 1221 Leviutltau.
3194 1143 3263 1198 Et
3290 1144 3391 1199 huc
3417 1162 3515 1213 plt-

1911 1249 2024 1295 tant
2057 1241 2177 1294 loco
2198 1239 2498 1294 convenire
2532 1238 2781 1306 praesrttti
2803 1237 2953 1305 juxta
2980 1235 3124 1291 LXX
3154 1237 3508 1306 Interpretes,

1908 1333 2002 1403 qui
2034 1333 2323 1387 dixerunt:
2360 1348 2453 1400 pro
2491 1332 2713 1403 peccatis
2747 1332 2913 1404 patris
2940 1331 3046 1384 tui:
3066 1346 3187 1384 cum
3221 1332 3510 1400 perspicue

1907 1429 1962 1484 in
1999 1427 2248 1490 lleltru-o,
2278 1441 2403 1480 ΑΒΜ
2418 1440 2528 1480 aut
2554 1435 2661 1495 (Dn
2702 1421 2763 1494 Ν)
2787 1423 2895 1494 [ΑΙ.
2920 1423 3190 1498 οΒοτιιυΜ]
3217 1442 3321 1479 non
3343 1423 3508 1498 putris

1909 1519 2005 1579 tui,
2038 1517 2134 1571 sed
2167 1524 2379 1587 patrum
2408 1532 2618 1569 suorum
2650 1519 2937 1585 siguiliret.

1982 1608 2163 1680 (Vers.
2190 1606 2308 1675 2⁸5.)
2343 1606 2408 1659 Et
2444 1622 2631 1678 ponant
2662 1625 2773 1659 enm
2814 1607 2869 1661 in
2901 1608 3275 1674 possessionem
3304 1607 3511 1677 ltericii,

1910 1713 1955 1757 et
1995 1703 2049 1755 in
2078 1700 2297 1771 paludes
2323 1716 2576 1769 aquarum
2600 1716 2618 1754 :
2645 1703 2869 1768 scnpabo
2896 1718 3007 1754 eam
3038 1701 3093 1754 in
3137 1718 3291 1772 scopa
3318 1712 3365 1756 te
3384 1719 3506 1770 'ens,

225 1801 426 1854 terreni.
458 1804 707 1853 nit-retur
744 1795 910 1869 258
933 1794 1121 1850 audire
1144 1809 1158 1846 :
1183 1790 1319 1846 Ecce
1356 1807 1528 1844 omnes
1548 1806 1635 1843 ros
1658 1790 1805 1859 quasi
1834 1783 1884 1844 Β
1910 1796 2033 1851 dicit
2066 1793 2324 1848 Dominus
2352 1795 2693 1850 exercituum.
2739 1793 2878 1849 LXX
2924 1812 2936 1847 :
2975 1793 3040 1849 Et
3070 1812 3257 1868 ponam
3290 1796 3512 1868 Babylo-

220 1892 555 1945 t'estintentum
578 1888 977 1952 oeterascemiui,
1011 1897 1057 1941 et
1084 1887 1220 1940 tinea
1243 1883 1505 1939 deoornbit
1540 1899 1627 1937 ros
1666 1880 1729 1955 (Ie
1749 1899 1800 1936 a.

220 1998 268 2046 ι,
299 1983 372 2052 9).
401 1985 497 2051 Qui
528 1990 721 2036 autem
772 1979 1064 2050 profecerit
1112 1979 1165 2032 in
1194 1980 1429 2040 scelere,
1477 1986 1533 2030 et
1565 1981 1807 2027 Vetusta-

217 2083 315 2131 tem
350 2078 597 2132 noluerit
626 2075 925 2131 emundare
961 2072 1223 2134 novitate,
1262 2084 1601 2138 nequaqan
1636 2078 1737 2121 vett
1759 2065 1805 2121 ri

220 2170 558 2235 vestimento.
596 2171 688 2224 sed
721 2183 900 2239 panno
928 2172 1278 2222 menstruatae
1310 2162 1559 2216 mulieris
1587 2174 1803 2227 compa.

215 2262 410 2318 rabitur
451 2265 651 2318 dicens
685 2278 699 2316 :
736 2260 1054 2320 Eri-animus.
1099 2268 1144 2313 et
1187 2257 1312 2329 [acti
1337 2270 1513 2309 sumus
1552 2251 1806 2307 immundi

216 2370 378 2412 omnes
398 2375 515 2425 nos,
556 2360 693 2411 sicut
723 2372 926 2428 palmus
960 2360 1295 2407 menstruam:
1329 2349 1570 2403 universa
1591 2345 1807 2419 justitia

215 2458 400 2504 nostra.

278 2542 455 2611 (Vera.
477 2542 545 2598 2|
561 2582 580 2605 ,
605 2540 723 2612 22.)
752 2539 940 2595 Semen
963 2537 1323 2608 pessimorum.
1350 2543 1641 2607 prteparate
1667 2532 1806 2601 ﬁlios

212 2645 397 2687 vestros
444 2631 698 2687 occisioni
731 2641 757 2668 ι
786 2630 1114 2703 imquitatum
1151 2640 1357 2701 patrum
1395 2641 1605 2679 suarum
1641 2641 1659 2677 :
1703 2638 1805 2676 non

213 2736 515 2797 censui-gent
545 2741 638 2778 nec
669 2723 1047 2777 Iucteditabunt
1080 2731 1290 2785 terram,
1328 2732 1488 2788 neque
1521 2714 1806 2785 implebunt

211 2818 391 2885 facient
432 2819 579 2872 arbis
603 2816 889 2870 civitatum.
930 2812 997 2869 Et
1027 2828 1334 2884 consurgunt
1365 2825 1517 2881 super
1540 2825 1648 2871 eos.
1681 2806 1807 2860 dicit

212 2901 465 2965 Dominus
492 2911 819 2966 exercituum
854 2924 874 2963 :
904 2919 953 2961 et
981 2907 1195 2980 perdam
1230 2901 1513 2973 Babylonis
1550 2916 1731 2954 nomen
1762 2907 1810 2952 et

206 2999 479 3067 rtliquias.
514 3014 564 3058 et
584 3019 815 3073 germen,
846 3011 893 3057 et
922 3000 1240 3072 progeniem,
1271 2997 1342 3050 ait
1381 2993 1637 3049 Dominus
1664 3006 1813 3046 exer-

203 3093 419 3153 cituum.
478 3094 660 3151 LXX:
697 3095 885 3152 Semvn
910 3096 1209 3163 permotum,
1244 3105 1483 3159 prtepnra
1527 3088 1667 3159 filios
1699 3096 1813 3138 tuos

1908 1888 2046 1941 nium
2074 1889 2350 1948 desertam.
2381 1887 2507 1940 dicit
2532 1884 2807 1946 Dominus.
2834 1888 2906 1940 ita
2934 1898 2985 1939 ut
3009 1887 3235 1941 habitent
3261 1889 3314 1942 in
3339 1907 3398 1944 ea
3423 1891 3513 1943 Ite-

1905 1984 2045 2043 ricii,
2079 1992 2127 2036 et
2156 1983 2254 2036 erit
2283 1983 2335 2035 in
2366 1980 2538 2036 nihili.
2573 1979 2640 2034 Et
2681 1998 2875 2049 ponam
2909 1999 3022 2036 eam
3063 1980 3163 2037 luti
3192 1985 3506 2055 voraginem,

1905 2074 1958 2128 in
1990 2074 2351 2141 perditionem.
2385 2073 2519 2128 Cum
2555 2073 2855 2144 pe'didetit
2890 2075 3148 2129 Dominus
3169 2075 3507 2132 exercituum

1909 2182 2106 2222 nomen
2139 2166 2449 2240 Babylnnis,
2473 2177 2528 2220 et
2558 2168 2836 2236 reliquias,
2867 2176 2921 2220 et
2940 2182 3187 2237 germen,
3217 2177 3274 2224 et
3295 2172 3512 2226 univer-

1908 2273 2023 2314 Sam
2060 2261 2401 2327 progeniem,
2447 2273 2554 2313 non
2586 2259 2691 2313 erit
2719 2259 2837 2327 ejus
2867 2262 3169 2327 perditione
3195 2274 3509 2335 contentus,

1908 2356 2012 2412 nisi
2065 2354 2428 2410 drdnrriteam
2471 2356 2873 2424 poSSessionctn
2920 2355 3139 2422 ltericii,
3187 2365 3243 2412 rt
3288 2358 3513 2428 paludes

1907 2463 2194 2520 aquarum.
2239 2456 2290 2500 et
2325 2445 2633 2517 scopave'il
2681 2460 2799 2500 eam
2848 2443 3017 2500 bnon
3058 2448 3270 2515 le\'|le|‘,
3316 2458 3373 2503 et
3404 2448 3513 2503 for-

1909 2543 2083 2596 tuito:
2114 2538 2210 2596 sed
2247 2552 2431 2594 terens
2464 2548 2519 2592 ιιι
2556 2538 2687 2593 nihil
2722 2540 2773 2593 in
2805 2553 2869 2593 ea
2899 2540 3241 2608 antiquarum
3270 2543 3511 2597 ~ortlium

1907 2636 2161 2692 reddeat.
2205 2634 2260 2689 in
2303 2634 2535 2689 Actibus
2574 2633 2960 2700 Apostolorum
3004 2632 3260 2687 scribitur
3307 2634 3446 2704 (Act.
3476 2649 3512 2691 ι

1908 2739 1963 2784 et
2006 2734 2113 2796 ιι),
2166 2729 2219 2782 in
2246 2742 2375 2782 vase
2408 2726 2504 2781 illo
2537 2726 2726 2786 linteo.
2758 2728 2901 2796 qu'ud
2935 2734 3168 2795 quatuor
3213 2726 3511 2783 demissum

1910 2821 2188 2891 principiis
2217 2822 2490 2892 pendebat
2538 2836 2569 2876 e
2614 2820 2779 2884 casio,
2815 2821 2997 2874 omnia
3032 2835 3229 2889 genera
3274 2822 3514 2890 quadru-

1910 2915 2132 2984 pedum,
2181 2922 2240 2970 et
2271 2914 2569 2981 reptilium,
2602 2927 2653 2969 et
2689 2914 2987 2968 volatiliqu
3034 2916 3325 2979 eotttineri,
3364 2911 3510 2980 quod

1912 3020 2096 3079 postea
2130 3009 2427 3074 Apttst'llls
2468 3009 2769 3071 disserens,
2824 3010 2984 3070 Dens.
3029 3009 3221 3077 inquit,
3268 3007 3512 3064 ostendit

1917 3100 2050 3153 Inibi
2075 3100 2277 3152 nullum
2302 3100 2575 3152 hominem
2596 3098 2930 3153 itmuumlum
2956 3097 3159 3153 dicere.
3177 3099 3355 3153 Mores
3380 3112 3513 3169 ergo

201 3189 458 3241 occisioni
492 3188 691 3257 peccati
722 3187 884 3256 patris
915 3187 990 3240 tui
1020 3202 1039 3240 :
1066 3196 1123 3239 ut
1148 3202 1249 3239 non
1272 3189 1587 3253 consurgant
1612 3191 1659 3233 et
1689 3196 1812 3250 pos-

1920 3193 2204 3247 llOlltittllln
2239 3191 2288 3243 in
2333 3189 2567 3243 diversis
2620 3188 2987 3242 animantibus
3043 3191 3510 3259 monstrabantur,

198 3281 414 3336 sideant
453 3290 672 3346 terram,
703 3292 749 3334 et
791 3282 1033 3346 implrant
1075 3290 1265 3332 terram
1302 3280 1585 3331 cimtutum.
1633 3273 1701 3327 Et
1735 3274 1815 3326 in-

193 3388 427 3447 surgunt
455 3387 554 3438 ets,
588 3374 711 3425 dicit
746 3371 1002 3424 Dominus
1023 3368 1253 3424 Sabaoth
1279 3384 1298 3423 :
1318 3383 1363 3421 et
1387 3366 1684 3431 dispertiunt
1723 3381 1820 3417 no-

198 3483 319 3522 men
366 3482 558 3521 eorum
585 3476 632 3519 et
661 3465 904 3536 reliquias
929 3473 977 3518 et
996 3452 1197 3516 ‘srmen.
1244 3461 1352 3515 Pro
1396 3458 1606 3514 semine
1645 3455 1817 3527 pessi-

203 3577 313 3626 mo,
345 3561 503 3631 quod
540 3556 677 3612 LXX
714 3556 1133 3614 transtulerunt.
1167 3556 1217 3608 in
1248 3552 1513 3608 lli-brairo
1551 3553 1812 3619 scriptum

204 3667 278 3708 est
313 3668 461 3707 una
492 3665 623 3705 IMI
654 3648 878 3722 (am-.2:
903 3653 1045 3716 y‘l't),
1072 3646 1213 3718 quod
1237 3644 1419 3699 caeteri
1449 3658 1620 3697 semen
1650 3639 1813 3710 pessi-

206 3760 410 3799 morum
441 3744 787 3813 interpretati
812 3756 958 3795 sunt.
984 3739 1099 3794 Non
1131 3738 1274 3810 quod
1294 3741 1473 3807 ipsmn
1505 3752 1689 3791 semen
1716 3749 1812 3803 per

208 3841 457 3906 Seipsum
511 3835 715 3889 malum
759 3838 870 3886 sit:
905 3834 1044 3887 Deus
1084 3831 1229 3887 enim
1276 3831 1455 3886 omnia
1503 3830 1625 3884 fecit
1670 3828 1810 3882 lunia

210 3928 422 4002 (Cenes.
446 3928 513 4000 t);
543 3927 630 3984 ~ed
656 3926 725 3981 ab
752 3926 859 3990 bis,
881 3926 971 3997 qui
994 3940 1087 3978 sua
1112 3926 1389 3978 voluntate
1415 3932 1535 3977 sunt
1563 3919 1810 3991 pessimi.

212 4038 404 4077 semen
426 4032 610 4077 ortum
636 4022 705 4077 sit
733 4022 960 4081 malum,
993 4019 1136 4090 quod
1170 4020 1450 4072 voluntate
1479 4020 1556 4077 lit,
1584 4032 1689 4069 non
1718 4030 1811 4068 ua-

213 4121 336 4171 tura
363 4133 377 4166 :
412 4113 571 4171 Unde
595 4123 652 4169 et
681 4115 737 4168 in
772 4113 992 4168 Dauiele
1032 4113 1261 4181 legimus
1291 4128 1303 4162 :
1340 4110 1530 4164 Semen
1561 4106 1814 4163 Chanaan

212 4219 397 4262 etnon
422 4204 566 4261 Inda
594 4207 756 4279 (Dan.
790 4221 904 4270 nu,
937 4204 1057 4274 56).
1089 4204 1156 4257 Et
1182 4204 1249 4258 de
1279 4203 1436 4256 benis
1465 4202 1589 4254 liliis
1618 4200 1815 4254 dicitur

213 4305 284 4358 ab
314 4305 580 4372 Apostolo
605 4322 619 4358 :
653 4301 721 4357 In
741 4301 947 4358 Christo
972 4298 1100 4354 Iesu
1125 4313 1217 4370 per
1240 4294 1583 4368 Evangt‘lium
1610 4312 1701 4366 rgo
1726 4310 1816 4347 vos

214 4394 373 4467 genui
397 4394 444 4465 ιι
472 4392 599 4451 Cor.
623 4411 697 4459 tv.
727 4392 838 4465 15).
877 4394 942 4449 Ει
967 4392 1020 4448 in
1048 4389 1379 4460 Evangelia:
1417 4388 1678 4457 Quotquot
1704 4400 1819 4438 eam

214 4498 549 4557 receperunt,
597 4488 737 4541 dedit
779 4487 854 4540 eis
899 4492 1201 4555 potestatem
1247 4490 1304 4535 ut
1351 4479 1449 4549 ﬁlii
1499 4476 1597 4532 Dei
1636 4477 1819 4546 ﬁerent

215 4574 394 4647 (Joan.
431 4595 475 4644 ι,
511 4578 629 4651 ιιι).
675 4576 867 4633 (intutis
909 4579 1054 4631 euint
1099 4575 1190 4645 qui
1241 4572 1369 4627 facit
1413 4577 1714 4641 peccatum.
1748 4566 1817 4621 de

218 4667 446 4728 diabolo
470 4680 580 4725 est.
615 4670 749 4726 Huic
791 4669 957 4737 igitur
987 4666 1297 4736 pracipitur
1328 4665 1547 4724 semini.
1578 4670 1637 4715 ιιι
1679 4658 1820 4713 ﬁlios

217 4777 367 4833 suos,
391 4778 592 4820 omnes
619 4763 832 4820 scilicet
860 4762 1227 4833 cogitationes
1252 4758 1540 4828 pessimus,
1566 4768 1621 4810 et
1650 4767 1817 4823 opera

221 4856 382 4921 mala.
415 4868 691 4930 praeparet
733 4854 1020 4920 occisimi,
1063 4869 1185 4925 quae
1229 4868 1295 4908 ex
1329 4853 1508 4924 impiis
1539 4861 1660 4906 nata
1691 4856 1821 4905 sunt

221 4950 512 5016 patribus,
561 4948 704 5004 baud
747 4948 973 5003 dubium
1021 4944 1153 5015 quin
1203 4946 1505 4999 contrarias
1551 4942 1822 5013 signiticet

217 5030 601 5097 'lurtitmliues.
640 5040 742 5108 Qui
793 5039 1016 5112 pessimi
1065 5037 1159 5093 lilii
1199 5036 1323 5092 ideo
1372 5035 1716 5092 trucidantur
1766 5037 1822 5106 in

224 5131 608 5205 iniquitatibus
631 5148 843 5206 patrum
872 5150 1117 5193 suorum.
1146 5149 1213 5188 ue
1241 5133 1379 5187 ultra
1409 5143 1739 5202 eousurgaut
1766 5139 1824 5185 et

227 5234 552 5296 possideant
597 5239 825 5296 terrain,
866 5244 986 5301 quze
1013 5244 1042 5283 a
1072 5227 1275 5283 sanctis
1302 5226 1628 5297 possidenda
1656 5234 1740 5279 est
1768 5233 1825 5279 et

223 5317 530 5391 implendi,
562 5333 621 5380 ut
666 5325 912 5379 civitates
948 5323 1002 5377 in
1046 5337 1109 5379 ea
1156 5321 1367 5375 Domini
1412 5328 1821 5375 construantur.

226 5412 292 5469 Et
319 5417 452 5486 quia
498 5433 605 5473 non
650 5429 737 5474 est
763 5417 1041 5473 hominum
1089 5415 1330 5488 perlecta
1373 5413 1603 5470 victoria
1643 5430 1658 5467 :
1706 5411 1829 5468 Nisi

1913 3284 2051 3336 sit-nt
2098 3281 2355 3343 Pltarisa-i
2394 3291 2446 3333 et
2489 3278 2772 3334 Saddua-zri
2818 3289 3040 3348 propter
3070 3280 3366 3347 nequitiam
3417 3297 3513 3353 ap-

1916 3377 2187 3447 pellantur
2215 3374 2492 3442 genituina
2525 3374 2856 3440 viperarum,
2887 3380 2943 3427 et
2970 3384 3191 3443 propter
3219 3374 3267 3427 (Ι.
3293 3374 3376 3429 los
3406 3375 3515 3431 He-

1916 3469 2079 3524 rodes
2125 3468 2310 3538 vulpes
2341 3468 2539 3522 dicitur
2572 3464 2722 3537 (Luc.
2764 3480 2819 3519 tu
2861 3475 2910 3519 et
2964 3464 3104 3536 xm);
3144 3478 3194 3520 et
3251 3466 3515 3524 luxuriosi

1917 3561 2184 3633 pronique
2239 3560 2304 3615 ad
2362 3561 2723 3628 voluptatem,
2779 3559 2906 3627 equi
2945 3559 3314 3629 appellantur,
3373 3560 3515 3614 insa-

1914 3657 2128 3710 nit-mes
2160 3653 2212 3707 in
2247 3653 2477 3707 fetutinas
2508 3648 2723 3721 (Jrrem.
2766 3653 2820 3722 ν)
2851 3669 2863 3704 :
2907 3651 2992 3715 Ει,
3026 3650 3188 3705 nolite
3224 3650 3339 3718 ﬁeri
3382 3651 3517 3707 sicut

1912 3764 2070 3816 equus
2102 3757 2149 3801 et
2175 3747 2366 3813 mulus,
2400 3747 2452 3799 in
2495 3744 2676 3815 quibus
2708 3762 2808 3800 non
2838 3755 2913 3800 est
2940 3743 3288 3818 intelligentia
3337 3743 3511 3817 (Psnl.
3582 3784 3585 3787 η

1913 3846 2121 3911 xxxiv).
2161 3842 2199 3895 li
2230 3842 2509 3895 rnotiario
2555 3838 2900 3904 inuam-mes,
2942 3841 3208 3896 columba:
3248 3848 3517 3895 vocantur

1912 3944 1967 3989 ct
1996 3949 2143 3989 oves.
2177 3933 2346 4004 Igitur
2369 3932 2524 4002 juxta
2570 3933 2873 3986 doctrinam
2919 3930 3136 3986 Domini
3188 3927 3512 3999 Salvatmis,

1914 4027 2003 4094 qui
2058 4041 2217 4080 curas
2261 4024 2417 4078 istius
2456 4024 2641 4079 saeculi
2684 4032 2739 4078 et
2779 4022 3152 4078 Seductiouent
3198 4020 3512 4077 divitiarum

1914 4120 2102 4188 Spinas
2148 4118 2464 4188 appellavit,
2499 4116 2735 4169 lteric-ius
2784 4113 2917 4168 mihi
2951 4114 3182 4174 videtur,
3238 4111 3334 4181 qui
3358 4112 3512 4180 juxta

1915 4211 2258 4281 Ap~'8lttllllll,
2291 4209 2491 4281 gaudet
2518 4208 2572 4262 in
2602 4205 2813 4262 incerto
2834 4203 3143 4260 divitiarqu
3175 4202 3219 4276 (l
3253 4201 3384 4258 Tim.
3415 4200 3513 4277 vn),

1920 4315 1973 4359 et
2001 4316 2265 4358 armatqu
2293 4318 2354 4358 se
2396 4316 2506 4356 non
2539 4308 2814 4355 armatura
2853 4298 2969 4362 Dei,
3004 4297 3098 4355 sed
3131 4296 3304 4367 spinis
3347 4309 3515 4369 atque

1924 4394 2160 4463 peccatis
2191 4396 2353 4459 ltujus
2386 4392 2571 4446 mundi
2604 4408 2725 4447 esse
2777 4391 3022 4452 conlidit.
3072 4393 3158 4449 Cui
3210 4393 3516 4450 rectissime

1921 4484 2123 4539 dici'ur
2154 4486 2282 4538 illud
2309 4483 2729 4554 Evangelicum:
2756 4481 3062 4546 StulteJtac
3081 4495 3227 4540 nocte
3252 4484 3516 4553 auferetur

1922 4581 2109 4630 anima"
2140 4587 2232 4629 tua
2258 4592 2291 4628 a
2315 4584 2385 4638 te,
2416 4590 2531 4645 qua:
2560 4584 2732 4629 autem
2759 4578 2960 4644 parasti
2989 4580 3139 4651 cujus
3170 4588 3317 4632 erant
3361 4577 3514 4650 (Luc.

1923 4687 2019 4731 xu.
2048 4668 2178 4742 20)?
2211 4668 2370 4722 'l‘ales
2403 4666 2738 4721 habitatores
2770 4665 2934 4721 halu-t
3154 4669 3394 4739 Babylon
3427 4669 3521 4726 tle-

1916 4758 2402 4822 Serta'virtutibns,
2451 4755 2540 4811 ulti
2574 4769 2682 4810 non
2714 4768 2794 4812 est
2838 4771 2968 4826 ager
2997 4758 3274 4827 irriguos,
3306 4757 3401 4825 qui
3434 4756 3517 4811 af-

1920 4857 2056 4911 terat
2092 4854 2296 4909 fructus
2324 4850 2671 4907 diversorum
2705 4848 2997 4915 semimnn,
3028 4850 3121 4905 sed
3165 4846 3393 4920 paludes
3443 4850 3525 4906 in-

1924 4947 2154 5012 fertiles.
2184 4959 2239 5004 et
2271 4948 2477 5001 limosa!
2508 4959 2574 4999 ac
2604 4944 2831 5008 lutosm,
2877 4944 2929 4997 in
2961 4942 3158 5015 quibus
3204 4957 3363 4998 cinno
3390 4959 3524 5016 gau-

1923 5041 2104 5096 dentia
2136 5047 2355 5110 reptant
2373 5036 2649 5091 animalia.
2667 5036 3033 5104 Quamobrem
3056 5037 3523 5097 clentettlis‘simtts

1926 5135 2190 5192 Dominus
2238 5131 2632 5200 scapaviteam
2673 5132 3161 5187 vehementissime
3213 5142 3419 5196 terens.
3470 5142 3525 5187 et

1925 5228 2080 5298 quasi
2128 5222 2362 5296 quodam
2392 5221 2669 5278 verrit-nlo
2715 5220 2823 5295 [ΑΙ.
2871 5222 3203 5296 everriculo]
3233 5224 3297 5277 ad
3331 5240 3523 5292 purum

1927 5339 2097 5393 usque
2125 5318 2427 5377 inundavit.
2462 5328 2519 5373 ut
2548 5316 2843 5390 Babylonia
2873 5323 3082 5373 sentina
3133 5324 3380 5385 pereant,
3412 5327 3467 5372 et
3495 5332 3526 5373 a

1926 5414 2061 5468 solis
2090 5412 2403 5466 ltabiteulur
2435 5409 2677 5464 ltericiis.
2709 5409 2936 5477 Quando
2964 5411 3265 5462 viderimus
3291 5408 3527 5476 aliquem

224 5511 362 5563 enim
392 5507 656 5567 Dominus
681 5511 978 5566 custodierit
1024 5510 1300 5576 civitatem,
1329 5509 1382 5563 in
1424 5523 1611 5562 vanum
1647 5506 1833 5578 vigila-
1902 5491 2248 5565 "divitiarum
2282 5505 2599 5559 itumersum
2632 5502 2769 5566 luto,
2803 5509 2858 5554 et
2887 5509 2947 5555 ut
2997 5498 3143 5555 LXX
3186 5499 3534 5569 interpretati

299 5709 327 5740 ⁸
352 5699 496 5756 Cum
530 5696 762 5766 Vulgata
791 5693 1091 5762 lnterprete
1117 5690 1316 5766 Vatic.,
1353 5691 1406 5746 in
1443 5686 1735 5766 iniquitate,
1768 5699 1826 5747 et

229 5770 403 5844 penes
432 5766 607 5835 LXX,
636 5759 853 5837 peccatis
884 5759 979 5836 pro
1006 5764 1201 5838 peccati
1225 5779 1244 5819 :
1279 5759 1737 5834 quemadmodum
1775 5770 1830 5818 et

1932 5687 1989 5747 in
2009 5687 2251 5745 subnexa
2274 5681 2618 5755 expositione
2642 5691 2959 5740 constanter
2986 5682 3229 5753 praefert.

2006 5759 2037 5802 δ
2074 5759 2242 5820 Addit
2273 5757 2446 5816 Vatic.
2479 5771 2660 5826 scopa.
