4010 6312
504 260 612 335 ss't
1694 226 1707 236 ’
1750 252 1807 318 s.
1852 244 2124 319 EUSEBII
2164 233 2548 317 HlEitONYMl
3696 218 3813 300 iss

502 396 655 451 sunt,
687 382 950 446 barathro,
1000 379 1105 436 hoc
1133 386 1217 434 est
1245 368 1514 448 profunda
1546 370 1830 443 voragine,
1864 382 1919 428 et
1946 372 2103 442 quasi
2131 380 2179 437 Α
2208 386 2304 429 xu.
2335 362 2457 441 52)?
2493 372 2549 423 et
2570 364 2768 420 caetera
2807 354 2891 416 bis
2924 350 3147 421 similia:
3184 348 3281 414 sed
3316 364 3416 426 pro
3455 346 3807 424 impossibiii.

503 488 723 537 eosnosa
758 474 952 547 palude
980 469 1335 538 circumdari,
1369 485 1476 525 non
1516 459 1831 523 dubitemus
1857 480 1978 520 eum
2010 480 2106 536 ap-

500 574 709 648 pellare
741 564 1033 634 hericium,
1067 564 1426 625 habitatorem
1457 563 1691 619 desertae
1714 556 2030 634 Babylonis.

577 664 599 740 (
607 658 763 720 Vers.
776 661 869 726 Ξι,
883 652 976 717 ‘25.
988 659 1008 730 )
1021 656 1228 715 Iuravit
1242 650 1495 713 Dominus
1506 654 1827 711 exercituum
1838 648 2035 718 dicens,
2060 650 2107 706 si

503 760 606 813 non
626 756 873 827 utputaui
894 756 967 810 ita
980 752 1098 819 erit,
1122 754 1169 808 el
1188 746 1446 821 quomodo
1476 756 1643 804 mente
1667 742 1883 802 tractavi
1901 747 1978 800 sic
1996 760 2106 799 eve-

498 853 630 920 niet,
649 861 703 908 ut
725 862 988 906 conteram
1002 842 1272 923 Assyrium
1296 842 1348 900 in
1375 856 1512 901 terra
1532 859 1667 908 mea,
1691 851 1739 897 et
1767 836 1824 895 in
1846 830 2108 894 montibus

498 944 628 1001 meis
649 939 945 1000 conculcem
973 957 1112 996 cum.
1146 934 1213 994 Et
1235 932 1500 1007 auferetur
1526 932 1588 989 ab
1604 926 1676 988 eis
1687 935 1878 1007 jugum
1890 933 2027 1003 ejus,
2057 938 2106 983 et

503 1054 633 1093 onus
652 1033 797 1091 illius
809 1034 874 1089 ab
888 1033 1104 1089 humero
1115 1047 1293 1087 eorum
1313 1020 1843 1095 tolletur.Postquam
1870 1018 2107 1078 herieitls

501 1125 831 1186 habitaverit
857 1126 909 1184 in
933 1123 1149 1183 deserta
1180 1118 1479 1197 Babylone,
1503 1124 1559 1176 et
1585 1135 1687 1192 pro
1715 1110 1862 1188 agris
1887 1112 2107 1186 irriguis

502 1236 569 1279 ac
600 1218 870 1278 fertilibus
903 1212 1130 1289 paludes
1158 1225 1353 1273 cuneta
1382 1214 1702 1286 aperuerint
1729 1227 1745 1265 :
1780 1206 1852 1263 ita
1881 1214 1940 1262 ut
1971 1198 2107 1261 nihil

501 1314 721 1390 pristini
750 1310 980 1373 seminis
1006 1321 1063 1369 et
1086 1308 1439 1369 abundantiae
1463 1302 1515 1363 in
1538 1299 1817 1377 Babylone
1842 1301 2101 1366 resideat,

497 1403 871 1481 juratueutum
920 1398 1139 1462 Domini
1182 1394 1569 1473 coinplebit‘ur,
1602 1409 1658 1452 et
1693 1394 1912 1451 eveniet
1961 1391 2106 1462 quod

503 1512 689 1559 mente
716 1501 988 1561 tractavit,
1014 1499 1073 1554 ut
1097 1506 1418 1554 conteratur
1444 1488 1702 1562 Assyrius
1725 1486 1777 1542 in
1800 1493 1945 1541 terra
1964 1484 2104 1555 ejus,

501 1603 560 1652 et
592 1596 644 1650 in
680 1594 958 1650 montibus
988 1586 1132 1647 illius
1161 1588 1540 1647 conculcetur.
1571 1577 1757 1638 Hostis
1801 1577 1999 1651 quippe
2029 1587 2109 1633 te-

505 1689 796 1753 merarius,
827 1701 932 1741 non
955 1684 1131 1740 solum
1151 1695 1350 1738 terram
1380 1674 1475 1735 Dei
1497 1672 1858 1733 ethumiliora
1880 1683 2110 1742 qumque

2206 460 2399 517 [Vultus
2427 456 2573 515 enim
2604 455 2809 528 poterit
2834 448 3046 509 iiuminl
3078 448 3359 507 infirmare
3385 446 3680 504 coasillum
3700 487 3716 513 ,
3757 454 3817 501 et

2207 562 2427 610 multum
2457 546 2577 623 ejus
2605 556 2885 608 extentam
2920 550 3037 604 sive
3067 542 3384 612 sublimem,
3418 552 3488 598 ne
3519 541 3813 615 percutiat,

2205 650 2482 702 avertere.

2282 731 2461 813 (νεα.
2475 730 2566 804 28,
2588 734 2834 809 seqq.)ln
2863 748 3002 789 αηηο
3022 735 3372 806 quomortuus
3395 728 3473 784 est
3492 736 3591 783 rex
3612 719 3813 795 Actias,

2206 830 2403 906 factum
2426 834 2500 888 est
2529 824 2842 886 onusisfud.
2871 822 2954 883 Ne
2974 826 3183 894 litteris,
3212 815 3523 879 Philisthtta
3551 821 3813 888 σηπίδια,

2205 922 2447 999 quoniam
2487 925 2802 980 comminuta
2845 924 2917 977 est
2954 919 3100 994 virga
3130 914 3446 992 percussoris
3480 914 3579 971 tut.
3612 906 3692 970 De
3718 922 3816 969 ra-

2207 1016 2320 1073 dice
2348 1018 2486 1074 enim
2509 1015 2708 1071 colubri
2738 1010 3028 1086 egredietur
3047 1010 3280 1085 regulus,
3310 1016 3357 1064 et
3385 1018 3557 1064 semen
3588 999 3704 1079 ejus
3725 1000 3820 1060 ab-

2205 1112 2416 1168 sorbens
2445 1108 2721 1165 uolucrem.
2746 1098 2813 1161 Et
2840 1112 3115 1178 pascentur
3143 1097 3474 1177 primogeniti
3503 1110 3818 1172 pauperum,

2206 1216 2255 1263 et
2283 1222 2533 1280 pauperes
2564 1196 2878 1275 ﬁducialiter
2912 1196 3250 1274 requiescent,
3292 1208 3335 1255 e’.
3369 1186 3580 1253 interire
3621 1192 3823 1267 faciant

2206 1297 2346 1369 fame
2368 1292 2593 1352 radicem
2616 1308 2780 1362 luam,
2800 1302 2846 1351 et
2870 1288 3118 1367 reliquias
3146 1296 3259 1347 tuas
3279 1284 3606 1361 interﬁciant.
3631 1283 3819 1344 LXX:

2209 1386 2359 1442 Anno
2386 1404 2485 1459 quo
2515 1398 2749 1441 mortuus
2774 1389 2849 1440 est
2880 1399 2972 1439 rex
2997 1378 3172 1438 Aelius
3194 1382 3389 1455 factum
3407 1391 3479 1436 est
3504 1379 3715 1436 verbum
3741 1382 3822 1434 ts-

2209 1474 2302 1535 tud
2320 1497 2338 1535 :
2356 1476 2717 1547 Neltetemini,
2738 1470 3045 1552 alienigena!
3066 1492 3265 1542 omnes,
3284 1474 3561 1529 contritum
3579 1480 3659 1529 est
3681 1470 3823 1528 enim

2200 1570 2388 1645 jngum
2424 1572 2534 1646 ejus
2571 1573 2658 1643 qui
2700 1571 3015 1645 percutiebat
3058 1582 3165 1625 vos.
3214 1562 3485 1642 Siquidem
3527 1584 3594 1624 ea:
3622 1565 3822 1622 semine

2209 1664 2460 1739 serpentis
2488 1662 2814 1738 egredientur
2839 1658 3105 1737 genimina
3131 1658 3395 1734 aspidum,
3428 1667 3477 1717 et
3505 1671 3570 1716 ea:
3595 1659 3823 1735 genimi-

496 1750 789 1847 acaupare'
816 1770 1063 1843 festinat,
1094 1766 1191 1831 sed
1224 1775 1389 1830 etiam
1421 1787 1542 1836 eos,
1571 1769 1660 1838 qui
1692 1766 1746 1822 in
1781 1760 1875 1820 Dei
1922 1761 2100 1818 servi-
2133 1756 2183 1824 B
2207 1750 2356 1812 nibus
2386 1773 2565 1811 eorum
2599 1754 2931 1826 egredientur
2951 1760 3212 1827 serpentes
3232 1752 3446 1826 pennati
3473 1793 3485 1807 .
3519 1761 3571 1807 et
3600 1764 3824 1825 pascen-

498 1881 613 1928 tute
645 1872 938 1926 virtutibus
967 1868 1341 1940 profecerunt,
1375 1864 1452 1920 ita
1482 1875 1542 1919 ut
1573 1856 1855 1918 montibus
1880 1870 2106 1926 compa-

495 1970 708 2028 rentur,
736 1971 794 2018 et
822 1958 1038 2017 dicatur
1064 1960 1135 2016 de
1156 1959 1238 2015 eis
1263 1976 1277 2013 :
1305 1956 1680 2013 Fundamenta
1705 1950 1821 2026 ejus
1839 1952 1891 2005 in
1917 1948 2109 2003 monti-

500 2046 596 2110 bus
626 2055 820 2110 sanctis
863 2046 982 2125 (Ps.
1018 2065 1236 2118 Lxxxvt,
1294 2044 1371 2121 ί).
1420 2042 1489 2104 Ει
1537 2057 1661 2102 nota
1692 2040 2101 2116 proprietatem.

499 2139 560 2203 lit
588 2157 733 2203 terra
764 2146 1107 2202 conteritur:
1139 2145 1193 2199 in
1218 2140 1493 2198 montibus
1514 2136 1608 2194 Dei
1638 2132 1707 2193 ab
1730 2138 1847 2206 ipso
1873 2128 2107 2190 Domino

499 2240 876 2297 Conculcatur.
910 2228 1047 2294 Cum
1079 2234 1230 2294 enim
1263 2249 1455 2289 omnes
1484 2228 1689 2287 inimici
1709 2224 1877 2301 positi
1908 2224 2110 2281 fuerint

497 2332 602 2393 sub
649 2333 877 2406 pedibus
928 2324 1153 2395 Christi,
1207 2329 1280 2384 ita
1328 2333 1388 2383 ut
1439 2324 1743 2381 novissima
1792 2321 2109 2376 destruatur

498 2434 653 2484 mors
673 2468 688 2492 ,
723 2430 854 2481 tunc
882 2423 1164 2481 auferetur
1191 2437 1223 2477 a
1254 2419 1462 2477 sanctis
1487 2414 1867 2489 gravissimum
1915 2410 2107 2481 jugum

498 2514 736 2593 Assyrii,
767 2535 877 2591 quo
923 2533 1021 2573 eos
1050 2524 1178 2572 ante
1205 2512 1583 2585 depresserat,
1615 2516 1671 2565 et
1709 2516 1869 2572 Onus,
1905 2505 2021 2559 sive
2050 2510 2111 2557 ut

500 2604 649 2670 LXX
679 2608 1081 2667 transtulerunt
1114 2600 1289 2669 κῦδος,
1322 2602 1376 2660 id
1404 2610 1508 2671 est,
1539 2596 1734 2674 gloria,
1767 2599 1835 2654 ab
1879 2597 2108 2650 humero

497 2712 691 2762 eorum
725 2705 971 2765 tolletur,
1006 2704 1065 2754 ut
1113 2698 1331 2754 sublato
1352 2695 1484 2766 jugo
1510 2690 1860 2764 Assyriorum
1890 2686 2111 2743 videant

499 2798 774 2868 requiem,
820 2796 946 2864 quia
997 2792 1139 2847 bona
1169 2798 1274 2855 est,
1319 2795 1374 2845 et
1403 2796 1625 2851 terram,
1668 2782 1791 2855 quia
1835 2778 2108 2837 uberrima

501 2896 608 2959 est,
639 2896 697 2945 et
726 2893 1039 2960 supponaut
1063 2882 1309 2941 cervices
1339 2892 1466 2937 suas
1516 2879 1650 2951 jug‘o
1678 2874 1884 2933 Christi
1932 2873 2000 2929 ad
2033 2871 2111 2928 la-

2208 1855 2292 1905 tur
2320 1866 2571 1922 pauperes
2597 1864 2688 1918 per
2712 1864 2850 1914 eum,
2871 1853 2919 1904 et
2946 1862 3198 1918 pauperes
3230 1842 3465 1901 homines
3492 1840 3550 1899 in
3581 1856 3711 1909 pace
3732 1856 3822 1899 re-

2207 1943 2488 2013 quiescent.
2522 1938 2811 2012 Interﬁciet
2834 1950 3008 1994 autem
3028 1940 3080 1994 in
3105 1943 3243 2010 [ante
3262 1952 3433 1994 semen
3461 1946 3635 2003 tuum,
3659 1947 3709 1992 et
3734 1947 3819 1992 re-

2209 2032 2397 2110 liquias
2422 2047 2539 2092 tuas
2573 2034 2787 2092 occidet.
2814 2030 3024 2090 Mortuo
3051 2031 3250 2099 Achaz,
3297 2034 3387 2103 qui
3418 2030 3821 2101 interpretatur

2209 2130 2553 2205 κατάσχεσις,
2570 2126 2621 2185 id
2645 2138 2750 2197 est,
2769 2126 3018 2194 obtentio,
3042 2122 3205 2201 262
3221 2126 3335 2182 ~ive
3358 2126 3637 2198 possessio,
3653 2136 3816 2197 quem

2209 2239 2394 2295 regem
2423 2218 2808 2292 impiissimum
2834 2221 3085 2292 legimus,
3119 2216 3182 2274 lit
3225 2214 3438 2289 pondus
3478 2216 3623 2273 istud
3655 2228 3822 2290 super

2208 2309 2563 2383 Philisthitm,
2587 2315 2706 2371 sive
2734 2313 2984 2369 verbum.
3034 2311 3272 2367 Vivente
3309 2310 3455 2366 enim
3498 2306 3617 2378 illo,
3641 2320 3695 2365 et
3733 2322 3820 2365 re-

2209 2420 2409 2482 gnante
2435 2409 2488 2464 in
2526 2407 2932 2478 peccatoribus,
2965 2420 3067 2461 nec
3089 2404 3304 2476 pondus
3332 2413 3526 2460 contra
3549 2402 3820 2474 alienige-

2209 2516 2332 2567 nas,
2359 2515 2462 2556 uec
2483 2496 2669 2556 sermo
2690 2492 2787 2554 Dei
2812 2495 2927 2553 fieri
2952 2504 3160 2568 poterat
3186 2493 3253 2550 ad
3279 2492 3634 2565 PrOphetam.
3655 2493 3819 2562 Quod

2208 2593 2429 2667 quidem
2471 2603 2527 2649 et
2560 2608 2726 2664 supra
2770 2588 2980 2647 diXisse
3028 2604 3116 2644 me
3145 2585 3390 2653 memini,
3423 2586 3640 2658 Quando
3681 2582 3819 2641 Ozia

2209 2700 2449 2752 mortuo,
2480 2687 2619 2744 vidit
2638 2682 2809 2744 Isaias
2837 2682 3132 2741 Dominum
3165 2683 3445 2739 sedentem
3470 2691 3635 2751 super
3658 2680 3816 2736 thro-

2209 2801 2339 2841 num
2378 2778 2657 2839 excelsum
2705 2792 2756 2836 et
2799 2776 3093 2834 elevatum.
3140 2769 3210 2831 Et
3248 2774 3300 2830 in
3345 2768 3539 2830 Exodo
3581 2773 3819 2843 legimus

2211 2872 2408 2951 (Exod.
2445 2872 2610 2947 xm),
2657 2873 2802 2945 quod
2844 2882 3131 2945 postquam
3177 2880 3421 2925 mortuus
3451 2877 3537 2923 est
3580 2881 3678 2922 rex
3717 2860 3817 2923 E-

501 2957 847 3046 horandum,
868 2988 925 3036 et
954 2976 1083 3034 haut
1133 2977 1232 3033 viri
1264 2969 1543 3047 agricolae.
1576 2968 1736 3029 Unde
1765 2977 1822 3026 et
1864 2966 2110 3024 Issachar
2206 2972 2381 3042 gypti,
2425 2963 2792 3040 ingemuerint
2839 2962 2937 3018 [illi
2981 2957 3151 3019 Israel
3180 2957 3249 3016 ab
3279 2958 3539 3031 operibus
3582 2959 3717 3023 suis,
3761 2968 3821 3014 et

499 3075 595 3149 qui
643 3073 1037 3143 interpretatur
1079 3076 1155 3124 est
1183 3078 1403 3133 merces,
1442 3076 1511 3121 ex
1560 3058 1853 3119 virtutibus
1905 3071 2106 3116 nomen
2138 3130 2176 3149 Δ
2212 3063 2668 3129 exclamarerint,
2701 3068 2755 3115 et
2794 3052 3105 3114 ascenderit
3127 3054 3335 3111 clamor
3358 3064 3546 3109 eorum
3575 3050 3644 3107 ab
3674 3062 3819 3118 Ope-

502 3130 735 3238 ;Ccepit.
768 3130 830 3220 fit
865 3165 920 3219 in
953 3155 1229 3232 Propheta
1253 3130 1516 3230 legimus:
1549 3150 1644 3209 Est
1678 3166 1868 3208 merces
1901 3150 1981 3206 his
2017 3151 2105 3219 qui

2211 3156 2385 3224 ribus,
2417 3165 2472 3212 et
2512 3148 2818 3212 exaudierit
2865 3152 3128 3207 Dominus
3173 3152 3410 3220 gemitus
3442 3160 3655 3203 eorum.
3698 3142 3821 3200 Nisi

501 3262 731 3317 serviunt
774 3252 999 3313 Domino
1030 3252 1253 3327 (Jerem.
1285 3260 1438 3312 xui,
1474 3246 1588 3319 ili);
1616 3250 1671 3302 et
1698 3246 1750 3301 in
1782 3245 1893 3300 alio
1934 3244 2058 3299 loco
2089 3260 2103 3300 :

503 3344 642 3408 Ecce
663 3343 943 3412 Dominus,
973 3354 1021 3403 et
1050 3360 1243 3401 merces
1274 3346 1388 3418 ejus
1411 3342 1571 3415 261
1598 3352 1717 3395 cum
1746 3354 1803 3394 eo
1832 3334 1987 3411 (1δαὶ.
2015 3344 2102 3405 ιι,
2148 3348 2151 3353 '

456 3472 463 3480 '
503 3438 622 3518 10),
672 3443 768 3517 qui
818 3440 1014 3499 reddet
1053 3434 1351 3509 unicuique
1393 3431 1698 3492 secundum
1742 3444 1883 3503 opus
1924 3442 2105 3486 suum.

504 3534 665 3607 Quod
694 3544 880 3591 autem
908 3534 1262 3591 conterantur
1282 3536 1341 3583 et
1368 3524 1762 3582 conculcentur
1785 3521 2024 3593 Assyrii,
2055 3518 2108 3574 id

502 3639 609 3698 est,
642 3629 934 3685 contrariae
966 3622 1337 3685 fortitudines,
1364 3625 1420 3674 et
1450 3613 1583 3673 illud
1612 3612 2001 3686 Evangelicum
2014 3610 2110 3668 do—

503 3728 593 3781 cet
617 3740 630 3776 :
661 3721 796 3777 Ecce
824 3716 948 3774 dedi
968 3715 1114 3772 vobis
1132 3718 1435 3787 potestatem
1459 3706 1700 3764 calcandt
1719 3718 1875 3776 super
1899 3714 2111 3775 serpen-

508 3826 602 3882 tes,
653 3823 701 3871 et
748 3811 1065 3885 scorpiones,
1099 3818 1149 3863 et
1196 3816 1351 3877 super
1398 3812 1601 3858 onmem
1650 3800 1889 3855 uirtutem
1915 3797 2112 3851 inimici

511 3902 737 3981 (Luc.x,
772 3904 886 3976 i9).
919 3906 984 3959 Et
1011 3894 1263 3973 Apostoli
1292 3894 1456 3955 verba
1487 3899 1787 3952 testantur:
1816 3891 1958 3948 Deus
1986 3904 2111 3947 con-

507 4001 632 4056 teret
684 3994 939 4056 Satanam
986 3992 1080 4050 sub
1142 3991 1355 4063 pedibus
1404 3988 1587 4044 uestris
1639 3986 1878 4043 uelociter
1928 3983 2108 4058 (Rom.

508 4106 619 4159 xvi,
640 4090 758 4164 20).
1112 4104 1115 4105 '
1786 4084 1791 4089 ‘

585 4186 769 4257 (Vers.
799 4183 892 4249 26,
921 4180 1043 4255 27.)
1083 4177 1195 4237 Hoc
1225 4178 1498 4236 consilium
1527 4170 1666 4250 quod
1690 4170 1932 4247 Cogitavit
1957 4186 2113 4241 super

511 4292 715 4335 omnem
746 4286 959 4341 terram,
991 4282 1038 4328 et
1066 4272 1178 4328 hare
1206 4287 1390 4327 manus
1430 4275 1639 4325 extenta
1666 4278 1822 4339 super
1849 4264 2112 4320 universas

509 4384 703 4451 gentes.
737 4370 992 4428 Dominus
1023 4366 1161 4425 enim
1189 4371 1509 4424 exercituum
1529 4362 1773 4427 decrevit.
1801 4374 1850 4419 et
1871 4363 1987 4434 quis
2013 4375 2111 4434 po-

508 4469 625 4525 terit
654 4463 961 4539 inﬁrmare?
991 4456 1057 4518 Et
1087 4477 1273 4516 manus
1301 4458 1410 4532 ejus
1439 4464 1665 4524 extenta,
1700 4466 1752 4513 et
1777 4457 1891 4528 quis
1920 4463 2111 4510 avertet

506 4558 658 4621 eam?
681 4558 784 4617 Pro
805 4556 955 4615 ontnl
980 4564 1125 4613 terra
1153 4547 1300 4611 LXX
1319 4554 1616 4608 universum
1645 4551 1821 4606 orbem
1844 4550 2111 4616 Interpre-

509 4660 605 4714 tati
636 4664 766 4712 sunt
815 4655 867 4710 in
900 4648 1009 4710 fine
1037 4650 1225 4708 oneris
1267 4646 1352 4706 vel
1382 4647 1613 4705 visionis
1637 4650 1825 4702 coiitra
1875 4640 2112 4715 Babylo-

505 4767 653 4807 nem.
686 4744 842 4818 Quod
879 4744 1087 4802 latebat
1119 4743 1397 4810 aperitur.
1429 4734 1603 4796 Deum
1628 4734 1909 4815 “cogitasse
1933 4732 2115 4788 consl-

503 4841 638 4898 lium
662 4855 827 4908 super
856 4851 1075 4892 omnem
1108 4842 1331 4897 terram,
1368 4828 1421 4886 id
1453 4834 1561 4896 est,
1591 4823 1785 4883 orbem
1816 4834 2107 4891 terrarum,

505 4944 564 4992 et
591 4948 698 4988 non
727 4938 915 4989 contra
961 4944 1161 4987 terram
1190 4934 1400 4983 tantum
1431 4917 1813 4981 Chaldaeorum
1839 4922 1896 4975 et
1925 4930 2108 4989 regem

506 5022 796 5097 Assyrium
827 5036 991 5092 atque
1018 5016 1366 5076 Chaldaeum:
1395 5022 1453 5074 et
1476 5024 1753 5073 extentam
1786 5013 1899 5069 sive
1928 5014 2111 5067 eleva-

506 5128 618 5176 tam
650 5132 869 5173 mamun
901 5103 1021 5185 ejus
1054 5129 1217 5184 super
1244 5128 1436 5168 ontues
1464 5120 1678 5181 gentes,
1705 5116 1761 5164 et
1805 5123 1912 5163 non
1945 5120 2110 5177 super

505 5229 670 5272 unam
697 5220 915 5283 gentem
943 5203 1321 5280 Babyloniam.
1340 5200 1538 5276 Exquo
1566 5196 1894 5265 ostenditur,
1912 5205 2110 5257 cuncta

503 5325 629 5384 quae
650 5304 794 5363 dicta
818 5314 946 5361 sunt
974 5318 1096 5384 non.
1116 5296 1184 5356 ad
1217 5314 1379 5355 unam
1406 5291 1741 5370 provinciam
1768 5290 2107 5367 specialiter,

504 5376 602 5462 sed
650 5411 843 5458 contra
885 5376 1099 5454 orbem‘
1126 5402 1393 5451 terrarum
1442 5386 1775 5463 generaliter
1805 5389 2103 5460 pertinere.

503 5491 771 5567 Quodque
801 5488 1030 5551 dicitur:
1067 5486 1195 5556 Quis
1222 5484 1410 5561 poterit
1437 5478 1726 5557 inﬁrmare,
1747 5490 1796 5563 et
1822 5482 1935 5553 quis
1963 5499 2110 5537 aver-

505 5594 577 5643 tet
599 5588 750 5643 eam?
777 5599 888 5641 non
919 5598 1018 5655 pro
1039 5580 1252 5638 difiicili
1281 5579 1547 5636 debemus
1566 5576 1837 5647 accipere,
1871 5575 2015 5630 sicut
2045 5573 2108 5628 il-

504 5677 599 5736 lud
627 5680 850 5753 legitur:
882 5674 1012 5745 Quis
1027 5672 1231 5746 sapiens
1244 5678 1290 5726 et
1313 5667 1563 5744 intelliget
1584 5666 1694 5725 hac
1707 5664 1826 5741 (Ps.
1848 5681 1957 5734 ενι,
1985 5664 2110 5737 43)?

507 5766 605 5828 Et:
634 5768 787 5837 Quis,
810 5774 984 5837 putas,
1003 5774 1075 5820 est
1094 5759 1267 5835 ﬁdelis
1282 5769 1332 5816 et
1348 5761 1573 5831 prudens
1593 5760 1922 5832 dispensator
1947 5755 2103 5832 (Luc.

2209 3252 2359 3308 enim
2387 3259 2535 3307 esset
2565 3248 2854 3318 mysticum
2886 3241 3034 3316 quod
3063 3238 3373 3305 dicebatur,
3404 3240 3496 3294 illo
3527 3236 3705 3309 magis
3734 3248 3821 3293 re-

2208 3354 2413 3423 gnante
2439 3338 2678 3398 clamare
2708 3338 3038 3405 debuerant,
3067 3334 3290 3405 quando
3317 3334 3431 3389 luto
3470 3338 3527 3389 et
3549 3328 3816 3388 lateribus

2209 3433 2608 3493 deserviebant.
2628 3430 2947 3502 Przecipitnr
2968 3440 3103 3501 ergo
3126 3424 3486 3493 Philisthiim,
3504 3434 3649 3495 quos
3672 3434 3822 3480 nunc

2214 3522 2535 3585 Palaestinos
2578 3533 2799 3591 vocant,
2830 3534 2881 3579 et
2914 3530 3134 3593 semper
3181 3535 3209 3573 a
3257 3514 3401 3574 LXX
3444 3515 3730 3590 ἀλλόφυλοι,
3765 3514 3821 3572 ld

2211 3633 2317 3692 est,
2343 3620 2650 3692 alienigenae
2678 3614 3123 3680 transferuntur;
3154 3623 3212 3669 et
3250 3608 3453 3668 dicitur
3474 3613 3559 3666 eis
3590 3620 3661 3666 ne
3686 3618 3823 3681 gau-

2212 3712 2382 3772 deant
2405 3729 2583 3785 neque
2613 3711 2890 3777 laetentur,
2918 3708 3175 3781 quoniam
3203 3702 3821 3777 contriverintvirgam,

2212 3809 2296 3866 vel
2316 3804 2506 3879 jugum
2546 3804 2893 3878 percussoris
2921 3800 3004 3857 sui
3025 3796 3215 3872 (Hebr.
3248 3810 3346 3866 xtl,
3378 3795 3456 3870 6).
3485 3796 3652 3863 Quem
3681 3797 3823 3853 enim

2213 3900 2383 3973 diligit
2404 3896 2658 3954 Dominus
2673 3896 2909 3969 corripit,
2937 3904 2986 3951 et
3006 3893 3228 3966 castigat
3248 3902 3449 3946 onmem
3473 3886 3647 3961 [ilium
3668 3900 3823 3959 quem

2213 3997 2416 4070 recipit.
2438 3992 2500 4050 Et
2525 3993 2680 4066 quasi
2703 3990 2844 4047 filios
2868 4006 2967 4046 nos
2990 3986 3173 4046 erudit
3200 3986 3362 4050 Deus,
3387 3981 3608 4056 quando
3631 3980 3823 4038 visitat

2213 4090 2270 4148 in
2305 4094 2462 4160 virga
2493 4086 2819 4161 iniquitates
2850 4092 3090 4151 nostras,
3131 4092 3188 4141 et
3224 4082 3279 4138 in
3324 4076 3558 4154 ﬂagellis
3595 4082 3823 4153 peccata

2214 4196 2424 4249 nosua,
2457 4191 2518 4238 ut
2556 4173 2989 4238 misericordiam
3033 4190 3141 4232 non
3182 4172 3402 4231 auferat
3432 4189 3461 4228 a
3502 4168 3819 4244 nobis_(Ps.

2213 4273 2514 4343 Lxxxvm).
2548 4269 2674 4328 llaec
2702 4280 2785 4327 est
2812 4275 2959 4342 virga
2990 4266 3059 4325 de
3078 4282 3183 4338 qua
3205 4262 3261 4322 in
3285 4265 3394 4322 alio
3431 4260 3657 4321 Psaltno
3691 4264 3826 4320 scri-

2212 4362 2368 4426 bitur
2398 4387 2411 4422 :
2467 4364 2623 4439 Virga
2654 4375 2743 4419 tua
2785 4376 2833 4418 et
2873 4360 3088 4416 baculus
3123 4368 3240 4416 tuus
3269 4360 3386 4430 ipsa
3422 4374 3502 4414 me
3546 4355 3822 4413 consolare

2212 4471 2332 4517 sunt
2353 4460 2471 4532 (Ps.
2505 4475 2640 4522 xxu,
2668 4454 2745 4530 4).
2777 4451 2905 4512 Haec
2929 4462 3015 4511 est
3043 4452 3220 4526 virga,
3255 4460 3308 4508 (ιι
3337 4450 3443 4509 hoc.
3457 4453 3655 4523 iugum
3678 4451 3826 4523 quod

2213 4554 2521 4611 cervicibus
2550 4552 2794 4607 omnium
2843 4549 2959 4605 vult
2995 4546 3250 4605 Salvator
3286 4549 3597 4617 imponere,
3632 4556 3693 4602 ut
3726 4544 3826 4603 de-

2215 4651 2394 4720 posito
2415 4652 2545 4716 jngo
2572 4642 3102 4707 Nabuchodoitosor,
3129 4652 3348 4715 portent
3374 4638 3566 4713 jugum
3594 4635 3821 4697 Christi.

2213 4739 2368 4811 Quod
2416 4739 2463 4795 si
2485 4736 2605 4811 quis
2635 4732 2897 4809 abiecerit
2936 4748 3103 4809 atque
3130 4730 3484 4799 contriverit,
3534 4733 3722 4789 statim
3755 4731 3827 4789 de

2212 4833 2421 4888 semine
2451 4830 2567 4887 sive
2592 4829 2777 4886 radice
2799 4825 3092 4900 serpentis,
3114 4825 3209 4899 qui
3239 4836 3325 4882 est
3343 4822 3581 4882 coluber
3616 4836 3829 4880 tortuo—

2213 4940 2330 4989 sus,
2364 4920 2715 4994 egredientur
2745 4922 2972 4994 regulus
2991 4929 3047 4976 et
3074 4916 3316 4991 aSpides,
3348 4927 3404 4975 et
3441 4917 3511 4972 de
3540 4914 3831 4987 aspidibus

2211 5016 2440 5075 exibunt
2474 5013 3065 5085 serpentesvolantes,
3090 5012 3205 5067 sive
3228 5008 3320 5080 qui
3354 5010 3699 5066 ahsorbeant
3728 5025 3828 5065 vo-

2208 5106 2410 5164 lucres.
2453 5106 2685 5178 Ahjecto
2713 5118 2899 5160 autem
2926 5104 3058 5174 iugo
3092 5102 3211 5170 Dei,
3244 5107 3301 5157 et
3335 5095 3573 5157 coolrita
3606 5098 3828 5157 Domini

2210 5196 2524 5268 disciplina,
2556 5199 2791 5271 primum
2834 5196 2888 5251 in
2915 5192 3340 5265 cogitationibus
3381 5194 3592 5250 nostris
3632 5209 3826 5250 semen

2209 5294 2421 5351 colubri
2454 5292 2749 5357 radicatur,
2774 5286 3019 5347 secundo
3047 5287 3117 5345 de
3143 5290 3354 5346 semine
3378 5290 3625 5360 pessimo
3648 5287 3831 5346 nasci-

2212 5394 2301 5443 tur
2340 5384 2582 5457 regulus,
2611 5382 2706 5455 qui
2749 5396 2845 5440 rex
2876 5381 3215 5454 serpentium
3257 5390 3363 5447 est,
3409 5386 3466 5437 et
3494 5378 3690 5437 amato
3727 5394 3829 5439 suo

2212 5488 2379 5552 atque
2408 5488 2704 5552 conspectu
2735 5476 2989 5534 homines
3018 5472 3276 5535 occidere
3301 5470 3544 5530 dicitur:
3578 5474 3701 5531 sive
3729 5488 3828 5547 ge-

2213 5572 2418 5655 nimina
2448 5573 2723 5645 aspidum,
2750 5570 2818 5627 de
2837 5572 3111 5643 quibusin
3134 5569 3354 5625 Psalmo
3376 5567 3583 5624 dicitur
3606 5585 3621 5622 :
3654 5568 3831 5624 Vene.

2214 5683 2337 5723 num
2381 5654 2627 5738 aspidum
2687 5663 2782 5720 sub
2832 5662 2990 5721 labiis
3041 5674 3222 5719 eorum
3283 5654 3407 5732 (Ps.
3463 5673 3591 5727 sui,
3647 5657 3723 5726 3;
3785 5670 3835 5717 et

2212 5771 2441 5825 assius,
2479 5754 2557 5828 4),
2587 5771 2708 5828 qua:
2737 5763 2962 5827 peccata
2989 5762 3120 5813 sunt
3149 5752 3325 5824 varis,
3350 5757 3407 5811 et
3430 5746 3503 5809 de
3529 5750 3837 5825 cogitatio-
