4010 6354
238 321 338 379 255

754 318 1400 385 COMMENTARIORUM
1437 325 1506 385 IN
1544 325 1784 390 ISAIAM
1820 327 2269 411 PROPHETAM,
2312 337 2443 399 LIB.
2486 338 2576 400 Vl.
2616 341 2775 405 CAP.
2818 346 2965 406 XVl.

2715 0 3841 26 ﬂ

3371 359 3504 420 ’954

239 452 368 493 mes.
392 437 461 494 Et
477 437 520 495 si
548 436 671 510 quid
694 440 967 499 virilitatis
992 443 1192 501 habere
1226 445 1550 504 videbantur
1587 449 1640 504 in
1676 451 1804 507 bar—
1829 456 1879 516 Α
1912 454 2282 525 plangentium
2315 476 2328 514 :
2360 469 2417 515 ut
2448 461 2646 517 olTerre
2683 465 2892 533 possint
2924 481 3022 536 per
3047 465 3313 526 ululatum
3344 487 3505 531 suum

239 530 335 595 ba,
363 547 530 588 rasum
555 548 582 587 a
614 534 732 589 viro
773 535 1181 606 Ecclesiasttco,
1214 537 1589 598 elfeminatum
1629 553 1684 600 et
1708 543 1806 601 de-

239 622 343 680 bile
361 626 736 694 comprobetur.
772 626 827 683 In
863 630 1040 686 triviis
1067 647 1285 703 quoque
1334 648 1550 700 eorum,
1581 636 1635 691 id
1682 647 1801 705 est,

238 717 553 775 diverticulis
583 736 852 786 errorum,
887 723 1018 780 dum
1063 741 1162 794 pro
1181 728 1459 785 voluntate
1506 744 1603 785 sua
1649 729 1806 803 fingit

238 820 578 889 unusquisque
610 821 754 891 quod
795 822 1054 892 voluerit,
1081 825 1385 897 accingitur
1430 829 1800 909 sacco'pteni-

234 909 421 969 tentias.
446 921 496 966 et
518 925 681 980 super
711 920 851 969 tecta
879 929 945 969 ac
980 915 1232 986 domata,
1257 924 1309 972 tn
1342 920 1538 990 quibus
1569 922 1801 992 primum

232 1012 285 1057 se
297 1002 540 1057 sublimes
557 1018 679 1060 esse
707 1007 1042 1075 credebant;
1069 1019 1125 1065 et
1148 1012 1199 1065 iu
1221 1011 1415 1082 plateis
1429 1014 1577 1086 (quia
1603 1031 1709 1071 non
1727 1018 1802 1072 in-

230 1092 527 1163 grediuntur
556 1112 654 1167 per
673 1108 958 1171 angustam
990 1101 1160 1168 viam,
1180 1119 1302 1175 quae
1318 1105 1469 1161 ducit
1497 1108 1564 1161 ad
1606 1107 1799 1177 vitam,

230 1186 317 1241 sed
349 1203 437 1258 per
466 1190 641 1258 latam,
657 1207 778 1263 quae
796 1193 948 1250 ducit
975 1198 1039 1251 ad
1060 1198 1315 1270 mortem)
1336 1201 1709 1259 eritululatus.
1736 1205 1801 1260 Et

226 1294 539 1351 nequaquam
556 1287 1287 1359 ascendentiusuperhiam,
1334 1294 1431 1350 sed
1466 1295 1805 1353 descendent

223 1373 271 1428 in
282 1372 455 1429 ﬂetum
485 1377 641 1434 Tune
662 1380 969 1452 intelligent
986 1400 1181 1441 omnes
1196 1387 1559 1456 cogitationes
1573 1402 1803 1445 suasva-

220 1485 323 1538 nas,
343 1472 497 1546 268
520 1491 555 1545 q
570 1476 676 1530 uod
696 1478 1087 1549 interpretatur
1108 1482 1347 1551 Esehon,
1384 1492 1438 1537 et
1464 1497 1682 1539 cassum
1715 1499 1803 1539 as-

219 1577 419 1621 censum
447 1570 750 1639 superbiae,
774 1574 916 1641 quod
937 1574 1130 1631 Eleale
1153 1586 1331 1643 sonat,
1379 1586 1438 1633 ut
1474 1592 1578 1634 vox
1612 1594 1802 1634 eorum

215 1656 442 1714 audiatur
472 1676 654 1734 usque
674 1664 740 1719 ad
767 1666 907 1722 mala
931 1682 1095 1735 opera
1127 1684 1250 1740 qua:
1268 1670 1532 1737 fecerunt,
1566 1680 1624 1728 et
1648 1689 1802 1727 man-

216 1749 377 1807 datum
425 1758 573 1827 quod
609 1759 870 1825 putabant
912 1760 1031 1829 Dei,
1078 1764 1298 1833 propria
1339 1779 1401 1820 se
1446 1764 1799 1822 confessione

1909 548 2113 605 vitulus
2145 552 2442 613 labiorum.
2470 565 2524 611 et
2546 572 2717 628 usque
2744 560 2811 615 ad
2862 560 3066 616 fontem
3096 562 3505 625 Dominicorum

1907 640 2134 695 arietum
2160 645 2478 711 pervenire,
2510 646 2627 703 sive
2658 648 2878 706 fortium
2912 670 2926 707 :
2952 652 3079 724 quia
3111 655 3250 710 lilim
3300 667 3507 713 utrum-

1904 748 2009 803 que
2030 735 2318 805 signilicat.
2354 738 2523 809 Aqua:
2546 752 2726 799 autem
2770 742 2994 812 Dimon,
3022 748 3166 819 quod
3185 748 3510 821 interpreta-

1904 834 1993 880 tur
2041 827 2308 897 sufﬁciens
2360 830 2545 897 dolor,
2583 834 2701 890 sive
2748 852 2958 903 mterar,
3007 855 3129 910 qua:
3170 841 3369 897 multos
3409 857 3507 900 sua

1903 921 2221 988 aspersione
2259 925 2595 995 polluerant,
2653 944 2952 1000 arguentur
3006 934 3256 1004 deceptis
3296 939 3511 1009 populis

1904 1026 2013 1067 non
2051 1015 2213 1070 saluti
2246 1016 2446 1086 fuiSse,
2503 1021 2603 1077 sed
2639 1025 2912 1093 sanguini.
2964 1024 3123 1082 Unde
3154 1030 3510 1101 propheticus

1903 1119 2085 1161 sermo
2117 1111 2408 1178 promittit,
2440 1121 2501 1168 ut
2552 1128 2718 1184 super
2742 1114 2973 1174 ﬂuentes
3019 1120 3314 1194 lacrymas,
3359 1123 3506 1195 quod

1901 1195 2290 1267 interpretatur
2312 1201 2513 1269 Dib0o,
2544 1222 2650 1261 non
2682 1224 2848 1263 unum
2881 1225 3202 1281 maerorem,
3228 1216 3323 1270 sed
3346 1218 3506 1285 plura

1905 1291 2157 1346 interoris
2210 1294 2583 1351 additamenta
2636 1305 3025 1371 congeminent
3061 1322 3073 1359 :
3106 1315 3163 1359 ut
3217 1316 3508 1377 postquam

1905 1378 2123 1449 plenam
2176 1394 2391 1454 egerint
2435 1391 2835 1457 ptenitentiam,
2866 1395 3181 1466 etfugerint
3232 1398 3301 1453 de
3352 1400 3511 1456 Moab

1905 1472 2138 1541 leonem,
2190 1479 2488 1548 principem
2534 1482 2823 1541 ‘habeont
2877 1486 3089 1558 Deum,
3145 1507 3307 1563 quem
3360 1492 3506 1549 LXX

1903 1563 2163 1622 dixerunt
2208 1569 2361 1631 ariel,
2410 1576 2500 1643 qui
2536 1575 2927 1647 interpretatur
2967 1582 3046 1636 leo
3084 1582 3176 1637 Dei
3214 1600 3233 1638 :
3273 1591 3506 1655 quorum

1905 1658 2198 1716 editionem
2227 1664 2281 1717 in
2301 1663 2402 1736 hoc
2430 1666 2551 1721 loco
2581 1668 2853 1727 disserere
2881 1677 3187 1743 supersedi,
3217 1679 3341 1747 quia
3373 1682 3507 1737 etin

1902 1751 2156 1822 plurimis
2198 1755 2267 1810 ab
2318 1756 2581 1813 llebraica
2627 1761 2860 1818 veritate
2899 1764 3198 1833 discordat,
3228 1778 3280 1823 et
3304 1786 3376 1824 ex
3422 1770 3509 1828 his

213 1844 529 1906 (πωπω,ωῶ
574 1851 877 1923 ptume,”
908 1867 1113 1925 vectes,
1147 1858 1200 1914 id
1236 1868 1340 1928 es"
1367 1860 1461 1932 qui
1502 1860 1644 1917 ﬁrmi
1677 1861 1797 1918 ευρ,
1826 1851 1874 1912 Β
1900 1858 2024 1914 quae
2072 1847 2415 1917 interpretati
2471 1866 2687 1920 sumus,
2731 1856 2898 1910 etiam
2927 1857 3075 1913 illius
3111 1873 3306 1916 sensus
3330 1869 3514 1934 potest

214 1940 309 1997 rint
332 1944 382 1999 in
413 1946 603 2013 Moab,
641 1959 695 2005 et
733 1966 978 2008 errorem
1003 1970 1160 2009 suum
1190 1955 1584 2023 intellexerint,
1619 1958 1800 2013 ulula-

210 2032 413 2103 hont,et
444 2056 613 2111 spem
646 2041 851 2102 habere
870 2045 1145 2117 profectus
1165 2050 1450 2120 incipient,
1473 2066 1595 2107 cum
1616 2054 1800 2108 anima

212 2146 382 2189 eorum
406 2137 714 2194 ululaverit
752 2140 877 2196 sibi.
919 2141 1075 2198 Unde
1110 2143 1375 2213 Propheta
1419 2146 1803 2215 compatientis

209 2222 388 2283 affectu
422 2229 672 2303 loquitur
691 2232 758 2287 ad
789 2247 907 2302 eos,
942 2250 1171 2305 quorum
1210 2237 1389 2292 anima
1430 2238 1798 2313 ululabat[Al.

212 2320 393 2395 ululat]
441 2324 576 2388 sibi,
610 2333 667 2379 et
694 2324 866 2380 dicit:
900 2325 1001 2380 Cor
1043 2344 1215 2382 meum
1236 2328 1305 2382 ad
1347 2328 1503 2385 Moab
1529 2332 1800 2401 clamabit,

209 2422 261 2467 ut
283 2429 375 2469 eos
400 2416 467 2470 ad
502 2417 888 2486 pmuiteutiam
925 2435 1232 2490 provocem.
1267 2422 1466 2480 Vt'ClCS
1503 2438 1683 2481 autem
1721 2442 1808 2482 eo-

210 2519 315 2560 rum
344 2521 395 2561 et
418 2515 609 2565 omnia
644 2510 1009 2575 (irritamenta,
1038 2531 1165 2583 qua:
1192 2515 1393 2574 habere
1424 2519 1477 2573 io
1501 2519 1804 2577 haeresibus

208 2597 549 2667 videbantur,
587 2603 655 2658 ad
703 2603 901 2673 Segor,
940 2605 1046 2661 hoc
1088 2620 1192 2677 est,
1231 2610 1297 2665 ad
1330 2614 1604 2683 parvulum
1634 2630 1805 2685 usque

211 2694 568 2758 pervenient:
600 2705 655 2751 et
704 2697 1067 2753 ostendentur
1109 2716 1219 2756 non
1268 2704 1480 2759 robusti
1519 2721 1663 2773 esse,
1706 2707 1803 2763 sed

205 2779 439 2854 fragiles.
472 2788 604 2844 llaec
629 2799 811 2844 autem
831 2792 1029 2862 Segor,
1049 2791 1151 2848 hoc
1174 2803 1278 2857 est.
1309 2798 1806 2869 parvapmniteotia

205 2875 245 2929 si
274 2883 738 2949 perseveraverit,
765 2885 1031 2955 perducet
1068 2901 1164 2942 eos
1202 2888 1269 2943 ad
1322 2890 1618 2959 perfectam
1656 2893 1802 2948 salu-

203 2976 304 3024 tem
336 2989 349 3023 :
379 2973 534 3044 quod
578 2977 747 3031 vitula
782 2977 945 3031 trium
996 2993 1267 3033 annorum
1330 2980 1619 3049 significat,
1653 2982 1807 3054 juxta

201 3060 329 3119 illud
360 3067 515 3137 quod
551 3069 603 3123 in
634 3068 833 3125 Genesi
867 3073 1119 3143 legimus,
1147 3074 1237 3129 ulti
1279 3077 1593 3146 praecipitur
1634 3078 1808 3133 Abra-

196 3159 341 3231 ham,
373 3176 434 3221 ut
468 3165 669 3222 on‘erat
706 3170 959 3237 vitulum,
1010 3175 1258 3242 arietem,
1312 3184 1367 3230 et
1409 3173 1618 3229 hircum
1644 3173 1806 3229 trium

192 3269 503 3318 annorum.
552 3261 856 3329 perfectum
901 3267 1113 3321 scilicet
1159 3269 1517 3333 sacrificium,
1544 3280 1599 3323 nt
1631 3268 1809 3325 haeres

185 3346 426 3403 Domini
460 3365 591 3405 esse
616 3364 890 3409 mereatur
916 3358 1125 3429 (Genes.
1159 3358 1269 3427 xv).
1319 3361 1566 3431 Cumque
1597 3361 1810 3431 egerint

186 3443 624 3511 penitentiam,
654 3461 752 3515 per
791 3447 973 3513 Luitlt,
999 3451 1051 3505 id
1097 3463 1204 3519 est,
1245 3468 1505 3524 genarum
1538 3455 1809 3528 lacrymas

189 3535 252 3590 ad
284 3535 497 3592 altiora
530 3543 924 3601 conscenderit.
948 3543 1021 3598 Et
1062 3544 1167 3601 hoc
1186 3547 1339 3618 quasi
1380 3550 1631 3603 maeroris
1668 3550 1810 3604 fora-

194 3629 340 3682 mine
371 3638 545 3699 atque
574 3629 828 3701 introitu,
861 3635 1160 3693 clamorem
1184 3638 1529 3695 cottlritionis
1550 3642 1806 3698 levabunt

192 3723 255 3775 ad
280 3721 606 3787 Dominum,
635 3736 686 3779 ttt
712 3727 925 3793 possint
949 3730 1131 3787 dicere
1166 3749 1179 3785 :
1211 3732 1538 3804 Sacriﬁcium
1559 3732 1669 3789 Duo
1698 3739 1806 3810 spi-

193 3815 319 3871 ritus
347 3820 874 3877 contribultttuswor
914 3824 1188 3879 contritum
1234 3825 1631 3882 ethumiliatum
1660 3827 1802 3884 Deus

193 3924 295 3963 non
317 3909 576 3984 despiciet
606 3911 727 3984 (Ps.
788 3931 850 3977 ιι.
890 3915 1001 3987 l9).
1060 3917 1128 3972 Et
1174 3918 1275 3973 hoc
1316 3920 1428 3989 fiet,
1473 3922 1598 3993 quia
1648 3938 1801 3995 aquae

191 3999 469 4069 Nemrim,
515 4004 566 4061 id
591 4017 697 4072 est,
732 4007 980 4064 doctrina
1010 4009 1417 4078 haereticorum,
1465 4031 1583 4085 qum
1620 4017 1803 4085 pardis

191 4108 248 4150 et
271 4099 785 4165 pragvaricatoribus
829 4116 1200 4172 comparatur,
1230 4106 1443 4160 dest-rta
1473 4108 1594 4165 erit.
1622 4120 1676 4162 ct
1703 4109 1800 4164 de-

191 4187 431 4245 ducetur
452 4191 519 4246 ad
544 4194 721 4249 nihili.
743 4194 902 4251 Pardi
927 4204 1072 4261 sunt,
1097 4212 1329 4266 quorum
1354 4198 1410 4251 in
1438 4196 1673 4253 Jeremia
1710 4215 1803 4252 va-

192 4283 421 4341 rietates
470 4296 531 4342 et
573 4289 800 4343 macula:
852 4304 958 4343 non
1003 4296 1279 4343 mutantur
1310 4286 1525 4360 (Jerem.
1579 4288 1718 4359 sm),
1750 4298 1806 4345 et

192 4390 485 4444 aposutttn,
532 4381 602 4437 de
634 4383 829 4452 quibus
861 4385 913 4437 in
954 4382 1191 4438 Psalmis
1220 4378 1455 4448 legimus
1489 4401 1499 4410 '
1542 4381 1803 4436 Prtt'uari-

195 4483 391 4527 ratores
435 4477 677 4546 reputavi
707 4491 882 4531 omnes
931 4489 1227 4546 peccatores
1258 4484 1409 4531 terrm
1437 4473 1558 4549 (Ps.
1590 4475 1802 4545 cxvnt),

196 4562 321 4634 119)
362 4564 795 4637 Οιηιιὶεῳιιιιιιιθ
826 4568 992 4622 herba
1017 4576 1072 4623 et
1089 4584 1339 4638 germen,
1374 4564 1712 4638 etquidquid
1753 4567 1803 4620 in

1904 1935 2159 2009 intelligi.

1975 2034 2129 2106 (Cap.
2167 2036 2383 2093 XVl.—-
2397 2038 2555 2097 Vers.
2581 2040 2660 2113 1.)
2694 2040 2890 2099 Emitte
2914 2061 3107 2117 agnum
3125 2047 3511 2107 dominatorem

1906 2135 2078 2194 terrm,
2109 2128 2173 2182 de
2204 2144 2349 2198 petra
2376 2132 2585 2199 deserti,
2615 2137 2684 2189 ad
2730 2146 2956 2194 montem
2984 2138 3111 2208 filia:
3135 2141 3288 2197 Sion.
3313 2142 3381 2197 Et
3407 2145 3509 2200 erit

1904 2221 2035 2274 sicut
2059 2222 2167 2276 avis
2186 2225 2425 2295 fugiens:
2455 2238 2503 2281 et
2533 2226 2665 2297 pulli
2685 2234 2748 2283 de
2770 2232 2892 2285 nido
2920 2233 3217 2289 auolantes:
3250 2235 3325 2290 sic
3353 2244 3509 2292 erunt

1907 2313 2035 2381 ﬁlia:
2064 2313 2220 2368 Moab
2246 2318 2301 2370 in
2331 2328 2638 2374 transcensu
2679 2320 2877 2376 Arnen.
2916 2323 3006 2377 lui
3035 2327 3313 2382 concilium
3338 2346 3355 2383 :
3382 2346 3508 2401 coge

1904 2408 2183 2462 concilium
2200 2425 2219 2463 :
2240 2428 2373 2479 pone
2392 2414 2542 2481 quasi
2563 2425 2766 2470 noctem
2786 2416 3019 2470 umbram
3043 2429 3181 2472 tuam
3201 2422 3251 2473 in
3267 2424 3478 2476 meridie
3492 2437 3514 2477 :
3552 2426 3557 2431 ’

1905 2501 2161 2557 absconde
2205 2504 2485 2576 fugientes,
2518 2516 2567 2562 et
2607 2524 2762 2579 uagos
2810 2526 2875 2564 ne
2922 2514 3137 2582 prodas.
3183 2512 3509 2570 Habitabant

1906 2598 2046 2665 apud
2075 2605 2125 2653 te
2148 2601 2362 2674 profugi
2387 2601 2510 2667 mei,
2539 2600 2697 2657 Moab
2729 2614 2835 2658 esto
2860 2604 3134 2660 latibulum
3159 2624 3338 2663 eorum
3364 2626 3395 2663 a
3421 2612 3505 2682 [ιι-

1907 2691 1984 2744 cie
2008 2697 2303 2747 vastatoriis.
2343 2691 2556 2749 Finitus
2581 2707 2655 2750 est
2693 2699 2827 2751 enim
2859 2701 3028 2767 pulvis
3056 2716 3075 2753 :
3122 2713 3511 2759 consummatus
3588 2764 3593 2767 _

1907 2796 1983 2841 est
2004 2788 2197 2843 miser:
2229 2789 2416 2855 defecit
2455 2792 2544 2861 qui
2583 2792 2921 2847 conculcabat
2954 2804 3166 2849 terram.
3197 2795 3268 2850 Et
3308 2815 3517 2869 pra’pa-

1907 2884 2108 2937 rabitur
2158 2886 2211 2937 in
2242 2886 2602 2941 misericordia
2628 2886 2859 2943 solium:
2886 2899 2934 2943 et
2965 2893 3157 2946 sedebit
3189 2909 3347 2965 super
3371 2892 3511 2951 illud

1909 2979 1963 3030 in
2005 2979 2218 3032 ueritate
2247 2981 2300 3033 in
2332 2979 2661 3035 tabernaculo
2692 2982 2893 3036 David:
2918 2983 3167 3054 judicans
3197 2996 3243 3041 et
3271 3004 3509 3057 quaerens

1903 3070 2200 3142 judicium;
2241 3081 2291 3125 et
2334 3074 2571 3127 velociter
2601 3074 2825 3129 reddens
2854 3078 2991 3145 quod
3027 3081 3230 3151 justum
3262 3093 3358 3134 est.
3396 3082 3509 3137 lloc

1911 3160 2055 3229 quod
2100 3161 2169 3215 de
2200 3161 2433 3216 Hebrum
2460 3165 2807 3233 interpretati
2842 3182 3065 3222 sumus:
3109 3171 3287 3225 emitte
3315 3190 3510 3243 agnum

1833 3244 1879 3306 C
1913 3251 2291 3308 dominatorem
2321 3262 2486 3320 terra’,
2528 3265 2706 3323 potest
2730 3258 2800 3310 ita
2834 3258 2934 3328 legi
2965 3277 2976 3310 ε
3008 3260 3107 3313 enti
3135 3275 3181 3315 te
3202 3281 3388 3336 agnum
3412 3264 3514 3319 do-

1908 3346 2153 3399 minatori
2184 3357 2365 3410 tetraz,
2415 3362 2523 3416 quo
2569 3347 2783 3403 scilicet
2823 3365 2930 3403 non
2971 3352 3089 3419 ipse
3128 3370 3301 3423 agnus
3330 3357 3509 3411 domi-

1913 3450 2072 3493 nator
2111 3439 2179 3492 sit
2210 3450 2390 3503 terrae,
2447 3447 2507 3493 ut
2545 3440 2700 3510 juxta
2732 3440 3019 3497 historiam
3045 3444 3393 3515 interpretati
3419 3465 3514 3504 su-

1908 3547 2066 3587 mus:
2101 3531 2197 3587 sed
2225 3532 2559 3588 dominatori
2602 3548 2759 3588 terr't-
2794 3550 2967 3603 agnus
3007 3537 3077 3592 sit
3119 3539 3510 3599 imnntlandus.

1906 3626 2012 3682 Iste
2044 3628 2211 3698 igitur
2232 3643 2425 3699 agnus,
2469 3629 2557 3696 qui
2592 3631 2673 3682 vel
2704 3627 2823 3699 ipse
2855 3643 2937 3685 est
2969 3632 3282 3689 dominator
3325 3648 3507 3707 terra},

1905 3720 1988 3775 vel
2019 3721 2338 3776 immolatur
2365 3722 2691 3777 dominatori
2724 3734 2911 3791 terrae,
2941 3726 3008 3781 de
3035 3741 3197 3797 gente
3238 3729 3509 3786 Moabita-

1902 3830 2021 3869 rtttn
2053 3825 2158 3880 est,
2190 3827 2243 3872 et
2271 3817 2340 3873 de
2372 3816 2456 3872 his
2484 3818 2573 3886 qui
2600 3819 2839 3890 fugerint
2882 3822 2950 3877 de
2995 3822 3172 3892 Moab,
3209 3844 3256 3880 et
3293 3827 3509 3884 leum-nt

1904 3907 2109 3969 habere
2138 3912 2437 3967 meruerint
2468 3913 2793 3983 principem.
2821 3915 3100 3985 SigltlﬁC-ll
3128 3929 3311 3973 τηεμ-ιιι
3344 3921 3514 3992 270

1905 4001 2073 4063 Ruth.
2117 4003 2187 4059 de
2216 4020 2319 4074 qua
2356 4016 2657 4075 generatus
2694 4017 2781 4062 est
2821 4007 3077 4063 Christus
3110 4008 3326 4078 (Matth.
3355 4028 3392 4073 t,
3426 4014 3508 4080 υ),

1903 4110 2066 4167 quam
2114 4108 2274 4152 vocat
2304 4109 2511 4167 petram
2550 4099 2792 4164 deserti,
2829 4101 2957 4167 quia
2987 4102 3142 4168 juxta
3180 4114 3509 4173 pra-ceptum

1905 4186 2023 4254 Dei,
2040 4188 2289 4244 Moabitae
2307 4202 2362 4244 et
2388 4188 2741 4255 Ammonitze,
2775 4205 2944 4260 usque
2961 4192 3026 4245 ad
3041 4192 3310 4247 decimam
3338 4210 3510 4267 gene-

1907 4280 2197 4347 rationem,
2224 4293 2467 4353 etusque
2494 4284 2548 4337 in
2572 4296 2839 4337 mlo-roum
2875 4299 2983 4338 non
3010 4289 3387 4358 ingrediuntur
3408 4291 3514 4346 Ec-

1906 4369 2130 4423 clesium
2165 4371 2263 4425 Dei
2293 4372 2469 4441 (Deut.
2495 4375 2558 4445 t).
2590 4375 2694 4441 Qui
2734 4385 2917 4430 autem
2954 4377 3146 4447 fugerit
3180 4383 3249 4437 de
3290 4384 3515 4441 deserto

1908 4458 2087 4523 Moab,
2105 4470 2212 4514 uta
2234 4465 2519 4530 prophetia
2548 4479 2889 4522 revertamur
2910 4471 2977 4523 ad
2996 4486 3363 4545 anagogen,et
3383 4492 3516 4532 con-

1912 4561 2118 4622 tempto
2149 4553 2462 4620 mendacio,
2496 4558 2549 4610 in
2603 4570 2789 4612 monte
2830 4564 3053 4617 steterit
3102 4569 3371 4633 veritatis,
3409 4569 3518 4626 erit

197 4669 453 4717 sermone
483 4677 676 4717 eorum
702 4662 876 4719 viride
901 4662 1209 4724 videbatur.
1234 4661 1468 4718 exaruit.
1508 4660 1575 4715 Et
1616 4673 1804 4715 secun-

1914 4645 2067 4714 quasi
2099 4646 2221 4698 avis
2248 4644 2502 4714 fugiens;
2529 4655 2586 4701 et
2613 4649 2769 4716 quasi
2798 4651 2932 4720 pulli
2967 4652 3037 4707 de
3066 4655 3194 4709 nido
3211 4625 3517 4732 avola'ntes,

196 4749 323 4806 dum
350 4755 790 4826 magnitudinem
822 4765 1169 4826 pcecatomm
1205 4770 1232 4810 a
1264 4754 1378 4810 Deo
1405 4755 1612 4810 visitati
1637 4761 1810 4808 sunt:

201 4854 256 4898 ut
284 4861 451 4917 quem
479 4863 580 4920 per
614 4848 879 4904 beneficia
941 4863 1049 4903 non
1101 4859 1412 4916 senserant,
1466 4863 1564 4914 per
1598 4846 1807 4921 ﬂagella

199 4952 622 5008 eogn-nscervnt.
659 4940 905 5011 Denique
926 4940 1199 4997 ducentur
1216 4941 1282 4995 ad
1314 4941 1511 4996 vallem
1544 4943 1657 4996 sive
1699 4952 1809 4996 tor—

201 5044 413 5090 rentum
444 5037 701 5102 salicum,
736 5045 794 5090 ut
820 5036 1000 5091 nullus
1023 5036 1075 5090 in
1107 5036 1188 5090 eis
1242 5034 1451 5090 fructus
1500 5042 1805 5090 remaneat.

203 5125 351 5182 lianc
378 5130 531 5184 enim
556 5128 787 5183 seminis
814 5127 1008 5184 harum
1061 5127 1317 5182 arborum
1349 5127 1539 5182 dicunt
1564 5142 1683 5183 esse
1710 5143 1809 5182 na-

204 5228 405 5288 turam,
432 5233 497 5278 ut
517 5224 610 5294 qui
633 5223 763 5278 illud
792 5225 844 5278 in
873 5223 1065 5293 poculo
1092 5220 1358 5287 hauserit,
1382 5221 1571 5277 liberis
1598 5227 1807 5276 careat.

204 5311 360 5371 Unde
384 5326 441 5371 et
470 5318 648 5371 sancti
671 5316 763 5387 qui
789 5326 1014 5388 propter
1042 5324 1270 5387 peccata
1289 5314 1342 5369 in
1365 5313 1682 5370 confusione
1712 5313 1810 5368 hu-

199 5405 288 5474 jus
315 5407 512 5464 mundi
544 5424 670 5465 esse
693 5418 993 5478 eruperunt,
1029 5409 1079 5463 in
1102 5408 1358 5464 salicibus
1389 5406 1809 5477 Babyloniorum

204 5498 497 5555 ﬂuminum
536 5502 876 5570 suspendunt
895 5517 1096 5570 organa
1124 5516 1218 5557 sua
1251 5499 1372 5574 (Ps.
1403 5500 1644 5570 cxxxvt).
1689 5500 1817 5555 Otu-

204 5608 302 5649 nes
360 5595 638 5650 terminos
673 5595 836 5668 269
863 5588 1227 5653 Moabitart‘tm
1279 5597 1491 5652 clamor
1523 5593 1811 5662 circumit,

203 5688 288 5746 vel
345 5688 767 5760 provocantium
807 5691 874 5746 ad
909 5689 1303 5762 pmnitudinem
1328 5730 1344 5758 ,
1379 5687 1470 5743 vel
1494 5700 1597 5759 pro
1624 5701 1814 5744 errore

1916 4753 1987 4793 ne
2018 4754 2044 4791 a
2072 4737 2380 4793 Moabitieis
2408 4740 2758 4813 serpentibus
2787 4741 2882 4797 det
2898 4757 2947 4796 οι
2965 4754 3147 4799 entur.
3179 4748 3289 4810 Sic,
3319 4747 3521 4820 inquit,

1914 4841 2076 4888 erunt
2106 4848 2298 4889 omnes
2346 4833 2494 4903 filim,
2541 4836 2645 4891 hoc
2675 4846 2782 4904 est,
2836 4834 3033 4891 anima:
3081 4839 3413 4911 Moabiticw,
3462 4847 3518 4904 in

1916 4936 2239 4985 transcensu
2294 4929 2507 4997 Arnen,
2560 4929 2704 5001 quod
2757 4931 3153 5001 interpretatur
3200 4935 3518 4997 illuminatio

1914 5037 2140 5078 eorum:
2177 5026 2394 5095 quando
2446 5026 2727 5079 erroribus
2783 5024 3063 5083 derelictis
3105 5029 3170 5086 ad
3225 5033 3518 5093 scientiam

1914 5117 2359 5172 transcenderint
2397 5116 2664 5172 veritatis.
2719 5118 2927 5174 Dicitur
2974 5125 3159 5194 itaque
3196 5125 3302 5196 ipsi
3333 5128 3518 5199 Moab,

1915 5212 2000 5265 vel
2035 5213 2084 5266 ei
2108 5212 2196 5280 qui
2218 5211 2463 5266 evaserit
2492 5209 2559 5265 de
2597 5210 2783 5269 Moab:
2826 5215 2967 5269 Nihil
2995 5231 3128 5289 agas
3158 5220 3257 5274 abs
3280 5238 3364 5287 .ue
3388 5238 3523 5277 con-

1917 5305 2043 5362 silio
2066 5303 2251 5376 (Prov.
2270 5305 2428 5375 xm):
2455 5321 2554 5361 nec
2579 5307 2989 5363 circnmferaris
3021 5314 3170 5366 omni
3202 5324 3368 5368 vento
3391 5314 3525 5369 doc-

1920 5400 2099 5460 trinm,
2126 5399 2219 5453 sed
2252 5412 2484 5471 sequere
2515 5416 2638 5455 eum
2667 5404 2757 5472 qui
2797 5402 2978 5470 magni
3018 5404 3233 5458 consilii
3277 5405 3519 5471 Angelus

1920 5504 2006 5551 est
2032 5491 2252 5564 (Ephes.
2285 5493 2393 5563 tv):
2432 5493 2499 5547 Et
2548 5509 2681 5562 coge
2728 5492 3054 5559 concilium,
3098 5506 3155 5551 ut
3187 5495 3255 5551 de
3284 5500 3432 5565 vagis
3462 5507 3520 5555 et

1923 5589 2232 5646 errantibus
2254 5588 2348 5643 Dei
2372 5586 2673 5642 Ecclesiam
2701 5586 2894 5642 facias.
2925 5586 3312 5646 Utnbraculum
3336 5598 3522 5650 autem

1924 5694 2074 5741 tuum
2105 5693 2161 5742 et
2210 5681 2648 5750 tabernaculum,
2681 5682 2736 5738 in
2770 5695 2880 5753 quo
2919 5681 3071 5752 prius
3093 5684 3448 5765 requiescere
3478 5694 3530 5745 te

280 5884 306 5915 ³
349 5873 566 5940 Vatic.,
600 5874 885 5947 principem
903 5876 1095 5933 habere
1115 5884 1434 5944 mereantur,
1462 5890 1618 5948 quem
1648 5870 1792 5930 LXX
1821 5872 2086 5941 dixerunt,
2119 5882 2224 5930 etc.

596 5967 867 6034 Panos.
904 5969 1143 6032 XXIV.

3046 5966 3092 6029 ἃ
