4010 6308
500 256 610 326 255

1755 260 1814 323 S.
1856 262 2127 325 EUSEBII
2166 252 2543 324 HIERUNYMI

3701 244 3812 324 εδδ

508 382 766 455 putabas,
808 374 951 450 quod
1004 384 1127 435 erat
1160 378 1337 435 noctis
1364 385 1421 437 et
1466 379 1840 448 tenebrarum,
1876 398 2019 453 pone
2049 383 2102 439 in
2134 388 2180 447 Α
2211 383 2427 439 induret
2455 398 2552 438 cor
2582 388 2855 437 nostrum.
2887 378 3051 451 Cujus
3083 379 3161 436 rei
3190 392 3357 435 unum
3397 382 3610 437 Mutum
3642 396 3809 453 pona-

510 478 768 544 meridie,
800 475 902 531 hoc
926 483 1031 540 est,
1062 474 1117 529 in
1150 474 1462 529 clarissimo
1494 474 1725 541 lumine,
1745 475 1802 530 in
1841 490 1949 547 quo
1977 477 2106 531 abs-

510 569 753 626 condere
789 565 961 622 debes
991 566 1063 621 de
1102 581 1297 621 errore
1335 564 1625 637 fugientes,
1672 578 1725 621 et
1764 568 1914 636 prius
1946 582 2110 639 vagos

512 663 657 718 ultra
688 676 795 715 non
832 660 1091 731 prodere.
1139 658 1185 715 0
1212 659 1358 715 enim
1387 659 1567 726 Moab,
1617 659 1830 732 profugi
1860 662 1966 715 mei
2015 660 2108 731 qui

506 771 597 812 me
610 755 1039 825 dereliqueraut,
1062 756 1155 824 qui
1176 753 1241 809 de
1261 754 1501 809 Ecclesia
1526 753 1733 824 egressi
1754 764 1930 819 erant,
1952 763 2007 809 et
2029 753 2110 808 di-

507 850 790 908 mittentes
828 849 1133 905 doctrinam
1173 847 1413 917 Spiritus
1455 848 1653 907 sancti.
1684 863 1841 904 suum
1883 862 2108 903 sensum

511 945 917 1015 Sequebantur;
950 943 1041 999 vel
1070 943 1163 1011 qui
1193 940 1574 997 habitaverunt
1602 942 1745 1013 apud
1768 950 1844 1007 te,
1868 955 1990 996 cum
2012 954 2110 996 eos

512 1038 750 1108 emperit
774 1044 1019 1091 vastator
1045 1034 1300 1091 diabolus
1332 1037 1611 1103 persequi,
1642 1043 1697 1089 tu
1722 1032 1806 1089 eis
1831 1033 1899 1088 ad
1929 1032 2114 1087 Domi-

510 1130 569 1186 ni
603 1126 857 1184 timorem
889 1134 999 1184 tota
1028 1136 1215 1182 mente
1246 1140 1518 1182 conversa
1550 1125 1795 1196 praebeto
1840 1124 2106 1180 latebras:

514 1231 572 1281 et
598 1222 758 1291 scito,
791 1221 935 1292 quod
967 1230 1093 1291 post
1120 1221 1414 1277 adventum
1447 1220 1608 1289 Agni,
1631 1218 1722 1290 qui
1751 1216 1820 1273 de
1845 1227 1993 1287 petra
2015 1216 2112 1272 de-

511 1315 649 1373 serti
704 1325 858 1371 ortus
905 1321 993 1371 est
1020 1313 1344 1368 dominator
1400 1312 1670 1366 universa:
1702 1318 1897 1374 terrae;
1930 1316 1985 1364 et
2011 1321 2109 1362 ve-

511 1407 603 1464 nit
628 1407 696 1463 ad
741 1417 986 1463 montem
1020 1405 1148 1461 lilia:
1192 1406 1346 1473 Sion,
1394 1404 1544 1459 ﬁnita
1568 1404 1638 1458 sit
1664 1405 1842 1458 omnis
1869 1401 2111 1472 potentia
2144 1468 2151 1477 ε

508 1501 740 1569 diaboli,
767 1518 887 1571 qua:
917 1500 1131 1572 pulveri
1160 1510 1531 1569 comparatur.
1561 1498 1627 1553 Et
1648 1506 2008 1567 consumptus
2028 1504 2112 1551 est

511 1593 703 1661 miser,
736 1593 828 1663 qui
854 1594 1059 1648 multos
1085 1591 1219 1646 fecit
1250 1592 1510 1646 miseros:
1561 1598 1617 1646 et
1644 1587 1844 1645 defecit
1873 1590 1961 1658 qui
1980 1600 2114 1643 con-

512 1685 768 1743 culcabat
796 1702 1013 1741 omnem
1050 1696 1277 1753 terram,
1323 1700 1420 1740 eos
1468 1683 1724 1739 videlicet
1761 1684 1852 1754 qui
1906 1684 2110 1738 terreni

2213 488 2337 533 mus
2363 477 2702 547 exemplum.
2724 460 2799 529 'lu
2841 475 3142 530 centesimo
3170 474 3589 545 quadragesimo
3615 486 3809 547 quarto

2208 570 2425 643 paulmo
2463 568 2730 639 legimus:
2765 566 2953 624 Suavis
2981 563 3241 621 Dominus
3278 568 3549 635 universis,
3582 574 3633 623 et
3658 569 3812 623 mise-

2208 662 2437 715 rationes
2458 662 2574 733 ejus
2588 675 2745 729 super
2771 659 2946 713 omnia
2967 671 3123 731 opera
3146 657 3295 713 illius
3317 657 3489 731 (Paul.
3520 666 3706 728 chtv,
3729 658 3809 731 9).

2212 752 2279 808 Et
2310 763 2434 823 post
2468 752 2774 821 paululum:
2806 750 3073 807 Sustentat
3095 750 3351 807 Dominus
3379 764 3557 809 omnes
3579 754 3672 825 qui
3700 758 3817 810 cor-

2210 826 2477 913 ruunt,'et
2507 847 2655 916 erigit
2683 860 2859 899 omnes
2881 845 3057 900 elisos.
3096 844 3251 900 Oculi
3279 847 3508 902 omnium
3535 849 3589 901 in
3631 850 3681 903 le
3700 864 3818 918 spc-

2210 948 2352 1007 rant,
2387 935 2630 1002 Domine,
2656 948 2703 992 et
2732 947 2789 991 tu
2822 939 2916 991 das
2948 950 3118 992 escam
3148 948 3327 993 eorum
3356 939 3411 993 in
3442 946 3677 1012 tctnpore
3720 946 3813 1013 tip-

2212 1040 2437 1103 portuno
2459 1028 2565 1103 [AL
2601 1029 2740 1102 suo].
2765 1029 3009 1101 Curaque
3038 1032 3417 1101 prmtttiaisset,
3460 1034 3687 1088 custodit
3712 1033 3815 1089 Do-

2211 1128 2387 1177 minus
2416 1138 2591 1178 omnes
2630 1123 2908 1195 diligentes
2935 1138 3031 1190 se;
3084 1114 3157 1179 ne
3189 1124 3567 1199 qnegllgenletn
3611 1126 3815 1183 faceret

2212 1217 2546 1285 auditorem,
2594 1217 2823 1272 intulit:
2855 1216 2925 1272 Et
2967 1233 3142 1272 omnes
3190 1228 3487 1288 peccatores
3527 1220 3811 1293 dispudet.

2212 1309 2350 1380 Quia
2376 1312 2538 1381 igitur
2563 1320 2949 1366 consummato
2978 1311 3325 1367 Antichristo
3354 1322 3408 1367 et
3448 1314 3673 1383 parente
3697 1313 3818 1383 ejus

2212 1400 2455 1468 diabolo,
2487 1402 2579 1472 qui
2611 1401 2967 1457 conculcabat
2989 1402 3303 1457 universam
3337 1414 3563 1474 terram,
3601 1406 3816 1476 pra-pa-

2214 1493 2448 1549 randum
2479 1491 2507 1532 δ
2533 1509 2657 1550 esse
2693 1495 3025 1549 vaticinatus
3045 1504 3131 1550 est
3155 1495 3320 1569 37a
3342 1497 3537 1551 solium
3560 1497 3616 1551 in
3648 1496 3817 1553 mise-

2215 1584 2471 1650 ricordia,
2512 1595 2568 1641 et
2590 1600 2715 1640 eum
2744 1586 2837 1656 qui
2869 1601 3122 1641 sessurus
3150 1589 3220 1643 sit
3251 1589 3306 1640 in
3337 1588 3698 1644 tabernaculo
3724 1587 3821 1644 Da-

2214 1678 2326 1746 vid,
2375 1694 2439 1734 es
2495 1693 2731 1750 persona
2777 1688 3116 1744 sanctorum,
3166 1680 3260 1751 qui
3289 1681 3360 1737 de
3410 1680 3572 1738 Moab
3623 1683 3819 1739 saivati

509 1789 688 1836 erant.
721 1778 820 1833 Illo
849 1788 1030 1834 autem
1062 1785 1417 1848 consumpto,
1447 1786 1504 1833 et
1547 1777 1773 1833 redacto
1813 1775 1881 1831 ad
1929 1773 2106 1841 nihili,
2139 1786 2189 1848 Β
2214 1779 2360 1839 sunt,
2393 1780 2448 1826 et
2488 1772 2862 1839 experimento
2893 1786 2996 1827 suo
3035 1772 3155 1843 ejus
3179 1772 3423 1829 didicere
3471 1776 3809 1843 superbiam,

510 1881 571 1928 et
617 1873 837 1942 penitus
885 1870 1198 1935 deﬁciente,
1233 1869 1631 1939 praeparabitur
1677 1868 1872 1924 solium
1918 1875 1975 1922 et
2026 1882 2111 1921 re-

519 1979 686 2037 gnum
725 1963 1146 2033 sempiternum.
1190 1962 1436 2017 Primum
1478 1961 1532 2016 in
1561 1959 1937 2016 misericordia
1978 1959 2113 2029 (om-

512 2072 615 2115 nes
642 2060 786 2112 enim
824 2055 1001 2126 (Rom.
1031 2055 1112 2126 Ill)
1140 2057 1246 2109 sub
1286 2060 1512 2125 peccato
1543 2067 1737 2108 sumus
1767 2069 1782 2105 :
1817 2061 1871 2107 et
1904 2050 2113 2117 indige-

515 2164 640 2206 mus
663 2157 687 2185 ο
720 2150 893 2220 gratia
937 2146 1054 2219 Dei)
1079 2163 1096 2213 ;
1120 2154 1176 2202 et
1202 2146 1418 2202 sedebit
1460 2146 1515 2201 in
1539 2143 1897 2200 tabernaculo
1918 2141 2113 2209 David,

518 2242 665 2315 quod
690 2252 975 2299 corruerat
1019 2253 1072 2297 et
1113 2244 1435 2295 suscitatum
1466 2250 1574 2307 est,
1617 2239 1709 2308 qui
1750 2247 1872 2309 post
1904 2234 2118 2291 miseri-

516 2336 757 2392 cordiam
790 2334 953 2407 27],
974 2333 1214 2404 judicet,
1239 2341 1295 2388 et
1336 2341 1549 2403 qumrat
1573 2332 1865 2402 justitiam,
1911 2337 1967 2384 et
1986 2327 2114 2383 red-

521 2427 615 2484 dat
637 2430 935 2498 unicuique
964 2427 1266 2482 secundum
1293 2441 1460 2497 opera
1489 2440 1608 2481 sua.
1633 2422 2060 2479 (Ionsidcremus
2087 2434 2116 2474 a

514 2521 791 2592 principio
822 2522 903 2574 vel
928 2520 1149 2588 Oneris,
1173 2519 1257 2574 vel
1282 2518 1557 2574 sermonis
1578 2518 1755 2583 Moab,
1780 2517 1833 2571 in
1855 2532 1962 2585 quo
1982 2513 2118 2569 dici-

520 2621 652 2669 tur:
684 2610 854 2666 Nocte
875 2619 1076 2666 vastata
1114 2620 1189 2665 est
1228 2611 1302 2664 Ar
1325 2610 1506 2676 Moab,
1529 2621 1585 2666 et
1619 2620 1821 2665 caetera
1857 2623 2025 2679 usque
2051 2607 2117 2661 ad

513 2703 910 2769 hunclocum;
952 2713 1007 2759 et
1033 2702 1342 2759 videbimus
1372 2704 1649 2772 quomodo
1683 2718 1778 2771 per
1818 2702 2024 2774 gradus
2065 2708 2121 2756 et

515 2798 768 2857 ordinem
804 2798 1144 2870 paenitentia:
1186 2798 1254 2852 de
1292 2794 1549 2851 Moabitis
1578 2795 1842 2852 Israelita:
1870 2793 2120 2849 ﬁantzet

522 2884 735 2961 fugiant
769 2888 923 2959 quasi
972 2902 1122 2953 aves,
1156 2897 1209 2943 et
1253 2887 1473 2942 avolent
1501 2886 1661 2958 quasi
1709 2887 1836 2957 pulli
1869 2886 1938 2941 de
1966 2884 2118 2952 nido,

514 2995 576 3041 ut
613 2982 1002 3039 transcendant
1027 2997 1120 3052 per
1137 2983 1345 3045 Aruon,
1368 2994 1419 3037 et
1439 2981 1681 3037 habitent
1712 2980 1763 3036 iu
1788 2990 1969 3035 monte
1993 2978 2119 3033 ﬁlim

514 3072 645 3133 Sion
665 3093 679 3129 :
697 3074 908 3130 etomui
927 3072 1128 3129 diaboli
1143 3074 1222 3129 vel
1247 3074 1562 3129 Antichristi
1582 3081 1848 3144 potestate
1859 3081 2114 3139 contrita,

2215 1862 2482 1933 propheta
2510 1864 2778 1934 loquitur:
2806 1862 3109 1919 Audiuimus
3141 1865 3435 1938 superbiam
3474 1866 3659 1934 Moab,
3708 1869 3820 1925 sive

2212 1955 2485 2029 injuriam,
2520 1966 2581 2012 ut
2617 1957 2760 2013 LXX
2795 1959 3213 2015 transtulerunt.
3254 1961 3389 2029 Quis
3419 1963 3569 2018 enim
3602 1963 3820 2020 hereti-

2213 2064 2403 2106 corum
2430 2068 2535 2107 non
2566 2049 2837 2122 superbus
2868 2053 2998 2107 est?
3027 2057 3114 2122 qui
3159 2054 3608 2112 Ecclesiasneam
3640 2058 3819 2128 despi—

2214 2144 2365 2200 ciens
2384 2144 2816 2214 simplieitatem,
2843 2146 2914 2200 ita
2940 2145 3104 2201 habet
3131 2146 3395 2203 Ecclesia:
3418 2147 3675 2205 homines
3693 2163 3821 2222 qua-

2215 2239 2260 2292 si
2295 2237 2452 2293 bruta
2482 2240 2763 2306 animalia,
2814 2248 2873 2295 et
2899 2240 3168 2295 intantum
3199 2241 3475 2311 superbia:
3498 2241 3820 2312 iniuriaeque

2217 2339 2437 2390 tumore
2472 2335 2722 2406 erigitur,
2760 2343 2819 2390 ut
2848 2345 3040 2390 contra
3082 2336 3258 2407 ipsum
3285 2335 3603 2392 Creatorem
3649 2346 3822 2395 armet

2217 2441 2281 2482 os
2310 2443 2494 2495 suum,
2516 2427 2816 2483 detrahens
2842 2429 3128 2499 prophetis
3149 2430 3290 2500 ejus,
3314 2432 3468 2499 quasi
3492 2431 3822 2488 auctoritate

2218 2519 2519 2575 testimonii
2555 2518 2891 2590 Evangeliri,
2942 2520 2995 2574 in
3053 2534 3161 2591 quo
3187 2520 3443 2578 Salvator
3470 2521 3548 2576 ait
3578 2541 3591 2575 :
3629 2520 3819 2578 Omnes

2216 2613 2306 2684 qui
2329 2620 2573 2666 venerunt
2601 2619 2721 2666 ante
2751 2628 2853 2676 me,
2892 2615 3035 2683 fures
3070 2613 3282 2681 [uerunt
3309 2620 3356 2667 et
3380 2611 3610 2669 latrones
3631 2613 3684 2685 (J
3698 2629 3817 2668 catt.

2219 2720 2274 2768 κ,
2308 2705 2405 2774 8):
2437 2704 2573 2759 adeo
2618 2713 2677 2759 ut
2701 2703 2921 2776 Moysen
2951 2720 3168 2775 quoque
3201 2705 3461 2760 famulum
3493 2706 3590 2761 Dei
3637 2706 3823 2777 appel-b

2219 2798 2299 2854 let
2331 2797 2681 2867 homicidam,
2735 2808 2791 2855 et
2820 2798 2950 2855 Jesu
2975 2797 3089 2855 ﬁlio
3125 2799 3273 2855 Nave
3323 2799 3607 2862 detrahat,
3660 2803 3813 2873 quasi

2219 2890 2428 2946 homini
2480 2892 2860 2962 sanguinario,
2910 2892 3003 2963 qui
3035 2903 3197 2948 tanta:
3243 2893 3559 2950 sanctitatis
3605 2892 3733 2959 fuit,
3764 2904 3818 2949 ut

2220 2985 2286 3041 ad
2306 2985 2599 3057 imperium
2619 2987 2897 3044 sermonis
2918 2986 3037 3058 ejus
3064 2988 3144 3043 sol
3178 2988 3418 3059 lautaque
3436 2990 3816 3046 constiterint:

2221 3088 2276 3134 et
2310 3079 2498 3137 David.
2530 3078 2597 3133 de
2619 3079 2776 3150 cujus
2807 3080 3020 3136 semine
3044 3090 3199 3135 ortus
3220 3090 3305 3136 est
3331 3081 3581 3138 Christus
3605 3080 3817 3155 (Matth.

516 3165 770 3225 Christus
795 3179 977 3239 regnet
1006 3168 1057 3222 in
1083 3167 1188 3230 his,
1206 3177 1257 3224 et
1277 3179 1436 3238 ponat
1458 3169 1652 3225 solium
1670 3184 1825 3223 suum
1849 3170 1941 3239 qui
1966 3167 2125 3221 mise—
2153 3175 2201 3240 ο
2231 3169 2304 3240 ι),
2339 3168 2670 3225 homicidam
2711 3178 2769 3225 et
2798 3169 3102 3227 adulteram
3148 3171 3342 3240 vocet,‘
3361 3188 3470 3228 non
3522 3175 3820 3244 respiciens

523 3262 757 3321 ricordia
785 3262 1107 3334 justitiaque
1128 3262 1322 3343 salvati
1339 3274 1483 3317 sunt.
1505 3261 1620 3317 Non
1639 3262 1783 3339 enim
1811 3270 1961 3330 pater
1978 3259 2121 3330 judi-

516 3367 605 3415 cat
620 3373 973 3429 quemquam,
989 3356 1086 3413 sed
1101 3373 1261 3413 omne
1278 3357 1543 3427 judicium
1559 3358 1707 3413 dedit
1728 3354 2022 3429 li|i0(Joan.
2040 3353 2116 3428 ν).

591 3453 773 3525 (Vcrs.
800 3453 833 3509 6
863 3451 1048 3524 seqq.)
1088 3453 1393 3508 Audiuimus
1432 3452 1732 3524 superbiam
1763 3451 1940 3508 Moab.
1976 3468 1995 3508 :
2033 3468 2117 3507 su-

519 3547 709 3618 perbus
748 3553 824 3600 est
873 3543 1045 3599 valde.
1092 3543 1352 3612 Superbia
1395 3546 1532 3617 ejus,
1555 3554 1603 3597 et
1646 3543 1949 3616 arrogantia
1985 3543 2123 3614 ejus,

519 3647 571 3693 et
623 3638 918 3711 indignatio
965 3639 1109 3707 ejus,
1158 3635 1274 3706 plus
1317 3652 1471 3707 quam
1529 3636 1778 3708 fortitudo
1827 3637 1959 3703 ejus.
2021 3633 2116 3688 Id-

520 3732 661 3788 circo
704 3726 928 3784 ululabit
979 3724 1137 3783 Moab
1192 3729 1261 3782 ad
1316 3727 1493 3794 Moab,
1543 3729 1812 3783 universus
1861 3726 2123 3784 ululabit:

523 3820 607 3878 his
654 3824 742 3896 qui
797 3819 1043 3878 ltetuntur
1105 3838 1261 3891 super
1323 3838 1531 3876 murum
1584 3820 1695 3892 [AL
1745 3820 1945 3893 muros]
1994 3823 2124 3877 cocti

523 3912 725 3984 lli/eris,
748 3913 1027 3987 loquimini
1056 3913 1238 3988 plagas
1259 3917 1372 3989 ejus
1402 3912 1707 3988 [Al.suasj:
1732 3918 1977 3983 quoniam
1996 3915 2122 3970 sub-

525 4012 727 4069 urbana
764 4004 973 4067 Esebon
1024 4012 1229 4065 deserta
1266 4019 1408 4077 sunt,
1456 4012 1607 4066 uinea
1650 4009 1903 4067 Sabuma.
1936 4008 2121 4065 LXX:

527 4103 838 4162 Audiuimus
867 4105 1123 4180 injuriam
1154 4103 1313 4159 Moab
1337 4120 1358 4161 :
1388 4104 1794 4160 contumeliosus
1833 4115 1907 4158 est
1940 4102 2123 4158 ualde:

530 4199 779 4269 superbia
809 4202 941 4271 ejus,
974 4206 1021 4253 et
1051 4198 1250 4271 injuria
1269 4199 1404 4269 ejus,
1438 4206 1484 4252 et
1509 4200 1656 4270 furor
1688 4213 1795 4251 non
1823 4198 1955 4252 sicut
1993 4195 2125 4250 divi-

525 4292 818 4347 natiotua:
861 4306 964 4344 non
1011 4291 1086 4344 sic
1115 4288 1337 4346 ululabit
1384 4290 1578 4346 Moab:
1603 4290 1857 4362 siquidem
1880 4293 1935 4344 in
1968 4288 2124 4343 Moab

523 4400 701 4440 omnes
727 4380 1038 4437 ululabunt:
1073 4382 1451 4439 habitatoribus
1482 4393 1652 4439 autem
1686 4383 1873 4439 Deseth
1907 4385 2126 4439 medita-

530 4476 704 4532 beris:
735 4484 782 4530 et
810 4491 913 4529 non
941 4475 1274 4546 confunderis
1297 4494 1316 4531 :
1338 4478 1507 4549 campi
1541 4475 1746 4532 Eaebon
1780 4476 2021 4549 lugebant
2048 4477 2143 4530 oi-‘

2223 3267 2341 3334 ejus
2372 3266 2745 3335 paenitentiam
2777 3276 2837 3323 et
2883 3266 3378 3332 mansuetudinem,
3432 3284 3540 3340 qua
3586 3269 3681 3325 Dei
3714 3271 3819 3325 cle—

2223 3357 2425 3411 mentia
2459 3369 2831 3425 comparatur.
2885 3358 2990 3415 Sed
3026 3360 3273 3427 quamvis
3327 3362 3601 3430 superbus
3653 3363 3726 3417 sit
3768 3372 3818 3418 et

2221 3456 2509 3521 arrogans,
2536 3458 2592 3506 et
2625 3449 2950 3506 furibundus
2977 3455 3221 3507 exsultet
3250 3471 3263 3507 :
3291 3461 3473 3510 nmen
3504 3455 3630 3525 plus
3660 3454 3816 3511 audet

2224 3558 2387 3613 quam
2421 3542 2539 3614 ejus
2575 3545 2783 3615 patitur
2826 3542 3112 3601 fortitudo.
3156 3546 3369 3603 Idcirco
3396 3547 3557 3604 Moab
3600 3549 3819 3605 uiolabit

2223 3638 2291 3693 ad
2321 3637 2502 3706 Moab,
2530 3638 2580 3694 id
2613 3650 2719 3705 est,
2760 3642 2902 3697 alter
2923 3644 2989 3696 ad
3018 3641 3251 3696 alterum
3278 3660 3290 3697 :
3336 3658 3531 3698 omnes
3569 3643 3821 3699 videlicet

2224 3730 2608 3788 haereticorum
2631 3743 2685 3787 et
2706 3734 2990 3790 saecularis
3009 3735 3295 3805 sapientia:
3322 3735 3676 3793 diversitates
3696 3744 3818 3793 con—

2225 3834 2305 3882 tra
2339 3841 2399 3883 se
2432 3828 2699 3898 mugieut,
2731 3844 2855 3883 cum
2910 3830 2967 3885 in
2998 3830 3285 3887 tormentis
3326 3829 3536 3887 fuerint
3566 3831 3662 3901 (ill
3693 3830 3812 3903 Reg.

2225 3920 2324 3993 vt).
2358 3920 2531 3990 Quam
2554 3924 2624 3977 ob
2657 3939 2773 3978 rem
2799 3924 2886 3981 his
2907 3924 2996 3996 qui
3024 3941 3212 3984 muros
3243 3927 3444 3983 habent
3468 3938 3577 3984 non
3604 3927 3817 4001 quadris

2229 4014 2531 4070 aaditicatos
2562 4015 2858 4087 lapidibus,
2908 4017 2979 4073 de
3014 4018 3214 4089 quibus
3245 4020 3537 4090 Templum
3592 4021 3817 4077 aediﬁca-

2225 4117 2339 4164 tum
2365 4119 2446 4165 est
2475 4126 2489 4175 ;
2517 4118 2573 4165 et
2601 4110 2873 4167 intantum
2914 4112 3119 4181 politis,
3164 4122 3219 4168 ut
3272 4113 3505 4170 malleus
3532 4122 3593 4171 et
3619 4114 3817 4171 securis

2226 4217 2333 4258 non
2361 4203 2425 4258 sit
2450 4202 2634 4258 audita
2665 4205 2720 4258 in
2743 4204 2905 4259 domo
2937 4203 3054 4274 Dei,
3088 4220 3235 4261 ovos
3259 4205 3521 4263 Ecclesia:
3552 4205 3811 4277 magistri,

2226 4296 2310 4352 vel
2340 4297 2433 4369 qui
2456 4298 2591 4353 estis
2622 4299 2691 4354 de
2717 4297 2876 4354 Moab
2902 4314 3093 4356 errore
3109 4299 3327 4364 salvati.
3349 4302 3674 4357 annuntiate
3708 4300 3810 4371 pla-

2224 4404 2321 4461 gas
2352 4406 2501 4456 suas,
2537 4391 2735 4459 quibus
2761 4391 3362 4464 ha-reticorumjacnlis
3388 4395 3657 4451 vulnerati
3679 4402 3810 4449 sunt.

2224 4483 2428 4538 Omnes
2477 4484 2623 4539 enim
2680 4487 3044 4555 cogitationes
3091 4502 3306 4549 eorum.
3353 4488 3500 4559 quod
3563 4488 3815 4558 signiﬁcat

528 4586 683 4625 neum
715 4565 967 4624 Sabama.
994 4566 1225 4635 Quantis
1250 4570 1687 4625 obscuritatibus
1718 4571 1869 4626 locus
1888 4570 2128 4640 istejux-
2152 4572 2205 4633 Β
2232 4572 2470 4640 Esebon,
2520 4590 2629 4630 non
2662 4575 2727 4630 ad
2759 4576 2911 4631 urbis
2946 4577 3239 4633 Dominica:
3273 4579 3671 4637 habitationem
3705 4593 3814 4651 per-

533 4672 586 4720 la
635 4656 780 4719 LXX
828 4663 1169 4731 interpretes
1224 4662 1503 4718 involutus
1552 4663 1653 4729 sit,
1685 4678 1753 4717 ex
1806 4677 1874 4717 eo
1922 4663 2133 4732 perSpi-

523 4774 685 4815 cuum
715 4767 821 4823 est,
851 4757 995 4830 quod
1026 4756 1131 4827 legi
1165 4756 1250 4810 vix
1292 4767 1491 4822 potest.
1520 4748 1771 4811 Dicamus
1809 4769 1940 4824 ergo
1974 4754 2129 4824 juxta

530 4846 879 4908 Hebraicum.
927 4850 1098 4906 Moris
1142 4859 1228 4906 est
1277 4848 1706 4918 Scripturarum,
1744 4856 1803 4901 ut
1839 4854 2128 4917 postquam

533 4946 973 5014 desperationem
1026 4944 1228 4999 mentis
1260 4943 1533 5006 humanas,
1570 4943 1696 4998 lalto
1728 4942 1917 4994 nuntio
1949 4942 2131 4996 suble-

526 5041 799 5101 varerint,
832 5050 1048 5090 rursum
1083 5036 1414 5106 negligentes
1435 5046 1492 5091 et
1533 5036 1782 5091 nolentes
1812 5049 1973 5104 agere
2004 5049 2119 5104 pte-

521 5129 811 5187 nitentiam
842 5127 1263 5185 comminatione
1294 5129 1635 5197 deterreant,
1672 5145 1739 5183 ne
1771 5128 1989 5184 bonitas
2022 5128 2119 5183 Dei

598 5281 622 5307 ει
648 5269 740 5328 Sic
772 5268 830 5325 S.
864 5278 1085 5338 quoque
1116 5267 1451 5338 Augustinus
1487 5270 1615 5337 legit
1647 5268 1741 5325 tib.
1783 5286 1801 5325 ι
1834 5268 1903 5324 de
1929 5266 2130 5326 Pecca-

528 5353 712 5403 torum
744 5342 958 5395 meritis
989 5356 1111 5409 cap.
1144 5342 1241 5407 27,
1272 5351 1327 5396 et
1351 5344 1407 5395 S.
1441 5340 1779 5397 Gaudentius
1802 5341 2128 5410 Brisiensis,

522 5413 682 5484 juxm
731 5412 1159 5475 Lugdunensem
1182 5412 1498 5484 editionem.
1527 5411 1713 5468 Gratia
1739 5413 1867 5484 Dei:
1896 5430 1995 5484 pro
2020 5431 2128 5481 quo

523 5474 579 5540 in
600 5486 795 5541 Grmro
820 5474 927 5539 text
939 5494 1062 5556 tres!
1081 5493 1173 5545 τῆς
1189 5481 1246 5540 δό
1259 5482 1440 5550 ξηςτοῦ
1454 5490 1603 5549 Θεοῦ,
1621 5484 1787 5556 gloria
1804 5474 1931 5540 Dei':
1946 5474 2129 5556 quern-

525 5556 824 5610 admodum
862 5566 917 5608 et
964 5553 1225 5623 Vulgatus
1274 5558 1549 5625 interpres
1590 5555 1788 5611 reddit.
1842 5553 2018 5624 Atque
2053 5558 2124 5610 ibi

527 5626 712 5698 glorite
750 5628 970 5681 nomine
991 5625 1266 5681 Chrisumt
1304 5627 1555 5697 intelligi,
1588 5630 1680 5697 qui
1720 5639 1803 5682 est
1835 5628 2005 5698 gloria
2029 5626 2127 5682 Dei

528 5696 729 5761 Patris,
764 5710 1092 5763 sensumque
1123 5713 1189 5749 eo
1242 5696 1507 5764 recidere,
1567 5696 1623 5751 ut
1674 5696 1853 5760 dicat,
1906 5696 2125 5754 Christo

525 5765 896 5836 redemptore,
928 5781 1048 5834 qua:
1097 5766 1189 5821 Dei
1221 5775 1308 5823 est
1330 5770 1529 5839 gratia,
1560 5770 1671 5825 κατ’
1702 5767 1911 5841 έξοχὴν,
1944 5769 2123 5825 nullus

2230 4666 2429 4729 tinent,
2464 4665 2529 4720 de
2558 4681 2660 4735 qua
2701 4667 2965 4737 scriptum
3004 4678 3120 4724 est:
3156 4668 3417 4725 Fluminis
3446 4672 3668 4741 impetus
3697 4669 3817 4724 lani-

2234 4756 2355 4826 βίαι
2381 4757 2640 4813 civitatem
2668 4756 2762 4813 Dei
2784 4757 2905 4832 (Ps.
2938 4777 3065 4827 xcv,
3089 4762 3179 4833 5);
3206 4762 3300 4818 sed
3330 4763 3645 4820 suburbana
3673 4768 3813 4827 sunt,

2232 4857 2289 4903 ut
2317 4848 2383 4903 ad
2414 4849 2603 4904 urbem
2634 4846 2846 4907 Domini
2878 4854 3157 4923 pertinere
3182 4855 3512 4912 credantur:
3548 4872 3669 4926 qutc
3696 4853 3814 4910 sub-

2231 4941 2473 5006 urbana.
2532 4943 2626 4997 Dei
2685 4954 2814 4999 sunt
2862 4943 3086 5002 deserta
3137 4946 3423 5016 praesidio,
3477 4948 3598 5005 sive
3641 4947 3815 5003 divino

2225 5032 2351 5104 igne
2373 5034 2679 5105 combuSIa,
2711 5039 2988 5107 prmeipue
3016 5038 3176 5094 vinea
3214 5038 3469 5108 Sabama,
3507 5056 3631 5110 quas
3663 5041 3817 5095 inter—

2226 5139 2476 5200 pretatur
2505 5131 2747 5187 attollens
2786 5132 3145 5201 altitudinem,
3190 5149 3257 5190 eo
3287 5134 3433 5206 quod
3473 5135 3529 5191 in
3562 5135 3732 5191 altum
3755 5145 3812 5186 se

2234 5268 2807 5350 dubito;_s_le_tamer_t
2858 5276 3068 5350 sentio,
3115 5277 3335 5332 recitari
3386 5276 3454 5334 ab
3493 5266 3810 5350 Hieronymo

2236 5354 2400 5428 atque
2441 5345 2565 5428 aliis
2598 5344 3112 5428 laudatishl’atrilms
3145 5350 3323 5405 locum
3367 5352 3617 5428 Apostolt
3642 5344 3809 5428 ciba-

2227 5417 2360 5540 Linla:
2389 5417 2645 5471 editionis
2667 5417 2972 5483 codicibus,
3000 5435 3123 5490 quas
3158 5432 3269 5476 tum
3309 5417 3577 5494 temporis
3606 5423 3810 5479 obtines

2265 5502 2291 5537 a
2326 5527 2337 5539 .
2893 5522 2912 5540 .

2301 5522 2337 5595 ἶν’
2360 5554 2493 5634 Erat
2535 5558 2693 5613 antea
2726 5522 3070 5634 incommodo
3099 5560 3447 5634 implexomte
3468 5580 3652 5629 sensu,
3685 5577 3811 5634 pra:-

2227 5628 2549 5758 pmiagdpm,
2567 5639 2623 5685 ut
2647 5642 2724 5686 est
2745 5632 3106 5703 vaticinatum,
3139 5628 3250 5690 esse
3264 5628 3480 5704 solium,
3498 5628 3811 5703 ete.;'r'esti-

2251 5716 2301 5755 Ill
2405 5718 2432 5753 a
2463 5716 2531 5756 te.

2251 5716 2328 5755 llll.
2362 5716 2531 5756 νίιιιο.
