4010 6310
465 256 571 313 239

1687 241 1749 298 S.
1794 236 2073 299 EUSEBII
2113 232 2502 293 HIERONYMI

3674 221 3780 282 2l0

467 375 629 439 dixit,
661 386 828 429 unum
858 369 1080 425 verbum
1125 364 1221 421 Dei
1266 363 1360 429 sit,
1396 361 1448 416 id
1477 368 1584 425 est,
1632 373 1738 414 uua
1767 359 2056 414 sententia.
2089 360 2136 420 Α
2166 354 2236 409 de
2258 354 2459 423 quibus
2479 361 2530 406 et
2561 347 2690 404 alibi
2735 347 2969 417 legimus
3001 361 3014 399 :
3049 341 3422 401 Recordamini
3451 341 3656 397 dierum
3685 357 3779 396 ste-

467 464 815 532 Ptil‘rujttXta
861 460 1004 515 LXX
1047 459 1136 527 qui
1185 455 1529 524 interpretati
1578 463 1748 506 sunt:
1801 449 2062 504 Interiora

468 551 730 621 prop/icta:
759 547 910 611 quasi
943 561 1147 597 murum
1176 553 1422 596 renovata
1449 558 1479 590 a
1519 539 1649 606 Deo,
1680 549 1727 592 et
1764 537 2062 592 erubescere

467 658 601 705 eum,
645 641 694 694 iil
725 649 832 705 est,
861 622 1040 703 Moab,
1072 645 1128 692 et
1160 637 1366 690 intrare
1405 633 1472 688 ad
1496 647 1641 698 aras,
1667 642 1722 685 et
1751 630 1818 685 ad
1850 646 1912 683 ea
1942 644 2063 699 quae

467 751 628 792 manu
658 732 796 787 facta
821 733 952 799 sint,
988 734 1061 785 ita
1087 732 1359 786 disserere
1390 742 1700 798 possumus,
1739 725 2064 779 iudicamus

465 843 682 899 semper
710 830 990 897 proplietre
1015 827 1264 880 renovari
1282 826 1518 888 viscera,
1542 829 1600 876 et
1617 837 1644 874 a
1670 821 1782 875 Deo
1811 821 1926 873 lteri
1955 817 2063 872 for-

461 924 626 985 tiora,
655 929 711 972 ut
738 918 1036 973 adversirii
1066 916 1487 978 confundantur,
1515 924 1569 969 et
1594 930 1656 966 ea
1679 930 1799 982 quae
1829 912 2060 965 liuuiana

461 1027 626 1068 manu
661 1012 905 1066 ιὶώιοίολιιι
928 1010 1035 1084 [AL
1069 1008 1351 1081 fabricata]
1371 1017 1517 1072 sunt,
1553 1020 1707 1062 caSsa
1735 1004 2061 1074 intelligant,

460 1114 517 1161 et
543 1105 677 1158 nihil
712 1103 778 1157 :id
807 1104 1038 1157 Salutem
1078 1101 1443 1172 proﬁcientia.

535 1197 719 1268 (Vers.
750 1195 864 1264 14.)
910 1195 974 1248 Et
1006 1211 1142 1248 nunc
1173 1195 1374 1248 locutus
1415 1202 1490 1246 est
1533 1190 1808 1253 Dominus,
1843 1187 2020 1241 dicens
2045 1204 2064 1240 :

464 1289 534 1345 In
563 1293 722 1345 tribus
744 1292 897 1343 annis
927 1290 1077 1359 quasi
1103 1290 1254 1342 armis
1281 1287 1586 1341 mercenarii
1609 1289 1876 1354 auferetur
1893 1282 2064 1352 gloria

463 1382 622 1438 Moab
650 1399 806 1451 super
834 1383 972 1435 omni
999 1381 1190 1452 popqu
1213 1380 1396 1442 multo,
1426 1388 1474 1431 et
1503 1377 1819 1445 relinquetur
1849 1389 2062 1442 parvus,

461 1486 507 1528 et
535 1475 800 1537 modicus,
835 1489 1154 1544 nequaquam
1186 1472 1396 1526 multus.
1428 1470 1564 1524 Tres
1591 1471 1742 1533 anui,
1779 1469 1832 1521 in
1869 1465 2064 1533 quibus

459 1575 740 1624 auteretur
761 1567 930 1632 gloria
967 1567 1124 1620 Moab
1162 1582 1326 1635 super
1355 1563 1502 1618 omni
1549 1562 1751 1634 populo
1781 1561 1895 1630 ejus
1927 1559 2065 1612 ntul-

455 1669 536 1725 to,
575 1666 652 1717 vel
688 1662 881 1715 divitiis
909 1659 1108 1725 multis,
1142 1671 1200 1714 ut
1221 1657 1362 1713 LXX
1387 1658 1805 1717 transtulerunt,
1833 1650 2063 1722 mystice

2165 447 2270 501 culi
2296 443 2453 514 (Isai.
2497 440 2672 511 xm),
2705 451 2762 496 et
2803 441 3002 495 iterum
3042 455 3055 492 :
3090 437 3324 509 Cogitavi
3364 437 3474 490 dies
3513 435 3778 505 antiquos,

2166 549 2212 592 et
2240 554 2402 592 annos
2445 546 2666 591 retentos
2707 535 2761 586 in
2788 541 2954 586 mente
2980 529 3136 584 habui
3167 527 3341 601 (Psal.
3384 541 3580 589 Lxsvl,
3613 525 3695 590 6).
3725 525 3784 582 Si

2166 633 2310 686 enim
2341 631 2547 683 umbrae
2575 636 2629 681 et
2650 625 3056 688 exemplaribus
3078 623 3359 678 serviebat
3380 622 3534 686 juxta
3557 635 3780 675 carnem

2166 722 2364 788 Israel,
2391 733 2446 776 et
2477 721 2660 775 omnis
2702 733 2893 774 eorum
2944 716 3270 771 soleinnitas
3303 715 3616 769 futurorum
3665 722 3786 769 erat

2165 827 2350 888 typus.
2383 832 2550 887 quare
2577 830 2683 868 non
2714 822 2770 868 et
2808 811 2940 867 anni
2971 811 3262 880 pricsentis
3296 810 3562 875 temporis
3602 809 3781 864 futura

2164 920 2416 980 tempora
2451 908 2833 980 prtrﬁgurent?
2863 907 2932 961 de
2962 907 3160 976 quibus
3191 904 3321 959 etin
3348 903 3458 960 alio
3495 904 3622 959 loco
3650 903 3785 975 legi-

2167 1021 2289 1060 mus
2326 1023 2338 1057 :
2387 1003 2524 1070 Quid
2559 1002 2758 1072 facietis
2783 1001 2836 1054 in
2878 999 3058 1053 diebus
3097 1007 3394 1065 conventus,
3427 1005 3477 1051 et
3514 998 3568 1050 in
3601 996 3782 1050 diebus

2167 1099 2458 1170 festivitatis
2506 1095 2765 1150 Domini?
2808 1093 3075 1162 Quodque
3121 1093 3390 1162 jungitur,
3443 1090 3611 1158 Quasi
3658 1088 3785 1144 anni

2167 1190 2470 1246 mercenarii
2497 1189 2652 1254 (Osee
2680 1203 2763 1252 lx,
2794 1185 2873 1258 5),
2911 1185 3015 1240 hoc
3042 1183 3306 1252 ostendit,
3339 1184 3482 1251 quod
3515 1183 3650 1237 falsa
3683 1181 3783 1238 do-

2165 1286 2346 1340 eti-ina
2397 1298 2496 1352 pro
2542 1283 2698 1336 lucro
2746 1287 2943 1336 cuncta
2999 1278 3166 1332 faciat
3212 1289 3378 1346 atque
3428 1275 3778 1345 compendio.

2166 1377 2358 1433 Omnis
2389 1377 2534 1430 enim
2566 1374 2967 1437 mercenarius,
2997 1381 3054 1426 et
3077 1371 3172 1441 qui
3200 1386 3309 1424 non
3341 1380 3426 1424 est
3457 1377 3664 1438 pastor,
3689 1384 3786 1424 cti-

2161 1471 2254 1540 jus
2279 1487 2391 1526 non
2417 1479 2546 1523 sunt
2573 1482 2726 1534 oves,
2759 1481 2881 1520 cum
2909 1465 3104 1518 viderit
3138 1466 3325 1533 lupum
3359 1465 3672 1517 venientem
3703 1464 3784 1517 lu-

2163 1567 2263 1635 gii,
2289 1564 2416 1632 quia
2450 1563 2829 1618 mercenarius
2860 1569 2968 1625 est,
2999 1570 3054 1615 et
3081 1574 3212 1614 oves
3250 1558 3314 1611 ad
3341 1573 3465 1612 eum
3511 1572 3620 1612 noii
3662 1572 3784 1628 per—

2167 1663 2344 1713 tinent
2379 1656 2560 1729 (Joan.
2597 1655 2677 1728 ι).
2713 1656 2889 1720 Quam
2923 1655 2992 1708 ob
3041 1667 3156 1708 rem
3215 1660 3348 1722 puto
3402 1650 3673 1706 advenam
3729 1659 3784 1706 et

455 1757 796 1827 intelligendi
824 1767 973 1810 sunt.
1008 1755 1160 1811 Sicut
1183 1755 1329 1808 enim
1363 1749 1739 1806 misericordia
1774 1747 1988 1802 Domini
2013 1748 2065 1800 in
2097 1755 2145 1815 Β
2180 1752 2586 1808 mercenarium
2619 1749 2646 1788 δ
2672 1749 2740 1802 de
2767 1749 2973 1804 sanctis
3004 1762 3110 1802 non
3152 1745 3483 1813 comedere,
3526 1761 3630 1800 nec
3667 1760 3784 1800 sero

457 1849 794 1920 ροιιόθιίιιιιῧ
832 1858 915 1902 est
945 1857 1111 1911 atque
1143 1861 1399 1900 mensura
1431 1863 1443 1898 :
1488 1845 1567 1898 sic
1610 1851 1665 1897 et
1699 1840 1974 1896 cruciatus
2001 1855 2063 1893 ac

457 1941 722 2010 supplicia
755 1941 957 1994 habent
989 1954 1300 1993 mensuram
1335 1953 1513 2004 suum,
1549 1945 1608 1989 ut
1637 1944 1920 2003 postquam
1951 1943 2063 1987 tres

455 2038 585 2088 anni
618 2035 962 2098 transierint,
986 2033 1037 2086 in
1068 2031 1269 2103 quibus
1289 2031 1628 2100 relinquetur
1654 2028 1816 2100 2'76
1844 2040 2062 2096 parvus,

453 2136 511 2182 et
543 2129 810 2189 modicus,
843 2136 898 2180 et
925 2141 992 2180 ne
1013 2141 1264 2194 tuaqtiam
1300 2127 1523 2187 multus,
1561 2134 1708 2187 tunc,
1740 2131 1765 2158 α
1799 2120 2064 2191 inglorius

455 2233 578 2274 esst:
613 2219 859 2273 desiSIat.
895 2218 959 2272 Et
978 2219 1080 2272 lioc
1112 2216 1434 2280 notandum,
1464 2215 1776 2284 quoiljuxia
1805 2212 2063 2268 Ezechie-

457 2317 528 2371 lis
566 2316 930 2385 prophetiam,
968 2313 1192 2385 quando
1222 2312 1342 2368 dies
1389 2327 1489 2383 pro
1517 2312 1673 2365 annis
1705 2295 2064 2364 numerantur

451 2407 641 2463 Israelt
677 2405 895 2478 (Exerit.
935 2406 1034 2477 iv).
1073 2407 1175 2460 hoc
1221 2415 1327 2473 est,
1377 2405 1567 2460 decem
1620 2403 1891 2468 tribubus,
1944 2417 2065 2468 qua:

454 2506 662 2566 majora
698 2510 1084 2569 pecctverant,
1118 2507 1480 2566 suppiitetitiir
1510 2498 1560 2550 iii
1594 2497 1768 2564 pomis
1797 2495 1925 2549 anni
1957 2501 2065 2548 tre-

454 2594 598 2647 centi
634 2592 949 2659 nonaginta,
978 2601 1034 2643 tit
1059 2590 1110 2643 in
1141 2590 1407 2643 Hebrairo
1431 2589 1767 2651 continetur,
1801 2602 1906 2641 non
1932 2601 2064 2640 cen-

455 2693 569 2739 tum
597 2686 916 2752 nonaginta,
949 2693 1007 2735 ut
1043 2681 1270 2752 Vulgata
1294 2682 1463 2735 editio
1493 2681 1658 2735 habet
1685 2698 1697 2733 :
1729 2691 1776 2734 et
1802 2679 1977 2742 Judaz,
2009 2678 2062 2733 in

456 2791 565 2846 quo
597 2783 716 2829 erat
736 2773 1019 2841 Templum
1064 2761 1194 2839 Dei,
1222 2773 1350 2827 anni
1380 2773 1758 2842 quadraginta.
1791 2771 1892 2838 Qui
1916 2771 2063 2826 enim

455 2882 654 2937 parvus
681 2877 787 2932 est,
826 2876 1069 2920 meretur
1107 2866 1540 2920 misericordiam
1568 2881 1580 2916 :
1608 2874 1854 2932 potentes
1882 2875 2062 2918 autem

452 2968 708 3029 patenter
742 2969 1012 3013 tormenta
1049 2958 1495 3030 patientur(Sap.
1526 2955 1624 3029 Vl).
1662 2958 1726 3011 Et
1755 2973 1948 3012 servus
1971 2957 2062 3027 qui

453 3053 560 3107 scit
588 3053 925 3107 voluntatem
958 3051 1173 3106 Dottiiiti
1204 3051 1310 3117 sui,
1345 3059 1403 3105 et
1426 3067 1531 3104 non
1569 3052 1696 3104 facit
1727 3066 1868 3116 caui,
1894 3065 2064 3119 vapu-

2166 1861 2288 1909 vos,
2320 1853 2638 1899 sanctorum
2669 1857 2796 1896 esse
2825 1840 3154 1908 participes.
3185 1839 3300 1893 Non
3335 1838 3482 1893 enim
3514 1839 3586 1890 ob
3613 1837 3784 1892 dilec-

2166 1938 2372 1993 tionem
2423 1936 2658 2002 Domini,
2691 1934 2786 1988 sed
2828 1933 2899 1987 ob
2945 1931 3252 1987 mercedem
3305 1939 3500 1986 cuncta
3549 1930 3776 2000 faciunt,

2166 2031 2257 2101 qui
2291 2029 2585 2084 eomedunt
2628 2027 2825 2081 domos
2864 2024 3173 2084 viduarum.
3219 2034 3272 2080 et
3313 2025 3574 2096 proprios
3615 2023 3784 2079 addu-

2166 2131 2300 2177 cunt
2330 2137 2548 2192 greges,
2583 2132 2638 2174 ut
2671 2120 2812 2173 lanis
2838 2134 3029 2173 eorum
3056 2116 3378 2176 vestiantur.
3422 2126 3480 2171 et
3520 2119 3604 2169 lac
3644 2114 3783 2168 mul-

2165 2231 2323 2288 geant
2358 2213 2574 2283 (Matth.
2606 2214 2785 2280 χχιιι).
2817 2212 2973 2281 Quod
2996 2212 3064 2266 de
3087 2211 3333 2265 doctrina
3366 2207 3612 2263 diximus
3640 2222 3782 2262 nier-

2166 2310 2417 2373 ceiiaria,
2443 2309 2750 2363 referamus
2776 2307 2842 2361 ad
2870 2315 3091 2361 cii-tera.
3125 2304 3184 2361 Si
3215 2305 3438 2375 praebeo
3468 2303 3780 2373 eleemosy-

2167 2419 2314 2463 nam.
2351 2413 2405 2455 ut
2436 2403 2713 2471 gloriﬁcer
2756 2402 2824 2454 ali
2857 2399 3192 2464 hominibus,
3240 2397 3423 2466 recepi
3465 2397 3778 2451 mercedem

2167 2510 2370 2559 meam,
2410 2504 2459 2548 et
2503 2491 2878 2548 mercenarius
2909 2490 3272 2562 appellandus
3301 2506 3444 2544 sum.
3479 2487 3534 2545 Si
3565 2500 3778 2543 castum

2167 2601 2290 2641 esse
2323 2602 2408 2639 me
2433 2586 2654 2650 simulo,
2686 2596 2739 2639 et
2765 2583 2910 2638 aliud
2933 2594 3017 2637 est
3051 2584 3101 2637 iii
3135 2584 3474 2637 conscientia
3505 2596 3647 2644 mea,
3680 2580 3779 2634 liti-

2167 2679 2273 2734 beo
2307 2695 2412 2732 non
2437 2678 2662 2748 gloriam
2705 2677 3054 2745 mercenarii,
3092 2675 3186 2732 sed
3217 2676 3486 2747 supplic-ia
3520 2684 3777 2746 peccato.

2166 2773 2267 2826 ris.
2302 2772 2369 2826 Et
2411 2773 2460 2826 in
2510 2774 2925 2840 comparatione
2973 2775 3208 2826 duorum
3264 2771 3556 2838 malorum,
3611 2772 3784 2825 levius

2169 2867 2372 2920 malum
2405 2874 2490 2920 est
2515 2876 2703 2935 aperte
2735 2881 2988 2935 peccare,
3012 2881 3176 2934 quam
3199 2864 3464 2919 simulare
3491 2873 3546 2919 et
3575 2864 3783 2934 tingere

2167 2966 2540 3017 sanctitatem.
2574 2961 2772 3016 Verum
2805 2971 2861 3016 et
2888 2960 2941 3014 in
2969 2963 3070 3012 Ιιυι·
3093 2959 3372 3028 profectus
3403 2969 3488 3013 est
3515 2957 3694 3022 Moab,
3725 2966 3783 3012 ut

2165 3057 2257 3125 qui
2291 3056 2446 3125 prius
2468 3057 2671 3109 multos
2702 3055 2910 3108 erroris
2932 3040 3013 3106 sui
3046 3051 3557 3115 habebatcoiuites,
3593 3060 3782 3120 postea

449 3146 587 3201 labit
613 3147 842 3201 multum
869 3146 1027 3213 (Luc.
1059 3149 1179 3216 xu).
1232 3146 1392 3201 Moab
1441 3148 1603 3215 igitur
1646 3146 1770 3216 quia
1803 3155 2068 3201 externus
2097 3148 2142 3213 C
2175 3149 2535 3217 redigattii-ad
2567 3162 2800 3219 paucos;
2832 3148 2914 3202 vel
2942 3147 3032 3214 qui
3060 3146 3210 3216 prius
3233 3147 3437 3199 multus
3468 3157 3585 3201 erat
3621 3146 3675 3199 in
3699 3144 3785 3198 tli—

450 3251 596 3302 erat,
623 3254 730 3295 nec
757 3240 823 3292 de
855 3240 1059 3309 p0pnlo
1095 3238 1216 3300 Dei,
1247 3238 1341 3293 sed
1376 3239 1568 3294 relicto
1598 3253 1797 3294 errore
1839 3230 2070 3293 conver-

451 3349 570 3401 sus,
606 3351 717 3390 non
751 3338 914 3390 annis
945 3335 1220 3403 pluribus,
1259 3335 1353 3389 sed
1403 3345 1614 3388 tantum
1664 3335 1837 3390 tribus
1871 3349 2073 3404 parvus

450 3438 507 3484 et
530 3429 801 3497 modicus,
834 3439 890 3484 et
914 3428 1182 3500 inglorius
1216 3427 1579 3497 relinquetur.
1617 3427 1712 3482 lsti
1753 3437 1882 3486 sunt
1910 3427 2068 3495 anni,

522 3573 549 3600 ιι
587 3563 884 3635 Perperam
913 3564 1114 3619 lectum
1139 3573 1224 3618 est
1253 3573 1412 3617 antea
1437 3563 1650 3618 duribus
1673 3564 1857 3618 verbis
1879 3565 1932 3618 in
1950 3565 2063 3635 glo-

449 3634 577 3697 ria;
618 3634 865 3706 quodet.
919 3637 1092 3706 plane
1123 3636 1457 3706 contrarium
1502 3635 1819 3706 ﬂiermiyuii
1881 3634 2050 3690 menti

449 3719 672 3759 setisum
703 3705 983 3758 reddebat.
1013 3703 1123 3758 Nos
1151 3703 1407 3775 inglorius
1441 3723 1546 3760 uno
1571 3703 1760 3765 verbo,
1790 3717 2052 3774 rectoque

454 3790 640 3843 sensu,
673 3775 920 3830 Vaticani
949 3791 1051 3829 ins.
1073 3791 1176 3846 ope
1204 3776 2051 3849 restituimus,quemadmodum

2178 3242 2332 3298 vitiis
2357 3251 2734 3314 peccatorum.
2771 3249 2894 3312 post
2923 3239 3304 3310 pteuiteiitiam
3329 3252 3532 3310 parvus
3562 3245 3619 3295 et
3648 3252 3785 3308 pau-

2179 3350 2277 3407 per
2307 3335 2379 3391 sit
2417 3337 2469 3390 in
2501 3335 2736 3390 malitia.

2172 3574 2228 3621 et
2258 3565 2420 3634 paulo
2451 3564 2681 3622 inferius
2715 3562 2944 3619 dicitur.

2230 3635 2257 3674 ιι
2293 3635 2464 3690 Vatie.
2501 3653 2513 3688 :
2571 3636 2956 3692 Mercenarium
2995 3635 3282 3692 sacerdotis
3331 3635 3397 3692 de
3438 3636 3632 3692 sanctis
3676 3651 3784 3692 non

2161 3709 2464 3774 comedere;
2495 3707 2587 3764 sed
2613 3725 2813 3775 servos,
2841 3719 2950 3765 etc.

1399 4079 1882 4190 LIBER
1970 4060 2837 4195 SEPTIMUS.

533 4431 694 4508 277
730 4429 894 4506 2⁷8
918 4429 1192 4500 Septimus
1240 4427 1380 4487 liber
1415 4430 1556 4488 idem
1591 4430 1743 4502 juxta
1789 4446 2066 4504 anagogen
2095 4437 2151 4499 D
2175 4443 2354 4491 autem
2387 4445 2478 4490 aut
2503 4435 2771 4506 sanguinis
2795 4434 3049 4502 osculum,
3093 4442 3187 4490 aut
3230 4435 3540 4509 sanguinem
3582 4437 3780 4501 bibens,

461 4534 734 4583 secundus
764 4541 868 4584 est.
904 4526 1070 4580 immo
1100 4537 1397 4580 extremus.
1442 4525 1501 4581 In
1551 4527 1653 4580 lioc
1681 4528 1827 4579 enim
1878 4526 2067 4580 decem

458 4621 730 4676 vi~ionum
785 4616 1121 4688 troiiologica
1170 4618 1480 4684 exiilanzitio
1517 4619 1871 4672 terminatur:
1905 4633 2066 4688 quem

459 4713 479 4786 [
504 4713 587 4768 Al.
617 4711 799 4786 quam]
824 4729 945 4767 cum
975 4714 1103 4778 luis,
1135 4711 1508 4777 Eu~tochiutn,
1539 4711 1812 4778 precibus,
1837 4722 1892 4766 et
1913 4710 2070 4766 Cliri-

458 4817 544 4861 sto
588 4808 883 4862 auxiliante
929 4807 1299 4873 complevero,
1332 4805 1546 4857 Veniam
1598 4803 1663 4855 ad
1697 4812 1980 4867 octavum,
2013 4812 2068 4858 ct

461 4907 748 4965 utramque
799 4898 1237 4967 explanationem
1281 4897 1434 4966 juxta
1486 4893 1714 4966 priores,
1771 4910 1941 4966 usque
1997 4894 2065 4950 ad

461 4998 742 5060 quartum,
772 4989 962 5055 libros,
1000 4991 1202 5059 pariter
1230 4989 1538 5060 explicabo.

543 5176 716 5252 (Cap.
755 5174 917 5231 XVII.
965 5175 1157 5232 ~Vers.
1197 5175 1276 5246 l.)
1306 5175 1450 5230 Onus
1499 5176 1766 5231 Damasci.
1815 5174 2064 5248 Symma-

457 5274 599 5331 clius
629 5286 686 5330 et
717 5272 1045 5339 Tlieodotio,
1079 5273 1376 5340 Assumptio
1407 5271 1694 5326 Damasci:
1720 5271 1884 5335 LXX,
1945 5272 2066 5326 Vero

456 5370 576 5425 bum
621 5379 804 5424 con:ra
848 5367 1196 5432 Damascum,
1229 5365 1495 5421 addentes
1537 5366 1606 5422 de
1636 5381 1767 5432 suo,
1811 5364 1954 5434 quod
2012 5365 2065 5420 in

456 5461 616 5516 Moab
666 5461 844 5518 fecere
897 5459 1182 5531 principio.
1232 5459 1479 5515 Damasci
1515 5462 1747 5527 primum
1783 5475 1978 5513 nomen
2009 5457 2063 5512 in

397 5551 406 5555 ’
453 5554 650 5610 Getiesi
705 5555 978 5626 legimus,
1037 5555 1132 5624 qui
1187 5565 1312 5607 ante
1373 5556 1522 5609 Isaac
1580 5553 1682 5608 fuit
1738 5553 2064 5608 vernaculus

455 5646 753 5714 Abraham,
778 5657 833 5705 et
856 5648 1147 5719 putabatur
1179 5648 1377 5713 haeres,
1428 5647 1534 5703 nisi
1565 5658 1711 5703 esset
1737 5647 1888 5701 Sara:
1917 5643 2062 5702 ﬁlius

453 5753 520 5794 ex
550 5739 914 5808 promissione
933 5747 1228 5810 generatus
1257 5737 1480 5809 (Gener.
1506 5739 1628 5812 xv).
1662 5739 2062 5812 Interpretatur

2174 4538 2268 4584 aut
2311 4529 2524 4598 sanguis
2561 4528 2749 4592 cilicii,
2788 4543 2909 4599 quze
2960 4529 3142 4584 Omnia
3195 4529 3394 4600 populo
3443 4532 3786 4586 conveniunt

2175 4623 2528 4678 Ethnicorum
2555 4662 2570 4687 ,
2607 4622 2697 4691 qui
2737 4631 2864 4677 ante
2915 4621 3076 4690 [idem
3127 4621 3328 4678 Chi-isti
3357 4666 3371 4690 ,
3405 4623 3619 4680 amicus
3663 4629 3785 4678 erat

2173 4716 2453 4784 sanguinis
2476 4726 2528 4767 ei
2548 4713 2981 4784 crudelitatis,et
3011 4715 3171 4783 digna
3207 4730 3372 4784 opera
3401 4716 3621 4785 planctu
3648 4731 3783 4786 age-

2172 4808 2287 4874 bat,
2314 4819 2370 4861 et
2398 4821 2575 4861 sacco.
2609 4807 2664 4860 In
2700 4807 2917 4862 Dierum
2945 4807 3088 4863 libro
3117 4807 3192 4881 (ll
3226 4807 3355 4864 Par.
3389 4809 3550 4879 xxrv)
3596 4818 3788 4864 narrat

2172 4901 2394 4955 Ιιίειοιτίι
2417 4941 2432 4964 ,
2464 4900 2608 4969 quod
2643 4901 2868 4970 impleto
2896 4916 3041 4956 anno
3069 4900 3378 4957 ascenderit
3409 4911 3601 4956 contra
3647 4901 3785 4957 Joas

2170 5011 2350 5066 ri-gciu
2383 4994 2537 5050 Judze
2566 4996 2837 5051 exercitus
2892 4994 3062 5067 Syria:
3084 5037 3098 5054 .
3129 5006 3182 5051 et
3215 4995 3427 5050 Venerit
3459 4996 3511 5050 itt
3554 4994 3786 5052 Jerusa-

2168 5087 2296 5152 lem,
2329 5099 2383 5142 et
2438 5103 2629 5142 omnes
2683 5088 2960 5158 principes
3007 5088 3188 5158 pepuli
3237 5088 3598 5154 interfecerit,
3645 5103 3786 5143 cun-

2167 5187 2420 5248 ctamque
2467 5178 2706 5249 prtetlain
2759 5178 2970 5233 miserit
3015 5179 3128 5250 regi
3174 5179 3460 5246 Damasci,
3514 5180 3608 5250 qui
3651 5194 3781 5234 cum

2169 5271 2353 5342 paucis
2382 5272 2512 5325 viris
2541 5280 2793 5326 venerat:
2819 5280 2875 5324 et
2897 5271 3040 5325 Deus
3071 5270 3369 5326 tradiderat
3394 5271 3449 5326 in
3481 5288 3644 5328 manu
3677 5286 3784 5327 eo-

2168 5381 2295 5419 rum'
2321 5364 2717 5420 multitudinem
2750 5379 2999 5433 magnam
3029 5365 3212 5434 nimis,
3245 5380 3311 5420 eo
3338 5365 3482 5433 quod
3517 5365 3779 5436 reliquisv

2167 5466 2290 5511 sent
2321 5455 2608 5512 Dominum
2663 5457 2828 5509 Deum
2880 5467 3093 5526 patrum
3126 5473 3392 5513 suorum:
3428 5457 3572 5528 quod
3619 5459 3782 5528 juxta

2165 5564 2444 5621 anagogen
2477 5560 2533 5606 et
2571 5549 2880 5606 futurorum
2926 5560 3110 5621 typum
3148 5551 3612 5607 considerandum
3663 5558 3780 5616 est,

2166 5652 2346 5698 utrum
2397 5645 2462 5698 ad
2494 5656 2622 5713 lenii
2642 5659 2708 5702 us
2741 5644 3008 5701 Dominici
3037 5644 3303 5700 adventus
3335 5644 3546 5702 referre
3586 5642 3782 5699 Valea-

2164 5752 2305 5796 mus.
2336 5736 2468 5796 Post
2497 5737 2662 5797 ﬁnem
2693 5740 2840 5798 enim
2881 5739 3010 5796 anni
3051 5738 3400 5810 acceptabilis
3423 5780 3438 5807 ,
3472 5739 3528 5796 in
3579 5752 3691 5811 quo
3743 5752 3778 5793 a
