4010 6338
260 346 356 403 241

766 337 1406 399 COMMENTARIORUM
1443 337 1513 396 IN
1554 338 1787 397 ISAIAM
1826 338 2258 399 PROPIIETAM
2296 338 2427 398 LIB.
2472 340 2580 398 VII.
2625 340 2780 399 CAP.
2825 341 2992 399 XVII.

3420 344 3526 400 242

260 458 531 515 Salvatore
553 465 632 513 est
670 453 1008 525 Evangelinm
1040 452 1412 524 priedicatum,
1455 452 1701 509 ascendit
1749 453 1818 509 de
1844 462 1899 522 Α
1921 456 2071 527 quasi
2099 456 2291 528 mgrice
2315 457 2370 510 in
2390 455 2611 520 deserta,
2645 468 2693 510 et
2716 471 2820 510 non
2857 455 3050 511 videbit
3071 456 3258 513 bonum
3283 474 3400 513 cum
3438 475 3524 516 ve-

263 548 515 605 Damasco
552 534 779 619 gentium
814 544 1086 600 exercitus
1127 543 1183 599 in
1235 545 1420 615 paucis
1445 543 1577 599 viris
1629 552 1818 601 contra

257 643 441 701 ludam
466 655 513 698 et
539 642 824 698 Jerusalem
846 680 862 705 ,
894 640 984 709 qui
1035 639 1372 710 reliquerant
1404 638 1691 695 Dominum
1720 657 1733 692 :
1764 648 1822 696 et

253 750 431 789 omnes
458 749 635 789 eorum
664 732 817 802 Legis
844 747 909 788 ac
940 731 1338 804 Prophetarum
1379 733 1652 786 abstulere
1678 731 1817 787 divi-

250 825 362 892 tias,
395 833 449 882 et
474 826 730 881 miserunt
757 825 867 897 regi
897 823 1168 892 Damasci,
1203 825 1352 880 viros
1391 824 1603 881 scilicet
1628 824 1818 881 Eccle-

246 920 477 979 siasticos
501 932 555 978 et
589 920 853 977 doctrinae
884 919 1262 991 Evangelicaa,
1289 920 1381 989 qui
1425 920 1490 973 ad
1537 934 1819 990 compara-

246 1014 435 1071 tiottetn
464 1014 621 1069 totius
648 1013 856 1079 mundi,
889 1012 1064 1067 adhuc
1099 1023 1228 1067 tunc
1258 1011 1513 1078 inﬁdelis,
1546 1024 1600 1068 et
1624 1013 1677 1067 itt
1704 1020 1817 1068 toto

244 1107 371 1163 orbe
396 1107 751 1176 dispersorum
777 1104 1116 1172 Iudaeorum,
1138 1104 1298 1175 pauci
1325 1115 1519 1171 erant;
1547 1114 1603 1160 et
1635 1116 1814 1161 tamen

244 1199 492 1256 Dotninus
522 1199 734 1255 tradidit
760 1197 1070 1254 Jerusalem
1103 1198 1159 1253 in
1211 1197 1463 1253 manibus
1506 1212 1719 1259 eorum,
1749 1211 1817 1252 eo

238 1293 373 1365 quod
399 1293 807 1363 dereliquissent
857 1292 950 1363 Qui
990 1290 1187 1347 Filium
1210 1334 1224 1353 ,
1258 1291 1350 1362 qui
1383 1306 1481 1358 per
1524 1290 1817 1361 prophetas

236 1394 354 1443 ante
394 1386 677 1457 pradictus
705 1397 787 1443 est
820 1387 973 1460 (Act.
1003 1403 1058 1442 η
1081 1385 1124 1455 ).
1158 1385 1302 1457 Ergo
1329 1382 1528 1459 [Forte
1568 1383 1718 1456 Ego]
1746 1383 1817 1440 ob

237 1479 364 1534 hanc
399 1493 611 1535 causam
645 1496 791 1547 reor,
821 1494 875 1537 et
907 1479 1135 1537 Saulum
1161 1521 1177 1547 ,
1211 1480 1302 1548 qui
1338 1489 1525 1547 postea
1568 1476 1721 1532 Pauli
1750 1493 1818 1533 ex

236 1572 419 1627 virtute
434 1588 629 1629 nomen
658 1572 1027 1641 at-ceptt,quia
1057 1572 1343 1626 :emulator
1371 1577 1492 1625 erat
1511 1568 1689 1640 Legis,
1710 1571 1818 1624 isse

232 1659 554 1731 Damascum,
587 1677 648 1723 ct
668 1678 858 1723 contra
888 1666 1181 1723 credentes
1203 1682 1269 1722 ex
1297 1666 1554 1736 gentibus
1579 1679 1819 1736 pugnare

228 1758 470 1827 voluisse,
500 1758 689 1832 ibique
722 1766 1062 1830 superatum,
1093 1775 1190 1813 eos
1220 1769 1468 1815 secutum
1500 1760 1591 1828 qui
1627 1759 1679 1812 itt
1712 1757 1818 1812 Da-

1923 550 2056 603 nerit
2078 566 2098 615 ;
2123 550 2213 603 sed
2231 546 2477 602 habitabit
2497 549 2551 602 in
2572 549 2825 617 siccitate,
2855 550 2911 602 in
2933 550 3155 616 deserto,
3178 551 3230 604 in
3255 562 3388 605 terra
3409 550 3521 606 sal-

1910 642 2119 711 suginis
2144 653 2190 695 et
2218 641 2547 696 ialtabiLbili
2585 639 2814 713 (Jerem.
2847 657 2991 705 xvu,
3017 641 3104 711 6).
3140 641 3243 698 Alii
3268 659 3399 698 vero
3438 644 3522 701 di-

1919 745 2049 789 cunt
2063 749 2126 789 ex
2154 733 2253 788 hac
2275 734 2469 789 arbore
2484 734 2742 788 utalclitzis
2765 733 2973 787 artibus
2984 738 3200 812 μίστρα,
3219 735 3269 789 id
3284 747 3360 790 εει
3373 776 3388 797 ,
3403 736 3523 790 odia

1918 829 2207 883 concitari.
2236 827 2378 895 Ergo
2403 828 2490 894 qtti
2516 830 2667 897 prius
2697 838 2855 883 erant
2880 827 2932 881 in
2967 831 3187 884 deserto
3212 832 3518 901 gentilium,

1920 931 1973 975 et
1990 922 2041 974 in
2056 921 2184 975 odio
2198 920 2434 974 nominis
2446 918 2763 985 Christiani,
2779 918 2979 976 Christi
2993 922 3249 990 gregibus
3262 924 3524 989 servient,

1921 1011 2011 1079 qui
2044 1012 2385 1078 requiesct‘nt
2432 1012 2482 1065 itt
2525 1013 2644 1073 eis,
2686 1025 2741 1065 et
2786 1028 2892 1065 non
2945 1025 3048 1066 ertt
3082 1014 3171 1083 qui
3220 1024 3521 1081 exterreat,

1919 1105 2041 1173 quia
2075 1104 2335 1159 Dominus
2385 1103 2649 1158 habitabit
2674 1100 2820 1157 inter
2842 1117 2961 1167 eos,
3003 1115 3053 1157 et
3091 1116 3365 1174 praesente
3394 1106 3527 1161 Pas-

1923 1204 2059 1257 tore.
2086 1197 2270 1267 lupum
2305 1198 2495 1252 timere
2527 1212 2636 1251 non
2671 1206 2948 1266 poterunt.
2983 1195 3137 1252 Tunc
3162 1199 3396 1254 cessabit
3428 1199 3523 1255 ad-

1916 1289 2174 1361 jutorintn
2204 1291 2296 1346 Dei
2321 1293 2389 1347 ab
2420 1291 2697 1361 Ephraim,
2729 1293 2817 1360 qui
2840 1292 2893 1346 in
2919 1292 3022 1348 hoc
3047 1294 3165 1348 locu
3206 1293 3525 1365 intelligun-

1921 1392 2010 1440 tur
2037 1384 2264 1450 Scribat,
2295 1395 2350 1440 et
2382 1386 2660 1448 Pharismi,
2687 1386 2841 1455 juxta
2864 1385 3007 1443 Osee
3033 1388 3400 1458 propin-tiam,
3430 1388 3524 1458 qui

1920 1481 2224 1537 contrarios
2244 1482 2830 1553 populoDei,prraint
2848 1485 3255 1557 nominat(0see
3270 1503 3297 1539 v
3320 1487 3521 1557 etvut).

1924 1575 1991 1630 Et
2014 1591 2238 1643 regnum
2268 1577 2498 1630 cessabit
2533 1594 2561 1629 a
2595 1577 2879 1642 Damasco,
2912 1590 2964 1633 ut
3002 1596 3344 1651 nequaquam
3393 1595 3525 1648 pt-c-

1920 1678 2121 1732 catum,
2151 1676 2209 1722 et.
2234 1669 2437 1737 peccati
2489 1668 2757 1737 princeps.
2791 1670 3045 1725 diabo'us
3091 1681 3286 1741 regnet
3318 1671 3374 1726 in
3420 1654 3527 1726 Da1

1922 1774 2125 1825 tnasco,
2157 1777 2277 1830 quze
2309 1761 2462 1830 prius
2492 1763 2811 1829 sanguinem
2834 1763 3092 1833 diligebat
3116 1781 3130 1828 ;
3159 1764 3254 1818 sed
3280 1765 3525 1842 reliquis:

228 1864 400 1906 masco
417 1854 799 1919 versabantur,
821 1863 878 1908 ιιι
902 1852 1028 1909 inde
1043 1868 1255 1909 rursum
1276 1851 1815 1909 Jerusaletnlndteos
1843 1862 1892 1924 Β
1925 1868 1944 1893 τ
1972 1855 2167 1927 Syriae,
2195 1854 2246 1908 id
2271 1864 2378 1920 est,
2406 1856 2495 1923 qui
2518 1871 2585 1910 ex
2614 1856 2870 1923 gentibus
2893 1856 3241 1910 crediderunt
3288 1857 3397 1910 sint
3417 1857 3528 1911 sic-

226 1956 616 2015 expugtaturus
668 1946 1010 2017 ascenderet.
1057 1946 1167 2002 Nec
1203 1946 1365 2001 alicui
1409 1946 1655 2002 videatur
1694 1961 1817 2003 esse

224 2040 570 2108 contrarium,
605 2041 659 2097 si
697 2042 751 2097 in
784 2042 1237 2112 Paralipomenon
1279 2042 1421 2096 libro
1459 2042 1584 2097 laeta
1618 2042 1686 2100 de
1717 2043 1817 2098 Da-

224 2149 413 2197 tnasco.
443 2149 498 2194 et
528 2152 679 2194 nunc
710 2138 764 2193 in
798 2136 932 2193 Isaia
966 2138 1141 2193 tristia
1176 2137 1579 2207 prtedicentnr:
1613 2136 1740 2207 quia
1760 2146 1818 2192 et

222 2228 284 2286 de
330 2230 445 2298 ipso
488 2230 685 2297 Israel,
738 2232 831 2303 qui
861 2238 1013 2287 certe
1045 2232 1223 2300 portio
1268 2231 1364 2287 Dei
1403 2243 1511 2291 est.
1546 2246 1691 2286 nunc
1720 2230 1815 2287 ad-

224 2339 391 2389 versa,
423 2342 568 2384 nunc
617 2342 878 2398 prospera
926 2328 1272 2384 nuntiantur.
1324 2326 1394 2382 Et
1439 2325 1715 2399 quomodo
1744 2324 1812 2380 ad

222 2414 379 2474 Israel
404 2419 561 2488 juxta
577 2435 640 2476 ca
650 2435 826 2482 rnem.
853 2427 911 2475 et
932 2420 999 2473 ad
1014 2428 1206 2491 gentes
1223 2420 1455 2475 dicitur:
1481 2418 1591 2475 Vos
1616 2426 1815 2489 gentes

215 2504 356 2575 juxta
384 2524 643 2577 carnem,
672 2511 766 2582 qui
818 2510 1061 2566 dicitnini
1117 2514 1439 2581 praeputium
1482 2512 1550 2566 ab
1598 2527 1660 2565 ea
1692 2525 1813 2583 qu:e

218 2600 517 2669 appellatur
548 2602 602 2657 in
628 2617 793 2657 carne
822 2601 1217 2659 Circumcisio:
1251 2604 1331 2658 sic
1378 2603 1691 2659 econtrario
1731 2611 1815 2659 est

218 2684 370 2745 Israel
396 2694 551 2761 juxta
581 2695 861 2759 spiritum,
883 2705 1097 2750 et-sunt
1137 2704 1333 2766 gentes
1353 2695 1504 2766 juxta
1536 2696 1812 2765 spiritum,

217 2790 269 2837 et
295 2780 437 2837 inter
453 2792 688 2841 crateras
707 2795 895 2857 gentes
925 2794 1010 2842 est
1033 2787 1329 2842 Damascus
1353 2786 1502 2856 juxta
1534 2788 1812 2857 spiritum,

215 2888 281 2929 ne
302 2883 512 2931 tantum
541 2876 786 2934 Judaiois
818 2878 1017 2933 fabulis
1046 2893 1476 2949 acquiescamus.

279 2967 475 3041 (Vers.
512 2970 542 3025 I
575 2987 707 3042 seqq
735 2970 755 3043 )
784 2970 914 3026 Ecce
947 2971 1234 3027 Damascus
1251 2971 1451 3026 desinet
1476 2987 1587 3026 esse
1614 2971 1814 3039 civitas,

1919 1956 1981 2004 ut
2027 1949 2176 2017 prius
2219 1945 2438 2003 fuerant
2484 1947 2579 2003 lilii
2634 1946 2801 2003 Israel
2829 1990 2845 2014 ,
2880 1949 3063 2005 ablato
3104 1949 3319 2004 abillis
3357 1963 3528 2021 regno

1916 2041 2038 2109 Dei,
2071 2052 2125 2097 et
2155 2043 2352 2097 tradito
2380 2041 2657 2111 gentibus,
2699 2056 2820 2113 quin
2860 2041 3063 2096 iaciunt
3108 2040 3342 2096 fructum
3374 2040 3521 2112 ejus,

1916 2133 2060 2191 sicut
2087 2134 2344 2190 Dominus
2367 2135 2513 2190 Deus
2534 2136 2874 2192 exercituum
2915 2133 3131 2190 locutus
3156 2143 3242 2191 est
3272 2148 3371 2205 per
3405 2148 3526 2189 om-

1919 2243 2016 2282 nes
2039 2229 2334 2297 prophetas
2363 2241 2515 2282 suos.

1991 2319 2009 2389 (
2036 2319 2189 2374 Vers.
2213 2318 2332 2374 L6.
2357 2318 2378 2388 )
2411 2317 2481 2372 Et
2501 2319 2598 2372 erit
2618 2319 2673 2372 in
2701 2318 2787 2374 die
2823 2317 2941 2382 illa,
2975 2319 3328 2373 attenuabitur
3356 2320 3528 2390 gloria

1914 2409 2101 2481 Iacob,
2126 2406 2154 2447 ἀ
2182 2421 2233 2467 et
2262 2411 2481 2483 pingues
2501 2427 2681 2465 carnes
2706 2411 2822 2482 ejus
2844 2391 3124 2465 tabescent.
3153 2409 3216 2476 Et
3256 2411 3354 2464 erit
3390 2413 3525 2467 sicut

1914 2520 2239 2578 congregans
2265 2505 2320 2559 in
2352 2519 2515 2558 messe
2539 2503 2682 2574 quod
2727 2503 2993 2567 restiterit,
3023 2513 3072 2557 et
3109 2502 3378 2557 brachium
3409 2507 3525 2576 ejus

1915 2598 2085 2669 spicus
2115 2598 2267 2669 leget.
2295 2606 2345 2651 et
2368 2599 2465 2651 erit
2512 2597 2648 2651 sirut
2685 2611 2923 2667 qmerens
2958 2597 3132 2667 spicos
3156 2599 3210 2650 in
3258 2597 3390 2651 valle
3420 2597 3527 2651 lia-

1916 2689 2113 2761 pltaim.
2146 2690 2313 2763 280
2342 2689 2410 2743 Et
2451 2687 2773 2760 relinquetur
2815 2691 2869 2743 in
2908 2708 2968 2745 eo
3010 2692 3147 2744 sicut
3192 2706 3444 2755 racemus,
3482 2698 3531 2745 et

1915 2784 2049 2838 sicut
2070 2786 2305 2839 excussio
2328 2784 2476 2837 oliva:
2497 2783 2719 2838 duarum
2740 2794 2831 2839 aut
2854 2786 3010 2839 trium
3034 2784 3294 2839 olivarum
3316 2785 3367 2838 in
3380 2801 3529 2841 sum-

1917 2876 2098 2929 mitate
2118 2877 2272 2936 rami,
2297 2876 2404 2930 sive
2424 2889 2653 2945 quatuor
2679 2889 2770 2933 aut
2809 2880 3036 2949 quinque
3074 2880 3130 2931 in
3171 2880 3527 2935 cacuminibus

1920 2971 2032 3040 ejus
2054 2971 2253 3039 {ructus
2278 2972 2411 3041 ejus,
2435 2970 2560 3025 dicit
2587 2969 2837 3026 Dominus
2857 2970 2995 3026 Deus
3019 2970 3209 3028 Israel.
3227 2972 3522 3043 Postquam

209 3070 254 3117 et
281 3064 379 3119 erit
419 3065 560 3119 sicut
587 3081 799 3120 acervus
827 3068 1059 3136 lapidum
1090 3069 1143 3121 itt
1174 3067 1350 3121 ruina.
1395 3063 1669 3120 Derelictae
1697 3065 1820 3120 ciui—
1922 3061 2169 3128 reliquiae
2199 3062 2376 3133 Syria:
2406 3064 2628 3129 fuerint,
2652 3065 2794 3119 sicut
2821 3066 3093 3132 quondam
3122 3066 3301 3121 fuerat
3348 3068 3526 3139 gloria

207 3165 336 3212 tates
382 3158 555 3212 Aroer
584 3159 824 3230 gregibus
865 3172 1014 3214 erunt
1032 3200 1049 3227 ,
1079 3171 1125 3214 et
1154 3160 1472 3227 requiescent
1518 3159 1607 3219 ibi,
1639 3168 1687 3213 et
1717 3174 1819 3212 non
1925 3151 2157 3207 ﬁliorum
2182 3152 2370 3216 Israel,
2396 3164 2450 3207 et
2476 3155 2681 3210 delicm
2703 3171 2890 3212 eorum
2919 3160 3065 3212 salus
3089 3160 3345 3230 gentibus
3373 3163 3523 3230 data,

203 3248 302 3303 erit
322 3265 413 3317 qut
437 3257 718 3313 exterreat,
741 3261 789 3303 et
810 3250 1026 3305 cessabit
1044 3250 1368 3322 adjutorium
1389 3248 1452 3303 ab
1479 3248 1753 3321 Ephraim,
1776 3259 1821 3302 et
1850 3258 1897 3321 ρ
1930 3253 2058 3300 tunc
2079 3245 2448 3300 attenuahitur
2468 3247 2648 3302 omnis
2667 3249 2841 3318 gloria
2870 3248 3205 3315 Judatorum,
3250 3270 3358 3320 qua
3401 3256 3526 3327 glo-

200 3355 430 3412 regnum
451 3340 520 3393 de
545 3337 800 3396 Damasco
821 3383 836 3407 ,
859 3353 906 3398 et
926 3345 1154 3415 reliquie:
1178 3343 1353 3414 Syria:
1372 3385 1387 3410 ,
1413 3345 1545 3397 sicut
1564 3342 1735 3413 gloria
1756 3343 1821 3408 ﬁ.
1928 3336 2060 3392 riosi
2092 3344 2251 3392 erant
2292 3337 2344 3390 in
2375 3340 2628 3393 universo
2656 3342 2808 3402 orbe,
2844 3354 2899 3396 et
2952 3342 3178 3414 pingues
3209 3361 3404 3401 carnes
3430 3363 3527 3401 eo-

201 3434 403 3488 liorttm
431 3431 612 3489 Israel
645 3445 825 3498 erunt,
854 3435 980 3490 dicit
1017 3436 1271 3492 Daminus
1309 3438 1644 3492 exercituum.
1671 3435 1825 3494 Sicut
1926 3442 2047 3483 "Im
2073 3428 2373 3495 labescent.
2407 3444 2512 3485 non
2542 3431 2850 3486 habentium
2882 3435 3198 3505 prophetas,
3234 3452 3341 3492 non
3370 3443 3525 3511 signa

204 3526 258 3583 in
293 3527 461 3582 titulo
492 3527 931 3585 demonstratum
964 3540 1066 3596 est,
1105 3547 1203 3600 per
1251 3532 1573 3587 Damascum
1607 3532 1821 3587 vocatio
1923 3530 2085 3592 atque
2107 3525 2354 3590 νίνιιιιθε,
2388 3540 2493 3579 mm
2527 3540 2773 3596 primatis
2815 3530 3073 3585 auxilluut
3106 3531 3228 3595 Dei.
3280 3548 3384 3587 non
3434 3549 3523 3589 sa-

204 3623 452 3691 gentinm
480 3620 847 3690 signiﬁcatur,
870 3638 992 3695 qua:
1011 3625 1267 3680 amabant
1293 3625 1376 3679 vel
1401 3625 1661 3681 bibi-bant
1690 3642 1818 3682 san-

205 3715 445 3785 guinem,
469 3731 600 3787 quae
624 3728 907 3787 postquam
939 3719 991 3772 in
1013 3718 1292 3774 Christum
1322 3719 1677 3786 crediderint,
1702 3722 1813 3793 pri-

206 3811 362 3863 stinae
381 3808 829 3865 conversationis
849 3812 1014 3884 279
1026 3813 1272 3868 civitates
1295 3827 1419 3868 esse
1440 3813 1732 3881 desistent,
1755 3822 1813 3870 et

206 3910 364 3957 erunt
385 3902 531 3958 sicut
551 3917 780 3959 acervus
801 3903 1037 3973 lapidum
1063 3906 1115 3959 in
1142 3906 1321 3959 ruina.
1346 3902 1635 3973 Quomodo
1661 3907 1808 3961 enim

204 4000 383 4048 acervi
411 3994 680 4062 lapidum,
722 3997 815 4067 qui
845 3995 900 4051 in
940 3997 1085 4067 agris
1103 3998 1341 4067 dispersi
1372 4009 1521 4065 sunt,
1553 4000 1605 4054 in
1640 4014 1806 4053 unum

210 4086 473 4142 tumulum
502 4098 953 4159 componantur:
985 4093 1064 4144 sic
1091 4089 1161 4144 de
1192 4090 1466 4145 universis
1497 4091 1807 4146 nationibus

208 4191 431 4234 acervus
467 4181 810 4237 credentium
841 4190 1202 4252 congregatus
1229 4191 1318 4236 est
1358 4184 1411 4235 in
1437 4182 1592 4235 ruina
1625 4184 1808 4253 populi

202 4270 535 4343 Iudaeorum,
584 4276 695 4332 IIIIS
732 4275 1080 4332 cadentibus.
1126 4285 1183 4330 et
1227 4276 1388 4327 nobis
1431 4278 1806 4345 surgentibus.

210 4368 488 4426 Derelictae
532 4386 758 4441 quoque
808 4370 1062 4426 civitates
1105 4383 1281 4426 ABOEB
1309 4369 1557 4440 (ΤΗΝ),
1605 4368 1657 4421 id
1698 4376 1805 4433 est,

208 4467 233 4498 α
261 4464 471 4535 myrice,
516 4463 924 4521 Ecclesiasticis
950 4464 1207 4535 gregibus
1242 4470 1428 4526 erunt,
1458 4470 1515 4514 tit
1558 4474 1694 4530 quas
1715 4459 1811 4516 lu-

206 4552 301 4611 dzei
329 4560 724 4622 deseruerunt,
752 4572 853 4611 nos
875 4557 1175 4611 incolantus
1199 4573 1213 4609 :
1243 4555 1359 4609 sive
1385 4552 1666 4609 destructa
1691 4551 1809 4607 ido-

1920 3614 2151 3669 cerdotii
2180 3613 2495 3684 dignitatem
2524 3635 2537 3671 :
2571 3618 2667 3674 sed
2698 3633 2859 3676 omne
2896 3636 3095 3690 corpus
3123 3624 3301 3696 gentis
3330 3642 3521 3683 eorum

1919 3718 2277 3773 emarcescet,
2305 3719 2359 3766 et
2392 3712 2669 3783 redigetur
2715 3714 2783 3770 ad
2824 3717 3004 3773 nihili.
3037 3720 3283 3785 Cumque
3308 3723 3524 3779 dicatur

1915 3801 1985 3859 de
2013 3804 2298 3860 vocatiotte
2326 3806 2568 3878 gentium
2595 3825 2609 3862 :
2645 3807 2833 3866 Messis
2861 3813 3047 3883 multa,
3087 3816 3318 3883 operarii
3344 3827 3521 3872 autem

1916 3899 2072 3967 pauci
2125 3898 2346 3970 (Matth.
2377 3902 2486 3971 lx),
2542 3903 2616 3957 illi
2669 3920 2936 3975 pauperes
2982 3911 3181 3963 messis
3236 3910 3521 3979 reliquias,

1913 4007 2033 4062 qua!
2062 4007 2161 4064 per
2190 3995 2488 4062 Apostolus
2508 3997 2727 4052 salvatte
2755 4009 2903 4063 sunt,
2935 4010 2991 4054 et
3013 4002 3321 4056 rarissimas
3343 4004 3525 4070 spicas

1911 4082 2113 4155 legent,
2145 4100 2251 4141 n0n
2274 4086 2343 4141 de
2365 4089 2735 4155 montibus,et
2760 4092 2959 4144 erectis
2983 4091 3140 4155 locis,
3171 4092 3264 4146 sed
3295 4094 3345 4147 in
3371 4094 3515 4151 valle

1914 4175 2208 4247 Rapbaint,
2234 4178 2285 4233 id
2316 4186 2401 4233 est
2427 4181 2479 4232 in
2509 4180 2706 4235 litterae
2720 4180 2950 4237 vilitate.
2984 4182 3352 4239 Etcousidera
3372 4187 3520 4256 quod

1913 4267 2200 4335 Raphaim,
2250 4271 2340 4333 qui
2387 4272 2623 4345 gigantes
2655 4271 3087 4339 interpretantur
3114 4317 3129 4334 .
3169 4277 3311 4333 sicut
3354 4292 3520 4346 supra

1914 4356 2196 4424 Ephraim,
2234 4359 2542 4417 Pharisatos
2592 4364 2925 4437 Scribasque
2971 4367 3298 4440 signiﬁcent.
3358 4371 3525 4427 Deni-

1912 4464 2018 4520 que
2049 4450 2215 4515 LXX,
2248 4467 2347 4521 pro
2374 4455 2510 4509 valle
2540 4456 2839 4527 Rapltaim,
2893 4463 3079 4516 vallem
3119 4463 3307 4520 duram
3347 4467 3521 4523 inter-

1915 4542 2110 4611 pretati
2140 4550 2287 4605 sunt,
2314 4550 2373 4595 ut
2402 4543 2651 4600 duritiam
2677 4552 2857 4604 cordis
2878 4552 3088 4608 Judaici
3120 4559 3517 4625 exprimerent.

206 4645 407 4703 Iolatria
429 4659 753 4707 exstruetur
786 4648 1155 4720 Evangelium.
1186 4648 1301 4705 Hoc
1323 4656 1379 4702 ct
1410 4648 1614 4702 nostris
1661 4654 1801 4701 tem-

1917 4632 1990 4687 De
2012 4647 2243 4703 quorum
2261 4633 2564 4691 humilitate
2585 4638 2862 4710 eliguntur
2877 4645 3030 4712 quasi
3048 4648 3100 4699 in
3122 4648 3319 4717 stipula
3346 4652 3517 4720 spica

206 4742 424 4811 poribus
452 4745 711 4801 videmus
737 4757 861 4799 esse
894 4743 1225 4813 cumpletum
1250 4760 1265 4797 :
1314 4743 1600 4809 Serapiutn
1625 4739 1652 4779 ι)
1677 4738 1807 4796 Ale-

208 4838 463 4899 xandriae,
495 4846 555 4894 et
583 4835 784 4891 Marnte
829 4838 1089 4905 templum
1120 4833 1279 4891 Gazae
1312 4835 1366 4889 in
1408 4832 1670 4889 ecclesias
1696 4832 1804 4888 Do-

208 4927 329 4983 mini
357 4937 743 4991 surrexerunt,
766 4937 822 4983 et
842 4926 1093 4984 civitates
1122 4928 1293 4982 Aroer
1312 4926 1653 4997 Evangelicis
1673 4940 1803 4996 gre-

205 5017 356 5089 gibus
396 5031 731 5092 praaparatte
773 5030 919 5075 sunt.
955 5022 1146 5084 Aroer,
1192 5017 1245 5073 id
1276 5028 1382 5083 est,
1414 5018 1643 5091 myrice,
1677 5032 1803 5073 nas-

206 5122 395 5168 cuntur
424 5115 479 5170 in
505 5114 746 5170 desertis
784 5111 943 5174 locis,
972 5111 1126 5180 juxta
1169 5108 1301 5166 illud
1347 5112 1490 5178 quod
1536 5107 1800 5177 scriptum

208 5214 285 5259 est
315 5205 369 5260 in
397 5205 787 5263 maledictione
825 5204 947 5275 ejus
969 5203 1205 5259 hominis
1231 5201 1324 5274 qui
1355 5201 1577 5257 conlidit
1604 5200 1658 5255 in
1704 5200 1802 5257 Ito-

207 5298 370 5365 mine,
414 5310 472 5355 et
500 5311 533 5354 a
569 5297 802 5354 Domitio
840 5297 1050 5355 recedit
1091 5312 1187 5353 cor
1227 5296 1381 5366 ejus:
1410 5293 1551 5362 Erit,
1600 5293 1796 5363 inquit,

276 5441 303 5471 ι
327 5435 439 5490 Duo
494 5435 671 5490 nostri
723 5447 882 5502 mss.,
915 5434 1151 5505 mgricon
1173 5472 1190 5499 ,
1218 5432 1309 5488 alii
1343 5446 1508 5502 penes
1537 5429 1785 5485 Martian.

209 5501 414 5586 Cra-ge.
446 5510 681 5586 impium.

277 5575 304 5614 δ
335 5573 618 5651 Serapis-nt
642 5576 991 5632 Alexandriae.
1010 5576 1098 5651 S_i_o
1121 5575 1474 5651 legu_nt_m_ss,
1498 5573 1672 5651 nostri
1700 5587 1793 5627 co-

209 5645 387 5712 dices,
415 5643 481 5702 ιη’
499 5652 743 5716 quinque
770 5664 908 5717 quos
928 5663 992 5701 ex
1022 5643 1291 5717 Placentia
1316 5643 1504 5717 habuit
1528 5643 1793 5698 Mariauus

215 5717 391 5790 Vit-tor
411 5736 429 5785 ;
465 5715 723 5776 krasntus
743 5715 860 5788 legit
874 5718 1087 5790 Serapis
1112 5718 1165 5771 in
1182 5715 1521 5790 Alexandria,
1540 5728 1644 5769 I‘Ic.
1658 5758 1672 5782 ,
1688 5726 1791 5769 etc.

213 5787 547 5851 lauimus.
574 5820 646 5834 —
670 5792 743 5848 De
775 5787 1031 5861 Serapio,
1062 5789 1205 5861 qugd
1234 5788 1654 5861 celeberrimum
1662 5794 1801 5861 erat

214 5861 553 5922 Albxanuriae
604 5864 862 5936 templum
884 5856 1092 5936 ,ivide‘
1122 5858 1409 5932 Theophili
1428 5924 1448 5935 ο
1470 5856 1797 5929 Synodicam

1908 4735 1962 4780 et
1991 4727 2146 4797 quasi
2179 4726 2239 4781 in
2286 4724 2557 4783 vindemia
2591 4731 2819 4795 racetni,
2853 4734 2945 4803 qui
2972 4736 3164 4791 salvati
3192 4738 3389 4794 fuerint
3418 4758 3432 4797 :
3463 4751 3521 4799 et

1906 4817 2049 4874 sicut
2077 4820 2325 4874 excussio
2354 4819 2513 4875 olivae
2544 4819 2670 4895 [AL
2696 4824 2852 4880 oleae.
2878 4823 2897 4898 ]
2928 4824 3160 4882 duarum
3181 4873 3196 4898 ,
3228 4840 3323 4885 aut
3351 4831 3517 4893 trium

1905 4911 2197 4981 olivarum,
2237 4911 2355 4968 sive
2397 4926 2632 4984 quatuor
2671 4928 2766 4971 aut
2809 4921 3073 4991 quinque.
3109 4920 3336 4991 Quando
3364 4926 3512 4984 enim

1904 5005 2054 5060 venit
2102 5008 2382 5075 percussio
2414 5007 2597 5075 populi
2639 5008 2976 5082 Iudaeorum,
3010 5013 3152 5070 oliva
3201 5016 3290 5073 illa
3324 5020 3512 5092 populi

1905 5097 2095 5167 Israel,
2125 5114 2248 5169 qua:
2277 5099 2381 5153 sub
2412 5099 2601 5173 Moyse
2628 5116 2884 5161 sexcenta
2916 5109 3088 5165 millia
3118 5109 3308 5169 habuit
3329 5128 3509 5170 arma-

1907 5201 2083 5249 torum
2112 5192 2311 5264 (Num.
2342 5209 2465 5249 xxvt
2490 5197 2527 5263 ),
2552 5206 2605 5252 et
2643 5200 2743 5255 sub
2769 5202 2962 5274 David,
2995 5217 3321 5263 numerante
3346 5207 3506 5278 δοκι),

1907 5287 2359 5342 innumerabilem
2411 5290 2670 5360 pupulum
2699 5293 2719 5366 (
2742 5294 2783 5349 ll
2807 5295 2933 5370 Reg.
2960 5313 3083 5353 xxtv
3104 5299 3149 5369 ),
3186 5302 3279 5354 vix
3311 5312 3512 5366 paucos

1901 5419 2069 5494 Epist.
2100 5417 2243 5471 inter
2273 5416 2720 5492 Hieronymianas
2748 5426 2840 5490 92,
2883 5443 3035 5480 nttm.
3082 5428 3136 5489 '5.
3191 5437 3247 5483 et
3293 5442 3413 5494 qua!
3452 5430 3509 5488 itt

1896 5505 2020 5547 eum
2051 5488 2224 5560 locum
2239 5488 2579 5560 annotauius.
2610 5493 2682 5546 De
2709 5488 2891 5551 Marna
2919 5496 3078 5554 Gaza:
3108 5488 3255 5554 idolo
3276 5488 3512 5560 diximus

1900 5561 1967 5615 ad
1997 5560 2158 5615 vitam
2185 5556 2244 5613 S.
2274 5558 2585 5623 Hilarionis,
2621 5579 2770 5618 nutu.
2807 5566 2895 5621 M.

1978 5644 1999 5705 (ξ
2027 5630 2197 5705 Υξιιὶρ.
2228 5630 2464 5699 reliquit:
2484 5647 2685 5694 eorum,
2710 5637 2822 5705 qtti,
2854 5650 2963 5695 etc.

1973 5700 2001 5741 (ί
2029 5702 2497 5784 Ισιυῳηειρὶηρκε
2520 5706 2693 5760 carnis
2722 5700 2847 5784 eius
2872 5710 3110 5782 tnbeStel,
3141 5710 3501 5784 quemadmo-

1904 5774 2034 5835 dum
2064 5784 2120 5833 et
2146 5774 2376 5833 interius
2404 5786 2723 5838 constanter
2749 5782 2973 5842 retinet.
