4010 6314
211 289 310 358 ιιι

761 286 1404 347 (ΙΟΜΜΕΝΤΛΒΙΟΒΗΜ
1439 287 1508 346 ιιι
1543 243 1777 347 istiisti

1901 291 2244 352 lOPHE'I’AM
2283 295 2412 353 LIB.
2461 299 2566 355 VII.
2608 299 2763 358 CAP.
2807 303 2993 362 XVIII.

3391 314 3498 372 246

212 406 644 477 plantatiouibus
678 403 1000 500 pulchris-et
1051 402 1233 500 bonis,
1287 405 1432 500 quod
1481 405 1676 477 Aquila
1736 415 1793 462 et
1820 410 1870 472 Α
1899 406 2164 466 bonorum
2191 414 2678 482 proscriptionibus
2709 432 3340 489 oppresseruntsanctos
3373 431 3490 500 Dei,

215 498 503 555 Thendotio
567 512 630 556 ac
675 495 1033 568 Symmachus
1085 497 1436 566 interpretati
1489 507 1638 564 sntit,
1699 513 1799 553 nos

216 591 415 662 ﬁdelem
432 591 802 664 plautationem
821 588 1145 648 dixerimus.
1195 590 1428 648 Verbum
1469 591 1794 648 [Iebruicum

219 700 476 742 uestium
505 683 796 756 (cunas),
826 685 871 740 si
907 699 1002 752 per
1023 700 1197 743 sLsru
1226 684 1465 742 litteram
1497 686 1792 755 scribatur,

216 781 442 842 πιστοὺς,
477 779 523 829 id
552 791 656 838 ρει,
698 775 881 843 βάριες
902 787 1093 834 sonat:
1124 779 1168 833 si
1199 794 1328 834 vero
1352 795 1449 848 per
1469 795 1580 844 Αιιι,
1610 790 1660 835 et
1713 781 1795 836 tli-

213 884 362 927 catur
383 887 651 930 NBAIBNII
683 880 917 937 manus.
943 871 1214 941 pulchram
1243 872 1528 944 signiﬁcat.
1563 873 1718 930 Unde
1740 885 1795 930 et

215 965 413 1032 Not-mi,
441 981 555 1029 quin
581 965 682 1017 hac
715 965 896 1019 littera
930 965 1129 1035 scripta
1161 974 1264 1030 est,
1293 967 1536 1026 loquitur
1569 967 1619 1020 in
1647 966 1792 1021 Ruth

215 1056 363 1130 (Cap.
377 1072 415 1119 ι,
437 1057 526 1124 ‘20)
551 1075 563 1109 ε
585 1054 768 1116 Nolite
791 1073 869 1116 me
891 1072 1072 1112 vocare
1091 1071 1250 1114 nocui
1270 1057 1476 1129 (inm),
1504 1057 1555 1114 id
1569 1069 1651 1114 est
1673 1058 1794 1130 pul-

212 1153 401 1215 chram,
427 1149 517 1208 sed
548 1158 735 1206 vocate
768 1166 855 1203 me
881 1165 1136 1206 amarunt.

273 1244 453 1316 (νει-β.
484 1242 550 1302 12
563 1241 740 1313 seqq.)
767 1241 857 1298 Vte
867 1244 1142 1300 multitudo
1158 1247 1472 1316 populorum
1485 1246 1787 1317 multorum,

205 1345 256 1390 ut
281 1334 560 1390 multitudo
585 1337 746 1390 maris
776 1335 1034 1400 sonantis,
1067 1346 1114 1391 et
1147 1338 1398 1398 tumultus
1441 1338 1730 1405 turbarum,
1762 1349 1791 1382 ι

199 1427 322 1481 sicut
346 1427 547 1484 sonitus
578 1443 830 1493 aquarum
853 1428 1136 1484 multarunt
1156 1429 1432 1484 sonabunt.
1461 1429 1656 1502 Populi
1686 1434 1789 1487 sic-

200 1530 248 1574 ut
277 1523 556 1586 multitudo
586 1537 841 1592 aquarum
871 1523 1244 1580 inundantium
1269 1524 1524 1580 sonabunt
1563 1541 1581 1580 :
1607 1535 1656 1580 et
1708 1528 1792 1582 in-

195 1617 416 1690 crepabit
444 1633 572 1672 eum
593 1657 607 1682 ,
649 1627 696 1672 et
725 1619 886 1689 fugiet
915 1621 1123 1688 procul,
1149 1630 1195 1674 et
1223 1620 1460 1688 rapietur
1488 1622 1621 1676 sicut
1664 1622 1789 1691 pul-

193 1712 261 1766 vis
290 1711 537 1768 montium
567 1726 600 1770 a
617 1709 748 1780 facie
772 1712 930 1776 venti,
959 1725 1005 1766 et
1027 1712 1160 1766 sicut
1183 1713 1333 1767 turbo
1361 1729 1538 1768 coram
1563 1723 1784 1786 tempes-

1897 510 1952 554 et
1979 512 2180 558 eterna
2205 505 2471 574 supplicia
2509 511 2816 576 possessuri
2836 523 2986 569 sunt.

1969 593 2125 666 (Cap.
2159 595 2554 654 XVIII—Vers.
2580 603 2604 655 1
2632 604 2814 674 seqq.)
2853 604 2942 659 Vw
2969 615 3119 663 terra:
3139 612 3370 681 cymbala
3387 615 3501 671 ala-

1894 702 2028 751 rum,
2049 698 2247 759 quaeest
2265 703 2407 746 trans
2428 693 2646 762 ﬂumina
2672 693 2980 770 .Etltiopiw,
3006 704 3095 771 qui
3118 705 3271 758 mittit
3291 707 3344 760 in
3367 710 3502 764 mari

1895 777 2109 849 legatos.
2135 791 2182 835 et
2201 784 2251 837 in
2277 787 2408 839 casis
2431 790 2614 858 papyri
2636 805 2786 860 super
2807 807 2970 860 aquas
2993 809 3012 846 :
3035 795 3126 860 ite,
3155 796 3344 869 Augeli
3365 801 3504 854 velo-

1894 887 1997 963 ces,
2039 872 2108 928 ad
2147 884 2347 946 gentem
2377 879 2707 944 convulsam,
2731 891 2779 935 et
2805 882 3145 940 dilaceratam
3186 903 3205 942 :
3236 890 3306 943 ad
3334 909 3500 963 popu-

1893 962 2000 1018 lum
2041 965 2357 1031 horribilem,
2383 979 2496 1040 post
2533 988 2683 1041 quem
2720 984 2922 1028 nonest
2968 978 3104 1031 alius
3134 994 3154 1033 :
3191 982 3262 1034 ad
3299 962 3501 1055 gentem

1893 1067 2290 1125 exspectantem.
2350 1066 2730 1131 exspectantem
2769 1075 2817 1120 et
2888 1068 3262 1138 conculcatam,
3348 1079 3502 1148 cujus

1891 1151 2213 1220 diripuerunt
2269 1155 2488 1223 ﬂumina
2528 1165 2717 1211 terram
2754 1162 2888 1231 ejus.
2951 1159 3146 1217 Omnes
3183 1163 3501 1222 habitatores

1892 1245 2048 1308 orbis,
2073 1247 2162 1316 qui
2183 1250 2456 1302 moramini
2478 1252 2531 1304 in
2554 1261 2709 1320 terra,
2734 1270 2849 1308 cum
2864 1255 3112 1310 eleuatum
3127 1259 3499 1334 fueritsignum

1891 1339 1944 1392 in
1965 1340 2242 1404 montibus,
2266 1341 2496 1395 uidebitis
2517 1354 2562 1397 et
2582 1347 2875 1418 clangorem
2896 1349 3030 1404 ittst
3045 1352 3289 1408 audietis.
3307 1352 3453 1409 LXX
3476 1372 3491 1408 :

1902 1431 1994 1486 Vae
2015 1441 2166 1486 teme
2184 1434 2392 1487 navium
2415 1435 2622 1489 alarum
2644 1448 2793 1492 trans
2815 1441 3036 1509 ﬂumina
3058 1443 3366 1514 /Ethiopia:.
3408 1447 3499 1517 qui

1893 1527 2052 1582 mittis
2072 1527 2125 1580 in
2146 1529 2277 1580 mari
2297 1527 2524 1596 obsides,
2539 1538 2587 1583 et
2607 1531 2852 1598 epistolas
2869 1534 3091 1589 biblmas
3105 1553 3262 1605 super
3278 1555 3493 1604 mam.

1893 1617 1918 1670 Ι
1927 1618 2052 1672 bunt
2069 1619 2208 1672 enim
2228 1620 2396 1673 nuntii
2418 1621 2548 1674 leues
2568 1625 2636 1674 ad
2656 1634 2858 1692 gentem
2877 1627 3153 1691 excelsam,
3178 1638 3224 1682 et
3255 1633 3461 1704 peregri
3470 1659 3490 1673 -

1893 1728 2017 1768 num
2040 1710 2290 1783 po'pulum
2311 1722 2379 1789 et
2403 1715 2701 1782 pessimum,
2749 1718 2838 1783 qui
2876 1728 2950 1771 est
2988 1729 3132 1772 trans
3171 1737 3286 1774 eum
3309 1738 3328 1776 :
3372 1740 3498 1794 gens

193 1817 306 1861 tate.
333 1803 397 1858 In
422 1814 665 1874 tempore
693 1820 940 1874 vespera,
955 1813 1002 1861 et
1028 1821 1140 1860 ecce
1162 1806 1384 1861 turbatio
1403 1821 1420 1860 :
1439 1807 1491 1860 in
1506 1807 1783 1874 matutino,
1822 1800 1864 1862 Β
1891 1805 2082 1876 absque
2101 1821 2215 1874 spe,
2239 1813 2286 1858 et
2303 1805 2627 1869 conculcata,
2651 1823 2790 1861 nunc
2809 1809 3190 1877 ﬂuminaterrte
3203 1813 3369 1867 omnis
3394 1816 3499 1868 sic-

192 1909 233 1952 et
262 1914 358 1952 non
387 1897 662 1955 subsistet.
694 1895 821 1952 Ηίιτ
851 1908 923 1952 est
955 1915 1078 1967 pars
1108 1913 1304 1963 eorum,
1328 1899 1416 1967 qui
1455 1905 1782 1954 rastatterunt

1886 1911 1942 1962 ut
1965 1902 2104 1972 regio
2116 1916 2231 1970 qua:
2251 1900 2516 1954 habitatur
2539 1899 2648 1972 [AL
2669 1901 3040 1975 habitabitur]:
3071 1904 3382 1960 habitabitur
3412 1923 3496 1961 re-

188 2003 294 2048 nos.
323 2002 372 2046 et
397 2009 512 2047 sors
548 1992 912 2059 diiipitntium
928 2007 1041 2048 nos.
1069 1994 1245 2062 Supra
1290 1990 1519 2062 legimus
1541 1991 1644 2046 sub
1687 2005 1786 2045 no-
1885 1993 1970 2066 gio
1984 1992 2450 2060 eorum,quomodo
2464 1994 2509 2046 si.
2521 1993 2723 2063 signum
2739 1993 2983 2048 demente
3015 1996 3323 2062 elevetur,et
3363 1997 3500 2054 tuba:

189 2086 326 2140 mine
358 2085 646 2154 Damasci,
676 2090 1014 2146 VOCutionctu
1041 2087 1306 2156 gentium,
1331 2096 1384 2142 et
1420 2087 1785 2155 abjectionent
1887 2101 1986 2140 eoa:
2012 2087 2278 2141 audiatur.
2305 2085 2601 2157 Utramque
2621 2067 2912 2141 editionem
2939 2089 3091 2157 posui
3126 2089 3184 2142 in
3217 2090 3498 2160 prepbetis

185 2175 503 2246 Judmornm,
523 2189 587 2237 et
600 2195 696 2248 per
709 2179 1016 2248 Apostolus.
1033 2189 1197 2249 atque
1211 2179 1264 2238 in
1278 2179 1578 2245 Apostolis,
1596 2193 1790 2250 pauco.

185 2285 296 2327 I'lllll
313 2271 608 2328 deJttd.t'is
626 2271 960 2328 credentium
977 2272 1322 2330 electionem.
1363 2272 1425 2329 Et
1439 2273 1693 2346 quoniam
1720 2270 1788 2326 ad

185 2379 362 2436 cetnpa
373 2368 648 2424 rationem
664 2365 830 2422 totius
845 2368 1028 2422 tuundi
1043 2377 1092 2421 et
1110 2367 1480 2424 universarum
1518 2366 1784 2437 gentium,

186 2475 340 2528 parva
365 2478 495 2533 pars
521 2461 712 2532 pepuli
732 2460 1288 2524 credidittltristiani.
1306 2461 1374 2517 de
1400 2461 1594 2530 quibus
1623 2471 1790 2528 supra

185 2553 380 2614 dictum
393 2564 502 2612 est:
524 2553 593 2611 Et
606 2555 837 2626 reliquie:
849 2554 1162 2626 Syritesicut
1173 2554 1342 2625 gloria
1369 2553 1595 2624 ﬁliorum
1624 2554 1792 2610 Israel

185 2646 412 2718 acuatu!
422 2646 527 2708 ulti
541 2637 887 2716 ettim(Matth
898 2687 910 2700 .
931 2663 1061 2713 uti,
1081 2647 1518 2720 l4)vocati,pauci
1534 2665 1648 2702 uero
1663 2647 1796 2708 elec-

188 2739 277 2803 ti);
316 2749 413 2793 et:
455 2739 584 2793 Non
619 2749 694 2796 est
715 2739 946 2794 omnium
969 2739 1098 2808 ﬁdes
1120 2739 1186 2810 (ll
1209 2738 1388 2794 Thess.
1418 2755 1498 2807 ιιι,
1532 2739 1590 2811 2)
1617 2755 1795 2797 :uunc

186 2833 846 2901 consequenterinlertur
871 2849 974 2888 non
1007 2833 1281 2902 planctus,
1301 2833 1396 2888 sed
1423 2849 1496 2888 rat
1524 2834 1793 2903 bisgenti-

185 2918 282 2978 bus
314 2940 441 2992 quae
470 2939 522 2980 ct
536 2925 703 2980 edere
725 2925 1036 2986 noluerant.
1067 2934 1125 2979 et
1156 2933 1457 2993 persecutae
1483 2935 1609 2979 sunt
1632 2942 1797 2994 popu-

185 3013 292 3069 lum
321 3015 720 3074 christianum.
749 3015 1256 3085 Cotnparanturquc
1282 3015 1550 3072 undarum
1567 3016 1801 3074 molibus

184 3119 234 3164 et
262 3106 534 3167 frementi
561 3109 724 3172 mari,
756 3117 813 3164 et
836 3115 1098 3178 quantum
1125 3109 1177 3167 in
1197 3123 1257 3164 se
1269 3116 1375 3174 est,
1399 3120 1597 3164 cuncta
1616 3111 1800 3178 appri-

1889 2181 2276 2236 obscurissitna
2292 2197 2362 2238 ne
2378 2183 2506 2251 quid
2524 2183 2832 2237 volentibus
2847 2183 3153 2256 intelligere
3166 2185 3309 2255 quod
3323 2185 3498 2256 scrip-

1893 2281 2004 2326 tum
2020 2283 2125 2336 est,
2141 2272 2332 2332 deesse
2349 2274 2905 2345 videatur.8imulque
2937 2277 3286 2332 vehementer
3322 2277 3499 2332 admi-

1893 2381 2117 2428 roreos,
2134 2367 2224 2436 qui
2245 2367 2403 2421 Iidem
2421 2377 2686 2429 nostram,
2702 2379 2756 2421 et
2783 2383 2932 2437 spem
2961 2365 3326 2424 Christianam
3357 2371 3501 2424 arbi-

1894 2467 2128 2522 trantur,
2169 2458 2519 2526 simplicitate
2548 2467 2886 2523 contentam,
2921 2458 3048 2528 quia
3079 2459 3342 2530 scriptum
3375 2471 3496 2514 est:

1894 2550 2201 2608 Mandatum
2217 2551 2313 2607 Dei
2328 2551 2556 2606 lucidum
2574 2550 2882 2606 illuntinans
2899 2551 3080 2606 oculos
3099 2551 3214 2622 (Ps.
3247 2567 3398 2621 xvm,
3414 2552 3497 2624 9):

1893 2661 1993 2702 nec
2012 2645 2129 2714 plus
2145 2646 2342 2701 debere
2361 2663 2461 2700 tios
2484 2661 2752 2716 quaerere,
2769 2660 2931 2714 quam
2951 2657 3007 2699 ut
3035 2646 3190 2712 llaltl,
3221 2663 3341 2715 qum
3359 2662 3498 2716 prte-

1893 2748 2046 2808 cepta
2060 2747 2204 2794 sunt:
2222 2753 2342 2793 cum
2356 2739 2559 2793 idcirco
2573 2750 2622 2792 et
2639 2739 2818 2794 omnis
2831 2738 3130 2807 Scriptura,
3145 2749 3196 2794 et
3214 2738 3499 2806 Prophetas

1896 2831 2204 2899 specialiter
2218 2830 2522 2885 futurorum
2541 2830 2814 2902 mysteriis
2830 2831 3055 2885 involuti
3071 2832 3202 2897 sint,
3217 2843 3276 2886 ιιι
3299 2845 3498 2900 provo-

1897 2930 2023 2976 cent
2045 2921 2208 2992 285
2234 2937 2330 2975 nos
2353 2920 2420 2976 ad
2449 2921 2887 2991 intelligentiam.
2911 2930 2969 2980 et
3003 2922 3070 2976 ad
3095 2923 3228 2976 illud
3267 2921 3411 2992 quod
3441 2923 3496 2977 in

1901 3012 2194 3081 Evangelio
2221 3013 2417 3068 dicitur
2447 3031 2460 3067 :
2488 3012 2675 3078 Petite,
2691 3023 2738 3068 et
2758 3015 3023 3085 accipietis
3043 3031 3060 3069 :
3083 3016 3318 3083 quaerite.
3342 3017 3495 3070 etin—

1902 3103 2111 3160 uenietis
2135 3119 2154 3158 :
2191 3103 2414 3169 pulsate,
2444 3113 2492 3158 et
2522 3105 2782 3175 aperietur
2826 3107 2987 3159 vobis.
3018 3105 3154 3173 Quia
3183 3122 3314 3178 ergo
3337 3106 3494 3177 juxta

182 3216 343 3258 mere
376 3212 435 3253 et
462 3214 734 3268 occupare
762 3175 1024 3269 cupienti.
1055 3200 1343 3261 Sonabunt
1373 3204 1516 3257 enim
1533 3175 1716 3271 populi
1742 3203 1796 3258 in
1823 3175 1867 3240 (ἶ
1903 3194 2184 3252 historiam
2209 3204 2262 3251 et
2283 3193 2334 3250 id
2365 3194 2508 3264 quod
2538 3196 2590 3249 in
2619 3195 2850 3250 Hebraeo
2875 3198 3206 3264 continetur,
3230 3175 3284 3254 in
3309 3175 3499 3269 quinto

179 3291 531 3361 Spectaculis
560 3290 842 3348 theatralis
867 3292 1112 3359 luxnriaz,
1138 3307 1190 3348 et
1221 3293 1569 3364 amphiteatri
1601 3294 1799 3350 crude-

181 3384 369 3448 litate,
393 3391 452 3436 et
478 3382 608 3438 circi
635 3382 932 3447 ltu'oribus,
961 3384 1103 3440 sicut
1123 3386 1336 3443 sonitus
1357 3403 1619 3458 aquarum
1645 3390 1802 3445 inun-

189 3478 475 3543 dantium,
508 3479 728 3547 quando
751 3492 988 3536 consona
1017 3479 1312 3550 impietatis
1373 3497 1506 3536 Voce
1552 3481 1802 3552 blasphe-

189 3584 343 3636 mant
369 3613 384 3638 ,
419 3581 477 3626 ct
518 3571 708 3626 dicunt
731 3571 1069 3628 Christianos
1097 3575 1163 3629 ad
1215 3575 1397 3634 leones
1428 3574 1454 3614 δ
1499 3586 1553 3632 et
1598 3577 1800 3634 bestias

192 3667 408 3736 projtei,
443 3677 501 3721 et
524 3675 722 3722 «ctera
753 3666 1148 3736 hujuscemodi.
1184 3647 1432 3726 Sed’illis
1463 3671 1637 3726 instar
1683 3687 1799 3728 ma-

192 3761 267 3818 ris
298 3760 638 3824 furentibus,
671 3761 1239 3826 iucrepubitllominus
1269 3773 1546 3820 auctorem
1570 3766 1797 3821 seditio-

197 3857 279 3910 nis
308 3869 532 3916 eornm.
557 3865 610 3910 et
643 3853 856 3923 iugabit
885 3869 1007 3908 eum
1035 3872 1064 3908 ει
1120 3871 1220 3911 suo
1269 3857 1488 3928 pepnlo.
1545 3858 1611 3912 Et
1653 3859 1796 3914 sicut

197 3947 378 4017 pulvis
403 3955 592 4002 motus
617 3947 668 4000 in
700 3945 1613 4016 montibus,quantoexcelsiorest,
1645 3962 1796 4005 tanto

199 4036 843 4112 fortiusmrapitur;
871 4048 927 4094 et
967 4040 1110 4095 sicut
1159 4042 1341 4107 turbo,
1395 4043 1486 4112 qui
1518 4042 1588 4097 tle
1648 4054 1794 4100 terra

199 4138 504 4199 censui-git,
535 4127 710 4187 subita
743 4138 1070 4197 tempestate
1102 4127 1275 4184 fertur
1296 4129 1350 4184 in
1399 4131 1668 4186 sublime:
1722 4134 1796 4188 ita

199 4233 251 4276 et
280 4221 368 4276 ille
399 4232 614 4288 raptus,
648 4236 676 4278 a
705 4221 799 4277 Dei
832 4221 1033 4290 populo
1072 4221 1418 4288 separabitur
1475 4237 1540 4276 ac
1604 4222 1794 4292 fugiet,

201 4331 264 4370 ne
293 4317 344 4370 in
373 4317 614 4388 abyssos
651 4317 936 4385 relegetur.
969 4313 1219 4385 Cumque
1236 4314 1353 4370 dies
1375 4319 1804 4373 consummatio-

203 4411 284 4465 nis
315 4410 630 4476 advenerit,
662 4411 804 4480 quod
837 4411 1227 4478 interpretatur
1255 4423 1502 4478 vespera.
1531 4419 1656 4465 tunc
1701 4410 1804 4466 erit

207 4503 437 4558 turbatio
461 4544 482 4566 .
512 4518 610 4558 sua
640 4511 859 4570 peccata
895 4503 1191 4558 noscentis.
1221 4501 1284 4558 Et
1313 4501 1364 4556 in
1398 4509 1641 4569 tempore
1688 4517 1803 4556 ma-

1902 3287 2039 3343 libro
2083 3289 2341 3357 exposui,
2373 3304 2518 3344 nunc
2553 3289 2681 3359 quid
2727 3291 2857 3344 mibi
2904 3290 3052 3357 iuxta
3099 3307 3379 3364 attagngen
3410 3295 3495 3348 vi-

1903 3379 2114 3445 deatur.
2143 3379 2465 3436 edisseram.
2495 3379 2744 3437 Prudens
2787 3379 3012 3437 forsitan
3034 3382 3208 3438 lector
3233 3385 3496 3454 inquirat,

1901 3473 2032 3544 quid
2065 3472 2166 3526 sibi
2216 3469 2344 3528 velit
2372 3472 2424 3528 in
2461 3471 2704 3542 Visione,
2733 3473 2819 3530 vel
2859 3473 3039 3530 Onere
3087 3475 3359 3541 Damasci,
3384 3476 3500 3531 ala.

1901 3581 2018 3620 rum
2049 3565 2359 3638 cymbalum
2379 3575 2436 3622 et
2456 3577 2652 3622 caetera
2680 3582 2803 3637 quae
2833 3575 3162 3638 sequuntur.
3197 3568 3491 3640 Postquam

1898 3657 1966 3712 de
1990 3657 2277 3714 vocatione
2295 3660 2539 3728 gentium
2581 3657 2786 3716 dictum
2820 3670 2927 3728 est,
2960 3661 3030 3718 de
3067 3661 3378 3734 objections
3399 3663 3499 3722 Ju-

1898 3751 2160 3822 daeorum,
2186 3761 2241 3806 et
2273 3751 2543 3810 electione
2570 3767 2783 3818 eorum,
2812 3754 2904 3824 qui
2937 3769 3036 3826 per
3061 3757 3356 3828 Apostolus
3377 3771 3500 3812 cre-

1896 3841 2174 3910 diderunt,
2203 3855 2259 3900 et
2285 3852 2472 3914 postea
2503 3845 2572 3901 de
2592 3849 2834 3916 gentium
2867 3847 3218 3905 multitudine
3242 3857 3300 3903 et
3317 3861 3499 3916 perse-

1897 3939 2202 4004 cutoribus,
2233 3939 2323 4006 qui
2365 3940 2531 3994 maris
2565 3937 2822 3997 ﬂuctibus
2863 3940 3163 4010 comparati
3209 3948 3338 3994 sunt
3368 3957 3379 3991 :
3410 3952 3503 3994 ω·-

1899 4033 2188 4101 quebatur,
2208 4041 2265 4086 ut
2296 4031 2366 4087 de
2399 4031 2696 4088 hazresibus
2725 4045 2966 4099 quoque.
2994 4041 3016 4072 ε
3039 4046 3158 4097 quae
3191 4028 3496 4085 Ecclesiam

1902 4131 2260 4187 texaverunt,
2292 4131 2346 4176 et
2373 4123 2657 4187 hucusque
2688 4118 3038 4188 populantur,
3063 4131 3246 4176 sermo
3265 4117 3499 4187 proplte~

1901 4216 2044 4274 ticus
2067 4217 2363 4280 nuntiaret.
2390 4213 2503 4282 qui.
2523 4213 2832 4268 dormiente
2859 4210 3274 4282 patrelamilias,
3291 4212 3344 4269 in
3365 4227 3499 4283 agro

1906 4307 2164 4367 Ecclesia:
2210 4308 2792 4377 supersetninaverunt
2829 4307 3036 4366 sisania
3075 4307 3305 4380 (Matth.
3337 4309 3494 4380 stu).

1908 4397 1972 4452 Et
1993 4398 2247 4454 dicuntur
2293 4397 2628 4468 cymbalum,
2659 4398 2984 4456 cbaritatem
3013 4400 3110 4458 Dei
3143 4417 3253 4458 non
3286 4401 3499 4460 haben-.-

1910 4497 2014 4552 tes,
2045 4489 2196 4555 juxta
2214 4488 2343 4542 illud
2383 4491 2628 4555 Apostoli
2661 4509 2675 4545 :
2704 4491 2765 4546 Si
2787 4491 2982 4560 linquis
3011 4494 3278 4553 hotniuum
3308 4493 3501 4564 loquar

207 4595 398 4659 tutino,
431 4594 525 4650 die
555 4554 811 4648 videlicet
861 4594 1296 4657 resurrectionis.
1351 4607 1460 4648 non
1514 4591 1794 4659 subsistet,
1828 4554 1881 4616 D
1907 4590 1953 4635 ει
1976 4577 2289 4650 Αηαειονιιυι
2311 4596 2331 4634 ί
2358 4578 2661 4640 cumulem
2692 4593 2866 4643 ακκα
2906 4600 3010 4643 κου
3042 4585 3281 4651 ’διάϐασιν
3325 4589 3499 4655 facit“

207 4688 343 4756 quod
394 4686 544 4744 LXX
586 4687 1012 4752 transtulerunt,
1069 4704 1173 4742 non
1205 4689 1319 4744 erit.
1359 4688 1413 4743 Si
1458 4699 1640 4744 autem
1693 4701 1797 4742 non

208 4781 324 4847 crit,
349 4781 483 4852 quid
516 4781 943 4848 retithlttlulJtllll,
978 4781 1070 4850 qui
1099 4781 1312 4836 diabolo
1341 4781 1474 4836 dant
1531 4782 1802 4852 pmniten-

214 4872 356 4936 tiam,
382 4889 434 4932 et
460 4873 538 4928 illi
567 4887 828 4944 quantum
865 4875 916 4932 in
943 4890 1004 4932 se
1030 4883 1134 4938 est,
1169 4874 1623 4946 Arcbangelicnm
1649 4877 1803 4930 lasti-

213 4969 352 5036 gintn
386 4966 754 5037 pollicentur?
785 4968 910 5026 lltcc
938 4979 1018 5024 est
1043 4983 1168 5037 pars
1196 4983 1408 5034 eoi-uin,
1437 4970 1526 5038 qui
1557 4982 1801 5025 vastave-

217 5070 334 5116 runt
361 5075 489 5126 nos,
518 5067 574 5116 et
595 5075 717 5118 sors
742 5059 1114 5129 diripientium
1143 5075 1261 5116 nos.
1287 5060 1413 5116 Haec
1442 5062 1526 5116 vel
1575 5062 1807 5132 populus

219 5150 457 5220 loquitur
483 5150 849 5215 Christianus,
880 5152 963 5208 vel
994 5154 1253 5224 propinata
1279 5169 1346 5208 ex
1402 5168 1632 5222 persona
1688 5169 1811 5209 cre-

220 5244 394 5302 dentis
415 5245 626 5316 populi,
658 5247 800 5316 quod
824 5247 1100 5304 interitum
1133 5249 1522 5319 sempiternum
1554 5263 1812 5318 persecu-

223 5347 363 5397 torrs
390 5357 579 5398 eorum
612 5341 846 5398 habituri
899 5343 1028 5409 sint,
1061 5345 1153 5416 qui
1203 5344 1433 5409 exsiliis,
1478 5344 1812 5412 carceribus,

291 5517 571 5597 “Victor”
594 5519 726 5574 sicut
747 5514 967 5580 sonitus,
993 5526 1060 5570 cx
1089 5506 1257 5565 Hebr.
1322 5516 1579 5597 τικψοβι
1633 5508 1826 5568 ϐιωεο

226 5593 430 5664 ἦχὴσξςι.

293 5650 318 5699 δ’
353 5659 520 5718 Verba
550 5672 598 5716 et
620 5661 807 5715 bestias
825 5653 1083 5727 projiciin
1104 5650 1275 5706 Vatic.
1308 5651 1533 5727 rectius.
1563 5659 1622 5705 ut
1668 5651 1820 5727 vidre-

1906 4688 2020 4729 sum
2061 4670 2195 4730 velut
2226 4688 2296 4730 tes
2336 4688 2530 4730 sonans
2565 4683 2654 4735 aut
2689 4673 2984 4743 cymbalum
3025 4677 3249 4734 tiunieas
3283 4679 3299 4747 (
3329 4677 3345 4729 l
3376 4677 3500 4733 Cor.

1909 4782 2026 4834 xui,
2060 4767 2136 4838 l).
2173 4767 2238 4823 Et
2269 4781 2377 4823 non
2413 4766 2590 4824 solum
2621 4767 2927 4839 cymbalum
2963 4782 3126 4822 rauco
3165 4781 3504 4839 etincrepans

1909 4863 2116 4928 sonitu,
2141 4860 2235 4918 sed
2267 4870 2490 4931 propter
2536 4860 2813 4916 levitatem
2861 4860 3136 4918 sermonis
3177 4859 3416 4920 baretici
3447 4863 3504 4924 in

1909 4959 2126 5015 diversa
2159 4955 2433 5014 cucrentis
2454 4996 2467 5018 ,
2499 4955 2706 5010 alarum
2749 4954 3054 5026 cymbalum
3083 4954 3358 5021 dicuntur.
3387 4958 3506 5018 sive

1905 5052 2060 5126 juxta
2092 5052 2470 5122 Septuaginta,
2494 5049 2593 5108 alte
2619 5049 2850 5115 navium,
2875 5049 2968 5117 qui
2995 5065 3187 5123 ιιιιιειιει
3215 5053 3506 5114 meream.

1913 5162 2000 5214 nia
2033 5160 2434 5230 promittentes,
2467 5157 2724 5228 navigant
2746 5159 2798 5212 in
2825 5158 3011 5213 saeculi
3038 5159 3202 5217 istius
3224 5159 3502 5218 ﬂuctibus.

1916 5253 2044 5307 Ales
2087 5261 2268 5306 autem
2315 5251 2557 5316 navium,
2592 5251 2710 5306 vela
2757 5251 2953 5318 quibus
2999 5251 3429 5320 suspenduntur,
3451 5262 3509 5306 et

1920 5346 2228 5409 trahuntur,
2260 5341 2526 5414 intelligo.
2551 5343 2620 5399 Et
2647 5343 2875 5412 pulchre
2921 5341 3040 5396 alas
3083 5343 3222 5398 dixit
3260 5343 3507 5411 navium,

1930 5507 2260 5632 tuli'iﬂugtb
2289 5573 2439 5630 addit
2463 5571 2672 5626 Victor.
2699 5586 2898 5644 eorum,
2930 5581 2985 5627 nt
3015 5588 3207 5630 sensus
3239 5573 3361 5644 (ait)
3392 5588 3522 5642 con-

1923 5659 2085 5721 gruat
2113 5664 2235 5704 cum
2266 5645 2537 5717 sequenti,
2567 5644 2655 5714 qui
2673 5643 2978 5711 dormiente,
2998 5652 3125 5712 etc.,
3144 5647 3520 5716 superscmina-

227 5737 331 5795 tur,
356 5748 460 5786 non
489 5743 634 5787 sunt.
695 5721 969 5795 Solemnis
1018 5723 1132 5776 haec
1157 5732 1274 5795 erat
1301 5721 1592 5795 gentilium
1619 5737 1732 5795 _vo_x
1765 5723 1821 5779 in
1923 5732 2122 5778 verunt.

230 5792 588 5885 ampbiteatro
610 5819 670 5875 ac
696 5801 863 5870 circo,
887 5794 1164 5852 Christiani
1190 5795 1262 5847 ad
1290 5792 1505 5850 Leones.
1535 5792 1666 5855 Vide
1681 5792 1819 5851 Ter-
