4010 6330
462 279 571 339 147

1718 270 1779 327 S.
1819 264 2094 327 EUSEBII
2128 263 2517 324 HIERONYMI

3659 270 3763 333 ιιε

468 395 651 454 omnis
701 393 849 451 enim
893 390 1184 449 hereticus
1232 387 1524 459 pollicetur
1573 384 1821 452 excelsa,
1851 390 1910 439 et
1947 397 2071 438 cum
2099 378 2404 456 Acaateios
2426 381 2673 451 perdant.
2699 382 2850 441 Gens
2887 395 3071 442 autem
3096 395 3323 443 vocatur
3349 386 3568 445 excelsa
3603 403 3762 461 prop-

466 491 585 546 alas
629 487 831 542 habere
858 499 918 539 se
957 482 1152 553 jactet,
1187 493 1369 536 tamen
1413 478 1671 535 haeret-in
1699 476 1862 532 salsis
1883 475 2061 531 ﬂucti-

2170 481 2255 531 ter
2279 476 2590 546 superbiam
2616 495 2631 532 :
2662 488 2716 533 et
2737 480 3020 552 peregrina
3052 489 3109 536 et
3149 482 3411 552 pessima,
3438 483 3565 553 quia
3593 484 3764 541 aliena

467 583 592 647 bus,
627 589 681 636 et
703 579 890 649 procul
911 592 1017 633 non
1047 575 1257 632 recedit
1285 591 1313 628 a
1347 583 1514 639 terra,
1544 574 1598 627 in
1633 572 1923 643 medioque
1948 584 2071 626 cur—
2169 580 2201 623 a
2235 568 2343 625 Deo
2366 578 2472 625 est.
2498 569 2639 626 Vere
2671 586 2808 643 gens
2835 576 2953 629 sine
2991 588 3110 646 spe,
3134 586 3189 631 et
3227 576 3574 644 conculcata,
3608 579 3765 652 28⁷

471 691 534 734 su
584 674 789 746 patitur
841 679 1067 738 repente
1118 669 1483 740 naufragium.
1518 667 1675 724 Unde
1722 666 1912 738 Aquila
1971 680 2070 735 pro

468 766 755 841 cymbala,
806 765 1042 819 umbram
1084 763 1310 826 alarum,
1353 761 1748 831 interpretatus
1802 769 1908 819 est.
1962 773 2069 813 non

468 862 616 922 enim
649 861 852 917 habent
875 859 1012 925 alas,
1043 858 1139 913 setl
1170 857 1379 911 alarum
1410 855 1853 911 similitudinem.
1887 854 2073 923 Quod-

470 942 578 1027 que
608 953 797 1021 infert,
823 968 938 1023 qua:
963 961 1039 1007 est
1070 961 1215 1006 trans
1258 951 1477 1021 ﬂumina
1518 947 1824 1015 zEtItiOpite,
1858 948 1964 1004 hoc
2002 947 2077 1003 si-

470 1045 717 1120 gniﬁcat,
752 1045 896 1111 qunti
928 1043 1208 1111 impie-tale
1254 1058 1352 1099 sua
1383 1057 1578 1098 omnes
1604 1040 1826 1097 vincant
1858 1041 2074 1097 htereti-

474 1139 548 1194 ci.
578 1138 742 1192 Verbi
773 1138 946 1202 gratia
973 1154 987 1192 :
1017 1138 1154 1192 Dicit
1190 1135 1458 1201 Epicurus
1491 1151 1600 1190 non
1634 1149 1755 1191 esse
1786 1134 2077 1203 providen-

473 1228 629 1293 tiam,
658 1237 713 1284 et
743 1227 1074 1298 voluptatem
1115 1229 1411 1281 maximum
1442 1227 1667 1281 bonum.
1700 1224 2077 1293 Comparatio-

478 1338 550 1378 ne
597 1322 758 1385 huius
811 1321 1130 1377 sceleratior
1174 1320 1437 1386 Marcion,
1471 1328 1523 1374 et
1563 1334 1757 1374 omnes
1808 1317 2074 1386 hairetici,

477 1417 568 1487 qui
621 1424 776 1470 vetus
825 1414 1067 1470 lacerant
1096 1413 1528 1469 Testamentum.
1564 1410 1699 1468 Cum
1748 1412 1895 1467 enim
1940 1411 2080 1466 reci-

482 1511 634 1581 piant
663 1508 1081 1575 providentiam,
1109 1517 1370 1561 accusant
1391 1504 1730 1568 Creatorem,
1748 1514 1805 1560 et
1821 1510 2080 1559 asserunt

479 1617 603 1659 eum
638 1602 690 1655 in
723 1602 998 1672 plerisque
1030 1600 1290 1668 operibus
1323 1614 1562 1667 errasse,
1592 1608 1646 1654 et
1675 1614 1784 1654 non
1819 1597 1891 1653 ita
1916 1596 2081 1654 fecis-

474 1709 559 1758 se,
590 1702 650 1748 ut
700 1691 881 1749 facere
926 1691 1210 1748 debuerat.
1246 1691 1329 1747 Atl
1378 1708 1539 1763 quant
1594 1692 1740 1746 enim
1789 1691 2077 1747 utilitatem

2171 664 2325 735 cujus
2357 651 2592 722 ﬂumina
2620 667 2674 722 in
2707 675 2823 722 tota
2857 677 3005 724 terra
3047 669 3329 724 imitantur
3371 651 3767 730 habitationem

2172 756 2458 824 Ecclesiae,
2483 764 2542 812 ut
2581 758 2865 815 inveniant
2910 760 3012 815 sibi
3052 759 3346 832 hospitium
3378 773 3434 819 et
3464 765 3766 835 regionem,

2175 848 2230 905 in
2262 865 2366 919 qua
2398 850 2616 906 elevent
2639 853 2851 924 signum
2877 852 3144 910 doctrina:
3166 870 3303 923 suae,
3326 865 3353 894 ει
3376 858 3431 912 in
3459 873 3565 928 qua
3595 858 3773 931 Scrip-

2176 951 2418 997 turarum
2449 944 2702 1013 clangunt
2726 944 2876 1000 tuba.

2250 1034 2437 1107 (Vers.
2480 1036 2513 1090 4
2545 1035 2726 1106 seqq.)
2768 1038 2904 1103 Quia
2945 1037 3054 1093 lucc
3107 1039 3234 1095 dicit
3260 1038 3521 1097 Dominus
3567 1044 3639 1098 ad
3671 1060 3769 1112 me,

2175 1128 2458 1199 quiescam,
2493 1137 2543 1181 et
2570 1129 2907 1185 consiaerabo
2928 1131 2981 1185 in
3004 1132 3116 1185 loco
3138 1149 3250 1186 meo
3275 1148 3294 1187 :
3313 1135 3446 1188 sicut
3488 1137 3774 1192 meridiana

2178 1219 2272 1274 lua:
2290 1220 2435 1274 clara
2468 1230 2565 1283 est.
2589 1233 2635 1276 et
2673 1222 2805 1276 sicut
2842 1223 3002 1278 nubes
3042 1225 3176 1279 roris
3203 1226 3257 1280 in
3288 1227 3373 1280 die
3399 1230 3597 1283 messis.
3643 1228 3777 1284 Ante

2179 1329 2391 1369 messem
2411 1317 2546 1368 enim
2566 1325 2705 1370 totus
2724 1317 2983 1386 efﬂoruit,
3006 1328 3054 1373 et
3076 1320 3352 1374 immatura
3392 1322 3635 1391 perfectio
3661 1340 3777 1397 ger-

2180 1406 2427 1471 minabit,
2462 1417 2507 1462 et
2555 1410 2902 1479 prtecidcntur
2949 1412 3234 1466 ramusculi
3273 1416 3386 1486 ejus
3424 1413 3644 1482 falcibus
3676 1432 3696 1471 :
3730 1426 3778 1471 et

2180 1515 2296 1571 qua:
2336 1501 2577 1557 derelicta
2629 1503 2846 1573 fuerint,
2882 1505 3272 1570 abscindcutur,
3315 1508 3665 1563 excutientur.
3710 1506 3777 1563 Et

2181 1592 2538 1666 relinquentur
2567 1596 2723 1651 simul
2751 1598 2933 1653 auibus
2951 1599 3228 1667 montium,
3256 1612 3305 1654 et
3331 1601 3504 1655 bestiis
3534 1611 3707 1666 terrai,
3731 1611 3778 1658 et

2185 1697 2361 1743 testate
2399 1701 2648 1759 perpetua
2690 1700 2839 1746 erant
2883 1708 3039 1753 super
3068 1708 3185 1746 eum
3230 1694 3461 1748 volucres
3484 1705 3571 1761 ,et
3608 1712 3780 1750 omnes

477 1787 785 1847 hominum.
818 1794 1134 1853 serpentes,
1180 1784 1451 1853 scorpios,
1480 1783 1808 1851 crocodilos,
1850 1793 1908 1840 et
1939 1782 2079 1851 pnli-
2109 1786 2159 1848 B
2185 1780 2359 1837 bestia:
2408 1792 2556 1836 terrae
2598 1798 2753 1852 super
2792 1781 2942 1838 illum
2970 1783 3300 1855 Ityemabunt.
3328 1784 3395 1839 In
3424 1796 3658 1856 tempore
3690 1786 3780 1843 illo

476 1894 593 1942 ces,
627 1879 966 1947 cimicesque
994 1888 1051 1932 et
1078 1876 1288 1934 culices
1315 1876 1629 1950 pertinere?
1654 1877 1742 1931 Isti
1765 1891 1897 1947 ergo
1922 1876 2089 1948 286

478 1980 632 2026 trans
672 1970 899 2025 ﬂumina
938 1968 1235 2041 Ethiopiae
1277 1980 1426 2035 sunt,
1457 1978 1513 2025 et
1554 1969 1777 2024 mittunt
1834 1970 1888 2024 in
1946 1968 2086 2024 mari

478 2064 645 2135 hujus
672 2064 858 2119 steculi
894 2064 1126 2134 legatos,
1159 2063 1215 2119 id
1241 2075 1344 2130 est,
1373 2062 1671 2133 discipulos
1697 2077 1852 2131 suos,
1870 2064 1962 2135 qui
1993 2077 2087 2119 eo-

480 2173 600 2214 rum
634 2166 917 2230 portantes
944 2157 1246 2225 volumina,
1280 2168 1428 2213 recte
1456 2171 1585 2213 vasa
1633 2159 1843 2229 papyri,
1877 2158 1930 2212 id
1977 2168 2084 2227 est,

480 2251 760 2309 chartacia
793 2265 962 2319 super
988 2266 1156 2322 aquas
1187 2260 1406 2320 portare
1434 2249 1710 2319 dicuntur,
1744 2264 1867 2321 quae
1893 2250 2085 2307 deleu-

481 2354 573 2401 tur
600 2346 882 2402 velociter.
915 2345 1068 2403 Sicut
1097 2347 1245 2403 enim
1277 2345 1407 2401 libri
1434 2345 1588 2416 juxta
1620 2360 1791 2415 aquas
1818 2356 1874 2401 et
1894 2344 2087 2401 humo-

479 2456 572 2496 res
593 2442 703 2497 cito
731 2441 1116 2510 obscurantur,
1147 2440 1401 2496 delentur
1424 2449 1479 2495 et
1506 2449 1739 2510 pereunt
1766 2459 1779 2495 :
1806 2441 1876 2495 ita
1901 2456 2087 2496 sermo

481 2550 671 2590 eorum
703 2544 868 2606 atque
890 2534 1166 2601 doctrina,
1186 2550 1307 2590 cum
1332 2535 1388 2590 in
1414 2535 1685 2605 principio
1705 2535 1943 2603 aliquam
1974 2535 2085 2590 visa

478 2625 647 2682 fuerit
691 2626 1068 2681 fortitudinem
1101 2626 1408 2696 possidere,
1445 2628 1740 2697 pertransit
1778 2638 1832 2682 et
1863 2626 2085 2684 labitur.

484 2718 671 2790 Itaque
705 2734 801 2788 per
841 2722 1073 2775 ironiam
1105 2718 1307 2774 dicitur
1336 2719 1402 2774 ad
1432 2734 1529 2774 eos
1561 2737 1575 2773 :
1604 2720 1650 2776 0
1682 2721 1879 2792 Angeli
1909 2720 2087 2778 haere-

485 2812 744 2881 ticorum,
796 2815 870 2869 ite
901 2814 1133 2868 veloces.
1170 2813 1322 2881 Quos
1353 2812 1544 2868 beatus
1572 2814 1857 2884 apostolus
1889 2814 2088 2872 Paulus

485 2906 660 2964 falsos
687 2909 993 2977 apostolos,
1021 2908 1305 2980 operarios
1327 2907 1726 2976 fraudulentos,
1753 2911 1843 2980 qui
1870 2911 1923 2964 in
1941 2910 2089 2978 Apo-

491 3004 668 3061 stolus
695 3001 898 3059 Christi
943 3002 1421 3073 transﬁgureutur,
1454 3003 1694 3074 appellat
1727 3002 1791 3074 (ll
1824 3003 1945 3061 Cor.
1980 3006 2083 3077 ιι).

488 3095 558 3153 Et
586 3098 659 3153 ite
695 3098 761 3152 ad
791 3108 1010 3168 gentem
1042 3098 1288 3151 avulsam
1322 3106 1378 3151 et
1408 3095 1698 3151 laceratam
1729 3112 1744 3152 :
1776 3097 2022 3152 avulsam
2055 3112 2086 3154 a

2189 1877 2449 1946 deferetur
2476 1891 2659 1931 munus
2684 1875 2906 1931 Domino
2934 1877 3247 1933 exercituum
3274 1894 3305 1930 a
3336 1880 3533 1948 popqu
3558 1878 3777 1947 divulso,

2188 1980 2237 2026 et
2268 1970 2572 2036 dilacerata,
2597 1988 2630 2026 α
2670 1972 2867 2040 populo
2901 1970 3162 2037 horribili,
3199 1981 3314 2043 post
3353 1989 3505 2043 quem
3544 1990 3648 2027 non
3689 1975 3783 2044 fuit

2186 2064 2345 2130 alius,
2371 2081 2405 2117 a
2438 2074 2585 2137 gente
2625 2072 2983 2136 exspectante,
3016 2075 3338 2137 exspectante
3370 2075 3420 2120 et
3456 2065 3782 2135 conculcata,

2188 2163 2337 2228 cujus
2363 2157 2696 2228 diripuerunt
2715 2160 2933 2229 ﬂumina
2950 2168 3140 2213 terram
3170 2160 3388 2229 ejus,ad
3416 2159 3587 2214 locum
3617 2160 3784 2214 nomi-

2188 2256 2268 2311 nis
2290 2253 2503 2310 Domini
2525 2256 2843 2310 exercituum
2865 2263 3089 2309 montem
3109 2254 3261 2310 Sion.
3293 2254 3543 2322 Quiescit
3558 2264 3611 2309 cl
3637 2268 3788 2310 eom-

2191 2349 2484 2420 templatur
2514 2348 2660 2404 Deus
2695 2348 2751 2404 in
2786 2349 2907 2404 loco
2939 2364 3066 2416 suo,
3095 2350 3213 2404 sive
3247 2348 3401 2419 juxta
3431 2348 3706 2419 Aquilam,
3733 2348 3788 2403 in

2189 2442 2541 2513 firmamento,
2556 2440 2725 2507 idest,
2747 2444 2800 2497 in
2826 2441 3094 2504 Ecclesia,
3116 2440 3185 2497 de
3210 2456 3316 2511 qua
3333 2441 3531 2496 Paulus
3557 2444 3792 2509 Aposto-

2190 2535 2275 2590 lus
2292 2535 2834 2606 loquitur:Columna
2855 2544 2898 2589 rt
2913 2537 3299 2605 ﬁrmamentum
3326 2535 3611 2607 ueritatisﬂ
3643 2534 3787 2592 Tim.

2188 2643 2269 2695 ut,
2289 2627 2831 2701 15).Coutemplatur
2856 2640 3039 2683 autem
3061 2645 3258 2699 eaquae
3287 2630 3418 2683 fiunt
3443 2645 3497 2684 tn
3514 2628 3789 2694 Ecclesia;

2190 2732 2247 2778 et
2271 2722 2427 2777 sicuti
2457 2722 2760 2777 meridiana
2793 2724 2881 2777 lux
2903 2723 3053 2778 clara
3080 2730 3184 2784 est.
3204 2723 3273 2776 ita
3304 2722 3556 2777 universa
3583 2722 3797 2792 perlus-

2193 2822 2300 2869 trat
2327 2832 2338 2868 :
2362 2813 2518 2884 juxta
2549 2813 2682 2869 illud
2717 2814 2860 2879 quod
2895 2817 2947 2870 in
2980 2814 3196 2871 decimo
3227 2822 3424 2870 octavo
3449 2815 3672 2870 Psalmo
3710 2830 3796 2870 se-

2190 2906 2737 2979 cundumAnagogen
2760 2907 2831 2964 de
2852 2907 2970 2964 sole
2990 2907 3218 2976 jnstitia:
3239 2907 3469 2963 dicitur:
3488 2906 3693 2964 Necest
3711 2908 3795 2980 qui

2190 3019 2245 3057 se
2282 3002 2563 3059 abscondat
2583 3003 2810 3059 acalore
2848 3004 2959 3075 ejus
2983 3001 3102 3074 (Ps.
3125 3017 3279 3068 xvttt,
3311 3002 3389 3074 7).
3426 3002 3490 3058 Et
3519 3003 3797 3072 quomodo

2192 3096 2366 3151 nubes
2388 3096 2526 3150 roris
2556 3096 2608 3151 in
2632 3096 2720 3151 die
2746 3098 2962 3162 messis,
2992 3108 3048 3152 et
3078 3095 3132 3152 in
3165 3094 3397 3152 ferventi
3436 3108 3628 3152 testate
3672 3112 3796 3167 gra-

489 3188 629 3254 Deo,
658 3198 713 3245 et
759 3191 1140 3244 lurreticnrum
1174 3187 1449 3243 morsibus
1477 3188 1756 3243 laniatam.
1789 3188 1870 3243 Ad
1914 3204 2088 3259 p0pu-
2113 3175 2159 3239 C
2193 3186 2400 3242 tissima
2422 3196 2528 3254 est,
2546 3188 2625 3243 sic
2645 3186 2909 3243 Dominus
2931 3187 3263 3244 habitatores
3288 3187 3549 3244 Ecolesite
3582 3204 3703 3244 sum
3726 3204 3800 3246 rc~

486 3285 600 3340 lum
632 3282 986 3351 horribilem;
1019 3283 1152 3337 nihil
1181 3283 1327 3338 enim
1376 3282 1698 3340 horribilius
1728 3282 2091 3353 blaSphemia,

478 3392 616 3450 quae
647 3380 798 3450 ponit
837 3378 890 3433 in
917 3379 1198 3435 excelsum
1229 3392 1293 3433 os
1323 3392 1503 3434 suum.
1529 3376 1660 3433 Post
1680 3391 1840 3449 quem
1873 3392 1981 3433 non
2012 3388 2098 3434 est

490 3472 633 3529 alter
660 3472 895 3544 populus
924 3489 938 3525 :
964 3486 1130 3527 omne
1159 3472 1363 3542 quippe
1399 3479 1681 3541 peccatum
1719 3479 2095 3538 comparatum

490 3567 874 3636 blasphemiaz,
900 3565 1079 3622 levius
1122 3573 1227 3618 est.
1269 3564 1499 3618 Gentem
1540 3570 1974 3633 exspectantem,
1999 3578 2095 3616 ex-

491 3666 860 3726 spectantem,
882 3666 940 3712 et
964 3655 1361 3711 conculcatam.
1387 3653 1523 3708 Nam
1548 3669 1743 3709 omnes
1764 3653 2007 3708 haeretici
2027 3654 2099 3710 si-

493 3750 549 3806 bi
578 3751 828 3806 cmlesﬁa
868 3748 1282 3816 repromittunt,
1315 3755 1371 3800 rt
1413 3746 1742 3816 potlicentur
1764 3747 2024 3816 iugentia,
2047 3754 2101 3801 et

493 3851 678 3898 tamen
705 3858 734 3895 a
756 3840 1097 3896 daemonibus
1116 3839 1530 3894 conculcantur.
1554 3836 1726 3908 Cujus
1748 3848 1944 3894 terram
1967 3838 2102 3893 diri-

495 3942 736 4006 puerunt
752 3932 1005 3999 ﬂumina,
1026 3946 1149 4000 quae
1170 3946 1277 3986 n0n
1309 3931 1377 3986 de
1396 3931 1539 3986 cmlo
1562 3929 1763 3987 habent
1786 3945 1979 4000 aquas,
2004 3930 2100 3986 sed

497 4026 568 4083 de
589 4036 757 4083 terra.
782 4027 916 4096 Quis
935 4025 1081 4081 enim
1121 4024 1355 4095 angulus
1394 4031 1501 4089 est,
1532 4038 1654 4092 qua:
1695 4031 1941 4077 extrema
1971 4022 2103 4078 soli-

499 4123 632 4179 tudo
656 4133 950 4185 terrarum,
978 4119 1046 4175 ad
1073 4134 1237 4190 quam
1281 4134 1389 4171 uou
1431 4117 1682 4172 turbidus
1719 4118 2101 4171 haereticorum

497 4231 682 4273 sermo
722 4213 1041 4286 perveniat?
1064 4212 1251 4283 Itaque
1281 4227 1479 4267 omnes
1499 4211 1595 4282 qui
1636 4210 1881 4265 habitant
1905 4220 1958 4266 et
1988 4226 2106 4265 m0-

499 4318 693 4365 rantur
728 4308 784 4362 in
825 4306 961 4362 orbe
1000 4314 1301 4373 terrarum,
1333 4304 1402 4358 ad
1438 4304 1824 4360 haereticorum
1861 4302 2102 4375 signum,

503 4403 647 4474 quod
665 4402 823 4472 quasi
854 4402 907 4455 in
936 4398 1215 4456 montibus
1242 4400 1517 4455 elevatqu
1547 4406 1652 4463 est,
1678 4399 1893 4470 erigunt
1919 4399 2105 4454 oculos

502 4510 656 4562 suos,
684 4505 739 4551 et
768 4494 1083 4566 clangorem
1122 4493 1302 4557 tubae,
1334 4492 1387 4548 id
1435 4503 1542 4561 est,
1583 4492 1849 4549 doctrinm
1887 4508 2101 4560 eorum,

2198 3278 2562 3350 frigerat,quo
2586 3291 2854 3349 praesente
2874 3290 3070 3335 cuncta
3089 3280 3406 3336 florescunt.
3424 3280 3798 3352 Etautequam

2200 3381 2412 3442 tempus
2434 3374 2928 3429 consummationis
2956 3372 3229 3441 adveniat,
3256 3375 3383 3444 quia
3413 3391 3557 3430 nunc
3577 3391 3647 3431 ex
3686 3391 3802 3447 par-

2202 3476 2254 3520 te
2282 3467 2665 3536 cognoscimus
2685 3475 2740 3520 et
2766 3480 2835 3521 ex
2863 3474 3016 3534 parte
3044 3464 3459 3537 prophetatnus,
3486 3467 3645 3523 multi
3682 3483 3801 3539 per-

2200 3558 2328 3614 fecti
2379 3559 2762 3629 reperientur,
2796 3558 2865 3614 de
2913 3560 3112 3628 quibus
3164 3559 3463 3629 Apostolus
3514 3561 3802 3630 loquitur:

2205 3650 2466 3719 Quotquot
2498 3652 2710 3722 perfecti
2755 3652 2852 3705 hoc
2899 3653 3183 3707 sentiamus
3208 3650 3252 3725 (Ι
3270 3650 3391 3709 Cor.
3430 3668 3562 3719 xm;
3600 3652 3803 3727 Philip.

2204 3757 2284 3808 ut,
2319 3742 2425 3813 15).
2462 3741 2780 3799 Ramusculi
2826 3753 3031 3810 autem,
3058 3745 3149 3815 qui
3190 3744 3419 3801 inutiles
3466 3758 3621 3815 sunt,
3657 3746 3807 3803 falci-

2202 3836 2305 3892 bus
2355 3840 2742 3906 prtecideutur,
2774 3838 2991 3895 dicente
3028 3838 3081 3893 in
3133 3839 3429 3910 Evangelio
3473 3839 3800 3896 Salvatorc:

2206 3928 2322 4001 Ego
2337 3946 2454 3985 sum
2481 3931 2599 3986 citis
2620 3947 2763 3999 vera,
2780 3942 2828 3988 et
2854 3931 3010 3988 Pater
3030 3948 3174 3987 meus
3199 3933 3434 4003 agricola
3458 3942 3556 3988 est.
3586 3932 3804 3990 Omnem

2205 4020 2469 4092 palmitem
2518 4022 2576 4077 in
2627 4040 2704 4078 me
2730 4040 2830 4079 non
2862 4028 3107 4097 ferentem
3138 4030 3391 4095 fructum,
3422 4024 3566 4082 tollet
3587 4043 3734 4095 eum,
3761 4036 3805 4081 et

2206 4130 2408 4169 omnem
2435 4116 2522 4187 qui
2545 4119 2646 4188 [ert
2666 4118 2915 4187 fructum,
2940 4118 3180 4190 purgabit
3199 4134 3335 4183 eum,
3360 4126 3415 4173 ut
3435 4123 3672 4190 fructum
3694 4119 3805 4191 plus

2206 4204 2395 4275 a/I'erat
2423 4205 2604 4280 (Joan.
2638 4225 2729 4279 xv,
2759 4209 2841 4282 ἓ).
2876 4212 2940 4265 Et
2969 4226 3091 4280 quae
3126 4212 3351 4281 praecisa
3383 4211 3612 4280 fuerint,
3643 4215 3807 4269 relin-

2207 4313 2442 4374 queatur
2476 4305 2668 4360 avibus
2719 4306 2987 4361 montium
3039 4314 3096 4362 et
3142 4306 3333 4362 bestiis
3360 4315 3546 4363 terras.
3575 4307 3802 4373 Avibus,

2209 4411 2332 4468 qua:
2381 4398 2538 4468 juxta
2590 4400 2730 4454 viam
2777 4400 3046 4454 seminata
3100 4401 3450 4472 populantur,
3482 4410 3538 4456 et
3592 4402 3801 4468 heStiis,

2209 4491 2408 4560 quibus
2439 4492 2672 4547 traditur
2705 4491 2885 4546 anima
2917 4493 3084 4566 288
3132 4507 3238 4547 non
3287 4494 3559 4549 ουηῆιυηδ
3616 4495 3802 4561 Deum,

502 4590 750 4646 audiunt.
775 4589 902 4644 Haec
927 4588 1079 4658 juxta
1118 4588 1471 4644 Hebraicum.
1500 4588 1772 4644 Caeterum
1804 4592 2100 4645 secundum
2130 4569 2187 4631 Ῑ)
2210 4585 2284 4642 ita
2319 4594 2377 4640 ut
2407 4586 2498 4656 qui
2530 4599 2564 4639 a
2610 4586 2838 4640 Domino
2870 4590 3128 4655 praecisus
3167 4584 3330 4642 fuerit
3357 4595 3414 4642 et
3453 4586 3728 4657 abjectus,
3754 4594 3808 4642 et

501 4680 648 4739 LXX
684 4680 1018 4752 planguntur
1056 4679 1158 4734 alae
1205 4680 1611 4744 haereticorum,
1634 4697 1758 4750 qua:
1797 4682 1971 4737 inStar
2007 4697 2104 4737 na-

501 4774 647 4832 vium
681 4789 781 4845 per
807 4790 957 4829 tuare
998 4772 1162 4841 hujus
1204 4773 1386 4828 saeculi
1411 4773 1660 4837 volitant,
1684 4782 1733 4828 et
1770 4773 2101 4843 impietatem

503 4877 767 4938 superant
786 4865 1155 4931 ethnicorum,
1179 4882 1318 4937 quos
1340 4881 1485 4920 nunc
1510 4863 1800 4935 Etltiopes
1821 4865 2105 4936 Scriptura

506 4962 860 5031 cognominat
889 4978 902 5015 :
931 4969 987 5015 et
1021 4961 1223 5015 dicitur
1252 4960 1318 5014 ad
1356 4959 1662 5015 doctrinam
1704 4971 1917 5022 eorum.
1946 4969 2107 5030 atque

509 5068 821 5112 sermonem
855 5051 1003 5120 :Qni
1027 5054 1199 5107 mittis
1230 5055 1284 5108 in
1322 5054 1455 5109 mari
1499 5053 1659 5123 lmjus
1696 5053 1879 5108 saeculi
1911 5052 2102 5121 libros,

509 5146 732 5204 obsides
774 5146 1154 5217 perversitatis
1194 5155 1400 5213 tuae,et
1427 5147 1691 5217 epistolas
1719 5146 1786 5202 ad
1826 5146 2109 5219 decipien-

506 5241 610 5297 dos
629 5256 748 5307 eos,
769 5238 861 5310 qui
885 5238 1080 5294 Iceluri
1104 5238 1503 5309 suut.Pergnnt
1527 5236 1701 5295 nuntii
1725 5243 1872 5297 leves
1889 5241 1956 5295 ad
1977 5256 2111 5314 gen-

507 5341 618 5390 tem
640 5332 939 5398 excelsam,
956 5342 1011 5387 et
1040 5330 1383 5401 peregrinum
1405 5332 1693 5403 populum,
1710 5342 1768 5389 et
1791 5338 2106 5403 pessimum.

510 5412 703 5480 Nullus
729 5426 875 5480 enim
908 5422 1413 5479 ecclesiasticorum
1447 5432 1654 5479 tantum
1680 5424 1843 5482 habet
1862 5426 2031 5481 studii
2053 5425 2109 5482 in

507 5518 678 5585 bono,
710 5527 971 5589 quantum
996 5518 1244 5574 haeretici
1287 5518 1339 5572 in
1370 5517 1535 5582 malo,
1560 5518 1689 5573 etin
1714 5533 1781 5574 eo
1804 5534 1864 5574 se
1896 5520 2107 5574 lucrum

512 5623 703 5684 putant
749 5612 1036 5686 consequi,
1068 5614 1115 5670 si
1145 5611 1283 5669 alios
1329 5612 1627 5684 decipiant,
1656 5622 1713 5671 et
1763 5613 1868 5685 ipsi
1908 5612 2109 5684 perditi

584 5798 609 5831 ι
640 5790 839 5861 Vatic.,
864 5803 914 5847 et
935 5779 1084 5859 quasi
1110 5790 1505 5864 Stripturarunt
1535 5778 1779 5865 clangunt
1807 5776 1943 5850 tuba.

2209 4676 2278 4731 de
2321 4691 2554 4746 corpore
2602 4676 2769 4741 illius,
2801 4677 2946 4749 quod
2976 4689 3061 4733 est
3092 4677 3337 4733 Ecclesia
3365 4689 3681 4748 separatus,
3703 4692 3806 4734 tam

2211 4768 2265 4823 in
2294 4776 2483 4823 testate
2521 4783 2678 4836 quam
2726 4769 2780 4824 in
2826 4772 3045 4842 hyeme,
3078 4770 3181 4825 huc
3212 4782 3317 4835 est,
3348 4771 3404 4827 in
3445 4773 3732 4843 prosperis
3755 4780 3808 4827 et

2210 4861 2475 4929 adversis,
2507 4862 2790 4918 volucrum
2837 4872 2894 4919 et
2931 4864 3230 4920 bestiarum
3274 4866 3490 4921 mansio
3537 4868 3630 4921 sit.
3658 4866 3809 4923 Sicut

2211 4964 2394 5012 autem
2420 4955 2471 5011 bi
2504 4956 2597 5028 qui
2628 4958 2849 5014 inutiles
2874 4968 3076 5014 suntet
3098 4957 3423 5014 infructuosi
3446 4961 3502 5015 in
3534 4960 3804 5027 Ecclesia,

2212 5056 2563 5118 amputantur
2589 5059 2645 5105 et
2672 5049 3054 5121 projiciuutur,
3083 5066 3151 5107 ne
3173 5051 3447 5107 modicum
3483 5051 3807 5109 fermentum

2217 5152 2381 5198 totam
2411 5158 2644 5200 massam
2699 5155 3011 5214 corrumpat
3044 5146 3163 5201 :sic
3191 5147 3502 5201 econtrario
3551 5146 3673 5203 ﬁeri
3720 5161 3810 5217 po-

2219 5248 2346 5301 test,
2365 5250 2423 5294 ut
2449 5238 2551 5307 qui
2571 5240 2830 5294 bteretico
2849 5238 3062 5295 fuerant
3082 5255 3272 5296 errore
3299 5240 3543 5312 decepti,
3566 5253 3622 5298 et
3638 5239 3807 5297 avulsi

2217 5346 2249 5386 a
2275 5330 2506 5387 Domino
2547 5339 2709 5400 atque
2752 5331 2995 5396 lacerati,
3027 5342 3083 5388 et
3115 5332 3409 5388 horribiles
3439 5335 3512 5388 ob
3556 5332 3813 5400 blaspheé

2213 5426 2402 5494 miam,
2431 5427 2738 5498 frustraque
2768 5428 3045 5483 mendacia
3077 5427 3477 5497 prmstnlantes,
3506 5439 3562 5484 et
3587 5425 3809 5485 concul-

2210 5521 2314 5574 cati
2345 5536 2376 5576 a
2403 5520 2767 5586 daemonibus,
2791 5527 2848 5575 et
2873 5535 2902 5573 a
2945 5519 3126 5575 ﬂuviis
3173 5522 3227 5575 in
3257 5528 3441 5590 partes
3484 5525 3669 5576 varias
3708 5520 3812 5575 disc

2209 5614 2393 5685 sipati,
2422 5629 2548 5672 cum
2588 5612 2861 5672 recordati
2900 5613 3105 5672 fuerint
3143 5615 3238 5672 Dei
3280 5614 3386 5684 sui,
3419 5624 3478 5672 et
3517 5617 3809 5688 magistros
