4010 6310
539 289 651 348 Ξ55

1800 286 1861 343 S.
1903 285 2174 345 EUSEBII
2211 286 2594 344 HIERUNYMI

3745 287 3848 346 256

540 423 798 483 perversa
853 407 1054 462 faciant
1078 421 1094 471 ;
1122 421 1185 462 ac
1215 421 1314 478 per
1342 404 1444 460 hoc
1473 421 1599 464 esse
1624 420 1868 474 sensum,
1909 406 2054 479 quod
2087 408 2140 463 in
2169 412 2226 472 Α
2249 407 2521 479 Egyptia.
2550 406 2648 463 Sin
2673 414 2855 462 autem
2879 407 3188 463 econtrario
3229 406 3638 463 elevaverimus
3662 407 3846 466 oculos

545 501 785 572 )Egypti)
818 513 925 555 n0n
957 499 1135 554 solum
1170 510 1332 564 caput
1360 499 1523 572 295
1552 500 1696 555 desit
1721 511 1775 556 et
1805 501 2002 568 cauda,
2045 501 2146 557 sed

547 605 604 652 et
631 609 792 650 senes
821 604 875 649 et
908 595 1084 661 pueri,
1117 593 1168 648 id
1191 604 1295 658 est,
1327 604 1383 647 et
1422 596 1750 664 principium
1780 602 1836 648 et
1867 595 2013 650 linis.

617 687 798 759 (Vers.
833 686 923 747 16.
955 688 1041 740 l7.
1067 687 1086 756 )
1119 685 1184 739 In
1216 687 1300 740 dte
1330 687 1422 740 illa
1449 689 1546 740 erit
1577 686 1845 758 zEgyptus
1865 687 2014 757 quasi
2042 704 2149 740 mu-

541 781 714 843 lieres,
747 790 794 833 et
823 779 1073 846 stupebit,
1095 788 1146 833 et
1175 779 1370 834 timebit
1395 797 1426 834 a
1471 782 1605 852 facie
1649 780 2004 834 commotionis
2033 795 2146 833 ma-

539 891 638 930 nus
690 873 901 927 Domini
957 876 1298 937 exercituum,
1350 891 1504 945 quant
1557 874 1666 944 ipse
1722 875 1939 928 movebit
1995 889 2149 940 super

541 983 675 1022 eain.
712 965 778 1019 Et
811 968 904 1020 erit
935 978 1071 1020 terra
1095 964 1240 1020 Iuda
1272 966 1504 1039 zEgyp'o
1530 968 1583 1019 in
1603 967 2149 1034 festivitatemmmnis

540 1059 631 1130 qui
677 1058 821 1111 illius
878 1059 1033 1127 fuerit
1079 1059 1405 1126 recordatus,
1456 1058 1657 1128 parebit
1704 1077 1735 1112 a
1768 1059 1902 1129 facie
1948 1059 2150 1113 consilii

544 1147 759 1204 Domini
813 1150 1153 1213 exercituum,
1207 1150 1344 1220 quod
1397 1151 1506 1220 ipse
1546 1152 1786 1222 cogitavit
1829 1167 1986 1219 super
2014 1167 2146 1204 eam.

543 1241 603 1298 ln
639 1243 732 1298 illo
763 1252 1029 1313 tempore,
1063 1244 1164 1299 hoc
1214 1244 1383 1309 enim,
1427 1255 1484 1298 ut
1543 1245 1740 1298 crebro
1776 1244 2039 1310 diximus,
2076 1244 2152 1299 si-

548 1337 772 1408 gniﬁcat
802 1339 942 1401 dies,
975 1339 1193 1408 quando
1242 1337 1524 1393 miscuerit
1575 1338 1839 1392 Dominus
1892 1337 2147 1406 spiritum

548 1430 753 1485 erroris
795 1439 958 1500 atque
1007 1430 1314 1501 vertiginis,
1347 1439 1404 1484 ut
1429 1438 1647 1484 evomat
1674 1429 1943 1501 Eeyiuus
1965 1429 2148 1484 vinum

549 1525 870 1591 draconum,
905 1534 958 1580 et
991 1524 1229 1580 furorem
1279 1523 1529 1591 aspidum
1574 1524 1951 1587 insanabilem,
1991 1523 2153 1577 intel-

552 1619 726 1686 ligeos
746 1633 991 1673 errorem
1015 1633 1170 1672 suum
1192 1625 1248 1672 et
1269 1617 1590 1674 ebrietatem
1614 1617 1926 1686 pristinam,
1947 1616 2152 1687 {Egyp-

552 1719 639 1762 tus
687 1709 897 1762 timebit
927 1708 1082 1777 quasi
1117 1707 1336 1774 mulier,
1375 1724 1483 1762 non
1539 1708 1736 1762 timore
1785 1708 2032 1771 fortuito,
2059 1707 2151 1776 qui

2251 511 2492 566 nostros.
2518 511 2571 557 et
2600 500 2903 556 viderimus
2947 501 3090 572 quod
3125 502 3378 568 regiones
3403 501 3516 571 jam
3563 501 3707 557 albze
3749 503 3851 558 sint

2250 594 2316 650 ad
2369 594 2706 657 metendum,
2764 603 2820 650 et
2878 609 3222 664 nequaquam
3273 593 3428 648 curvi
3493 593 3766 650 fuerimus
3803 596 3850 650 in

2253 698 2474 753 terram,
2525 688 2621 744 sed
2647 689 2798 756 juxta
2841 688 3220 756 Evangelteam
3254 687 3567 754 mulierem,
3599 703 3726 758 quae
3756 686 3849 745 de-

2251 799 2367 838 cem
2399 795 2452 838 et
2477 793 2602 838 octo
2629 783 2791 838 annis
2811 783 3011 837 coelum
3039 783 3287 851 aspicere
3311 799 3416 838 non
3437 792 3649 848 poterat
3684 785 3704 853 (
3729 780 3849 838 Luc.

2251 891 2345 930 xm
2373 875 2422 940 ),
2452 874 2853 929 elevaverimus
2882 874 3070 928 oeulos
3102 886 3320 930 nostros
3343 885 3396 929 et
3418 874 3750 938 dixerimus,
3778 873 3853 928 Ad

2252 974 2300 1020 te
2326 967 2486 1020 levavi
2508 967 2684 1021 oculos
2719 983 2877 1030 meos,
2907 968 2995 1036 qui
3023 967 3227 1020 habitas
3258 968 3310 1020 in
3349 967 3526 1035 τωιὶε(
3561 965 3658 1020 Ps.
3688 981 3852 1034 cxstt,

2255 1059 2278 1111 l
2309 1058 2327 1127 )
2359 1101 2374 1122 ,
2405 1059 2595 1113 oculus
2637 1069 2826 1114 noster
2855 1069 2910 1114 et
2962 1061 3108 1115 visus
3132 1060 3374 1130 loquitur
3405 1061 3587 1130 lingua
3633 1061 3853 1116 Chana-

2253 1149 2443 1205 nitide.
2493 1151 2548 1206 Si
2577 1152 3086 1206 circiunriderimus
3115 1165 3282 1206 aures
3314 1164 3554 1214 nostras.
3588 1162 3642 1208 et
3676 1154 3855 1210 ani’ic-

2253 1242 2423 1297 timus
2453 1242 2738 1297 Dominum
2767 1243 3079 1311 loquentem
3103 1261 3115 1297 :
3144 1244 3245 1309 Qui
3267 1243 3416 1297 habet
3437 1259 3590 1297 aures
3607 1244 3856 1300 audiendi

2253 1335 2436 1389 audiat
2462 1335 2622 1404 (Luc.
2659 1351 2777 1400 vnt,
2809 1336 2902 1408 8),
2938 1337 3159 1390 auditus
3189 1348 3374 1392 noster
3403 1337 3647 1405 loquitur
3681 1339 3853 1408 lingua

2255 1429 2637 1485 (ibananitide.
2687 1431 2788 1496 Qui
2820 1433 3056 1500 potuerit
3099 1447 3301 1502 sponso
3322 1432 3544 1488 dicere:
3581 1432 3711 1487 Post
3736 1436 3855 1488 tein

2254 1523 2461 1577 odorem
2502 1534 2884 1595 unguentorum
2909 1534 3112 1580 tuorum
3143 1528 3398 1580 currimus
3425 1528 3444 1598 (
3469 1525 3626 1581 Cant.
3662 1543 3703 1591 t.
3733 1529 3766 1581 3
3788 1526 3809 1600 )
3835 1545 3847 1580 :

2258 1616 2358 1670 Et:
2391 1617 2584 1670 Christi
2616 1619 2777 1671 bonus
2808 1620 2935 1672 odor
2980 1635 3154 1673 sumus
3194 1621 3245 1672 in
3278 1621 3417 1672 omni
3465 1621 3578 1672 loco
3632 1620 3652 1691 (
3682 1620 3699 1674 Ι
3740 1619 3854 1676 Cor.

2255 1724 2316 1771 ιι,
2353 1709 2420 1764 l5
2447 1709 2495 1781 ),
2523 1708 2684 1777 hujus
2705 1711 2964 1764 odoratus
2985 1712 3227 1781 loquitur
3251 1712 3431 1780 lingua
3463 1709 3855 1769 Chananitide.

549 1801 684 1854 viris
713 1801 966 1856 accidere
1011 1803 1318 1866 consuevit,
1353 1817 1492 1872 quos
1523 1815 1628 1856 n0n
1667 1813 1810 1856 amat
1857 1801 2145 1872 Egyptus,
2185 1811 2228 1869 Β
2257 1800 2464 1856 Gustus
2491 1817 2710 1872 quoque
2740 1802 2794 1857 in
2826 1804 3021 1858 bonam
3056 1815 3265 1870 partem
3312 1804 3580 1874 accipitur
3617 1807 3743 1874 ejus
3774 1809 3854 1877 qui

553 1891 650 1946 sed
679 1889 908 1946 sull'ocat
947 1901 1002 1946 et
1033 1892 1288 1946 interﬁcit
1312 1909 1328 1956 ;
1355 1893 1452 1948 sed
1485 1893 1680 1947 timore
1721 1896 1980 1957 l’emineo,
2014 1909 2149 1958 quas

552 1982 701 2037 solas
734 1984 846 2038 vult
897 1984 1112 2038 Pharao
1145 1987 1351 2041 vivere.
1401 1984 1639 2042 Timebit
1686 1995 1868 2040 autem
1911 2001 2152 2041 commo-

551 2077 784 2142 tionem,
816 2078 938 2133 sive
993 2079 1287 2134 elationem
1328 2095 1521 2135 manus
1565 2081 1801 2147 Domini,
1847 2097 1942 2150 per
1989 2098 2150 2150 quam

551 2171 813 2241 supplicia
842 2172 1317 2238 demonstrantur,
1347 2191 1509 2243 quam
1554 2176 1798 2230 movebit
1819 2186 1872 2231 et
1893 2177 2150 2243 elevabit,

553 2277 610 2320 ut
669 2267 936 2333 percutiat
985 2267 1302 2338 IEavptum.
1347 2269 1500 2325 Tunc
1553 2279 1696 2325 terra
1737 2269 1898 2336 Juda,
1944 2272 1994 2325 id
2044 2280 2149 2337 est,

547 2357 773 2412 scientia
833 2359 1266 2427 Scripturarmn,
1335 2361 1422 2416 lex
1475 2369 1530 2417 et
1576 2361 1857 2432 pr0phette
1891 2405 1906 2428 ,
1975 2364 2154 2418 Eran-

545 2450 685 2520 gelia
743 2459 800 2505 et
859 2455 1234 2520 Apostolorum
1289 2455 1558 2524 epislolm,
1590 2468 1755 2510 erunt
1801 2454 2044 2526 Egypto
2097 2458 2151 2512 in

549 2539 926 2606 festivitatem,
975 2545 1019 2598 si
1067 2560 1162 2599 eas
1201 2549 1558 2615 cognoverit:
1608 2547 1692 2602 vel
1757 2531 1808 2601 in
1864 2550 2152 2617 timorem,

547 2634 592 2689 si
642 2637 1052 2704 comparatione
1108 2637 1378 2693 docti-inte
1457 2649 1510 2692 et
1563 2639 1811 2695 veritatis
1853 2656 2042 2696 earum
2095 2659 2156 2697 se

551 2729 880 2784 intellexerit
933 2730 1192 2787 habuisse
1240 2733 1604 2788 mendacium.
1634 2735 1823 2789 Omnis
1851 2737 1940 2804 qui
1996 2738 2155 2806 hujus

551 2830 712 2876 terra:
767 2824 928 2878 fuerit
979 2825 1312 2889 recordatus,
1397 2828 1612 2896 pavebit
1659 2844 1725 2882 eo
1781 2844 2002 2895 pavore.
2064 2833 2154 2888 nui

547 2915 697 2971 ducit
724 2917 789 2970 ad
825 2917 988 2972 vitam
1017 2937 1030 2972 :
1058 2918 1383 2985 Principium
1405 2921 1538 2974 enim
1559 2923 1845 2992 sapientiae,
1872 2923 2026 2976 timor
2053 2922 2158 2976 Do-

552 3009 680 3062 mini
711 3012 727 3080 (
758 3009 912 3065 Prov.
943 3029 1017 3076 tx,
1050 3013 1117 3067 10
1140 3014 1183 3082 ).
1221 3013 1286 3068 Et
1325 3013 1431 3068 hoc
1479 3031 1585 3068 non
1619 3014 1793 3070 solum
1821 3017 1873 3070 in
1902 3032 2158 3071 ransom-

555 3103 797 3158 matione
850 3106 1060 3171 nutudi,
1113 3106 1207 3160 sed
1263 3108 1314 3160 in
1372 3110 1627 3176 praisenli
1661 3123 1878 3179 quoque
1909 3119 2157 3178 tempore

2253 1893 2487 1949 comedit
2525 1910 2716 1964 panem
2762 1895 2831 1950 de
2877 1898 3018 1951 cwlo
3048 1895 3496 1962 descendentem,
3547 1914 3746 1964 panem
3777 1900 3853 1953 vi-

2256 1997 2377 2038 vum
2401 1995 2451 2037 et
2496 2001 2602 2038 non
2637 1996 2932 2052 mortuum,
2991 1994 3044 2042 et
3087 1987 3238 2041 audit
3286 1987 3421 2042 illttd
3472 2007 3486 2044 :
3546 1987 3763 2044 (instate
3813 1998 3855 2045 et

2255 2078 2417 2134 videte
2463 2093 2620 2148 quam
2668 2079 2839 2132 suavis
2880 2089 2955 2132 est
3002 2076 3261 2133 Dominus
3311 2077 3446 2148 (Ps.
3479 2095 3683 2146 xum,
3738 2079 3854 2154 9),

2255 2171 2437 2222 statim
2487 2170 2726 2240 loquitur
2758 2169 2938 2241 lingua
2989 2171 3375 2227 Chananitide.
3421 2172 3530 2227 Sed
3577 2185 3634 2228 et
3692 2185 3860 2230 tactus

2255 2259 2556 2330 Spiritualis
2578 2270 2687 2325 est,
2707 2261 2774 2316 de
2803 2277 2910 2332 quo
2935 2262 3175 2318 Joannes
3199 2263 3496 2332 Apostolus
3519 2265 3598 2318 ait
3623 2282 3636 2318 :
3671 2263 3857 2320 Manus

2257 2363 2446 2407 nostra:
2483 2356 2822 2426 palpaverunt
2867 2358 2932 2410 de
2964 2355 3129 2410 Verbo
3157 2357 3312 2429 vita:(
3341 2357 3357 2410 Ι
3403 2356 3564 2411 Joan.
3599 2374 3639 2426 ι,
3677 2359 3698 2412 l
3730 2360 3780 2431 );
3807 2371 3862 2416 et

2256 2446 2347 2511 qui
2376 2446 2480 2500 [itte
2527 2447 2700 2514 tangit
2744 2445 2954 2512 Jesum,
2984 2449 3054 2502 ita
3095 2461 3152 2502 ιιι
3197 2449 3266 2504 de
3305 2465 3375 2504 eo
3413 2448 3668 2506 Salvator
3691 2454 3862 2522 possit

2257 2538 2438 2593 dicere
2473 2558 2486 2594 :
2541 2539 2727 2612 Tetigit
2779 2557 2858 2594 me
2899 2542 3112 2606 aliquis,
3158 2558 3254 2615 ego
3289 2545 3428 2596 enim
3475 2546 3579 2598 scio
3621 2546 3861 2600 virtutem

2257 2636 2424 2688 exisse
2443 2635 2505 2688 de
2527 2651 2606 2688 me
2629 2635 2648 2707 (
2673 2634 2799 2690 Luc.
2842 2651 2960 2700 \lll,
2984 2635 3054 2691 46
3071 2633 3114 2707 ).
3159 2637 3460 2692 Didicimus
3499 2645 3700 2708 quanta
3726 2643 3860 2696 bona

2261 2727 2462 2803 tribuat
2503 2730 2714 2782 elevata
2757 2744 2949 2783 manus
3011 2729 3266 2796 Domini;
3329 2747 3640 2800 qua-ramus
3697 2749 3858 2802 quare

2261 2837 2367 2875 ιιοιι
2414 2822 2593 2892 lingua
2654 2823 2908 2884 Ilrhttna,
2970 2823 3065 2878 sed
3127 2825 3305 2890 lingua
3364 2825 3733 2883 Chananilitle
3785 2831 3863 2882 lo-

2260 2927 2497 2984 qttantur
2535 2916 2779 2986 quinque
2837 2917 3057 2988 Egypti
3122 2917 3392 2972 civitates.
3454 2919 3534 2974 Ad
3595 2925 3737 2990 quod
3789 2922 3860 2976 ita

2261 3009 2596 3078 respondere
2635 3009 2960 3064 conabimur
2996 3029 3007 3064 :
3055 3009 3312 3065 Hibra’us
3351 3014 3605 3089 περάτην,
3648 3014 3699 3069 id
3738 3027 3819 3069 est
3844 3055 3860 3082 ,

2262 3107 2591 3159 transitorem
2647 3114 2828 3170 Sonat,
2888 3107 2978 3176 qui
3019 3106 3087 3162 de
3133 3107 3255 3162 loco
3301 3117 3498 3164 transit
3551 3112 3619 3166 ad
3663 3114 3858 3169 locum.

551 3198 804 3261 accipere
834 3213 1166 3269 possumus;
1209 3200 1351 3270 quod
1386 3201 1829 3256 Ecclesiasticum
1860 3202 2035 3255 virum
2060 3248 2073 3270 ,
2104 3211 2158 3256 et
2186 3205 2231 3269 ρ
2268 3197 2410 3268 Ergo
2452 3209 2506 3252 et
2554 3213 2654 3254 nos
2679 3199 2802 3254 licet
2829 3201 3001 3254 Sancti
3035 3201 3291 3268 quamdiu
3319 3203 3368 3255 in
3393 3201 3634 3276 Ᾰίμγιιῑο
3655 3221 3857 3274 sumus,

552 3290 819 3347 doctrinis
888 3293 1203 3348 cmleSIibus
1273 3294 1589 3355 eruditum,
1630 3295 1811 3349 omnis
1863 3294 2155 3350 haereticus

550 3385 764 3450 timeat,
793 3395 849 3442 et
872 3386 936 3439 ad
962 3385 1397 3442 recordationem
1423 3387 1570 3442 illius
1599 3399 1888 3442 terreatur.
1916 3388 2156 3443 Timebit

551 3485 736 3531 autem
774 3486 830 3532 et
885 3479 1106 3545 pavebit
1148 3480 1445 3534 consilium
1503 3480 1742 3543 Domini,
1793 3481 1937 3546 quod
1988 3496 2155 3548 Super

553 3567 848 3639 Egyptum
881 3573 1066 3626 mundi
1115 3573 1272 3626 istius-
1317 3575 1592 3628 cogitavit.
1640 3575 1862 3644 Singula
1914 3575 2154 3630 breviter

555 3661 1010 3723 transcurrimus,
1063 3672 1121 3716 ut
1174 3663 1237 3717 ad
1298 3663 1502 3730 reliqua
1535 3673 1901 3720 transeamus.

627 3750 818 3816 (Vers.
863 3749 993 3819 18.)
1040 3751 1106 3805 ln
1137 3753 1219 3805 die
1248 3753 1343 3806 illa
1391 3764 1541 3808 erunt
1587 3757 1812 3825 quinque
1849 3756 2073 3809 civitates
2100 3757 2152 3810 in

551 3852 686 3896 terra
722 3842 940 3915 /Egypti
967 3845 1230 3908 loquentes
1257 3847 1436 3917 lingua
1465 3845 1828 3908 Chananitide.
1853 3858 1901 3901 et
1913 3851 2152 3919 jurantes

554 3952 645 4002 per
692 3933 966 3989 Dominum
992 3943 1344 3991 exercituum:
1372 3939 1553 3992 civitas
1583 3939 1707 3992 solis
1729 3939 1996 3994 vocabitur
2021 3957 2147 3995 una.

554 4024 778 4082 Multum
811 4027 1031 4094 prodeSI
1051 4043 1242 4082 manus
1265 4027 1478 4083 Domini
1503 4029 1714 4084 elevata
1741 4032 1854 4084 sive
1879 4039 2152 4086 commota

547 4135 714 4188 super
748 4118 1062 4191 {Etyptmm
1095 4131 1147 4174 ut
1183 4131 1324 4177 terra
1350 4121 1503 4177 Jtltltl‘,
1533 4123 1604 4178 sit
1632 4123 1681 4177 ei
1709 4123 1760 4177 in
1789 4123 2066 4188 timorem,
2099 4133 2154 4180 et

555 4213 756 4277 Omnis,
802 4215 891 4282 qui
929 4215 1071 4268 illius
1100 4216 1422 4271 recordatus
1456 4218 1635 4277 fuerit.
1673 4220 2071 4287 pertremiscat.
2097 4219 2152 4276 ln

555 4305 646 4360 illo
682 4317 925 4374 tempore.
955 4309 1191 4378 quinque
1238 4309 1487 4365 cititates
1537 4311 1590 4365 in
1636 4320 1776 4366 terra
1807 4311 2026 4384 Epypti
2076 4314 2155 4368 l0-

554 4407 793 4468 quentur
823 4398 1004 4469 lingua
1037 4402 1313 4469 Chanaan,
1359 4419 1492 4474 quas
1549 4405 1797 4476 plerique
1838 4417 2150 4463 nostrorum

554 4492 796 4559 qttinque
838 4507 1032 4546 sensus
1087 4493 1416 4564 intelligunt,
1461 4497 1656 4564 visum,
1715 4497 1978 4554 auditum.
2017 4499 2153 4554 odo-

2259 3299 2314 3346 et
2355 3292 2406 3346 in
2451 3291 2607 3346 istius
2629 3292 2815 3346 mutuli
2843 3307 3128 3347 versamur
3152 3295 3422 3361 tenebris,
3449 3312 3552 3352 noa
3578 3314 3859 3368 possumus

2259 3385 2402 3456 loqui
2446 3386 2622 3453 lingua
2652 3386 2898 3454 Hebraea,
2926 3388 3021 3441 St‘d
3063 3388 3246 3455 lingua
3304 3388 3691 3460 Chananitide,
3732 3411 3854 3465 que

2259 3477 2400 3532 inter
2445 3477 2780 3549 Egyptiam,
2839 3489 2894 3534 et
2950 3479 3233 3535 Hebrteam
3294 3483 3473 3537 media
3512 3498 3621 3551 e~t,
3662 3499 3711 3542 et
3760 3488 3863 3544 ilc-

2257 3573 2420 3628 brzea:
2459 3591 2652 3638 magna
2685 3591 2751 3630 ex
2793 3585 2947 3646 parte
2983 3579 3236 3635 continis.
3281 3578 3572 3643 Chanaam,
3597 3581 3862 3652 interpre-

2259 3674 2421 3720 tatur.
2458 3667 2607 3736 quasi
2647 3669 2947 3732 commotio,
2989 3667 3102 3722 sive
3124 3672 3274 3739 quasi
3316 3677 3652 3742 respondens.
3701 3675 3856 3748 297

2256 3758 2483 3824 Quando
2526 3761 2683 3829 igitur
2727 3760 2796 3814 ab
2845 3759 3079 3831 [Egypto
3131 3763 3463 3830 recedimus,
3505 3775 3560 3819 et
3582 3769 3731 3821 exite
3769 3785 3860 3822 vu-

2257 3850 2436 3906 lumus
2473 3853 2542 3907 de
2589 3865 2857 3922 potestate
2881 3853 3202 3910 Pharaonis.
3246 3854 3317 3908 ita
3362 3868 3418 3910 ut
3452 3867 3596 3912 terra
3648 3871 3855 3925 nostra,

2255 3953 2308 3999 et
2348 3946 2618 4001 confessio
2663 3946 3016 4001 formidolosa
3057 3948 3127 4002 sit
3166 3946 3404 4020 Egypto
3453 3966 3467 4002 :
3513 3959 3643 4006 tunc
3685 3968 3859 4008 move-

2259 4053 2378 4093 ntur
2417 4050 2470 4092 ct
2537 4040 2690 4108 quasi
2739 4039 3139 4110 respondemus
3200 4041 3412 4096 Domini
3453 4041 3747 4108 Voluntati,
3805 4055 3856 4101 et

2257 4140 2436 4186 tamen
2458 4134 2580 4203 quia
2611 4132 2788 4186 adhuc
2823 4134 2872 4186 in
2904 4133 3157 4203 praesenti
3180 4135 3382 4190 Steculo
3422 4149 3634 4190 sumus.
3674 4136 3855 4208 lingua

2257 4223 2478 4280 llebrma
2509 4227 2741 4282 necdum
2767 4227 2911 4290 loqui
2940 4243 3252 4297 possumus.
3275 4229 3541 4300 Quodque
3563 4233 3806 4302 sequitur
3835 4248 3853 4286 τ

2252 4317 2442 4374 Jurare
2489 4323 2712 4393 quinque
2757 4323 2987 4376 civitates
3026 4338 3118 4392 per
3171 4319 3454 4376 Dominum
3510 4337 3853 4392 exercuuum,

2255 4412 2359 4468 hoc
2396 4415 2690 4484 signiﬁcat,
2743 4415 2886 4486 quod
2931 4415 3091 4469 etiam
3153 4416 3239 4470 hic
3287 4416 3447 4487 positi
3505 4433 3848 4489 nequaquam

2254 4507 2588 4574 dmmonum,
2630 4509 2724 4563 sed
2772 4508 2865 4563 Dei
2908 4509 3261 4564 recordemur
3317 4512 3732 4580 omnipotentis.
3783 4511 3856 4566 De

553 4595 1017 4653 ramm,gustum,
1067 4595 1121 4641 et
1175 4596 1398 4642 tat-tum.
1451 4588 1678 4654 Onaodo
1727 4589 1974 4646 videmus
2025 4607 2140 4645 mu-
2178 4602 2226 4661 ι)
2255 4599 2340 4654 his
2378 4600 2620 4670 quinque
2648 4601 2982 4667 civitatibus,
3015 4597 3139 4656 cum
3168 4601 3394 4656 :tllal‘llm
3436 4605 3856 4671 quatuortarita

549 4673 740 4731 lierem
767 4677 833 4730 ad
862 4679 1376 4746 concupiscendum.
1409 4682 1576 4753 296
1595 4681 1742 4736 visus
1765 4694 1951 4736 nmter
1970 4683 2150 4752 loqui-

547 4774 635 4822 tur
682 4768 862 4838 lingua
919 4768 1194 4842 A‘Igyptia.
1265 4774 1496 4840 Quamlo
1557 4775 1808 4828 audimus
1881 4776 2146 4842 judicium

551 4864 860 4927 sanguinis.
879 4865 1097 4920 dicente
1119 4865 1353 4921 Domino
1379 4889 1382 4892 ’
1415 4864 1539 4920 Νοη
1562 4869 1812 4937 suscipies
1829 4868 2149 4924 auditionem

552 4968 736 5005 vanam
763 4959 778 5018 (
807 4955 872 5009 IV
901 4955 1026 5029 Reg.
1052 4975 1146 5018 xu.
1169 4958 1230 5012 2|
1249 5003 1260 5016 .
1281 4963 1444 5032 juxta
1467 4959 1609 5014 LXX
1637 4962 1681 5032 ),
1712 4961 1929 5016 auditus
1961 4972 2148 5020 noster

548 5043 788 5112 IOquitur
817 5046 995 5116 lingua
1047 5049 1324 5122 Egyjitia.
1376 5052 1605 5120 Quando
1652 5054 1951 5108 secundum
2009 5071 2142 5123 pro-

547 5136 764 5207 phetam
802 5141 1035 5195 vivimus
1068 5143 1118 5196 in
1149 5144 1389 5210 deliciis,
1421 5157 1474 5200 et
1499 5146 1748 5216 jacemus
1775 5164 1940 5218 super
1975 5149 2147 5206 lectos

545 5231 838 5293 eburneus,
874 5243 926 5287 et
959 5234 1151 5303 primis
1192 5233 1390 5307 [Forte
1433 5239 1655 5306 optimis
1692 5239 1711 5312 ]
1760 5243 2016 5312 ungimur
2045 5259 2150 5296 un-

542 5325 781 5395 guentis,
809 5327 1070 5384 odoratus
1122 5340 1309 5384 noster
1339 5330 1578 5400 loquitur
1623 5333 1804 5398 lingua
1863 5335 2142 5407 JEgyptia.

544 5417 778 5486 Quando
807 5433 996 5477 venter
1027 5434 1218 5479 noster
1249 5425 1385 5479 detis
1413 5432 1499 5481 est
1523 5423 1794 5500 (Philipp.
1822 5428 1926 5499 tu),
1955 5438 2146 5499 gustus

545 5521 732 5566 noster
757 5513 996 5583 loquitur
1024 5514 1198 5583 lingua
1240 5517 1514 5588 (Egyptia.
1551 5515 1606 5571 Si
1658 5534 1764 5572 non
1808 5519 2142 5576 audierimus

541 5602 694 5662 illud.
749 5606 891 5674 quod
919 5607 1213 5676 Apostolus
1266 5609 1546 5679 loquitur:
1589 5609 1789 5665 Bonum
1819 5625 1893 5666 est
1942 5612 2138 5667 homini

546 5692 812 5749 mulierem
860 5714 960 5750 non
996 5698 1244 5769 tangere(
1269 5699 1287 5753 Ι
1315 5699 1436 5756 Cor.
1483 5699 1638 5775 Vtt);
1682 5702 1776 5758 sed
1828 5705 2140 5763 eCOmrario

544 5789 838 5859 iungamur
862 5795 1170 5855 meretrici,
1209 5804 1382 5853 tactus
1431 5784 1616 5854 noster
1669 5784 1906 5869 loquitur
1957 5795 2137 5871 lingua

2251 4693 2363 4746 sint
2408 4693 2652 4758 nomina,
2683 4708 2786 4747 una
2823 4693 3022 4749 dicitur
3040 4695 3166 4748 solis
3207 4695 3406 4760 civitas,
3443 4710 3569 4765 quie
3602 4698 3733 4751 mihi
3775 4697 3856 4751 vi-

2252 4785 2412 4840 detur
2467 4786 2661 4842 rcl’eiri
2703 4787 2768 4840 ad
2793 4787 3166 4844 visum.Sieut
3203 4789 3350 4842 enim
3401 4800 3456 4841 nt
3488 4788 3739 4846 videatur
3779 4791 3857 4846 ci-

2250 4876 2411 4937 vitas.
2439 4879 2556 4933 Sole
2577 4889 2630 4933 et
2652 4877 2776 4933 luna
2806 4878 3031 4948 indiget;
3059 4880 3128 4931 ita
3155 4888 3214 4932 ut
3257 4876 3403 4933 oculi
3437 4879 3615 4934 nostri
3656 4881 3856 4936 illumi-

2249 4979 2468 5035 nentur,
2501 4970 2810 5042 indigemus
2840 4971 2956 5026 sole
2975 4971 3224 5040 justitiaa.

2317 5063 2498 5133 (Vers.
2536 5063 2755 5135 l9-2l.)
2783 5063 2851 5119 In
2879 5064 2962 5118 die
2993 5064 3084 5118 illa
3109 5066 3202 5118 erit
3225 5065 3390 5120 altare
3419 5063 3634 5120 Domini
3654 5067 3706 5121 in
3738 5083 3851 5122 me-

2248 5157 2333 5210 dio
2361 5167 2509 5212 terra:
2537 5158 2760 5231 .Egypti
2778 5200 2794 5222 ,
2825 5167 2877 5214 et
2906 5160 3089 5213 titulus
3115 5161 3274 5230 juxta
3305 5162 3578 5214 terminum
3606 5165 3720 5234 ejus
3743 5159 3855 5214 Do.

2247 5250 2390 5305 mini.
2435 5249 2503 5304 Et
2539 5261 2635 5304 erit
2662 5251 2715 5304 in
2751 5251 2976 5324 signum,
3029 5262 3075 5305 et
3121 5253 3173 5305 in
3216 5253 3567 5306 testimonium
3622 5252 3850 5306 Domino

2247 5346 2560 5399 exercituum
2591 5346 2645 5398 in
2679 5355 2813 5398 terra
2854 5344 3096 5418 /Egypti.
3131 5344 3442 5400 Clamabunt
3474 5349 3614 5401 enim
3644 5348 3710 5400 ad
3741 5344 3852 5400 Do-

2247 5436 2440 5490 minum
2471 5453 2502 5488 a
2533 5437 2666 5508 facie
2696 5435 2996 5491 tribulantis
3029 5454 3046 5491 :
3079 5449 3126 5492 et
3159 5439 3321 5492 mittet
3367 5440 3439 5492 eis
3483 5437 3811 5493 Salvatorem
3833 5480 3849 5504 ,

2245 5538 2295 5583 et
2339 5540 2770 5604 propugnatorem
2795 5531 2882 5602 qui
2913 5529 3090 5585 liberet
3114 5548 3201 5585 eos
3229 5549 3246 5586 :
3279 5543 3327 5584 et
3355 5543 3693 5606 cognoscetur
3743 5531 3854 5586 Do-

2250 5620 2418 5674 minus
2459 5624 2521 5675 ab
2554 5621 2809 5696 .Egypto.
2851 5623 3270 5692 Consequenter
3308 5624 3374 5676 ad
3425 5623 3475 5677 id
3507 5627 3654 5694 quod
3686 5639 3852 5692 Supra

2248 5711 2498 5770 dixerat;
2532 5711 2599 5768 In
2627 5717 2712 5770 die
2752 5713 2846 5770 illa
2894 5729 3040 5769 erunt
3065 5717 3292 5785 quinque
3335 5717 3568 5771 civitates
3618 5718 3673 5771 in
3712 5730 3854 5786 terra

2255 5805 2472 5879 xfiggpti
2497 5809 2757 5876 loquentes
2784 5804 2966 5878 lingua
2991 5804 3335 5864 Chananitide
3367 5815 3384 5863 .'
3413 5817 3460 5864 et
3484 5797 3726 5874 iurantes
3751 5814 3851 5872 per
