4010 6354
170 299 265 358 257

629 288 1316 354 ΨΟΟΜΜΒΝΤΑΒΙΟΒΠΜ
1353 290 1420 350 ΙΝ
1459 287 1690 351 ISAIAM
1729 286 2158 353 PROPHETAM
2197 293 2326 352 LIB.
2375 293 2485 366 VII,
2525 292 2684 354 CAP.
2725 291 2872 352 XIX.

3316 297 3424 356 258

171 414 427 468 Dominum
451 412 770 475 exercituum,
801 426 944 466 nunc
972 411 1200 468 infertur
1222 429 1241 468 :
1270 413 1382 467 Erit
1410 412 1578 467 altare
1612 411 1719 466 Da-
1747 414 1793 472 Α
1823 428 1919 466 eos
1947 413 2000 468 in
2036 413 2440 468 resurrectione
2486 411 2720 472 sanabit,
2757 422 2811 464 ut
2858 411 3076 467 illorum
3107 411 3424 471 vulneribus

168 509 282 561 mini
311 509 359 562 in
391 508 544 562 medio
571 518 712 561 terra?
743 505 982 578 .Iz‘gypti,
1017 507 1162 576 quod
1202 505 1370 562 Onias
1417 506 1717 562 secundum

167 598 444 667 Josephnm
489 599 705 668 (Antiqq.
758 596 846 651 lib.
895 613 1027 664 xm,
1072 615 1190 671 cap.
1224 599 1282 663 6)
1325 599 1467 656 male
1511 600 1716 653 intelli-

165 708 292 764 gens
320 694 524 762 implere
546 703 768 748 conatus
797 701 904 746 est.
951 691 1014 744 Et
1049 691 1238 746 titulus
1285 693 1499 748 Domini
1546 692 1720 747 conti-

166 801 292 840 nens
336 784 651 854 passionem.
685 783 737 836 in
769 799 878 850 quo
909 783 1172 852 scriptum
1202 794 1286 839 est
1318 784 1601 839 Hebraicis
1631 783 1720 838 lit-

160 877 299 940 teris,
327 873 533 940 Grmcis,
561 883 616 928 et
646 873 851 928 Latinis
883 891 897 926 :
928 871 1082 928 Iesus
1129 873 1435 929 Nazarenus
1477 891 1568 929 rex
1613 873 1715 928 Ju-

160 968 366 1022 daorum
393 964 559 1023 (Joan.
586 964 727 1037 xix),
755 967 806 1020 in
834 965 1050 1035 signum
1079 967 1288 1033 Crucis,
1307 975 1364 1021 el.
1393 967 1445 1020 in
1473 966 1720 1020 testimo-

157 1060 292 1115 nium
340 1060 698 1114 universarum
757 1061 1038 1128 gentium,
1093 1075 1215 1128 qua:
1265 1073 1410 1114 nunc
1451 1057 1718 1129 [Egyptus

154 1152 489 1220 appelluntur.
518 1152 758 1221 Cumque
791 1151 1102 1218 persecuzio
1131 1151 1374 1206 creverit
1399 1167 1426 1201 a
1463 1149 1601 1204 facie
1622 1151 1720 1204 tri-

153 1242 438 1299 bulantium
485 1243 716 1298 uoiuiuis
761 1241 1082 1308 Christiani,
1139 1252 1269 1298 tunc
1317 1243 1634 1299 clamabunt
1666 1244 1718 1298 in

152 1335 385 1390 cordibus
410 1336 517 1391 suis
549 1355 562 1390 :
594 1335 736 1390 Abba
764 1348 908 1408 pater
937 1335 1118 1405 (Rom.
1145 1337 1284 1404 vm).
1314 1336 1374 1390 Et
1408 1337 1580 1390 millet
1613 1335 1720 1388 Do-

151 1430 310 1485 minus
333 1433 672 1485 exercituum
696 1429 1062 1494 Sulvatot‘em,
1096 1429 1146 1483 id
1171 1437 1277 1495 est,
1306 1428 1517 1494 .lesttttt,
1550 1439 1606 1483 et
1627 1426 1722 1482 Ju-

153 1523 326 1590 dicem,
361 1526 438 1580 vel
484 1535 951 1595 prepugoatorem
983 1523 1076 1594 qui
1110 1524 1305 1578 liberet
1335 1537 1464 1588 eos,
1494 1533 1550 1576 ut
1585 1522 1721 1577 Iibe-

148 1617 235 1671 rati
277 1628 600 1689 cognoscant
649 1618 960 1683 Dominum,
1008 1624 1064 1670 et
1112 1616 1210 1684 ipsi
1262 1623 1719 1684 cognosrautnra

149 1709 383 1776 Domino;
411 1720 462 1767 et
491 1709 589 1765 ubi
632 1709 932 1764 abundavit
962 1717 1267 1776 peccatum.
1317 1706 1720 1778 superabundet

1823 505 1957 559 ﬁdes
1985 506 2322 559 credentium
2368 503 2743 557 confirmetur.
2779 503 2935 560 Unde
2969 515 3021 558 et
3061 503 3124 556 ad
3157 504 3257 558 Job
3287 506 3420 560 dici-

1825 607 1950 653 tur:
1987 597 2152 653 I’ums
2192 614 2270 651 me
2309 599 2401 651 tibi
2424 599 2572 652 aliter
2609 597 2858 664 locutum,
2902 599 3007 652 nisi
3049 607 3103 652 ut
3145 615 3421 669 appareres

1814 692 2036 761 justus?
2080 690 2200 758 Ipse
2230 689 2379 744 enim
2407 688 2654 744 dolorem
2689 689 2836 754 facit,
2867 698 2923 743 et
2968 689 3147 744 reddit
3175 689 3423 759 pristiam

1823 784 2073 844 sanitati;
2122 793 2173 836 et
2223 784 2404 836 visitat
2439 797 2626 836 servos
2669 797 2795 836 suos
2831 783 2883 836 in
2915 781 3084 852 virga.
3121 794 3176 835 ut
3207 783 3423 838 miseri-

1822 873 2064 930 cordiam
2094 890 2248 928 suam
2275 891 2381 928 non
2410 873 2620 929 auferat
2642 875 2709 929 ab
2738 875 2839 929 eis.
2878 874 3030 930 Unde
3074 875 3220 939 tiliae,
3245 888 3295 931 et
3327 893 3427 932 nu-

1823 983 1934 1036 rus,
1969 984 2090 1038 qttze
2118 969 2345 1022 multum
2374 978 2760 1037 peremerunt,
2785 979 2838 1022 et
2863 967 3314 1024 divarieaverunt
3335 985 3429 1039 pe-

1823 1061 1919 1116 des
1941 1075 2068 1115 suos
2091 1063 2234 1115 omni
2273 1061 2601 1125 transeunti,
2634 1075 2738 1113 non
2774 1061 3063 1115 vi-itaotur
3092 1077 3268 1132 neque
3299 1078 3426 1117 cor-

1823 1154 2118 1223 ripiuntur,
2145 1153 2361 1210 dicente
2388 1153 2553 1226 299
2582 1152 2808 1208 Domino
2834 1171 2847 1208 :
2883 1151 3006 1206 Non
3031 1154 3248 1207 visitabo
3269 1171 3424 1222 super

1824 1245 1961 1315 ﬁlias
1990 1257 2200 1311 vestras,
2245 1264 2360 1300 cum
2398 1250 2590 1311 fuerint
2628 1247 2938 1316 fornicatus:
2979 1256 3024 1300 et
3065 1263 3219 1315 super
3261 1263 3426 1302 nurus

1823 1350 2032 1404 vestras,
2067 1354 2179 1390 cum
2201 1338 2600 1392 adulterarerint
2624 1337 2770 1405 (Ose.
2795 1353 2874 1402 Iv,
2902 1339 3012 1406 I4).
3035 1338 3275 1394 Perculit
3296 1353 3427 1410 ergo

1825 1427 2113 1499 Egyptios
2138 1429 2420 1496 Dominus,
2453 1446 2559 1483 non
2591 1431 2731 1499 igne,
2766 1447 2871 1485 non
2899 1431 3100 1501 gladio,
3132 1433 3227 1487 sed
3253 1434 3422 1504 virga.

1824 1523 1958 1590 Quis
1988 1525 2131 1576 enim
2167 1523 2306 1577 (ilius
2351 1535 2429 1577 est
2457 1568 2471 1589 ,
2525 1540 2684 1594 quem
2731 1543 2835 1579 non
2881 1527 3094 1582 erudiat
3141 1530 3325 1598 pater?
3357 1529 3428 1587 υι

1827 1626 2114 1685 postquam
2149 1616 2322 1669 sanati
2359 1615 2580 1680 fuerint,
2614 1627 2957 1674 revertantur
2998 1620 3064 1674 ad
3111 1621 3418 1690 Dominum,

1826 1719 1878 1762 ct
1914 1709 2158 1775 placetur
2187 1709 2287 1776 eis,
2317 1719 2373 1763 et
2415 1725 2628 1764 rursum
2662 1723 2820 1766 sanet
2863 1729 2980 1766 eos.
3020 1713 3248 1780 Semper
3277 1717 3422 1771 enim

142 1807 289 1873 gratia
320 1802 490 1866 (Rom.
518 1803 609 1871 ν).
640 1802 815 1858 Unum
848 1808 1029 1856 autem
1061 1799 1232 1854 altare
1254 1799 1496 1872 Aigypti,
1532 1800 1582 1854 id
1613 1807 1717 1865 est,
1752 1806 1800 1866 Β
1827 1800 2137 1870 indigemus
2165 1800 2544 1856 misericiirdia
2580 1801 2694 1869 Dei,
2729 1814 2782 1858 et
2819 1804 2998 1859 nullus
3028 1815 3111 1860 est
3138 1803 3258 1860 linis
3306 1806 3426 1876 ejus

144 1895 306 1949 mundi
347 1896 497 1951 istius
543 1896 768 1960 dicitur,
803 1905 860 1950 ut
885 1880 1081 1950 curii-ta
1113 1896 1327 1960 altaria,
1354 1911 1477 1964 quze
1521 1906 1711 1948 contra

142 1986 374 2045 Ecclesia:
421 1992 713 2062 eriguntur
760 1989 954 2048 altare.
1007 1991 1245 2043 sciamus
1282 2003 1404 2043 esse
1449 2003 1553 2041 non
1608 1987 1713 2040 [)0-

145 2086 274 2137 niiui.
318 2083 489 2151 Usque
529 2085 606 2140 ad
657 2087 821 2140 linem
876 2084 1101 2139 visionis
1133 2083 1423 2156 [Egyptian
1472 2083 1525 2136 in
1578 2083 1715 2136 libro

144 2173 523 2243 Exiilaiiationis
567 2177 874 2242 Ilistoricat,
921 2178 1044 2247 quia
1093 2177 1375 2230 inanilesta
1426 2173 1713 2245 prophetia

138 2278 256 2336 erat,
311 2271 472 2344 298
526 2272 778 2327 diximus
818 2270 961 2342 quod
1039 2283 1238 2326 cuncta
1295 2269 1605 2326 referantur
1649 2269 1716 2324 ad

137 2361 404 2420 Christum.
467 2423 480 2438 .
1415 2383 1417 2386 ‘

198 2456 361 2525 (νει-ς.
390 2457 510 2528 20.)
547 2456 621 2512 Ει
659 2465 966 2529 cognoscent
989 2457 1228 2530 .Egyptii
1254 2455 1531 2510 Dominum
1560 2456 1612 2509 in
1632 2456 1717 2510 die

136 2545 214 2602 illa
243 2564 259 2602 :
287 2561 331 2604 ct
359 2550 527 2604 colent
557 2567 674 2605 eum
709 2552 761 2604 in
785 2549 990 2614 hostiis,
1015 2557 1060 2602 et
1083 2549 1399 2612 muricibus,
1424 2559 1470 2602 et
1495 2556 1610 2602 vota
1631 2563 1718 2601 vo-

134 2641 290 2698 rabunt
316 2644 564 2712 Domino,
592 2655 637 2700 et
655 2647 871 2698 solvent.
917 2643 978 2697 Et
1001 2645 1243 2716 percutiet
1266 2641 1519 2696 Dominus
1543 2641 1715 2714 [Ερω-

130 2745 186 2803 pt.
212 2755 254 2788 m
274 2735 451 2811 plaga,
477 2747 524 2792 ct
547 2737 755 2792 sanabit
774 2753 885 2792 eam
904 2752 920 2790 :
937 2747 983 2790 et
1005 2747 1314 2791 revertentur
1334 2737 1402 2789 ad
1419 2735 1715 2801 Dominum,

129 2838 167 2880 et
187 2828 474 2899 placiibitur
498 2832 596 2896 eis,
620 2839 666 2884 et
689 2829 891 2884 sanabit
913 2846 1016 2883 eos.
1048 2829 1339 2898 POStquam
1362 2829 1721 2898 cognoverint

129 2919 349 2993 Egyptii
383 2925 706 2988 Dominum,
737 2924 916 2978 colent
944 2937 1066 2976 eum
1105 2923 1157 2975 in
1189 2920 1382 2974 hostiis
1417 2917 1716 2988 Spirituali-

125 3017 210 3070 bus
235 3028 287 3073 el.
319 3020 684 3082 mum-ribus;
719 3031 772 3074 et
802 3025 931 3071 Vota
963 3017 1235 3070 vovebnnt
1268 3014 1501 3068 Βυιιίἰιιο
1527 3019 1584 3065 et
1609 3011 1721 3065 sol-

122 3125 262 3180 vent;
295 3124 321 3151 ιι
350 3125 405 3170 et
437 3114 630 3170 dicent
657 3130 779 3168 cum
811 3110 978 3166 David
1012 3129 1024 3163 :
1063 3109 1396 3175 Sacriﬁcium
1427 3105 1538 3161 Deo
1560 3104 1720 3173 spiri-

1821 1893 2146 1947 clementiae.

1893 1985 2074 2056 (Vers.
2099 1986 2214 2058 25.)
2248 1986 2313 2041 In
2336 1989 2418 2041 die
2439 1987 2532 2042 illa
2552 1991 2648 2043 erit
2670 1991 2748 2044 via
2791 1991 2855 2046 de
2893 1989 3128 2065 /Egypto
3167 1996 3219 2047 in
3258 1995 3422 2066 Assy-

1821 2080 1922 2133 rios
1946 2096 1964 2134 :
1987 2089 2030 2133 et
2053 2080 2264 2134 intrabit
2285 2083 2527 2154 Assyrius
2568 2084 2619 2136 in
2644 2083 2956 2158 .~“Egypturn,
2981 2094 3028 2140 et
3052 2086 3335 2160 J’Egyptius
3366 2092 3420 2143 in

1820 2171 2058 2244 Assyrios
2081 2191 2099 2228 :
2121 2183 2166 2227 et
2189 2175 2404 2228 servient
2428 2174 2671 2248 :Egyptii
2705 2179 2952 2248 Assyriis.
2986 2181 3272 2245 Quomodo
3315 2197 3424 2236 etc-

1823 2274 1936 2318 lera
1986 2281 2107 2332 qum
2175 2266 2492 2334 pranCedUnt
2539 2270 2591 2322 in
2641 2268 2838 2322 bonum
2894 2283 3102 2340 partem
3155 2274 3423 2329 accidisse

1824 2347 2095 2428 ngypiiis
2117 2359 2636 2427 tlt'lltnnSlt‘aVimllS,
2670 2363 2914 2431 quinque
2956 2364 3208 2419 Videlicet
3235 2367 3426 2420 civita-

1825 2460 1905 2504 tes
1935 2453 1986 2505 in
2027 2465 2170 2506 terra
2195 2468 2390 2507 eorum
2423 2452 2711 2523 loquentes
2743 2455 2923 2526 lingua
2957 2462 2971 2507 ι
3001 2456 3338 2524 ltuuanitide,
3373 2469 3430 2515 et

1818 2542 2068 2614 jnrantes
2114 2559 2211 2614 per
2258 2543 2548 2599 Dominum
2598 2556 2652 2602 et
2681 2547 2857 2602 altare
2901 2549 3114 2604 Domini
3150 2553 3200 2604 in
3249 2553 3430 2607 medio

1827 2644 1986 2690 terr-.e
2036 2635 2258 2709 {Egypti
2309 2639 2664 2707 collocatum,
2712 2651 2764 2694 et
2794 2643 3033 2706 titulum.
3085 2653 3142 2700 et
3185 2647 3429 2701 testimo—

1827 2728 2000 2796 nium,
2031 2741 2080 2785 et
2115 2734 2346 2801 signum,
2377 2742 2432 2788 et
2473 2735 2827 2802 salvatorem,
2861 2738 2950 2806 qni
3004 2737 3258 2793 liberaret
3298 2755 3424 2806 eos;

1825 2835 1881 2880 et
1911 2825 2053 2894 quod
2087 2827 2342 2882 ll0|ttlttus
2365 2841 2792 2899 cognosceretur
2816 2833 2882 2886 ab
2911 2831 3210 2905 Egyptiis,
3243 2842 3299 2888 et
3320 2833 3423 2904 ipsi

1827 2932 2217 2987 cogitoscé'renl
2257 2935 2412 2987 eum;
2443 2932 2495 2976 et
2520 2925 2667 2994 quod
2701 2923 2966 2979 offerrent
2995 2927 3203 2981 hostias
3230 2936 3287 2982 et
3310 2944 3428 2983 ntu-

1830 3025 1984 3069 nera.
2020 3021 2074 3064 et
2105 3024 2228 3065 vota
2263 3015 2644 3081 persolverent
2689 3028 2742 3070 et
2788 3019 3027 3084 percussi
3077 3027 3427 3088 sanarentur,

1831 3113 1885 3159 et
1922 3114 2327 3160 reverterentur
2357 3108 2424 3161 ad
2461 3109 2777 3173 Dominum,
2806 3122 2860 3162 et
2891 3113 3194 3180 placaretur
3232 3115 3333 3174 eis.
3373 3121 3430 3168 et

120 3214 187 3260 tus
231 3208 625 3262 contribulatus
668 3205 786 3278 (Ps.
812 3222 843 3260 ι.
865 3246 880 3268 ,
917 3204 1040 3274 I9);
1075 3211 1132 3258 et
1166 3221 1178 3256 :
1209 3201 1442 3256 Eleuatio
1477 3216 1724 3254 manuum
1751 3190 1798 3254 C
1833 3198 2028 3250 iterum
2053 3205 2379 3252 sanarentur
2405 3215 2417 3252 :
2443 3199 2520 3252 sic
2543 3209 2596 3253 et
2629 3201 2730 3254 boc
2754 3201 2894 3270 quod
2923 3206 3190 3270 St'quitttr.
3223 3205 3430 3261 servire

118 3313 338 3353 mearum
367 3299 696 3366 sacrificium
722 3297 1066 3361 vespertinum
1087 3295 1206 3361 (Ps.
1233 3310 1360 3358 CXL,
1382 3293 1442 3363 ‘1)
1468 3310 1481 3354 ;
1509 3293 1730 3362 quando

117 3391 407 3445 credentes
442 3387 499 3441 in
536 3386 882 3449 Nazarzeum,
910 3397 964 3440 et
992 3385 1096 3456 ipsi
1121 3386 1328 3440 iuerint
1360 3385 1621 3444 Nazarmi,
1653 3384 1732 3438 vi-

119 3496 228 3538 num
263 3490 322 3535 i-t
347 3482 598 3535 siceram
631 3496 738 3534 non
774 3479 1020 3533 bibentes
1047 3476 1230 3546 (Joan.
1264 3476 1406 3548 xix),
1435 3489 1487 3534 et
1515 3488 1728 3532 acetum

117 3577 246 3644 quod
284 3574 536 3630 Domino
569 3573 912 3643 propinatum
943 3581 1026 3627 est
1050 3612 1066 3638 ,
1107 3581 1162 3626 et
1191 3586 1548 3642 quaecumque
1596 3571 1732 3624 ﬁunt

121 3679 179 3720 ex
209 3683 312 3723 uva
342 3665 714 3723 Sodomitica.
748 3664 994 3734 Cumque
1027 3671 1151 3721 vota
1197 3666 1563 3733 persolverint
1603 3678 1726 3716 cum

118 3759 267 3828 Abel,
297 3770 353 3816 et
385 3758 704 3830 respexerit
735 3773 796 3810 ea
830 3756 998 3820 Deus,
1047 3755 1310 3812 invidebit
1352 3759 1516 3811 lrater
1554 3754 1727 3825 major

121 3849 263 3919 Cain,
310 3851 366 3908 id
403 3861 529 3919 est,
583 3848 1030 3906 Circumcisionis
1080 3849 1332 3920 populus,
1378 3860 1430 3905 et
1487 3849 1728 3905 ell‘iuidet

121 3943 436 4013 sanguinem
475 3942 864 4008 christianum,
899 3943 993 4013 qui
1025 3942 1286 3998 clamabit
1317 3941 1385 3996 ad
1435 3943 1722 3997 Dominum

123 4035 330 4106 (Cenes.
364 4037 483 4108 tv);
515 4046 570 4094 et
593 4036 797 4092 idcirco
828 4035 1142 4106 egredietur
1167 4051 1196 4090 a
1226 4036 1363 4091 facie
1386 4036 1506 4102 Dei,
1538 4036 1726 4091 dicens

120 4127 183 4183 de
211 4128 511 4185 Salvatore
553 4147 568 4186 :
616 4128 895 4201 CruCiﬁge,
944 4129 1188 4200 cruciﬁge
1209 4144 1323 4182 eam
1366 4126 1521 4199 (Luc.
1569 4143 1724 4194 χχιιι,

125 4219 250 4292 II);
276 4229 334 4278 et
364 4241 376 4278 :
409 4221 526 4278 Nos
556 4238 657 4277 non
683 4223 927 4277 habemus
948 4237 1119 4292 regem
1139 4221 1238 4273 nisi
1261 4219 1515 4274 Cwsarem
1541 4220 1724 4289 (Joan.

125 4314 382 4388 Xix,15).
427 4315 631 4372 Votum
663 4313 826 4371 oﬂert
871 4324 927 4370 et
978 4313 1144 4369 solvit
1197 4312 1457 4378 Domino,
1508 4313 1598 4381 qui
1648 4319 1732 4366 est

125 4416 339 4463 sanctus
381 4423 629 4477 corpore
673 4417 728 4462 et
776 4407 992 4477 Spiritu.
1046 4405 1244 4461 Votum
1295 4403 1493 4458 obtulit
1529 4412 1583 4458 et
1627 4401 1732 4456 Za-

127 4498 321 4566 chrns,
369 4503 464 4572 qui
502 4498 740 4554 mediam
780 4506 992 4569 partem
1025 4495 1351 4552 substantiae
1382 4509 1498 4549 suae
1532 4507 1731 4564 paupe-

1833 3285 2118 3358 {Egyplios
2172 3289 2434 3360 As~yriis,
2470 3290 2521 3343 in
2554 3289 2750 3344 bonum
2801 3301 3006 3361 partem
3051 3294 3424 3366 accipiendum

1835 3392 1938 3436 est.
1987 3380 2167 3436 Servit
2192 3383 2337 3437 enim
2365 3392 2419 3436 et
2443 3383 2741 3452 Apostolus
2768 3385 3122 3440 credentibus
3143 3429 3158 3453 ,
3192 3399 3249 3441 ut
3293 3387 3430 3444 lucri

1833 3489 1927 3529 eos
1959 3473 2121 3530 faciat
2168 3475 2212 3534 tl
2246 3474 2364 3529 Cor.
2395 3476 2491 3546 ix).
2525 3476 2594 3532 Et
2624 3476 2767 3532 Esau
2809 3479 3103 3549 subjicitur
3134 3481 3285 3535 fratri
3330 3498 3430 3536 suo

1830 3566 2003 3623 Jacob
2035 3567 2242 3636 (Cenes.
2291 3571 2506 3642 χχχιιι),
2542 3582 2598 3625 ιιι
2631 3574 2910 3645 particeps
2960 3573 3053 3629 ﬁat
3102 3574 3430 3630 benedictio-

1833 3677 1960 3717 num
1992 3663 2109 3733 ejus
2161 3663 2331 3733 Igitur
2354 3667 2446 3736 qui
2482 3665 2694 3733 priores
2715 3667 2782 3722 de
2804 3669 3055 3739 gentibus
3086 3669 3280 3726 salvati
3310 3670 3427 3726 l'ue-

1827 3758 1962 3823 rint,
1991 3769 2040 3813 et
2070 3756 2358 3814 habuerint
2383 3760 2434 3813 in
2458 3774 2518 3815 se
2545 3761 2717 3815 altore
2749 3761 2984 3828 Domini,
3014 3779 3109 3819 eos
3129 3764 3221 3835 qui
3253 3762 3306 3817 in
3329 3763 3432 3820 du-

1828 3850 1948 3905 ritia
1980 3861 2358 3922 perseverant,
2409 3866 2505 3908 sua
2550 3854 2816 3909 servitute
2863 3856 3170 3922 salvabunt,
3201 3865 3255 3910 et
3281 3872 3433 3912 com-

1827 3944 2090 4000 mixtione
2119 3959 2182 3999 ac
2210 3947 2476 4002 societate
2505 3961 2723 4013 eorum,
2756 3947 2854 4014 ipsi
2889 3957 3118 4018 pergunt
3160 3946 3228 4000 ad
3258 3949 3432 4018 Assy-

1828 4035 1959 4099 rios,
1997 4045 2055 4090 ut
2101 4040 2354 4109 Assyrios;
2385 4038 2588 4094 duCant
2627 4037 2695 4092 ad
2746 4037 3073 4108 Egyptian;
3129 4046 3185 4091 et
3239 4046 3432 4104 postea

1829 4128 2040 4194 possint
2061 4129 2126 4181 ad
2153 4129 2511 4184 Israeliticum
2544 4128 2806 4200 p0pulum
2837 4127 3148 4196 pervenire.
3180 4125 3261 4181 0b
3291 4124 3434 4183 banc
3479 4135 3486 4140 '

1831 4232 2049 4274 causam
2084 4235 2229 4284 reor,
2262 4231 2317 4277 et
2353 4219 2567 4276 lidelem
2597 4217 2888 4273 mulierem
2922 4218 3128 4273 seri-ire
3160 4217 3276 4272 viro
3310 4218 3432 4273 inii-

1832 4309 1962 4376 deli,
1999 4320 2058 4365 ut
2088 4313 2350 4382 paulatim
2392 4328 2516 4368 eum
2547 4311 2614 4368 de
2642 4309 2903 4383 ngypto,
2948 4321 3005 4369 et
3028 4311 3272 4386 Assyriis
3313 4329 3434 4384 per-

1834 4403 2012 4456 lt‘ahat
2039 4402 2102 4456 ad
2130 4404 2397 4459 Juda‘am.

1910 4493 2091 4565 (Vers.
2127 4495 2216 4561 25,
2241 4494 2363 4563 26.)
2390 4495 2457 4548 In
2484 4497 2570 4551 die
2592 4498 2682 4551 illa
2710 4499 2810 4553 erit
2835 4496 3003 4553 Israel
3028 4500 3205 4554 tertius
3228 4497 3436 4571 ngyp-

128 4591 266 4648 ribus
285 4593 611 4667 repromisit
636 4592 786 4666 (Luc.
807 4590 942 4663 xix).
960 4591 1256 4657 Quaeritur,
1283 4589 1331 4645 si
1352 4587 1602 4658 Egyptis
1624 4587 1729 4641 εει-
1757 4573 1812 4635 1)
1839 4586 1909 4640 tio
1930 4595 1977 4638 et
1999 4585 2232 4656 Assyu'o,
2257 4585 2540 4639 benedictio
2563 4589 2615 4640 in
2654 4590 2822 4642 media
2844 4599 3012 4648 terrm.
3056 4593 3138 4643 cui
3177 4591 3434 4646 benedixit

132 4697 275 4742 valor
303 4695 360 4744 et
391 4696 775 4758 propugnator
801 4695 883 4740 est
919 4683 1116 4738 missus
1146 4684 1235 4753 qui
1284 4683 1484 4738 liberet
1525 4697 1622 4736 eos
1661 4679 1732 4736 de

131 4783 412 4849 angustiis,
441 4781 727 4850 quomodo
757 4792 901 4832 nunc
923 4777 1133 4831 dicatur
1157 4796 1169 4830 :
1204 4774 1459 4830 Pi-rcutiet
1484 4774 1732 4829 Dominus

133 4873 417 4948 .Egyptum
449 4877 656 4952 plaga?
682 4875 788 4933 Sed
827 4871 1242 4929 consideremus
1265 4872 1407 4942 quod
1440 4872 1686 4943 sequitur
1715 4886 1727 4923 :

135 4963 196 5020 Et
222 4972 425 5025 sanabit
454 4987 593 5025 eam.
625 4969 798 5037 Quem
830 4969 973 5020 enim
998 4965 1175 5035 diligit
1205 4964 1486 5027 Dominus,
1508 4965 1737 5035 corripit

135 5059 314 5130 (Hebr.
347 5067 474 5133 xu).
515 5063 581 5116 Et
629 5062 747 5131 ipse
793 5060 1045 5117 Silvator
1089 5059 1142 5111 in
1172 5059 1513 5125 sexagesimo
1541 5069 1735 5112 octavo

137 5151 348 5212 Psalmo
378 5155 628 5226 loquitur
650 5153 717 5208 ad
743 5152 959 5209 Patrem
997 5167 1010 5206 :
1047 5150 1308 5216 Quoniam
1345 5166 1490 5218 quem
1519 5160 1574 5204 tu
1621 5167 1738 5214 per-

138 5251 353 5317 cussisti,
383 5251 487 5322 ipsi
511 5249 759 5321 persecuti
780 5258 897 5301 sunt
923 5263 940 5301 :
963 5253 1010 5300 et
1032 5261 1185 5315 super
1206 5244 1439 5298 dolorem
1470 5243 1738 5298 uulnerum

139 5353 356 5394 meorum
378 5341 702 5396 addiderunt
726 5338 901 5409 (Psat.
927 5355 1112 5402 vam,
1130 5339 1247 5407 27).
1281 5337 1339 5393 Si
1366 5353 1497 5408 ergo
1521 5337 1742 5407 proprio

142 5431 246 5488 ﬁlio
274 5451 383 5490 non
421 5433 694 5504 pepercit,
723 5433 818 5489 sed
852 5433 1074 5489 tradidit
1093 5448 1217 5489 cum
1253 5449 1350 5503 pro
1383 5431 1562 5499 nobis,
1598 5441 1654 5484 ιιι
1678 5430 1744 5486 il-

143 5527 238 5584 lius
287 5532 504 5595 livore,
539 5538 596 5585 et
622 5529 938 5585 vulneribus
984 5544 1306 5585 sanaremnr
1349 5527 1528 5602 (Rom.
1571 5527 1688 5598 vm)
1726 5546 1741 5584 :

145 5623 360 5680 tradidit
394 5622 663 5680 Dominus
694 5634 750 5679 et
789 5634 1060 5695 martyres
1083 5621 1348 5695 passioni,
1399 5619 1498 5677 sed
1527 5633 1745 5677 rursum

213 5825 240 5855 α
277 5815 442 5885 Vat.,
470 5822 534 5869 ut
561 5813 736 5869 dicant
766 5831 881 5872 cum
911 5810 1103 5872 David.

1837 4678 2091 4732 Dominus
2118 4679 2455 4736 exercituum.
2481 4677 2657 4731 dicens
2682 4696 2700 4732 :
2723 4677 3028 4735 Benedictus
3049 4679 3272 4753 populus
3293 4696 3435 4735 mnus

1838 4771 2082 4843 Λῖρῃριὶ,
2105 4781 2152 4826 et
2182 4788 2310 4844 apas
2332 4789 2578 4826 manuum
2600 4788 2824 4827 mearum
2862 4773 3103 4844 Assyrius
3127 4789 3145 4826 :
3166 4772 3440 4828 Iiwrrditas

1837 4877 2010 4922 autem
2031 4883 2144 4922 mea
2167 4867 2355 4923 Israel.
2385 4868 2600 4924 Tertius
2626 4869 2732 4924 erit
2758 4868 2926 4924 Israel
2959 4871 3010 4922 in
3043 4867 3281 4940 {Egypto
3305 4879 3356 4923 et
3383 4869 3435 4925 in

1839 4962 2099 5035 Assyriis,
2133 4975 2190 5019 ut
2219 4979 2436 5019 onmem
2479 4980 2716 5024 massam
2755 4981 2870 5021 sure
2894 4966 3298 5021 bene-dictionis
3326 4964 3438 5022 ler-

1841 5071 2029 5112 ιιιρηιο
2058 5058 2306 5122 misceat,
2333 5069 2387 5112 et
2415 5059 2508 5128 qui
2541 5061 2694 5128 prius
2719 5071 2911 5114 contra
2945 5075 3003 5116 se
3033 5058 3307 5116 hostiiiter
3329 5059 3441 5114 dis-

1840 5151 2115 5216 sidebant,
2143 5151 2244 5206 hac
2267 5151 2668 5206 benedictionis
2695 5152 2858 5207 fibula
2887 5154 3240 5223 copulentur;

1843 5255 1896 5300 et
1927 5246 1999 5300 sit
2031 5245 2261 5316 populus
2291 5244 2382 5298 Dei
2410 5241 2700 5316 Egyptns,
2742 5255 2798 5302 et
2840 5261 2979 5314 apus
3021 5261 3279 5300 manuum
3320 5245 3442 5311 ejus

1844 5338 2121 5411 Assyrius,
2158 5335 2454 5392 haereditas
2501 5347 2681 5394 autem
2708 5340 2826 5408 ejus
2872 5339 3059 5394 Israel.
3114 5335 3444 5391 Benedictus

1847 5441 1931 5487 est
1960 5429 2249 5500 Egyptius
2291 5429 2552 5500 Domino,
2587 5432 2709 5500 quia
2741 5430 2960 5484 lsraelis
2986 5428 3249 5483 societate
3282 5427 3447 5481 bene-

1851 5523 2063 5578 dicitur.
2094 5520 2164 5575 Et
2183 5536 2320 5591 opus
2352 5536 2608 5575 manuum
2642 5521 2762 5590 ejus
2789 5520 3068 5591 Assyrius,
3101 5521 3224 5590 quia
3250 5519 3302 5571 in
3326 5516 3447 5585 ipso

1851 5631 2006 5673 suam
2047 5616 2400 5674 clementiam
2423 5609 2844 5674 demonstravit.
2877 5614 3044 5672 Israel
3073 5625 3254 5672 autem
3296 5614 3447 5679 solus
