4010 6326
193 299 285 359 Ill

705 280 1352 364 communionem
1392 300 1457 360 tn
1497 277 1733 364 tamn
1775 274 2192 361 rnoruerau
2231 300 2365 360 ue.
2407 276 2520 376 vn,
2560 301 2714 362 CAP.
2760 304 2901 363 χχι.

3348 290 3457 369 ssi

190 427 366 476 autem
399 434 547 478 mare
588 421 882 492 appelletur
924 422 1183 477 sedulum
1212 421 1297 491 (ut
1343 422 1511 478 multa
1562 429 1759 494 prmte-
1784 421 1835 483 A
1861 420 2126 476 cernebat
2161 420 2233 477 de
2278 421 2500 478 deserto
2528 422 2664 478 mari
2696 422 2966 493 Propheta
2995 433 3308 489 venturam,
3339 442 3461 483 cor-

191 510 380 583 ream)
430 524 532 568 uno
561 512 857 568 testimonio
900 511 1098 568 Psalml
1129 524 1420 570 contentus
1446 528 1564 570 sum
1601 531 1614 567 :
1650 513 1754 579 Qui

190 604 495 660 descendunt
534 621 664 660 more
701 606 755 660 in
784 606 1019 672 navibus,
1051 607 1298 672 facientes
1343 607 1664 679 operationes
1698 608 1753 661 in

187 701 330 772 squis
354 700 534 755 multis.
558 698 669 770 Ipsi
690 699 931 755 viderunt
975 711 1134 770 Opera
1163 699 1396 764 Domini.
1421 715 1468 757 et
1495 702 1753 756 mirabilia

182 795 291 865 ejus
316 792 364 845 in
391 791 637 863 pro/unde
683 789 799 865 (Ps.
832 807 941 857 cu,
972 791 1087 864 εὖ).
1116 792 1221 861 Qui
1265 796 1409 851 enim
1455 802 1754 866 operantur

181 882 231 938 in
279 882 374 937 hoc
404 882 594 939 saecula
639 898 776 954 opus
809 884 926 952 Dei,
956 894 1010 941 et
1051 894 1172 942 cum
1221 886 1490 957 Propheta
1522 888 1707 942 dicunt
1736 905 1750 941 :

189 972 305 1031 Veni
348 978 401 1031 in
427 978 736 1050 profundam
765 980 945 1047 maris,
979 981 1078 1048 ipsi
1125 980 1315 1037 vident
1342 980 1606 1037 mirabilia
1636 982 1753 1051 ejus

176 1065 229 1124 in
249 1067 530 1138 profundo;
551 1080 603 1125 et
624 1069 841 1125 liberati
869 1071 937 1126 de
964 1072 1359 1128 tentationibtts
1382 1081 1438 1128 et
1460 1073 1751 1145 angustiis,

176 1158 475 1218 horribilem
498 1172 550 1219 et
568 1161 758 1219 duram
782 1163 1050 1220 visionem
1072 1165 1293 1221 audisse
1320 1180 1382 1222 se
1402 1166 1610 1222 dicunt.
1630 1165 1753 1221 llaec

172 1261 341 1309 autem
373 1254 483 1325 ipsa
516 1265 807 1324 tempestas
834 1271 866 1312 a
898 1256 1122 1313 deserto
1153 1260 1324 1324 venit,
1360 1260 1415 1315 in
1441 1272 1551 1328 quo
1580 1268 1757 1314 tenta-

171 1351 248 1402 tus
260 1352 339 1401 est
362 1356 411 1402 et
437 1345 697 1403 Dominus
714 1347 932 1419 (Matth.
958 1351 1059 1423 tv),
1092 1360 1147 1407 et
1172 1350 1341 1407 Israel
1364 1353 1573 1408 colubri
1607 1367 1753 1407 mor-

168 1440 328 1509 sibus,
350 1451 399 1497 et
420 1444 769 1513 scorpionum
794 1444 992 1501 ictibus
1015 1448 1191 1517 patuit
1216 1444 1408 1518 (Num.
1433 1445 1569 1518 ut).
1594 1445 1759 1502 Cum-

163 1544 258 1602 que
283 1534 502 1600 venerit,
532 1537 855 1605 pertransit,
879 1548 934 1593 et
960 1539 1246 1608 prteterit:
1276 1548 1333 1593 et
1352 1544 1481 1595 tutie
1503 1539 1758 1611 intelligit

164 1622 248 1681 ille
290 1627 374 1695 qui
421 1629 678 1697 sustinet,
712 1630 857 1699 quod
909 1640 1018 1686 non
1073 1633 1465 1701 pra-varientur
1512 1633 1614 1688 nisi
1664 1630 1757 1702 qui

162 1721 521 1788 praevaricttor
547 1733 659 1790 est,
695 1732 751 1779 et
783 1739 891 1779 non
922 1724 1033 1795 agit
1064 1724 1251 1795 inique
1281 1725 1384 1779 nisi
1413 1725 1654 1794 iniquas.
1687 1724 1757 1781 Ut

1856 512 2034 569 ruisse
2079 522 2133 567 et
2183 514 2454 571 turbatum
2503 529 2626 571 esse
2671 530 2733 569 se
2778 515 2934 582 dicit,
2961 526 3020 573 et
3068 520 3454 588 propemodum

1854 603 2219 675 caligattttbus
2266 606 2463 673 oculis,
2511 615 2568 662 et
2616 606 2917 677 stupefacta
2969 622 3176 674 mente,
3220 625 3457 667 neseissc

1854 696 1981 767 quid
2014 709 2282 753 cerneret.
2314 698 2404 754 illa
2440 699 2584 753 enim
2616 698 2858 772 Babylon
2888 701 3011 774 (pro
3028 715 3137 773 qua
3162 702 3376 774 Aquila,
3404 712 3460 758 et

1854 789 2176 858 Theodotio,
2209 792 2442 846 tenebras
2474 793 2816 862 interpretati
2846 804 2995 859 sunt,
3019 806 3070 850 ut
3097 795 3463 863 signiﬁcarent

1855 885 2120 940 mundum
2151 887 2337 951 istum,
2371 889 2462 957 qui
2493 888 2545 940 in
2578 888 2813 959 ntalignn
2863 888 3072 957 positus
3115 900 3199 945 est
3228 890 3269 960 (Ι
3298 887 3457 944 Joan.

1856 976 1935 1046 v),
1971 986 2024 1031 et
2060 977 2216 1048 cujus
2249 980 2525 1048 principes
2551 990 2681 1034 sunt
2704 980 2859 1050 juxta
2892 983 3199 1051 apostolum
3232 983 3456 1037 Paulum

1855 1065 2098 1140 (Ephes.
2146 1084 2196 1123 vt
2225 1068 2265 1140 ),
2316 1080 2558 1125 rectores
2607 1073 2955 1127 tenebrarum
2998 1073 3289 1145 istarum),
3342 1091 3463 1142 (inae

1855 1160 2127 1230 quondam
2156 1161 2240 1217 vel
2269 1162 2577 1233 Prophetas,
2612 1164 2692 1219 vel
2728 1165 2838 1219 Deo
2862 1165 3118 1220 amabilis
3167 1166 3290 1233 luit,
3319 1164 3459 1221 int-ta

1856 1263 1939 1309 est
1969 1252 2024 1308 in
2076 1269 2174 1309 sna
2221 1256 2581 1312 subversione
2630 1257 2916 1312 mirabilis.
2961 1257 3119 1314 Unde
3170 1258 3458 1329 Propheta:

1857 1344 2023 1417 θοι
2066 1348 2401 1418 prmeipitur,
2446 1359 2502 1402 ut
2554 1363 2783 1404 vescens
2816 1351 2866 1403 in
2911 1365 3100 1405 mensa
3134 1349 3374 1414 Domini,
3407 1361 3461 1406 et

1858 1438 2006 1493 illius
2033 1449 2308 1492 saturatos
2332 1437 2476 1503 cibo,
2507 1439 2821 1509 diligentius
2847 1441 3248 1511 contempletur
3266 1483 3282 1508 ,
3337 1458 3459 1513 qua:

1862 1541 2087 1586 ventura
2120 1531 2230 1586 sint
2259 1532 2497 1586 tnundo:
2527 1532 2832 1603 άιείιυιηυθ
2859 1550 2956 1603 per
2985 1550 3108 1590 cum
3154 1535 3221 1589 ad
3272 1552 3462 1591 omnes

1859 1623 2171 1690 credentes,
2204 1635 2260 1678 ut
2288 1625 2640 1680 comedentes
2669 1636 2723 1682 et
2756 1627 3005 1683 bibentes
3032 1644 3227 1698 corpus
3258 1638 3313 1685 et
3341 1646 3464 1685 san-

1860 1720 2077 1788 guinem
2122 1698 2366 1784 Domini,
2394 1729 2675 1774 vertantur
2706 1721 2759 1773 in
2794 1721 3068 1789 principes
3100 1722 3379 1789 Ecclesia,
3408 1731 3466 1778 et

162 1809 312 1881 igitur
338 1814 497 1868 maris
541 1814 802 1870 ﬂuctibus
852 1815 1173 1883 obruamur,
1225 1822 1281 1871 et
1326 1817 1599 1888 opprimat
1650 1826 1750 1871 nos
1780 1821 1978 1883 BCllln
2026 1810 2304 1881 Apostolis
2359 1813 2608 1875 audiant,
2644 1812 2898 1886 Surgite:
2932 1816 3302 1885 arripiantque
3350 1816 3460 1887 cly«

162 1915 285 1959 saeva
315 1912 627 1976 tempestas,
667 1909 841 1966 nostri
872 1910 987 1964 vitii
1019 1919 1125 1975 est,
1157 1911 1247 1980 qui
1280 1922 1409 1966 ante
1449 1918 1747 1979 tempesta-

161 2003 257 2053 tem
286 2002 739 2069 praevaricatores
768 2002 970 2058 fuimus
1000 2015 1053 2059 et
1086 2003 1275 2073 iniqui.
1306 2003 1573 2072 Quodque
1590 2003 1746 2059 dicit:

161 2089 329 2148 Contra
372 2104 448 2151 tne
491 2095 763 2163 Elamitte,
791 2108 838 2151 et
879 2094 1040 2169 legati
1072 2094 1355 2153 Persarum
1384 2097 1625 2165 ueniunt,
1660 2096 1749 2154 hic

157 2197 329 2240 sensus
349 2197 428 2243 est
452 2186 903 2260 :303Elamitor
925 2191 1357 2258 interpretantur
1376 2189 1745 2259 despicimus:

156 2272 331 2350 Perses,
348 2288 625 2335 tentantes.
640 2280 871 2337 Veniant
886 2279 1048 2352 igitur
1060 2280 1113 2336 hi
1132 2283 1224 2351 qui
1246 2282 1527 2352 despicere
1545 2282 1743 2348 solent,

153 2375 511 2436 contemnere,
542 2382 714 2442 atque
740 2382 951 2428 tentare
984 2390 997 2426 :
1032 2374 1128 2429 scd
1157 2388 1257 2445 ego
1286 2373 1661 2443 ingemiscant.
1691 2381 1748 2430 et

152 2461 365 2530 gemitus
394 2480 549 2520 meus
582 2465 689 2519 erit
718 2479 838 2521 mea
862 2466 1187 2521 consolatio.
1221 2466 1329 2522 Sed
1359 2476 1416 2523 et
1445 2467 1613 2523 lumbi
1641 2470 1746 2523 mei

153 2552 327 2620 repleti
373 2562 507 2611 sunt
535 2557 829 2627 angustia,
884 2564 941 2611 et
987 2557 1342 2613 obtinuerunt
1394 2573 1483 2613 me
1528 2558 1748 2614 dolores

150 2646 285 2715 (Ill‘lSl
317 2649 742 2717 parturientem,
767 2659 829 2705 ut
856 2663 889 2703 a
940 2648 1136 2706 timore
1172 2649 1389 2706 Domini
1438 2650 1744 2722 concipiam

150 2747 197 2794 et
222 2742 445 2810 pariam,
479 2751 539 2799 et
565 2742 817 2814 spiritum
845 2743 1040 2798 salutis
1067 2742 1187 2814 ejus
1214 2742 1407 2798 faciam
1439 2757 1605 2815 super
1637 2752 1748 2799 ter-

146 2845 270 2888 ram.
303 2834 477 2893 Recte
506 2849 694 2892 autem
735 2838 889 2907 juxta
932 2838 1261 2894 llebraicum
1293 2838 1536 2894 turbines
1587 2846 1749 2909 atque

145 2935 486 3000 tempestates
513 2932 585 2987 de
609 2931 829 2988 deserto
857 2934 1106 2999 veniunt,
1135 2933 1280 2990 etde
1302 2944 1445 2989 terra
1471 2933 1747 2999 horribili,

141 3020 220 3077 ubi
248 3039 357 3081 non
382 3036 469 3081 est
495 3025 771 3082 habitator
798 3027 965 3095 Deus,
992 3037 1048 3082 et
1087 3026 1181 3083 ubi
1229 3027 1480 3081 universa
1532 3035 1747 3081 terrena

139 3126 252 3172 sunt
282 3136 297 3171 :
333 3130 393 3175 et
441 3123 775 3193 quicumque
821 3129 908 3176 est
952 3119 1266 3176 incredulus
1315 3120 1428 3189 agit
1473 3130 1587 3175 rem
1618 3134 1750 3174 con-

1853 1918 2015 1974 peum
2042 1904 2169 1958 lidei
2201 1906 2270 1960 de
2299 1913 2571 1959 armatura
2605 1902 2851 1974 Apostoli
2903 1906 3053 1959 l'nttli
3094 1904 3316 1977 (Ephes.
3353 1905 3427 1979 \l)
3449 1950 3463 1975 ,

1852 1995 1907 2051 in
1930 2012 2039 2068 quo
2063 1999 2272 2067 possint
2302 1999 2469 2069 ignita
2502 1997 2703 2053 diaboli
2729 1998 2910 2065 jacula
2945 2002 3323 2071 exstinguere.
3348 1998 3463 2055 lloc

1846 2087 2001 2159 juxta
2029 2080 2382 2155 Hebraicum,
2409 2098 2466 2146 et
2494 2102 2728 2159 emptum
2756 2105 2920 2161 super
2950 2092 3158 2147 mundo
3189 2093 3461 2163 interpre-

1853 2184 2137 2238 tationem.
2168 2182 2540 2239 Transeamus
2567 2184 2633 2237 ad
2669 2184 2963 2240 editionem
2987 2182 3152 2253 LXX,
3184 2201 3303 2256 qua:
3326 2185 3463 2242 mul-

1856 2286 1970 2332 tum
2005 2293 2034 2331 a
2067 2277 2445 2347 superioribus
2468 2277 2767 2347 discrepat.
2803 2279 3046 2348 Corripit
3075 2294 3133 2335 sc
3166 2278 3460 2348 Propheta,

1855 2371 2024 2427 immo
2056 2372 2160 2427 sub
2188 2386 2420 2441 persona
2468 2385 2564 2425 sua
2596 2370 2825 2427 aliorum
2859 2372 3157 2427 conﬁtetur
3185 2388 3463 2439 errorem,

1854 2471 1946 2543 qui
1975 2478 2270 2541 sequentes
2298 2468 2638 2525 occidentem
2669 2468 2933 2533 litteram,
2966 2477 3325 2524 contemnunt
3351 2470 3463 2539 Spi-

1853 2565 2020 2620 ritum
2046 2562 2451 2628 vivificantem;
2482 2572 2533 2617 ct
2570 2561 2752 2633 iniquo
2782 2560 2977 2616 fecisse
3000 2576 3057 2615 se
3086 2561 3241 2626 dicit,
3271 2571 3327 2617 ut
3359 2578 3464 2618 non

1851 2660 2069 2717 audiret
2094 2662 2269 2733 legem
2297 2660 2657 2731 spiritualiter
2687 2676 2699 2712 :
2730 2659 2826 2714 sed
2857 2657 3469 2715 econtrarioiestinarct

1853 2753 1951 2809 Dei
2003 2762 2349 2810 sacramenta
2387 2768 2497 2808 non
2546 2766 2798 2819 cernere,
2834 2766 2934 2807 nec
2964 2752 3172 2806 diceret
3209 2766 3331 2806 cum
3365 2751 3466 2806 Du-

1854 2844 1944 2901 vid
1981 2863 1994 2899 :
2030 2844 2218 2900 Revela
2257 2846 2435 2901 oculos
2468 2861 2627 2911 meos,
2663 2854 2711 2899 et
2740 2844 3082 2901 considerabo
3113 2842 3375 2899 mirabilia
3404 2844 3469 2899 de

1853 2933 1967 3009 lego
1992 2945 2082 2990 tua
2122 2935 2242 3008 (Ps.
2276 2951 2469 3001 cxvnt,
2500 2936 2616 3007 ts).
2660 2935 2874 2992 Idcirco
2904 2945 3056 2992 errat
3096 2951 3193 2993 cor
3223 2937 3362 3007 ejus,
3410 2945 3467 2992 ct

1854 3026 2078 3084 Iudaica
2108 3030 2501 3097 superstitione
2531 3031 2866 3097 completum
2887 3072 2902 3093 ,
2936 3047 3044 3086 non
3088 3032 3141 3086 in
3190 3030 3465 3089 clturitate

1859 3119 1995 3185 Dei,
2027 3118 2128 3175 sed
2174 3121 2227 3174 in
2277 3120 2473 3175 timore
2514 3121 2801 3188 consistit,
2852 3132 2911 3176 ut
2961 3122 3163 3181 habeat
3208 3124 3463 3192 Spiritum

136 3224 316 3281 gruam
354 3214 669 3269 inlidelitati
697 3232 832 3285 sum,
866 3225 923 3272 et
959 3215 1051 3285 qui
1077 3214 1441 3285 dep0pulator
1486 3224 1594 3279 cst,
1630 3228 1751 3268 vas-
1777 3214 1824 3279 ο
1858 3211 2216 3267 servitutisin
2243 3211 2539 3277 timore,et
2568 3228 2910 3283 nequaquam
2940 3216 3193 3283 spiritum
3215 3217 3469 3286 adoptio-

135 3309 220 3361 tat.
269 3304 438 3361 Unde
509 3305 766 3362 audacter
810 3317 1003 3363 eontra
1071 3308 1421 3362 adversarios
1488 3307 1749 3376 loquitur,

135 3395 366 3451 Ascende
396 3394 560 3449 Elam
580 3412 601 3462 ;
626 3396 804 3452 obside
852 3396 1006 3452 Meda
1033 3414 1053 3453 :
1083 3412 1305 3453 omnem
1345 3398 1605 3468 gemitum
1654 3397 1753 3453 de-

136 3490 257 3546 serti
281 3488 483 3555 maris,
511 3498 567 3544 et
589 3498 752 3545 teme
771 3491 1068 3555 horribilis,
1090 3500 1146 3547 et
1167 3491 1393 3546 visionis
1416 3491 1744 3562 durissimas,

138 3594 245 3652 quae
273 3582 530 3638 nuntiata
559 3588 664 3646 est,
697 3597 918 3639 cessare
947 3582 1068 3639 ieci.
1092 3582 1231 3651 Quia
1264 3585 1431 3643 lumbi
1456 3585 1561 3640 mei
1583 3598 1748 3657 agen-

141 3679 215 3730 tes
239 3673 644 3745 paenitentiam,
675 3689 1014 3746 nequaquam
1044 3686 1099 3731 ut
1132 3677 1282 3746 prius
1313 3677 1615 3744 Voluptate,
1646 3676 1743 3734 sed

141 3764 320 3822 dolore
348 3774 483 3822 sunt
535 3767 700 3837 pleni,
735 3782 835 3823 nec
864 3769 1003 3824 ultra
1034 3771 1210 3825 dicam
1244 3787 1259 3822 :
1291 3769 1479 3826 Lumbi
1520 3773 1622 3828 mei
1644 3776 1746 3827 im-

1857 3305 1968 3369 nis,
2000 3304 2053 3358 in
2085 3320 2193 3374 quo
2224 3304 2710 3370 clamamus,Abba
2750 3315 2904 3375 pater
2932 3304 3111 3378 (Rom.
3144 3306 3281 3382 vut).
3315 3309 3469 3367 Unde

1859 3398 2179 3469 prtccipitur
2233 3398 2305 3465 ei,
2333 3405 2393 3453 ut
2414 3398 2638 3454 accedat
2667 3402 2733 3454 ad
2764 3415 3006 3455 mensam
3032 3402 3279 3457 ciborum
3311 3404 3475 3474 spiri-

1860 3492 2114 3562 tualium,
2131 3493 2536 3563 comedantque
2562 3509 2756 3551 omnes
2771 3493 2823 3549 in
2847 3510 2934 3563 ea,
2953 3496 3043 3567 qui
3072 3496 3220 3552 illius
3237 3513 3476 3569 sequun-

1857 3595 1947 3642 tur
1998 3585 2319 3656 exemplum
2341 3626 2355 3653 ,
2386 3596 2441 3642 et
2473 3586 2659 3643 bibant
2687 3606 2700 3642 :
2727 3597 2784 3645 et
2813 3590 2985 3645 veteri
3009 3605 3201 3646 errore
3229 3604 3476 3650 contem-

1854 3689 1949 3751 pto
1979 3692 2340 3751 consurgant,
2393 3680 2446 3736 in
2479 3681 2675 3752 spiritu
2700 3684 2792 3753 qui
2815 3684 3075 3754 jacebant
3103 3686 3155 3741 in
3186 3686 3385 3752 littera.
3417 3698 3473 3745 et

1851 3772 1986 3830 ﬁant
2009 3774 2307 3846 principes,
2333 3776 2628 3847 dicuntque
2647 3793 2768 3833 cum
2789 3778 3066 3849 PrOphetu
3100 3798 3112 3835 :
3143 3779 3385 3849 Domine,
3413 3793 3469 3836 ut

142 3859 256 3930 pleti
280 3870 400 3916 sunt
424 3859 756 3917 illusionibus
784 3860 902 3936 (Ps.
935 3879 1135 3931 xssvn,
1174 3865 1253 3934 7).
1283 3863 1550 3938 Augustis
1594 3868 1742 3923 enim
1845 3877 1995 3922 scuto
2034 3866 2185 3924 bona:
2233 3867 2513 3924 voluntatis
2548 3877 2653 3925 tua:
2678 3874 2945 3927 coronasti
2973 3889 3068 3927 nos
3100 3872 3223 3941 (Ps.
3253 3891 3304 3941 ν,
3346 3873 3462 3946 15).

143 3955 374 4022 possedit
423 3971 514 4011 me
546 3965 604 4011 et
652 3956 957 4025 tribulatio,
987 3958 1129 4014 sicut
1157 3959 1300 4015 solet
1334 3970 1520 4016 tenere
1559 3973 1745 4030 partu-

144 4045 380 4104 rientem.
414 4048 645 4105 Multum
672 4050 814 4107 inter
839 4066 899 4107 se
927 4050 1149 4122 Vulgata
1180 4052 1372 4119 editio,
1404 4063 1460 4110 et
1511 4053 1738 4111 Hebrai-

147 4151 258 4195 cum
289 4142 339 4197 in
372 4142 481 4200 hoc
506 4145 628 4199 loco
654 4143 968 4214 discrepant
993 4160 1007 4196 :
1042 4144 1167 4199 ideo
1193 4144 1432 4200 breviter
1459 4156 1746 4217 utramque

147 4238 581 4308 perstringemus.
615 4254 682 4294 ne
704 4247 730 4276 ιι
758 4239 1161 4313 φιλινκλημῶσιν
1189 4237 1452 4307 carpendi
1505 4253 1605 4294 nos
1653 4255 1746 4296 oc—

149 4329 505 4387 casiunculum
541 4331 938 4400 relinquamus.
1106 4398 1119 4405 λ

214 4422 385 4496 (Vers.
417 4426 475 4489 4,
499 4425 591 4495 5.)
616 4423 805 4481 Corrui
830 4441 948 4480 cum
975 4425 1237 4488 audirem,
1263 4424 1600 4479 conturbatus
1634 4440 1749 4478 sum

152 4525 256 4567 cum
279 4516 504 4572 viderem
531 4533 553 4572 :
583 4516 835 4572 emarcuit
863 4532 954 4571 cor
981 4534 1171 4582 meum,
1206 4516 1427 4571 tenebrat
1458 4514 1753 4588 obstupefe-

1925 3960 2104 4033 (Vers.
2139 3961 2193 4030 6,
2229 3961 2308 4033 7.)
2342 3961 2467 4018 Haec
2502 3965 2639 4018 enim
2674 3965 2807 4018 dixit
2832 3965 2962 4019 mihi
2991 3964 3281 4021 Dominus:
3321 3964 3470 4020 Vade

1847 4060 1900 4106 et
1930 4067 2062 4122 pone
2084 4051 2477 4125 speculatorem,
2509 4064 2557 4108 et
2578 4056 2934 4123 quodcumque
2962 4054 3148 4107 viderit
3178 4053 3469 4110 annuntiet.

1851 4140 1924 4196 Et
1951 4143 2075 4197 tidit
2118 4160 2331 4199 currum
2363 4144 2587 4199 duorum
2617 4144 2874 4215 equitum,
2923 4144 3464 4211 ascensorem‘asint',

1851 4243 1903 4288 et
1947 4252 2270 4292 ascensorem
2319 4239 2526 4301 cameli,
2556 4246 2603 4291 et
2649 4237 3027 4303 contemplatus
3071 4246 3149 4291 est
3199 4235 3474 4310 diligenter

1851 4326 2020 4383 multo
2048 4330 2260 4395 intuitu,
2288 4339 2337 4384 et
2364 4330 2607 4386 clamavit
2628 4329 2730 4385 leo.
2756 4328 2900 4384 LXX
2932 4346 2946 4383 :
2976 4329 3116 4397 Quia
3143 4331 3217 4385 sic
3244 4331 3378 4387 dixit
3399 4332 3469 4387 ad

1853 4433 1938 4472 me
1956 4416 2211 4474 Dominus
2239 4436 2258 4475 :
2297 4420 2438 4477 Vade
2466 4433 2514 4477 et
2537 4439 2670 4494 pone
2696 4424 2789 4477 tibi
2811 4426 3211 4495 speculatorem,
3235 4435 3282 4480 et
3303 4425 3471 4496 quod-

1855 4524 2076 4580 cumque
2125 4510 2333 4579 videris,
2367 4515 2641 4568 narrantia.
2695 4514 2759 4568 Et
2800 4516 2904 4568 vidi
2953 4532 3253 4571 ascensurus
3279 4518 3472 4589 equites

154 4616 313 4661 serunt
340 4625 418 4664 me
448 4625 469 4665 :
497 4607 738 4681 Babylon
765 4608 958 4665 dilecta
978 4625 1091 4664 mea
1119 4612 1287 4680 posita
1313 4616 1392 4663 est
1418 4608 1545 4663 mihi
1575 4608 1630 4662 in
1655 4608 1759 4663 mi-
1780 4603 1838 4665 Ι)
1862 4602 2017 4669 duos,
2047 4618 2370 4658 ascensorem
2399 4604 2559 4669 asini,
2585 4614 2634 4659 et
2678 4621 3002 4660 ascensorem
3030 4606 3212 4661 cameli
3241 4624 3260 4662 :
3300 4609 3477 4662 audivi

155 4698 390 4755 faculam.
420 4700 575 4757 Pone
603 4716 861 4766 mensam,
891 4700 1240 4774 contemplare
1266 4702 1321 4756 in
1338 4703 1553 4773 specula
1575 4717 1754 4756 come-

157 4788 338 4861 dentes,
351 4806 402 4851 et
424 4798 656 4853 bibentes
674 4813 692 4852 :
715 4798 935 4868 surgite.
960 4795 1242 4866 Principes,
1257 4797 1470 4868 arripite
1486 4795 1745 4869 clypeum.

159 4881 329 4944 LXX:
362 4888 555 4957 Iniqua
599 4891 684 4962 egi
724 4901 781 4946 ut
825 4907 929 4946 non
975 4890 1233 4954 audirem,
1282 4891 1518 4957 festinaui
1560 4900 1753 4947 utnon

160 4978 387 5047 viderem,
434 4991 578 5039 errat
624 4999 712 5038 cor
760 4996 931 5038 meum
955 4999 974 5038 :
1000 4983 1247 5055 iniquitas
1281 4984 1551 5039 inundavit
1594 5001 1754 5058 super

160 5083 262 5139 me;
285 5077 460 5132 animo
487 5092 603 5131 mea
647 5076 845 5131 insistit
888 5076 1084 5130 timori.
1120 5073 1259 5129 Pura
1289 5091 1536 5143 mensam,
1568 5094 1759 5147 specu-

163 5158 264 5218 lare
303 5169 567 5238 speculam
603 5183 623 5223 :
652 5168 929 5235 comedite,
982 5167 1136 5222 bibite
1166 5182 1184 5221 :
1209 5168 1424 5238 surgite,
1459 5168 1757 5240 principes,

163 5269 327 5327 parate
344 5261 574 5335 clypeos.
606 5260 725 5319 Prae
747 5263 953 5332 auditu,
975 5269 1031 5319 et
1053 5262 1260 5319 visione
1275 5261 1567 5319 durissima
1591 5276 1757 5333 quam

231 5475 257 5504 ἰ
283 5466 363 5523 Ne
390 5464 1010 5545 φιλιπὶωμῶσρε-Μίτοτ
1031 5464 1309 5545 quomodo
1333 5464 1614 5545 Marianos

167 5531 1114 5612 lucumonicastigaveritfjrasmum,
1147 5542 1221 5612 uti
1251 5533 1465 5612 fecit‘in
1501 5533 1755 5606 Epistula

168 5556 276 5607 loco
298 5556 404 5603 [ltili
427 5556 486 5594 Cll
524 5556 775 5612 :tgaveru
808 5556 1114 5602 ιιι-8811111111,
1147 5556 1221 5592 1111
1251 5556 1381 5591 [Bell
1412 5556 1465 5588 111
1501 5556 1751 5606 nptstma

167 5606 228 5679 a_d
279 5556 602 5679 Evangelom
663 5611 730 5665 de
786 5598 1200 5679 Melchisedech,
1236 5596 1323 5663 ubi
1357 5600 1501 5661 idem
1548 5620 1751 5679 nomen

170 5626 228 5662 au
280 5626 421 5664 evan
462 5626 602 5665 illum
663 5626 730 5665 ue
786 5626 1200 5672 Μειοηιεθυθθιι,
1236 5626 1323 5663 UDI
1357 5626 1501 5661 luem
1548 5626 1751 5661 nomen

170 5675 405 5761 (fractior
425 5626 663 5753 legimus
687 5680 920 5761 positum
946 5696 962 5747 ;
995 5672 1091 5761 sed
1128 5676 1311 5734 ﬁctam
1342 5682 1533 5761 vocent
1563 5677 1757 5761 abeo-

174 5745 290 5821 deus
317 5745 575 5821 Erastﬁo,
599 5745 709 5813 non
741 5753 905 5808 [idem
926 5745 1178 5809 codicum
1205 5766 1337 5807 mss.
1352 5750 1526 5821 _sequi
1561 5749 1753 5821 vplue-

174 5798 289 5876 ili."
310 5798 1526 5900 statim'33:;o'};b;;i”;wi;;s;1:‘;'
1550 5798 1759 5883 ire}.

1861 4696 2102 4753 auditum
2134 4696 2371 4762 multum,
2399 4704 2451 4752 et
2478 4696 2654 4751 vocavi
2682 4693 2865 4751 Uriam
2896 4698 2965 4751 ad
2994 4694 3278 4766 speculam.
3307 4695 3478 4752 Juhe-

1862 4800 1952 4847 tur
1985 4790 2251 4863 Propheta
2280 4805 2487 4863 ponere
2518 4790 2573 4846 in
2617 4788 2785 4846 corde
2827 4803 2925 4844 suo
2957 4788 3387 4859 speculatorem,
3419 4796 3480 4844 et

1859 4885 2177 4958 diligentius
2206 4885 2411 4943 intueri
2438 4899 2559 4956 quas
2589 4895 2817 4941 ventura
2848 4891 2975 4938 sunt
3026 4879 3228 4938 mundo
3259 4897 3274 4936 :
3307 4881 3470 4939 vidit-

1860 4995 1969 5051 que
1997 4980 2133 5037 duos
2163 4981 2399 5051 equites,
2431 4991 2785 5035 ascensorem
2818 4975 2989 5044 asini,
3024 4985 3081 5033 et
3118 4990 3467 5033 ascensorem

1862 5074 2079 5130 οιηιειί.
2103 5073 2249 5144 Quos
2269 5072 2490 5145 quidam
2512 5073 2594 5129 sic
2635 5074 3027 5143 interpretatus
3053 5079 3139 5129 est
3190 5081 3246 5127 ut
3276 5086 3471 5128 ascen-

1862 5182 2047 5226 sorem
2078 5167 2215 5224 asini
2243 5166 2395 5238 juxta
2421 5166 2801 5239 Evangelicam
2830 5167 3119 5224 lectionem
3145 5164 3301 5240 (Mat.
3326 5164 3466 5238 xxi),

1866 5269 1926 5317 et
1955 5258 2293 5332 prophetiam
2320 5257 2598 5318 Zachariae
2639 5259 2837 5335 (Zaclt.
2870 5262 2981 5333 ts),
3012 5258 3291 5316 Christum
3321 5257 3470 5314 dice-

1864 5458 2185 5515 amatoribus
2206 5460 2570 5533 querelarum;
2601 5477 2709 5516 non
2734 5460 3114 5533 Erasmianum
3142 5461 3472 5533 φιλιπιτιμῶ-

1907 5556 1971 5591 ιν.
2001 5533 2268 5588 Mannum.
2301 5563 2374 5573 —
2402 5532 2497 5587 llis
2525 5533 2754 5593 scilicet,
2787 5531 2877 5598 qui
2909 5530 3158 5598 libenter
3184 5530 3466 5588 accusant.

1912 5604 2037 5660 aulo
2095 5614 2274 5660 autem
2329 5602 2547 5659 diverso
2602 5618 2767 5658 sensu
2808 5596 2923 5654 hoc
2981 5596 3150 5655 utitur
3205 5600 3468 5657 vocabulo

1869 5674 1931 5733 S.
1963 5682 2118 5747 pater
2142 5675 2196 5731 in
2238 5676 2399 5747 epiSt.
2432 5673 2521 5742 75,
2553 5666 2620 5730 ad
2674 5666 3030 5744 Evangeltliti,
3065 5674 3165 5743 pro
3211 5676 3278 5730 eo
3322 5676 3463 5746 qlibd

1870 5748 2208 5805 accusationi
2239 5757 2294 5804 et
2322 5747 2609 5805 calumnia:
2636 5756 2807 5819 patet.
