4010 6306
568 277 677 335 263

1820 263 1880 320 S.
1920 256 2192 320 EUSEBII
2232 253 2617 317 HIERONYMI

3748 255 3841 315 ιιι

563 405 683 462 rei;
712 405 765 451 et
814 390 1124 449 econtrario
1176 399 1527 444 ascensorem
1555 384 1751 439 cameli
1785 425 1798 449 ,
1832 384 2163 438 contrariam
2197 387 2241 443 Α
2272 379 2523 446 loquatur
2548 374 2612 429 ad
2637 370 2964 442 ApOstolos:
2989 370 3121 438 Qua:
3143 370 3319 425 audivi
3337 387 3371 426 a
3399 373 3839 441 patreanuuutiati

569 486 959 543 l'ortittnlinom.
986 483 1147 556 305
1182 491 1404 550 propter
1436 480 1736 536 lteditatem
1772 481 2002 532 tortuosi
2049 478 2167 531 ani-

572 580 787 635 mantis.
820 576 924 632 Alii
951 592 1084 630 Virro
1121 576 1260 629 duos
1285 587 1611 629 ascensiires
1639 574 1833 626 ιιιιειω
1864 581 1919 627 et
1947 571 2169 640 spiritus

569 670 636 726 ad
668 670 776 724 duo
818 669 1065 724 relerqu
1094 668 1469 723 Testamenta.
1503 666 1748 735 llludque
1778 664 1921 735 quod
1969 666 2019 717 iu
2067 663 2170 719 He-

569 763 754 819 braii-o
780 762 981 818 dicitur
1010 777 1136 816 ARtB
1164 761 1369 830 (mas),
1401 775 1499 829 pro
1527 773 1637 829 quo
1666 759 1883 828 Aquila,
1911 766 1965 811 et
2011 755 2173 828 Sym-

574 856 801 914 machus
835 858 1035 911 leonem
1067 869 1121 910 et
1162 852 1381 909 leaenam
1423 850 1768 921 interpretati
1799 860 1954 918 sunt,
1986 850 2173 903 nescio

573 952 703 1023 quid
724 960 965 1005 mentes
987 947 1128 1003 LXX
1143 950 1316 1025 οὐρίαν
1341 954 1675 1016 posuerunt,
1692 944 1838 1014 quod
1854 941 2071 1013 quidam
2092 942 2166 995 lu-

572 1060 690 1099 men
710 1041 922 1097 Domini
946 1040 1295 1108 interpretari
1327 1047 1636 1108 putat,cutn
1657 1033 2173 1091 aliislitterislumett

576 1137 811 1203 Domini,
839 1137 981 1205 quod
1015 1133 1102 1188 hic
1132 1149 1239 1189 non
1272 1130 1525 1196 habetur,
1552 1132 1744 1188 etaliis
1773 1130 2044 1185 scribatur
2072 1126 2173 1195 leo,

576 1233 667 1302 qui
703 1232 791 1285 hic
823 1230 1041 1299 legitur.
1077 1227 1313 1298 Vultque
1357 1228 1757 1297 speculatorem
1789 1227 1982 1290 istum:,
2014 1237 2175 1291 quem

571 1323 797 1395 julietur
843 1321 1113 1391 Propheta
1167 1335 1369 1391 ponere
1424 1320 1476 1375 in
1522 1320 1690 1374 corde
1739 1332 1861 1384 suo,
1911 1314 2176 1386 appellari

581 1417 791 1483 Uriant,
824 1427 877 1470 et
926 1430 1023 1486 per
1071 1413 1578 1485 interpretationem
1630 1410 1868 1493 nominis
1900 1410 2067 1465 refert
2109 1408 2176 1463 ad

577 1509 780 1567 Christi
830 1508 1264 1578 intelligentiam,
1319 1519 1376 1562 ut
1423 1509 1539 1577 ipsi)
1591 1505 1868 1560 habitante
1913 1504 1967 1558 in
1997 1504 2177 1570 nobis,

580 1606 851 1677 possimus
867 1618 1096 1660 cernere
1121 1617 1244 1673 quae
1258 1611 1481 1656 ventura
1498 1609 1646 1655 sunt.
1680 1598 1834 1667 Quod
1861 1598 2181 1668 quideni,et

580 1698 724 1756 leoni
755 1696 1238 1768 poteritcoaptari,
1269 1697 1393 1766 quia
1410 1692 1806 1766 Jacob(Genes.
1835 1696 2053 1764 xux)et
2077 1690 2181 1745 Ba-

574 1791 744 1864 laain(
758 1789 1110 1846 .Vum.xxntet
1133 1790 1192 1861 tt)
1231 1791 1334 1844 sub
1349 1791 1552 1844 Christi
1573 1789 1835 1861 mysterio
1849 1789 2176 1843 nominatur.
2213 1786 2259 1847 B

650 1887 832 1955 (Ver's.
858 1884 1222 1955 e-itl.)Super
1241 1882 1505 1950 speculam
1530 1884 1739 1937 Domini
1761 1901 1853 1956 ego
1873 1901 2010 1948 sum,
2035 1896 2178 1938 stans

570 1985 771 2056 jugiter
807 1996 898 2054 per
942 1981 1101 2043 diem,
1127 1989 1172 2033 et
1190 1994 1345 2049 super
1382 1978 1671 2032 custodiunt
1713 1994 1878 2032 meum
1925 1994 2017 2050 ego
2039 1993 2175 2045 sum,

579 2090 725 2131 stuns
766 2076 885 2129 totis
928 2073 1184 2127 noctibus.
1222 2070 1356 2126 Ecce
1411 2075 1506 2127 iste
1533 2072 1668 2125 venit
1689 2087 1933 2125 ascensar
1953 2073 2029 2125 vir
2051 2071 2180 2143 biga:

580 2171 829 2243 equitum,
852 2179 902 2224 et
921 2168 1184 2236 respondit
1207 2177 1254 2221 et
1275 2166 1405 2220 dixit
1432 2183 1450 2220 :
1472 2164 1690 2227 Cecidit,
1716 2166 1901 2220 cecidit
1921 2164 2176 2236 Babylon,

580 2273 628 2319 et
650 2265 824 2318 omtiu
863 2258 1128 2333 sculptilia
1166 2259 1379 2313 deorum
1420 2261 1532 2331 ejus
1553 2258 1775 2311 contrita
1795 2269 1915 2312 sunt
1935 2258 1989 2311 in
2020 2266 2175 2311 terra.

582 2356 789 2412 Tritum
825 2374 958 2420 mea,
1001 2365 1071 2409 et
1091 2355 1189 2424 filii
1234 2370 1373 2408 areae
1394 2370 1536 2413 mete.
1561 2370 1677 2425 quia
1695 2352 1925 2407 audivia
1962 2352 2178 2405 Domino

577 2453 899 2508 exercituum
924 2449 1030 2504 Deo
1053 2446 1243 2512 Israel,
1275 2448 1583 2501 annuntiavi
1605 2446 1764 2500 vobis.
1793 2443 1937 2499 LXX
1963 2461 1975 2495 :
2003 2440 2177 2495 Domi-

579 2561 677 2598 nus
698 2545 867 2599 dixit:
896 2544 1027 2598 Steti
1050 2559 1138 2610 per
1159 2550 1317 2595 totam
1337 2541 1493 2603 diem,
1516 2550 1561 2593 et
1581 2555 1735 2602 super
1756 2548 1923 2592 castra
1947 2554 2039 2607 ego
2065 2535 2183 2590 steti

579 2645 685 2691 tota
706 2646 854 2691 nocte
876 2652 895 2690 :
916 2644 965 2690 et
988 2651 1102 2688 ecce
1123 2636 1234 2699 ipse
1256 2633 1391 2686 venit
1433 2647 1675 2685 ascensor
1697 2630 1848 2701 bigiv,
1882 2640 1931 2683 et
1962 2645 2179 2701 respon-

579 2734 706 2786 dens
727 2733 800 2784 ait
824 2746 843 2785 :
866 2729 1083 2789 Cecidit.
1112 2728 1293 2781 cecidit
1333 2724 1593 2796 Babylon,
1620 2735 1665 2779 et
1689 2725 1863 2778 omnia
1899 2724 2179 2777 simulacra

578 2829 713 2898 ejus.
736 2836 783 2878 et
812 2822 1108 2892 manufacta
1133 2821 1354 2875 contrita
1373 2828 1493 2874 sunt
1516 2820 1746 2873 interra.
1772 2817 1960 2872 Audite
1978 2817 2066 2885 qui
2086 2816 2180 2870 de-

577 2919 741 2974 relicti
793 2917 937 2979 estis,
985 2927 1033 2970 et
1081 2914 1264 2968 doletis
1285 2929 1304 2967 :
1329 2912 1507 2966 audite
1538 2927 1654 2981 qua:
1698 2910 1874 2964 audivi
1901 2927 1932 2963 a
1954 2906 2179 2962 Domino

580 3011 833 3070 Sabaoth,
862 3009 1001 3064 Deus
1026 3008 1196 3063 Israel
1215 3008 1544 3063 annuntiuvit
1565 3004 1728 3059 nobis.
1756 3004 1878 3060 Stat
1899 2994 2175 3073 Propheta

579 3104 633 3159 in
661 3104 880 3172 specula
902 3102 1141 3170 Domini,
1164 3107 1220 3157 et
1242 3102 1291 3153 in
1322 3099 1464 3154 illius
1484 3100 1692 3155 lumine
1712 3097 2039 3153 constitutus
2060 3111 2179 3166 quia

2272 473 2407 526 vobis
2444 468 2627 543 (Joan.
2654 484 2741 533 xv,
2776 465 2894 531 l5).
2927 467 2989 522 Et
3036 466 3160 536 quia
3195 482 3295 537 pro
3322 470 3426 521 hoc
3464 466 3519 521 in
3571 464 3712 522 LXX
3735 467 3841 539 logi-

2273 572 2379 621 tnr.
2409 564 2585 616 audite
2612 561 2700 631 qui
2743 559 2909 615 relicti
2935 560 3077 620 estis,
3100 568 3148 613 et
3177 559 3382 624 doletis,
3416 557 3505 614 hic
3549 560 3681 613 tnilii
3715 564 3840 627 juxta

2273 654 2772 725 interpretationem
2802 668 2992 708 eorum
3019 666 3216 708 sensus
3243 653 3496 708 videtur:
3525 652 3572 708 Ο
3602 650 3839 723 Apostoli,

2273 748 2342 803 de
2379 748 2575 817 quibus
2629 746 2820 801 scribit
2868 744 3228 801 Isaias:Nisi
3280 744 3536 800 Dominus
3585 744 3844 818 reliquisset

2274 840 2419 895 nobis
2448 856 2642 904 semen,
2674 839 2821 909 quasi
2846 838 3077 894 Sodoma
3109 838 3629 902 essemus,etsimilrs
3653 838 3841 895 Gomor-

2276 933 2384 986 rlia:
2410 932 2687 1001 fuissemus
2716 926 2849 1002 (Isa.
2888 947 2941 998 ν,
2968 931 3050 1001 9),
3082 947 3312 1002 quorum
3340 933 3603 1003 reliquias
3637 944 3691 988 et
3720 933 3843 1005 Apo-

2275 1026 2453 1082 stolus
2493 1026 2560 1081 ad
2593 1027 2866 1081 Romanos
2903 1026 3059 1081 docet
3107 1040 3229 1082 esse
3255 1027 3534 1097 szilvatas(
3556 1025 3704 1081 Rom.
3729 1028 3841 1098 ix):

2277 1121 2367 1190 qui
2396 1119 2568 1173 relicti
2599 1119 2731 1175 estis
2753 1118 2821 1173 de
2846 1119 3045 1189 pol~u|o
3068 1117 3381 1174 Judaeorum
3413 1128 3473 1173 ut
3495 1118 3845 1187 salvaremini;

2279 1224 2336 1269 et
2366 1212 2569 1268 doletis
2608 1228 2772 1279 super
2798 1212 3105 1280 perditione
3154 1216 3332 1284 gentis
3358 1224 3577 1278 vestrae,
3602 1216 3669 1269 de
3694 1230 3784 1285 qua
3804 1223 3849 1271 et

2280 1304 2410 1360 alibi
2458 1305 2728 1375 legimus:
2760 1303 2992 1359 Tristitia
3006 1314 3081 1361 est
3100 1307 3244 1360 cordi
3293 1322 3427 1371 meo,
3457 1318 3505 1361 et
3528 1305 3678 1361 dolor
3720 1310 3850 1363 conti-

2286 1414 2423 1452 uuus
2448 1416 2542 1467 pro
2572 1397 2824 1467 fratribus
2865 1400 3009 1463 meis,
3040 1400 3130 1469 qui
3173 1410 3295 1453 sunt
3320 1397 3573 1455 Israelita:
3600 1401 3848 1456 secundum

2281 1506 2492 1546 carnem
2517 1490 2701 1560 (Rom.
2744 1506 2820 1558 tx,
2852 1491 2905 1556 2,
2936 1491 2994 1561 3)
3015 1507 3034 1545 :
3066 1490 3182 1546 haec
3209 1509 3327 1562 qua:
3365 1495 3545 1548 audivi
3575 1510 3605 1548 a
3640 1496 3744 1551 lleo
3767 1495 3844 1550 Pa-

2283 1592 2389 1648 tre,
2420 1582 2572 1637 vobis
2602 1585 2889 1649 annuntio,
2916 1599 3034 1655 qua:
3064 1583 3209 1640 Deus
3233 1584 3403 1641 Israel
3453 1587 3609 1643 vobis
3650 1600 3849 1646 ventura

2286 1674 2555 1743 praedicit.

2358 1766 2540 1837 (Vers.
2568 1768 2656 1835 ll,
2688 1762 2806 1839 12.)
2852 1768 2999 1824 Onus
3024 1769 3195 1825 Duma
3224 1786 3244 1826 :
3266 1771 3335 1825 ad
3353 1787 3434 1825 me
3447 1773 3638 1827 clamat
3663 1790 3722 1829 ea:
3734 1773 3853 1832 Seir:

2282 1860 2486 1924 Custos,
2510 1862 2636 1930 quid
2651 1860 2714 1913 de
2743 1864 2926 1917 nocte?
2952 1871 3146 1927 custos,
3173 1863 3300 1934 quid
3323 1863 3388 1918 de
3414 1866 3600 1920 nocte?
3620 1864 3754 1920 Dixit
3779 1882 3852 1920 cu-

2278 1963 2407 2020 stos,
2439 1957 2572 2009 veuit
2602 1970 2771 2019 mane.
2805 1965 2853 2010 et
2883 1971 3005 2009 uox.
3038 1955 3100 2011 Si
3152 1958 3406 2027 qua’ritis,
3456 1958 3671 2029 quwrite
3704 1975 3721 2012 :
3750 1975 3855 2013 eon-

2280 2047 2559 2113 oertimini,
2591 2056 2637 2101 et
2661 2048 2844 2103 venite.
2874 2048 3054 2103 LXX:
3097 2048 3245 2103 Visio
3276 2049 3546 2118 ldumtva',
3573 2053 3644 2106 ad
3672 2069 3743 2107 me
3764 2054 3856 2108 cla—

2283 2153 2387 2197 mat
2410 2144 2476 2198 de
2512 2144 2631 2199 Seir
2652 2159 2671 2198 :
2695 2142 2960 2200 Custodite
3006 2148 3419 2217 propugnacula,
3460 2149 3693 2201 custodio
3728 2164 3854 2204 mane

2288 2249 2337 2293 et
2364 2250 2538 2305 nocte;
2566 2240 2612 2293 si
2625 2240 2835 2309 quieris,
2859 2256 3027 2310 quivre
3046 2256 3064 2293 :
3091 2249 3137 2293 et
3159 2241 3299 2310 apud
3326 2257 3406 2294 tne
3427 2239 3623 2294 habita.
3643 2240 3853 2298 Verbum

2285 2331 2611 2388 Hebratcum
2639 2308 2676 2368 γυ
2707 2346 2831 2387 ειΑι
2863 2308 3001 2403 (ὗκ
3032 2333 3074 2401 ),
3113 2308 3258 2401 quod
3303 2348 3495 2389 omnes
3535 2334 3852 2404 interpretati

2282 2436 2435 2493 sunt,
2467 2426 2537 2480 ad
2576 2442 2676 2492 me,
2711 2428 2756 2481 si
2806 2427 3045 2481 volueris
3091 2428 3276 2497 legere
3332 2443 3439 2494 ειι,
3494 2430 3857 2498 interpretatur

2287 2521 2426 2575 Deus
2447 2538 2607 2586 meus,
2645 2521 2729 2575 vel
2762 2524 2911 2593 fortis
2941 2538 3103 2576 meus.
3159 2521 3429 2592 Quodque
3472 2540 3567 2577 nos
3611 2524 3852 2590 diximus,

2282 2616 2491 2682 clamat,
2526 2616 2608 2669 vel
2636 2622 2799 2681 vocat,
2829 2615 2879 2668 id
2909 2622 3013 2677 est,
3042 2615 3197 2676 καλεῖ,
3224 2617 3525 2671 secundum
3554 2614 3778 2680 Hebrsei,
3805 2623 3852 2670 et

2282 2706 2455 2763 Grmci
2486 2708 2755 2762 sermOuis
2789 2707 3197 2777 ambiguitatem
3220 2709 3328 2763 dici
3359 2718 3540 2777 potest
3580 2709 3759 2774 clama,
3782 2707 3853 2761 vel

2282 2816 2443 2866 voca;
2473 2808 2634 2856 etest
2660 2814 2855 2855 sensus
2885 2817 2898 2852 :
2925 2800 3068 2855 Deus
3098 2802 3189 2871 qui
3221 2815 3301 2857 est
3334 2812 3520 2857 custos
3574 2817 3738 2867 mens,
3776 2800 3855 2856 die

2283 2909 2347 2949 ac
2377 2906 2535 2950 nocte
2576 2911 2662 2950 me
2704 2893 2773 2949 ad
2830 2896 3202 2965 penitentiam
3266 2909 3445 2963 vocat,
3473 2908 3534 2952 ut
3565 2898 3853 2966 relinquens

2286 2987 2425 3054 Seir,
2449 2989 2593 3059 quod
2627 2991 3014 3061 interpreiatur
3061 2992 3299 3062 hispidus
3323 3007 3386 3048 ac
3427 2994 3660 3065 ‘pilosus,
3691 3007 3855 3047 rever-

2283 3088 2386 3147 tar,
2414 3091 2470 3137 et
2495 3083 2729 3139 Ιιηιιίιιυιιι
2751 3086 2895 3150 apud
2917 3102 3067 3141 eum.
3105 3086 3275 3141 Duma
3327 3086 3412 3141 vel
3461 3086 3848 3151 sinulitudiuem,

581 3211 806 3254 ventura
832 3200 960 3260 sint,
984 3195 1265 3267 prospicit.
1295 3193 1551 3262 Hoiicque
1586 3190 1745 3248 habet
1768 3191 2096 3254 cuuodiam,
2120 3198 2175 3243 ct
2201 3187 2247 3252 C
2280 3178 2366 3232 νει
2393 3176 2676 3245 silentium.
2703 3189 2879 3236 θυηδῑ-
2911 3179 3148 3236 Idumam
3171 3194 3352 3235 autem
3386 3182 3438 3236 in
3472 3190 3720 3237 terrenam
3744 3194 3852 3234 \‘cr-

578 3294 681 3350 boc
703 3292 803 3349 sibi
828 3293 1065 3347 oilicmin
1093 3290 1424 3361 delegatum,
1452 3297 1509 3343 ut
1531 3289 1584 3342 in
1626 3287 1808 3341 steculi
1833 3284 1989 3340 istius
2021 3292 2175 3338 tene-

574 3386 689 3443 bris
730 3400 851 3457 quze
873 3399 1099 3440 ventura
1127 3381 1577 3451 sintcouspiciat.
1621 3379 1761 3435 Ecce
1801 3380 1923 3443 iste,
1974 3375 2171 3446 inquit,

578 3480 746 3538 venit.
771 3483 874 3534 hoc
922 3478 1064 3548 quod
1090 3480 1357 3546 sequitur,
1381 3490 1442 3529 se
1464 3475 1666 3527 vidisse
1698 3471 2035 3539 signiﬁcans,
2084 3481 2176 3522 ve-

576 3572 696 3628 nire
723 3573 1009 3625 Dominum
1032 3569 1371 3625 Solvatoretn
1398 3566 1678 3621 sedentem
1704 3579 1867 3634 super
1888 3564 2085 3628 bigam.
2121 3569 2175 3615 et

577 3662 789 3717 duobus
833 3664 1008 3731 equis,
1053 3660 1221 3714 immo
1260 3658 1649 3723 animantibus,
1700 3657 1855 3710 asino
1883 3665 1937 3709 et
1963 3654 2175 3709 eamclo

579 3769 749 3810 unum
772 3767 993 3809 currum
1028 3753 1363 3822 jungentem.
1386 3750 1485 3818 Qui
1518 3762 1775 3804 ascensor
1800 3745 1933 3818 liigm
1962 3745 2176 3801 deside-

579 3850 719 3903 rauti
763 3843 1068 3915 Pmplietaa,
1114 3852 1169 3899 et
1209 3842 1375 3898 verba
1418 3842 1535 3911 ejus
1575 3840 1765 3895 audire
1792 3838 2062 3908 ειιρῑσιιιιί,
2089 3853 2175 3892 rc-

579 3936 799 4009 spondit
821 3947 876 3991 et
894 3936 1029 3991 dixit
1054 3953 1068 3991 :
1093 3932 1313 4001 Cecidit,
1335 3932 1517 3987 cecidit
1539 3931 1798 4003 Babylon,
1827 3933 1993 3987 totius
2024 3930 2174 3985 orbis

576 4029 830 4086 conlusio
857 4046 871 4084 :
895 4039 949 4085 et
981 4028 1035 4083 in
1058 4027 1295 4083 adventu
1321 4042 1444 4082 meo
1473 4026 1690 4091 cecidit,
1721 4040 1830 4096 quo
1877 4025 2171 4079 humanum

577 4139 778 4195 corpus
798 4121 1088 4191 assumpsi,
1114 4132 1169 4176 et
1194 4119 1408 4189 penitus
1450 4120 1502 4173 in
1526 4116 1995 4174 consummatione
2017 4131 2176 4170 mun-

580 4216 634 4272 di
658 4216 863 4270 ruitura
889 4226 992 4269 est.
1029 4211 1098 4266 Et
1120 4214 1295 4267 omnia
1315 4213 1581 4284 sculptilia
1602 4214 1715 4283 ejus
1737 4212 1955 4265 contrita
1977 4218 2099 4264 sunt
2122 4210 2175 4263 in

581 4317 740 4364 terra.
765 4305 872 4361 Pro
892 4320 999 4376 quo
1024 4306 1373 4375 Septuaginta
1403 4303 1680 4357 simulacra
1701 4312 1749 4356 et
1769 4306 2069 4374 manu/acta
2096 4303 2174 4356 in-

581 4401 865 4473 terpretati
897 4408 1046 4469 sunt,
1080 4400 1445 4471 significantes
1490 4398 1655 4471 306
1700 4396 2032 4467 Scripturam
2065 4397 2175 4451 hrc-

580 4496 880 4552 retieorum
912 4495 1199 4563 variosque
1238 4506 1456 4547 errores
1494 4492 1805 4557 limresewn,
1828 4494 1919 4562 qui
1946 4489 2176 4547 fabrica-

2283 3275 2437 3328 titur.
2470 3273 2728 3329 Dominus
2783 3291 2915 3347 ergo
2936 3276 3097 3349 307
3128 3276 3363 3348 loquitur
3390 3277 3457 3330 ad
3490 3276 3849 3344 Apostolorum

2287 3364 2541 3433 chorum,
2594 3380 2645 3423 et
2702 3373 2943 3441 praeripit
2977 3371 3027 3424 ei
3062 3384 3076 3424 :
3112 3371 3193 3424 Ad
3219 3384 3305 3425 me
3335 3385 3468 3425 voca
3500 3386 3597 3426 eos
3625 3371 3713 3441 qui
3744 3374 3856 3424 sunt

2279 3458 2348 3514 de
2372 3458 2513 3523 Seir,
2546 3468 2602 3514 ut
2628 3460 2760 3515 mihi
2811 3464 3016 3517 serviat
3059 3465 3301 3534 gentium
3334 3463 3643 3524 multitudo,
3674 3475 3782 3530 qua:
3808 3459 3853 3512 in

2281 3551 2695 3607 similitudinem
2738 3554 2879 3608 Esau
2910 3555 3042 3609 nihil
3080 3556 3132 3610 in
3159 3571 3220 3611 se
3261 3555 3425 3611 habet
3455 3556 3620 3611 molle
3643 3567 3691 3609 ei
3732 3561 3852 3607 leve.

2280 3660 2344 3700 ac
2384 3648 2635 3711 nitidum,
2678 3649 2772 3703 sed
2806 3660 2893 3706 est
2918 3650 3134 3719 hispida
3156 3691 3169 3711 .
3206 3650 3316 3706 fera
3342 3693 3358 3717 ,
3401 3648 3766 3705 intractabilis.
3795 3646 3851 3700 Et

2278 3752 2313 3791 ο
2349 3752 2469 3803 vos,
2501 3738 2781 3809 Apostoli,~
2828 3754 3112 3813 postquam
3152 3744 3476 3800 vocaveritis
3504 3745 3568 3799 ad
3598 3761 3681 3799 me
3704 3741 3857 3797 natio-

2280 3846 2377 3886 nes
2406 3835 2474 3890 de
2500 3832 2641 3905 Seir,
2665 3839 2939 3895 custodiae
2972 3839 3230 3894 Ecislesim
3254 3841 3673 3911 pr0puguzicuia,
3702 3855 3764 3894 ne
3791 3836 3858 3889 lac

2277 3932 2383 3987 cile
2433 3929 2606 3986 hostis
2649 3932 3033 3999 irrumpat:ne
3059 3931 3145 3987 leo
3166 3920 3853 4004 rugiensatquecircniens,

2279 4025 2372 4095 qui
2411 4025 2605 4095 qua-rit
2643 4024 2849 4079 aditum
2892 4040 2988 4093 per
3023 4041 3184 4094 quem
3226 4026 3395 4095 possit
3448 4029 3651 4083 intrare
3677 4070 3691 4094 ,
3728 4024 3858 4080 clau-

2280 4135 2400 4173 sum
2443 4120 2494 4172 in
2541 4119 2783 4173 Ecclesia
2837 4133 3055 4190 gregem
3106 4120 3312 4175 laceret
3366 4131 3529 4193 atque
3582 4118 3856 4190 disperdat.

2279 4211 2692 4283 Re~pouditque
2751 4211 3013 4267 Ecclesia:
3073 4214 3363 4268 multitudo
3406 4232 3418 4269 :
3461 4231 3569 4269 non
3609 4215 3774 4269 solum
3811 4208 3859 4263 in

2280 4304 2597 4376 prosperis,
2640 4303 2735 4359 sed
2779 4305 2829 4358 in
2871 4305 3139 4373 adversis,
3185 4306 3286 4362 hoc
3323 4316 3439 4373 est,
3472 4316 3528 4363 et
3566 4309 3617 4363 in
3656 4306 3776 4369 die,
3811 4307 3862 4356 et

2286 4398 2340 4452 in
2366 4408 2549 4465 nocte,
2576 4406 2688 4463 tua,
2717 4396 2883 4461 Deus,
2912 4412 3186 4469 pra'cepta
3220 4399 3476 4456 servabo.
3505 4400 3585 4455 Ad
3607 4414 3760 4471 quam
3792 4396 3862 4449 lo-

2280 4492 2463 4559 quitur
2491 4490 2631 4544 Deus
2658 4506 2670 4541 :
2702 4488 2760 4545 Si
2783 4504 2912 4544 vere
2940 4506 3029 4545 me
3053 4495 3461 4562 quaeris,opere
3486 4490 3713 4548 ostende
3731 4486 3861 4559 quod

579 4598 726 4645 tores
770 4598 895 4643 sunt
938 4586 1226 4652 idolorum,
1249 4595 1305 4639 et
1349 4586 1580 4639 adorant
1613 4600 1736 4656 qua:
1775 4584 1843 4638 de
1893 4598 1992 4637 suo
2013 4581 2178 4637 c0rde
2206 4585 2255 4646 D
2283 4599 2369 4638 me
2397 4597 2644 4653 qua-ras;
2680 4597 2781 4637 nec
2810 4584 2979 4639 semel
3013 4583 3107 4639 tibi
3133 4600 3398 4656 quaesisse
3450 4586 3718 4648 solliciat;
3775 4577 3862 4635 sed

526 4718 537 4726 -
579 4682 871 4737 lliixerunt.
926 4679 1191 4749 Quodque
1237 4679 1485 4748 sequitur
1513 4692 1577 4731 ex
1606 4691 1837 4746 persona
1889 4674 2176 4743 Propheta:

576 4774 808 4831 dicentis
840 4791 854 4827 :
879 4772 1094 4827 Tritura
1115 4787 1248 4835 mea,
1271 4780 1317 4824 et
1340 4770 1417 4839 [ili
1439 4784 1575 4822 area:
1617 4784 1761 4828 uteie,
1789 4783 1906 4837 qua:
1930 4766 2107 4819 audivi
2143 4783 2175 4818 a

579 4865 807 4921 Domino
826 4866 1139 4920 exercituum
1156 4864 1264 4917 Deo
1291 4859 1482 4917 Israel.
1508 4861 1814 4913 annuntiavi
1842 4857 2003 4922 vobis,
2022 4858 2174 4926 juxta

581 4959 907 5016 Hebraicum
932 4963 1077 5013 hunc
1105 4958 1269 5013 habet
1289 4972 1509 5012 sensum
1537 4973 1549 5009 :
1584 4954 1631 5010 0
1657 4954 1872 5024 popule,
1923 4956 2012 5023 qui
2044 4966 2176 5007 con-

580 5054 793 5110 denilus
815 5068 875 5108 t-s
897 5056 948 5107 in
974 5054 1167 5107 horrea
1199 5067 1342 5118 mea,
1369 5067 1532 5123 quem
1565 5050 1903 5106 idcircotrivi
1928 5049 1979 5103 in
2008 5048 2173 5105 variis

579 5145 869 5218 angu-tiis,
902 5156 961 5200 ut
990 5146 1172 5213 pali-as
1201 5145 1271 5201 ab
1297 5160 1364 5200 eo
1382 5154 1715 5211 excuterem,
1742 5154 1797 5201 et
1819 5142 2167 5214 purissimum

578 5237 817 5295 triticum
868 5237 922 5293 in
964 5236 1098 5292 meis
1154 5232 1366 5292 horreis
1388 5234 1738 5303 coiideretur,
1771 5251 1892 5306 qua:
1914 5234 2093 5290 audivi
2136 5249 2167 5290 a

578 5332 811 5391 Domino
856 5332 1193 5388 exercituum
1221 5329 1331 5384 Deo
1361 5327 1525 5384 Israel
1552 5343 1675 5384 esse
1702 5338 1928 5385 ventura
1954 5329 2170 5383 univer-

575 5438 637 5481 so
665 5426 890 5493 mundo,
944 5425 1059 5478 haec
1098 5421 1252 5478 vobis
1274 5422 1365 5493 qui
1400 5423 1451 5475 in
1493 5420 1695 5476 mundo
1738 5422 1872 5477 estis
1916 5422 2169 5477 omnibus

575 5520 839 5576 nuntiavi.
892 5518 999 5574 Alii
1048 5532 1178 5572 vero
1224 5516 1410 5571 dicunt
1462 5514 1640 5570 adhuc
1667 5516 2004 5584 superiorem
2045 5531 2167 5571 esse

572 5626 887 5683 personam,
916 5611 1175 5668 videlicet
1221 5609 1435 5666 Domini
1491 5604 1814 5677 Salvatoris,
1868 5609 2010 5680 quod
2050 5611 2168 5679 ipse

2280 4692 2439 4748 quem
2487 4677 2785 4744 inveneris,
2843 4691 3061 4748 semper
3115 4678 3365 4748 inquire;
3415 4689 3470 4735 et
3500 4691 3558 4735 ut
3588 4672 3865 4749 perfectius

2282 4781 2490 4840 teneas,
2526 4771 2850 4828 obliviscere
2878 4774 3061 4845 populi
3095 4776 3190 4837 tui,
3214 4783 3268 4829 et
3291 4776 3483 4831 domus
3503 4776 3675 4848 patris
3695 4772 3792 4831 tui.
3817 4772 3868 4822 et

2280 4865 2502 4919 deserto
2531 4880 2724 4919 errore
2752 4867 3061 4936 gentilium,
3087 4866 3229 4937 apud
3260 4883 3347 4922 me
3379 4868 3433 4922 in
3455 4866 3699 4922 Ecclesia
3724 4876 3870 4918 cont-

2282 4972 2521 5013 morare.
2559 4958 2671 5013 Hoc
2695 4958 2847 5030 juxta
2897 4958 3043 5014 LXX
3085 4960 3404 5028 dixerimus,
3458 4960 3550 5031 qui
3606 4960 3870 5014 visionem

2280 5049 2553 5120 idumaeas,
2598 5053 2701 5108 hoc
2744 5061 2851 5117 est,
2901 5065 3118 5109 terrena:
3157 5064 3361 5124 ponunt
3394 5054 3448 5109 in
3479 5054 3655 5119 titulo,
3689 5064 3746 5107 ut
3779 5060 3869 5104 eos

2278 5160 2341 5199 os
2366 5144 2569 5201 endant
2616 5145 2821 5210 vocari,
2853 5146 2943 5216 qtti
2993 5148 3141 5215 prius
3172 5146 3407 5201 terrenis
3460 5147 3725 5218 operibus
3753 5156 3867 5198 ser-

2274 5239 2518 5295 viebant.
2559 5238 2732 5294 Porro
2776 5238 2929 5309 juxta
2981 5239 3255 5309 Aquilam,
3288 5242 3378 5311 qui
3412 5239 3604 5309 Duma,
3630 5241 3733 5294 hoc
3763 5241 3864 5299 est,

2274 5335 2535 5388 silentium
2559 5333 2759 5403 posuit,
2793 5333 2877 5387 vel
2907 5334 3326 5399 similitudinem,
3367 5335 3447 5390 sic
3479 5347 3765 5406 possumus
3788 5330 3868 5383 in-

2276 5427 2541 5498 telligere,
2572 5436 2630 5482 ut
2657 5426 2723 5481 ad
2748 5426 3160 5482 similitudinem
3189 5427 3370 5497 populi
3418 5427 3582 5484 Israel
3612 5436 3869 5499 provoco.

2275 5528 2362 5575 tur
2389 5520 2631 5591 gentium
2662 5519 2974 5585 multitudo,
2997 5529 3052 5575 et
3091 5521 3177 5575 tibi
3211 5520 3358 5591 prius
3384 5520 3659 5577 silentium
3693 5517 3870 5573 fuerat

2273 5612 2410 5683 legis
2434 5611 2553 5681 Dei,
2580 5613 2653 5669 ibi
2686 5612 3046 5669 confessionis
3073 5614 3281 5669 clamor
3300 5614 3373 5669 sit
3405 5632 3419 5670 :
3450 5625 3507 5671 et
3526 5616 3760 5671 oleaster
3785 5609 3868 5662 in-

646 5738 675 5769 ι
703 5733 763 5788 In
795 5731 967 5786 Vatic.
996 5726 1457 5800 quemadmodum
1470 5736 1540 5800 ,ει
1572 5728 1854 5800 Sangerm.
1891 5741 1993 5783 ms.
2032 5726 2179 5799 apud
2210 5726 2534 5797 Montfauc.,
2566 5743 2709 5785 nam
2730 5770 2744 5798 ,
2772 5727 2917 5801 quod
2947 5743 3045 5801 pro
3066 5744 3243 5798 una,
3273 5730 3389 5787 sive
3428 5746 3567 5787 nam
3599 5726 3865 5800 scriptum

575 5823 886 5883 nullatenus
906 5822 1118 5879 dubito.

692 5982 704 6008 Ι
