4010 6316
189 288 290 346 285

684 284 1321 346 COMIIENTARIORUM
1360 284 1426 343 IN
1466 285 1700 344 ISAIAM
1740 285 2168 346 PROPHE'I‘AM
2208 287 2339 345 LIB.
2384 287 2495 346 VII.
2538 289 2692 348 CAP.
2738 291 2908 350 XXII.

3333 299 3441 356 266

193 410 386 466 feratur
427 409 481 466 in
530 409 714 467 bonam
763 409 980 463 olivam.
1025 406 1279 477 Legimus
1326 405 1460 463 etin
1492 405 1746 477 parabola
1776 411 1832 472 Α
1855 407 1995 476 quod
2028 407 2421 478 interpretatur
2431 409 2662 481 judicia.
2688 409 2834 477 Quot
2861 409 3005 466 enim
3034 410 3236 469 habent
3264 428 3450 486 pecca-

191 503 457 575 Evaugelii
489 504 669 558 missos
693 515 901 566 servos,
935 501 1022 572 qui
1056 511 1312 555 vocarent
1341 499 1514 555 bonos
1543 507 1598 554 et
1627 515 1741 554 ma-

197 595 297 663 los,
327 612 388 652 ac
409 595 786 668 patrisfamilias
815 594 884 651 de
910 594 1240 664 quibuslibet
1292 593 1582 664 implerent
1617 607 1748 648 con-

197 691 402 757 vivium,
425 690 539 762 quia
563 690 769 761 priores
797 690 984 745 venire
1011 690 1310 745 noluerunt
1336 687 1556 759 (Matth.
1585 687 1744 760 χιιι).

194 783 365 840 Potest
392 794 444 841 et
481 785 709 841 Ecclesia
742 799 968 839 narrare
1014 783 1162 855 quod
1216 783 1476 839 Dominus
1503 781 1572 838 de
1603 782 1745 851 Seir,

187 874 283 932 boc
316 885 413 945 est,
464 876 531 934 de
567 876 798 933 terrenis
851 876 986 932 locis
1012 876 1079 931 ad
1109 891 1172 932 se
1201 876 1552 941 vociferatur,
1581 889 1752 948 seque

187 979 431 1042 provocet
453 971 517 1026 ad
543 972 797 1038 salutem,
836 979 892 1026 et
928 968 1076 1026 dicat
1119 969 1186 1026 ad
1215 968 1388 1042 ipsum
1421 969 1749 1024 Dominum:

184 1061 227 1120 0
246 1075 444 1128 custos,
469 1063 592 1136 quid
617 1063 686 1120 dc
714 1072 871 1119 nocte
895 1078 1235 1132 consurgens
1257 1064 1499 1118 versaris
1518 1062 1575 1116 in
1604 1072 1755 1117 tene-

184 1155 326 1212 bris?
369 1155 487 1229 quid
527 1157 730 1228 abSqne
784 1164 1012 1227 peccato
1055 1157 1108 1212 in
1139 1170 1306 1212 carne
1327 1171 1388 1211 es
1417 1152 1755 1224 peccatricet

182 1267 278 1324 qua
301 1267 452 1308 causa
483 1251 701 1308 voluisti
733 1251 1028 1307 humanum
1069 1265 1270 1319 corpus
1301 1248 1622 1304 assumere?
1654 1246 1757 1303 Ile-

179 1344 386 1414 spondit
419 1355 611 1412 custos,
642 1344 745 1401 hoc
773 1353 878 1411 est,
929 1343 1317 1410 Samaritanus,
1366 1342 1457 1413 qui
1497 1342 1550 1396 in
1581 1339 1759 1396 Evan-

178 1437 306 1508 gelio
327 1437 658 1494 vulneratum
704 1436 817 1494 suis
855 1437 1099 1492 humeris
1123 1435 1190 1491 ad
1217 1433 1489 1490 stabulum
1519 1443 1761 1501 reporta-

179 1529 246 1586 vit
269 1529 410 1602 (Luc.
434 1531 508 1603 ix)
532 1549 545 1585 :
588 1529 741 1586 Venit
763 1545 912 1600 mane
937 1539 985 1583 et
1012 1545 1135 1583 nox.
1162 1529 1227 1583 Et
1247 1539 1333 1583 εει
1359 1540 1583 1582 sensus:
1613 1523 1758 1580 Gen-

178 1619 294 1674 tium
343 1619 682 1676 mnltitudiui
723 1632 878 1674 ortus
924 1628 1009 1673 est
1062 1617 1147 1672 sol
1195 1616 1446 1688 justitiae,
1476 1623 1533 1670 et
1557 1613 1760 1671 Judaeis

176 1722 422 1769 venerunt
467 1713 744 1770 tenebrae.
795 1711 955 1768 Juxta
993 1711 1137 1782 quod
1190 1710 1392 1766 dicitur
1420 1724 1449 1761 a
1479 1707 1712 1763 Domino
1747 1723 1759 1759 :

1853 507 2031 556 torum
2063 515 2288 572 genera,
2321 509 2402 556 tot
2426 501 2758 568 judiciorum
2812 513 3093 558 merentur
3123 509 3444 562 sententias.

1853 591 2039 648 Potest
2077 603 2260 650 autem
2317 592 2502 648 Dedan
2539 602 2598 650 et
2635 594 2837 666 grande
2876 597 3140 669 judicium
3184 599 3447 672 interpr-eo

1854 684 1976 739 tari.

1926 777 2106 850 (Vers.
2143 779 2233 846 14,
2259 779 2393 850 15.)
2434 779 2775 836 Occurrentes
2829 782 3022 838 sitienti
3068 783 3198 852 ferte
3240 801 3450 858 aquam,

1854 872 1945 941 qui
1971 871 2218 927 habitatis
2247 881 2438 927 terram
2476 873 2675 940 Austri,
2704 891 2821 929 cum
2851 875 3072 944 panibus
3095 879 3350 933 occurrite
3369 879 3454 949 {u-

1856 965 2034 1034 gienti.
2068 965 2110 1019 A
2135 965 2269 1036 facie
2312 966 2445 1020 enim
2466 965 2763 1039 gladiorum
2814 970 3081 1041 fugerunt,
3109 984 3142 1022 a
3168 968 3304 1038 [acie
3343 968 3459 1040 gla-

1858 1057 1932 1111 dii
1984 1058 2320 1125 immincntis,
2350 1060 2535 1130 afacie
2565 1059 2732 1132 309
2783 1076 2932 1114 arcus
2984 1062 3198 1127 extenti,
3243 1080 3275 1116 a
3325 1063 3459 1132 [acie

1858 1153 2030 1225 gravis
2063 1153 2251 1220 prwlt'i.
2286 1151 2430 1208 LXX
2463 1171 2476 1206 :
2507 1151 2573 1206 In
2605 1170 2872 1208 occursum
2899 1155 3091 1210 sitienti
3115 1155 3244 1224 [crte
3267 1172 3456 1226 aquam

1860 1245 1950 1316 qui
1978 1244 2221 1299 habitatis
2243 1245 2295 1298 in
2327 1246 2538 1315 regione
2569 1245 2820 1311 Theman,
2869 1263 2984 1302 cum
3035 1248 3252 1320 panibus
3279 1265 3460 1303 occur-

1859 1340 1956 1394 rite
1981 1340 2297 1412 fugientibus
2330 1349 2536 1412 propter
2561 1342 2942 1397 multitudinem
2995 1344 3302 1405 occisorum,
3335 1361 3457 1416 pro-

1864 1443 1976 1504 pter
2007 1436 2207 1488 turbam
2233 1434 2534 1501 errantium,
2561 1446 2770 1506 propter
2784 1435 3167 1492 multitudinem
3191 1439 3375 1506 gladii,
3413 1449 3460 1491 et

1865 1534 2075 1597 prapter
2101 1524 2487 1581 multitudinem
2528 1542 2744 1580 arcuum
2796 1527 3133 1596 intentorum,
3175 1538 3222 1584 et
3248 1538 3459 1602 propter

1866 1616 2247 1672 multitudinem
2264 1619 2557 1674 cadentium
2587 1620 2638 1674 in
2671 1618 2825 1675 bello.
2840 1619 2950 1676 Vos
2965 1625 3056 1693 qui
3081 1626 3215 1678 estis
3239 1625 3290 1677 in
3315 1623 3460 1678 The-

1867 1726 2013 1778 mau,
2047 1709 2192 1782 quod
2226 1713 2616 1783 interpretatur
2643 1714 2830 1768 Auster
2883 1724 3047 1784 atque
3098 1716 3366 1786 perfectio,
3414 1726 3471 1772 et

178 1804 238 1861 In
248 1809 491 1880 judicium
514 1808 706 1863 mundi
731 1806 879 1862 istius
907 1823 1000 1878 ego
1029 1805 1167 1872 ueni,
1194 1814 1248 1860 ut
1273 1821 1373 1859 non
1415 1803 1642 1858 videntes
1683 1801 1763 1855 υἱ·
1794 1815 1839 1877 Β
1869 1802 1923 1858 in
1953 1818 2021 1860 eo
2052 1803 2348 1861 versamini
2390 1805 2528 1873 loco,
2557 1805 2627 1862 de
2648 1821 2757 1877 quo
2785 1807 3047 1877 scriptum
3083 1818 3168 1862 est
3188 1825 3200 1861 :
3223 1807 3360 1862 Deus
3402 1809 3466 1863 ab

179 1899 334 1963 deant,
364 1911 407 1956 et
432 1901 674 1956 ridentes
699 1901 818 1955 cazci
850 1900 980 1970 ﬁant
1011 1896 1190 1970 (Joan.
1238 1913 1314 1964 1x,
1363 1894 1480 1966 39).
1525 1895 1593 1950 Et
1645 1894 1766 1965 ipse

180 2005 346 2050 custos
376 1994 462 2066 qui
485 1995 713 2050 dixerat
745 2014 759 2048 :
803 1991 959 2046 Venit
999 2007 1148 2045 mane
1183 1999 1231 2044 et
1262 2006 1386 2056 nam,
1418 1987 1659 2060 loquitur
1699 1985 1766 2041 ad

181 2089 400 2158 gentium
458 2086 876 2144 multitudinem
914 2104 928 2141 :
959 2086 1014 2142 Si
1054 2101 1142 2141 me
1171 2084 1439 2154 quaeritis,
1471 2081 1769 2138 studiosius

182 2179 410 2250 quaerite.
464 2181 642 2254 θος
668 2179 1065 2236 Convertimini
1092 2177 1159 2233 ad
1185 2193 1294 2244 me,
1313 2175 1410 2232 ﬁlii
1438 2182 1770 2232 converten-

182 2279 272 2339 tes,
305 2284 356 2328 et
375 2289 475 2346 ego
503 2273 720 2330 sanabo
745 2273 1108 2336 contritiones
1142 2283 1372 2339 vestras,
1405 2282 1460 2328 et
1485 2272 1670 2326 venite
1702 2269 1770 2325 ad

183 2381 275 2422 me.
297 2366 434 2424 Loca
451 2367 706 2424 difﬁcilia
733 2378 879 2435 sunt,
913 2376 1111 2424 etcum
1141 2367 1442 2424 secundum
1476 2365 1768 2420 historiam

185 2459 391 2518 minime
437 2469 685 2532 pateant,
741 2461 989 2534 cogimur
1027 2459 1181 2532 juxta
1218 2461 1486 2531 ἀναγωγήν
1527 2457 1773 2514 diversas

185 2555 456 2626 opiniones
477 2556 664 2627 sequi.

244 2647 439 2720 (Vers.
491 2649 582 2704 15.
613 2649 632 2720 )
665 2646 885 2704 Onusin
904 2648 1117 2704 Arabia.
1151 2647 1265 2704 Hoc
1290 2647 1346 2704 in
1364 2647 1607 2704 editione
1628 2643 1777 2704 LXX

183 2735 532 2812 Interpretum
572 2756 682 2798 non
712 2741 948 2796 habetur
984 2757 998 2795 :
1032 2740 1130 2798 sed
1176 2739 1322 2811 quod
1370 2739 1617 2810 sequitur
1657 2755 1675 2794 :
1708 2735 1776 2794 In

181 2831 306 2888 saltu
323 2834 391 2889 ad
415 2850 680 2908 vesperam
725 2835 994 2889 dormictis
1027 2835 1084 2889 in
1113 2833 1309 2888 semitis
1339 2829 1626 2898 Dodanim,
1652 2845 1778 2886 cum

181 2928 341 2997 priori
365 2930 576 2984 visione
595 2929 950 3000 coniunctum
980 2939 1084 2994 eSt,
1113 2927 1424 2996 utlegatur,
1466 2925 1511 2978 si
1553 2923 1772 2994 quatris,

179 3035 340 3088 qurere
369 3036 389 3076 :
431 3030 480 3075 et
517 3020 588 3073 ad
617 3037 697 3075 me
741 3019 921 3073 habita
959 3019 1011 3073 in
1053 3016 1216 3072 saltu.
1259 3015 1454 3071 Arabia
1499 3015 1554 3070 in
1602 3013 1782 3084 lingua

179 3118 388 3179 nostra,
418 3127 688 3183 vesperam
723 3121 908 3178 sonat,
955 3127 1077 3182 quae
1118 3109 1298 3166 noctis
1329 3117 1387 3166 et
1430 3109 1783 3166 tenebrarum

1868 1897 2060 1953 Austro
2085 1900 2245 1954 ueniet
2274 1899 2456 1972 (Abac.
2488 1916 2566 1968 Ill,
2596 1899 2678 1972 4),
2728 1910 2785 1957 et
2808 1903 2896 1972 qui
2929 1903 3293 1958 consummati
3335 1903 3468 1960 estis

1868 2000 2033 2061 atque
2096 1993 2344 2064 perfecti,
2398 2003 2454 2050 et
2495 1995 2708 2052 habetis
2735 1996 2788 2052 in
2816 1996 2972 2052 vobis
3005 1997 3189 2055 lumen
3221 1999 3470 2054 scientia:

1870 2085 2299 2160 Scriptur'arum,
2341 2087 2674 2162 fugientibus
2697 2090 2764 2146 de
2789 2090 3013 2160 Arabia,
3068 2103 3124 2148 et
3165 2093 3235 2150 de
3287 2095 3466 2163 saltu,

1871 2180 2145 2235 occurrite
2175 2195 2300 2235 cum
2330 2195 2469 2252 aqua
2495 2191 2550 2236 et
2579 2181 2832 2252 panibus,
2872 2193 2926 2238 et
2956 2183 3126 2240 nolite
3148 2196 3470 2253 exspectare

1872 2269 2369 2342 donecipsiadvos
2390 2274 2644 2338 veniant;
2676 2273 2772 2329 sed
2798 2273 3086 2330 imitamini
3114 2276 3265 2331 illum
3294 2277 3473 2332 Evan-

1872 2363 2064 2434 gelicze
2095 2363 2370 2435 parabolae
2396 2373 2632 2434 patrem,
2665 2365 2758 2435 qui
2781 2367 3142 2423 occurritlilio
3158 2374 3480 2425 revertenti.

1875 2455 1944 2511 Et
1977 2456 2068 2513 ille
2094 2456 2314 2528 quidem
2361 2457 2512 2514 dedit
2550 2457 2773 2525 stolam,
2804 2459 3002 2516 obtulit
3030 2461 3292 2516 annulum
3320 2461 3473 2534 (Luc.

1879 2550 1976 2622 xv)
2009 2567 2025 2606 :
2061 2566 2158 2607 vos
2184 2561 2368 2608 autem
2396 2567 2568 2624 aquas
2597 2562 2652 2609 et
2680 2567 2853 2624 panes
2880 2553 3074 2610 ollerte
3123 2553 3479 2626 fugientibus,

1876 2654 1935 2699 ut
1961 2646 2050 2714 qui
2078 2646 2204 2702 lassi
2225 2653 2382 2702 erant
2405 2657 2569 2719 atque
2595 2646 2859 2716 confecti,
2887 2657 3066 2704 vestra
3100 2648 3480 2706 misericordia

1877 2745 2273 2804 sustententur,
2323 2749 2382 2796 et
2409 2739 2479 2794 ad
2514 2738 2676 2796 sedes
2713 2748 2927 2797 vestras
2970 2742 3132 2798 citius
3171 2752 3478 2799 transeant.

1879 2829 2159 2902 Fugerunt
2205 2831 2351 2888 enim
2409 2831 2624 2904 gladios
2696 2834 3116 2903 haereticorum,
3173 2835 3479 2892 doctrinam

1882 2924 2187 2996 gentilium,
2204 2925 2917 2996 blasphemiasJudmorum.
2935 2929 3137 3001 thuia
3164 2930 3364 2986 multos
3391 2931 3477 2986 vi-

1883 3015 2084 3070 derunt
2135 3032 2325 3072 eorum
2387 3017 2586 3088 jaculis
2626 3019 2974 3089 interfectos,
3023 3033 3075 3078 et
3124 3023 3391 3080 cecidisse
3427 3021 3480 3079 in

1887 3106 2082 3178 praelio
2109 3108 2396 3176 plurimos,
2421 3111 2522 3180 ipsi
2554 3113 2778 3180 cupiunt
2798 3122 2982 3168 vestro
3019 3115 3477 3174 auxilioliberari.

176 3204 504 3275 principium
537 3214 641 3272 est,
666 3207 955 3276 omnisque
999 3204 1093 3276 qui
1147 3203 1311 3260 habet
1338 3203 1559 3258 initium
1592 3215 1786 3274 pecca-
1811 3209 1858 3272 ρ
1890 3199 2068 3256 Locus
2098 3199 2185 3255 hic
2214 3201 2437 3272 proprie
2465 3202 2727 3259 adversus
2754 3219 2852 3261 eos
2882 3207 3108 3278 intelligi
3140 3220 3338 3280 potest,
3395 3213 3485 3283 qui

175 3303 380 3361 torum,
407 3305 662 3352 versatur
683 3298 739 3353 in
753 3311 1003 3365 vespera.
1026 3298 1128 3366 Qui
1154 3306 1339 3352 autem
1371 3298 1518 3352 venit
1539 3295 1606 3351 ad
1638 3309 1788 3350 sum-

166 3408 347 3455 mum,
380 3391 440 3447 in
464 3392 651 3448 media
681 3401 844 3448 nocte
874 3393 1147 3448 COIlSIaIII.
1172 3391 1329 3448 Unde
1365 3403 1418 3448 et
1456 3393 1511 3448 in
1549 3391 1790 3464 Epypto

161 3483 528 3558 primogenita
598 3487 654 3542 in
697 3485 875 3542 media
916 3494 1072 3541 nocte
1124 3484 1405 3541 caeduntur
1435 3483 1632 3554 (Exod.
1663 3483 1783 3557 12).

161 3581 226 3638 Et
249 3579 568 3653 Apostolus
611 3580 834 3642 Petrus,
867 3590 1156 3648 antequam
1189 3579 1357 3648 gallos
1396 3586 1666 3644 eantaret,
1704 3586 1789 3634 ter

175 3675 457 3732 Dominum
489 3672 748 3744 negavit,
779 3671 922 3742 quod
935 3671 1112 3726 media
1129 3685 1237 3726 nox
1257 3670 1582 3743 intelligitur
1609 3669 1630 3745 (
1649 3669 1780 3725 Nat.

181 3773 324 3842 xxvi)
350 3788 365 3824 :
390 3770 695 3840 Postquam
723 3779 904 3822 autem
939 3783 1042 3821 nox
1067 3765 1365 3838 praecessit,
1397 3775 1450 3821 et
1479 3764 1645 3836 coepit
1669 3764 1786 3820 dies

194 3863 654 3934 appropinquare,
683 3858 955 3931 superatis
978 3859 1170 3915 media:
1214 3859 1392 3913 noctis
1433 3857 1694 3925 tenebris,
1731 3865 1788 3913 et

195 3959 328 4028 gallo
357 3957 496 4012 lucis
519 3955 710 4011 nuntio
740 3963 1060 4018 resonante,
1101 3951 1252 4008 flevit
1291 3966 1502 4019 amare,
1533 3959 1586 4006 et
1620 3949 1785 4006 intel-

197 4047 319 4104 lexit
339 4057 621 4119 peccatum
645 4061 824 4112 suum,
855 4055 909 4100 et
936 4059 1006 4101 eo
1031 4052 1279 4115 tempore
1332 4043 1521 4098 dicere
1563 4041 1738 4112 potuit
1767 4056 1783 4095 :

201 4141 271 4196 Ad
295 4158 559 4210 vesperam
589 4136 944 4193 demorabitur
973 4137 1148 4206 ﬂetus,
1181 4144 1231 4190 et
1259 4134 1329 4187 ad
1358 4134 1671 4188 matutinum
1700 4133 1789 4186 la:-

203 4234 306 4289 titia
331 4235 467 4307 (Ps.
516 4250 675 4301 xxix,
732 4232 809 4303 ϐ).
840 4232 954 4288 Hoc
999 4230 1221 4285 interim
1258 4229 1326 4282 de
1351 4227 1607 4297 prtesenti
1645 4227 1788 4282 loco.

201 4324 456 4385 Czeterum
489 4343 696 4384 nomen
719 4326 955 4392 Arabim,
978 4322 1032 4379 id
1050 4331 1156 4389 est,
1181 4334 1427 4390 vesperae
1458 4325 1515 4373 et
1529 4317 1795 4372 Occiden-

205 4420 287 4486 tis,
317 4425 370 4477 in
393 4422 515 4479 aliis
543 4419 959 4491 Scripturarum
985 4415 1123 4472 locis
1140 4414 1386 4471 diversas
1409 4409 1794 4479 intelligentias

206 4515 408 4585 recipit.

1889 3291 2174 3348 tradentes
2201 3309 2260 3349 se
2289 3294 2404 3349 otio
2427 3303 2591 3366 atque
2617 3294 2862 3362 desidiae,
2894 3300 3112 3369 propria
3142 3304 3316 3359 salute
3353 3318 3488 3358 con-

1889 3385 2023 3440 tenti
2050 3395 2200 3451 sunt,
2234 3401 2338 3442 nec
2364 3385 2760 3458 penitentibus
2780 3399 2940 3462 atque
2985 3393 3270 3450 conversis
3312 3395 3487 3465 porri-

1887 3488 2021 3551 gunt
2042 3495 2288 3540 manum.

1959 3574 2164 3646 (Vers.
2198 3575 2451 3648 £6.17.)
2514 3575 2775 3643 Quoniam
2817 3579 3084 3636 Ittec'dicit
3123 3580 3378 3639 Dominus
3421 3585 3491 3638 ad

1886 3683 1968 3723 me
1987 3683 2006 3722 :
2029 3666 2216 3722 Adhuc
2262 3669 2315 3722 in
2337 3686 2440 3724 uno
2465 3686 2624 3734 anno,
2651 3671 2802 3739 quasi
2831 3673 2885 3729 in
2914 3690 3052 3729 anno
3079 3677 3405 3743 mercenarii,
3437 3689 3488 3732 et

1883 3762 2151 3832 auferetur
2175 3761 2340 3817 omnis
2359 3760 2533 3837 gloria
2561 3760 2727 3818 Cedar
2747 3775 2796 3820 et
2823 3768 3058 3840 reliquiae
3078 3771 3280 3825 numeri
3325 3771 3490 3841 sagit-

1884 3854 2137 3909 tariorum
2168 3856 2373 3923 fortiter
2403 3856 2466 3912 de
2475 3855 2603 3928 [iliis
2629 3855 2795 3914 Cedar
2822 3860 3208 3917 imminuentur.
3237 3860 3492 3919 Dominus

1885 3951 2020 4004 enim
2069 3948 2212 4006 Deus
2257 3950 2429 4008 Israel
2455 3950 2664 4009 locutus
2701 3965 2794 4010 est.
2845 3955 2976 4012 Ideo
3025 3959 3186 4012 vobis
3233 3957 3382 4022 dico,
3435 3969 3492 4014 ut

1887 4042 2190 4097 occurratis
2218 4056 2339 4098 cum
2366 4059 2504 4114 aqua
2528 4052 2586 4099 et
2613 4043 2866 4112 panibus,
2899 4045 3234 4115 fugientibus
3261 4046 3331 4102 de
3352 4047 3492 4104 saltu

1889 4141 1946 4189 et
1975 4134 2174 4188 Arabia
2207 4151 2222 4188 :
2250 4137 2376 4206 quia
2405 4135 2670 4192 Dominus
2710 4135 2829 4193 brec
2858 4137 3034 4192 futura
3066 4138 3347 4209 pollicitus
3387 4151 3494 4198 est.

1891 4223 2043 4280 Sicut
2087 4239 2263 4281 annus
2299 4225 2627 4281 mercenarii
2674 4227 2783 4281 cito
2812 4229 3077 4298 praeterit,
3119 4231 3209 4302 qui
3246 4233 3492 4303 quotidie

1895 4315 2027 4370 nihil
2056 4317 2204 4371 aliud
2234 4317 2336 4373 nisi
2369 4316 2677 4374 mercedem
2715 4318 2799 4374 sui
2838 4319 3041 4378 laboris
3070 4336 3375 4396 exspectat,
3406 4327 3495 4384 vel

1894 4415 2048 4462 certe
2076 4421 2291 4477 semper
2337 4409 2390 4462 in
2420 4425 2588 4480 opere
2616 4420 2704 4466 est
2735 4427 2802 4468 ac
2836 4412 3045 4482 labore,
3079 4427 3138 4473 ut
3182 4421 3490 4477 mercedem

1897 4499 2100 4555 laboris
2126 4499 2386 4569 accipiat:
2416 4502 2500 4557 sic
2532 4505 2712 4559 omnis
2737 4506 2908 4575 gloria
2939 4507 3128 4576 Cedur,
3157 4513 3301 4582 quod
3328 4517 3496 4572 inter-

272 4606 333 4662 In
359 4608 494 4663 saltu
510 4607 586 4662 ad
618 4620 882 4676 vesperam
912 4603 1270 4670 dormietis,in
1292 4600 1488 4656 semitis
1507 4596 1792 4656 Dodanim.
1819 4597 1872 4659 D
1899 4599 2144 4664 pretatur
2184 4590 2421 4657 tenebrte,
2445 4591 2516 4646 de
2539 4607 2647 4663 quo
2677 4603 2730 4646 et
2753 4597 2806 4649 in
2837 4595 3054 4652 Psalmo
3084 4600 3344 4666 legimus:
3379 4606 3496 4660 Ha-

212 4695 370 4756 LXX:
403 4699 469 4756 In
506 4698 651 4756 saltu
677 4699 745 4754 ad
776 4713 1037 4769 uesperam
1067 4695 1332 4750 dormietis
1361 4696 1416 4750 in
1458 4694 1544 4750 via
1582 4691 1792 4748 Dedan.

213 4788 302 4859 Qui
328 4795 378 4849 in
405 4793 616 4850 malitia
652 4807 775 4848 esse
801 4799 1104 4857 creperum,
1137 4799 1191 4844 et
1223 4798 1571 4858 peccatorum
1619 4785 1802 4856 ingre-

215 4880 420 4943 diuntur
442 4888 618 4952 viam,
643 4901 750 4939 non
776 4883 1078 4948 dormiunt,
1109 4893 1209 4936 nec
1253 4888 1532 4934 morantur
1571 4879 1622 4933 in
1653 4877 1800 4946 agris

217 4980 448 5045 consitis,
479 4991 534 5035 et
569 4976 887 5042 novalibus,
930 4989 1028 5030 nec
1069 4973 1122 5028 in
1170 4972 1360 5043 pratis,
1392 4982 1446 5027 et
1489 4971 1798 5042 segetibus,

221 5084 339 5138 quas
358 5070 425 5127 ad
462 5069 781 5127 metendum
820 5081 945 5124 esse
991 5065 1312 5130 candentes,
1336 5061 1586 5120 Salvator
1614 5061 1796 5128 docet,

223 5176 312 5218 nec
340 5165 478 5221 inter
504 5165 739 5219 arbores
763 5159 1083 5231 pomiferas;
1116 5157 1212 5213 sed
1235 5155 1288 5210 in
1321 5154 1675 5210 infructuosis
1694 5153 1802 5208 sal-

223 5254 370 5323 tibus,
397 5256 486 5312 ubi
518 5270 717 5323 vepres
746 5263 803 5309 et
824 5256 994 5324 spinae
1039 5259 1184 5319 sunt,
1229 5260 1285 5305 et
1320 5247 1511 5304 bestiae
1564 5260 1802 5301 commo—

227 5358 418 5403 rantur.
442 5349 519 5404 De
546 5346 923 5418 hujuscemodi
953 5346 1098 5403 saltu
1138 5344 1262 5399 etin
1291 5341 1499 5414 Regum
1527 5340 1804 5396 volumine

230 5437 465 5509 legimus,
492 5443 637 5513 quod
670 5442 856 5513 plures
904 5439 1253 5497 devoraverit
1297 5439 1433 5493 silva
1474 5437 1559 5491 vel
1613 5435 1804 5503 saltus,

231 5545 376 5601 quam
419 5535 688 5591 interfecti
726 5537 837 5589 sint
879 5534 1096 5604 gladio,
1156 5533 1376 5602 quando
1417 5530 1655 5602 Absalon
1712 5530 1808 5587 ad-

232 5634 411 5680 versus
433 5634 639 5696 patrem
667 5627 877 5682 exstitit
901 5625 1200 5696 perduellis
1223 5623 1264 5696 (Ι
1304 5623 1432 5697 (leg.
1483 5622 1660 5696 mn).
1706 5623 1814 5679 Re-

234 5725 434 5782 cteque,
463 5717 590 5788 quia
621 5731 847 5786 vespera
883 5718 1209 5786 principium
1231 5715 1502 5770 malorum
1534 5727 1635 5780 est,
1665 5715 1814 5770 invia

240 5814 290 5860 et
329 5809 380 5862 in
422 5811 636 5865 semitis
681 5809 935 5867 habitare
982 5812 1263 5878 dicuntur,
1304 5817 1361 5866 et
1410 5808 1462 5866 in
1490 5809 1577 5864 via
1609 5807 1815 5878 Dedan,

636 5903 919 5964 Psrnon.
967 5903 1200 5964 XXIV.

1895 4685 2054 4741 bitavi
2080 4700 2198 4739 cum
2227 4682 2574 4739 habitantibus
2590 4683 2758 4740 Cedar
2785 4685 2906 4758 (Ps.
2927 4703 3075 4754 cxtx,
3103 4690 3199 4761 5),
3236 4695 3496 4754 velociter

1898 4776 2196 4846 auferetur,
2215 4785 2272 4832 et
2289 4777 2470 4834 omnis
2494 4777 2922 4849 sagittariorum,
2957 4780 3007 4834 id
3028 4791 3133 4849 est,
3157 4784 3496 4848 diversorum

1899 4875 2212 4947 dogmatum
2244 4888 2528 4938 numerus,
2561 4873 2651 4944 qui
2679 4876 3009 4932 constitutos
3033 4876 3085 4932 in
3116 4879 3256 4934 saltu
3280 4883 3499 4944 Arabia:
3553 4858 3556 4861 Ι

1903 4968 2249 5034 vulnerabat,
2293 4967 2576 5038 redigetur
2609 4967 2660 5021 in
2705 4967 2880 5035 nihili,
2913 4979 3196 5042 postquam
3229 4973 3500 5050 fugientes

1904 5063 1973 5120 de
2016 5062 2155 5118 saltu
2205 5060 2411 5115 fuerint
2449 5059 2697 5114 liberati:
2746 5069 2802 5117 et
2835 5077 3029 5130 aquam
3051 5065 3217 5140 διο
3243 5072 3498 5141 baptismi

1904 5154 2164 5211 salutaris
2208 5149 2544 5221 acceperint,
2579 5155 3036 5227 eomederintque
3078 5164 3356 5218 cmlestcnt
3401 5181 3498 5234 pa-

1905 5264 2055 5307 nem.
2083 5247 2208 5302 Ilaec
2237 5245 2382 5301 enim
2409 5243 2586 5301 futura
2616 5246 2876 5304 Dominus
2905 5251 3174 5314 omnium,
3199 5267 3248 5309 et
3287 5258 3505 5323 praprio

1906 5340 2053 5395 Deus
2081 5335 2275 5404 Israel,
2315 5335 2367 5392 id
2395 5348 2500 5405 est,
2533 5351 2718 5394 mente
2743 5343 3092 5396 cernentium
3123 5341 3319 5410 Deum,
3348 5345 3502 5402 locu-

1907 5442 1994 5488 IIIS
2013 5440 2118 5487 εει.

1987 5524 2008 5596 (
2029 5524 2162 5594 Cap.
2177 5520 2341 5578 XXII.
2361 5551 2430 5563 —
2445 5521 2605 5578 Vers.
2623 5522 2674 5575 I.
2701 5523 2720 5588 )
2748 5520 2892 5577 Onus
2915 5521 3065 5578 vallis
3079 5525 3311 5582 visionis.
3334 5529 3474 5588 LXX
3493 5552 3514 5592 :

1925 5616 2147 5673 Verbum
2171 5615 2322 5670 uallis
2353 5614 2509 5676 Sion,
2537 5612 2594 5669 Itt
2627 5615 2768 5670 libro
2801 5615 3190 5672 Heltraicurum
3217 5618 3510 5684 Nominum

1918 5711 2224 5786 posuimus,
2260 5710 2391 5766 Sion
2421 5710 2768 5780 interpretari
2795 5707 3060 5783 speculam
3110 5727 3231 5775 qua:
3272 5716 3322 5770 in
3349 5720 3520 5776 sumi-

1924 5805 2106 5864 mibus
2148 5805 2272 5874 sita,
2303 5804 2373 5862 de
2419 5805 2580 5878 longe
2611 5804 2884 5863 venientia
2915 5807 3343 5879 contemplatur.
3389 5811 3522 5867 Cum

2840 5901 2880 5966 9
