4010 6308
551 242 656 299 ita?

1805 239 1865 298 l.
1909 237 2187 298 EUSEBII
2221 236 2602 298 HIERONYMI

3751 243 3844 305 268

549 357 714 428 igitur
748 354 878 411 Sion
922 352 1075 424 juxta
1106 350 1258 421 leges
1287 346 1612 421 tropologiae
1660 346 1928 405 referatur
1953 348 2021 404 ad
2049 349 2149 405 Ec-
2178 359 2230 421 Α
2256 364 2451 408 reseon
2477 349 2821 417 varietatem,
2848 360 2956 405 non
2988 363 3154 406 unum
3187 356 3414 420 tectum,
3443 350 3541 408 sed
3575 359 3712 409 tecta
3741 352 3848 424 plu-

549 450 796 513 clesiam,
829 456 887 501 ut
907 455 993 501 est
1022 442 1160 500 illud
1201 444 1257 499 in
1297 442 1541 500 secundo
1568 442 1780 513 psalmo
1819 460 1888 499 ex
1920 457 2153 513 persona

550 541 761 598 Domini
792 539 1129 596 Salvatoris:
1158 536 1270 613 Ego
1295 547 1471 593 autent
1501 537 1811 593 constitutus
1831 553 1950 593 sum
1972 553 2063 593 rex
2088 537 2153 591 ab

544 650 604 690 eo
652 648 808 702 super
860 631 992 688 Sion
1046 641 1268 686 montem
1321 640 1558 685 sanctum
1603 632 1717 702 ejus
1745 628 1764 699 (
1794 628 1946 684 Psal.
1971 627 2150 699 11.6);

544 735 637 781 et:
666 725 769 795 Qui
809 724 1078 795 conﬁdunt
1121 724 1176 778 in
1219 720 1445 778 Domino
1489 722 1623 777 sicut
1660 737 1812 776 mons
1854 719 1984 778 Sion
2026 718 2149 793 (Ps.

547 833 730 885 crsu,
774 818 887 890 l);
929 826 1020 874 et:
1064 814 1252 891 Diligit
1302 814 1555 871 Dominus
1610 823 1791 887 portas
1830 812 1963 870 Sion
2000 829 2153 886 super

540 914 715 969 omnia
736 909 1067 968 tabernacula
1083 908 1246 965 Iacob
1268 908 1390 983 (Ps.
1418 924 1639 976 cum,
1663 910 1686 964 1
1718 908 1767 981 );
1794 909 1861 965 Et
1893 907 2153 964 manifes-

540 1009 651 1064 tius
694 1004 1022 1076 Apostolus:
1063 1000 1387 1073 Accessistis,
1422 1004 1619 1074 inquit,
1643 1002 1712 1056 ad
1753 1001 1887 1059 Sion
1932 1011 2153 1056 montem

539 1108 588 1154 et
610 1097 863 1153 civitatem
909 1094 1009 1151 Dei
1048 1096 1280 1163 uiuentis,
1322 1080 1620 1150 Jerusalem
1671 1091 1919 1149 ctelestem
1959 1090 2147 1165 (Heb.

540 1205 597 1257 ι,
631 1188 702 1244 9.2
724 1188 744 1261 )
767 1206 780 1243 :
803 1188 1102 1261 quierimus
1129 1202 1299 1257 quare
1338 1186 1394 1242 in
1438 1186 1699 1256 praesenti
1724 1185 1954 1251 visione,
1989 1184 2151 1240 vallis

539 1281 672 1338 Sion
713 1281 950 1336 dicatur.
1002 1280 1234 1350 Ipsaque
1282 1278 1572 1334 verborum
1603 1277 1998 1349 consequentia
2040 1284 2151 1333 tra-

542 1372 726 1429 himur
746 1371 811 1427 ad
846 1370 1263 1442 intelligentiam
1308 1364 1679 1440 spiritualem,
1721 1375 1782 1424 ut
1810 1383 2002 1437 omnes
2023 1382 2151 1439 pcr-

547 1480 826 1521 versorutn
872 1463 1187 1535 dogmatum
1229 1463 1528 1534 principes,
1572 1461 1665 1533 qui
1696 1469 2029 1517 corruerunt
2056 1458 2149 1541 de

538 1556 879 1613 sublimitate
926 1569 1125 1611 sensus
1155 1564 1466 1610 sanctarum
1509 1553 1938 1624 Scripturarum,
1987 1545 2150 1608 et'ad

540 1651 766 1709 humilia
788 1649 1034 1706 devoluti
1064 1660 1215 1717 sunt,
1240 1650 1485 1705 sciamus
1516 1649 1572 1705 in
1592 1648 1725 1705 Sion
1750 1648 1889 1706 valle
1909 1647 2146 1705 versari.

2258 443 2392 499 rima
2422 442 2749 498 nominavit.

2332 537 2352 608 (
2389 535 2550 593 νει-θ.
2582 535 2665 610 ‘2.)
2709 534 2963 592 (.‘lamoris
2992 534 3171 608 plena,
3205 536 3327 592 urbs
3370 540 3635 608 frequens,
3679 539 3846 595 civitas

2256 629 2546 686 exsultans.
2577 627 2758 685 LXX:
2792 628 3014 699 Repleta
3041 639 3118 684 est
3140 630 3322 684 ciuitas
3350 629 3713 696 clamantium,
3739 631 3843 687 urbs

2254 723 2539 779 exsultans.
2569 721 2824 779 Doctrina
2849 722 3230 779 haereticorum
3254 739 3364 779 non
3387 724 3442 779 in
3471 738 3663 794 sensu,
3689 725 3778 780 sed
3799 725 3842 780 in

2257 814 2604 887 multiloquio
2658 827 2711 871 et
2746 815 2988 871 clamore
3012 826 3281 871 versatur.
3315 815 3473 871 Unde
3494 816 3567 872 ob
3616 816 3845 873 multitu-

2255 909 2439 966 dinem
2490 911 2869 981 decepturum,
2915 907 3178 979 frequens
3216 909 3414 964 civitas
3451 909 3770 980 appellatur,
3801 920 3847 966 ct

2253 1004 2561 1068 exsultans,
2587 1010 2813 1073 prepter
2833 1001 3166 1072 superbiam.
3190 1001 3367 1058 lnllati
3390 1002 3539 1058 enim
3557 1012 3786 1070 tument,
3803 1010 3849 1059 et

2253 1095 2553 1151 secretiora
2575 1109 2636 1152 se
2666 1093 2942 1151 invenisse
2968 1094 3296 1165 glorientur.

2326 1185 2597 1258 Interfecti
2636 1188 2711 1241 tui
2759 1202 2863 1241 non
2900 1186 3157 1259 interfecti
3196 1187 3396 1259 gladio,
3443 1202 3535 1243 nec
3575 1189 3765 1243 mortui
3805 1188 3851 1243 in

2253 1280 2407 1337 bello.
2436 1280 2614 1337 LXX:
2666 1279 2934 1357 Vulneruti
2971 1282 3047 1336 tui
3096 1298 3199 1336 non
3226 1280 3486 1336 vulnerati
3538 1280 3738 1353 gladio,
3770 1300 3853 1340 nec

2251 1375 2445 1430 mortui
2467 1374 2541 1429 tui
2576 1374 2769 1430 mortui
2806 1374 2860 1429 in
2883 1372 3038 1429 bello.
3070 1373 3303 1430 Maxima
3337 1390 3465 1446 pars
3492 1375 3704 1446 absque
3749 1376 3851 1432 ullo

2251 1468 2552 1525 certamine
2571 1477 2627 1524 et
2647 1466 3068 1538 disceptatione,
3096 1468 3482 1524 haereticorum
3520 1468 3853 1540 deceptioni—

2253 1560 2355 1616 bus
2376 1560 2780 1630 supplantatur,
2808 1568 2867 1615 ct
2892 1560 3007 1616 haec
3022 1572 3110 1617 est
3137 1562 3291 1616 turba
3313 1562 3741 1633 quamplurima.
3766 1562 3851 1618 In-

2248 1655 2445 1724 ter-[icti
2471 1653 2660 1722 igitur,
2685 1654 2800 1709 sive
2832 1665 2890 1709 ut
2918 1653 3278 1726 Septuaginta
3302 1654 3725 1724 transtulerunt,
3752 1656 3853 1711 eul-

542 1734 676 1801 Tale
697 1744 824 1817 quid
848 1753 980 1816 puto
1002 1753 1059 1800 et
1097 1743 1443 1802 Salomonem
1479 1744 1531 1800 in
1553 1742 1888 1809 Proverbiis,
1935 1742 2149 1798 dicere:
2181 1756 2229 1816 Β
2257 1747 2424 1800 πει-αεὶ
2457 1746 2609 1801 vallis
2648 1747 2802 1815 Sion,
2838 1756 2945 1802 non
2994 1758 3121 1803 sunt
3169 1748 3464 1815 interfecti,
3497 1760 3557 1804 et
3594 1751 3852 1805 vulnersti

538 1835 763 1893 Oculum
812 1837 898 1906 qui
938 1835 1122 1891 irridet
1180 1846 1418 1908 patrem,
1456 1845 1506 1891 et
1564 1834 1782 1906 despicit
1839 1843 2147 1890 senectutem

529 1933 734 1996 matris,
761 1927 1011 1997 e/fodiant
1040 1945 1155 1985 eum
1181 1928 1318 1983 corvi
1341 1927 1403 1982 de
1426 1927 1774 1995 convallibus,
1803 1938 1849 1983 et
1871 1927 2147 1982 comedunt

532 2020 684 2077 illum
713 2022 846 2096 pulli
886 2022 1181 2094 aquilarum
1206 2021 1224 2093 (
1253 2021 1408 2077 Prov.
1436 2038 1566 2088 xxx,
1599 2023 1665 2078 l7
1696 2022 1738 2094 ).
1766 2021 1959 2078 Statim
1998 2022 2146 2078 enim

535 2122 594 2169 ut
619 2129 813 2170 sensus
868 2113 1250 2169 haereticorum
1285 2114 1517 2170 irriscrit
1552 2106 1871 2171 Creatorem
1904 2113 2144 2182 Patrem,

535 2220 588 2265 et
610 2219 945 2267 senectutem
999 2208 1258 2264 Ecclesia:
1299 2210 1493 2265 matris
1521 2208 1859 2280 despexerit,
1895 2208 2148 2264 effoditur

531 2318 561 2358 a
608 2304 762 2358 tetris
784 2313 839 2358 et
880 2302 1173 2358 immundis
1201 2302 1539 2369 volucribus,
1579 2318 1700 2374 quau
1740 2303 2050 2359 referuntur
2077 2302 2147 2358 ad

529 2398 830 2453 contrarias
852 2396 1221 2453 fortitudines.
1238 2395 1351 2453 Nec
1367 2396 1910 2468 possuutistiusmodi
1929 2397 2144 2454 dicere:

532 2484 721 2546 Levavi
757 2489 934 2546 oculos
977 2507 1120 2547 meos
1159 2491 1213 2545 in
1252 2500 1489 2558 montes,
1518 2490 1657 2546 unde
1684 2491 1850 2546 ueniat
1889 2489 2148 2547 auxilium

528 2584 655 2640 mihi
685 2591 700 2653 (
735 2584 826 2641 Ps.
851 2600 978 2653 cu,
1007 2584 1069 2656 1)
1098 2602 1111 2638 :
1136 2583 1232 2640 scd
1259 2585 1313 2639 in
1337 2584 1558 2641 modum
1583 2588 1872 2642 beatorum
1894 2586 2143 2641 animan-

531 2680 662 2735 tium
690 2678 757 2734 ad
790 2693 1006 2735 terrena
1036 2678 1287 2749 depressi
1318 2688 1469 2734 sunt.

604 2770 862 2838 Quidnam
894 2769 985 2824 tibi
1005 2785 1206 2841 quoque
1231 2778 1326 2831 est.
1360 2771 1481 2841 quia
1502 2770 1785 2826 ascendisti
1812 2780 1861 2826 et
1887 2781 1944 2827 tu
1975 2773 2143 2828 omnis

530 2867 585 2923 in
614 2867 784 2922 tecta?
805 2864 946 2921 LXX
973 2882 987 2919 :
1018 2865 1156 2933 Quid
1188 2869 1383 2937 factum
1406 2876 1479 2920 est
1497 2867 1589 2920 tibi
1616 2882 1775 2935 nunc,
1797 2868 1920 2938 quia
1961 2883 2140 2924 ascen-

528 2960 678 3015 distis
714 2975 888 3014 omnes
931 2958 1145 3014 intecta
1172 2961 1349 3014 vana?
1379 2960 1492 3015 lloc
1510 2959 1655 3031 quod
1696 2959 1850 3031 juxta
1893 2959 2035 3017 LXX
2059 2962 2142 3017 itt-

530 3062 801 3122 terpretes
847 3051 901 3106 in
943 3048 1153 3122 Regum
1212 3052 1490 3108 volumine
1537 3052 1821 3123 qua-ritur,
1866 3052 1994 3124 quid
2035 3052 2139 3109 sibi

2249 1833 2452 1903 gladio,
2494 1833 2588 1890 sed
2633 1833 2914 1890 voluntate
2944 1834 3159 1905 propria
3205 1833 3274 1890 ad
3307 1836 3596 1891 haereticus
3625 1836 3850 1893 transic-

2252 1936 2403 1995 runt,
2460 1935 2516 1984 et
2547 1929 2962 1998 comparatiOne
3016 1942 3227 1992 eorum,
3288 1928 3387 1998 qui
3428 1937 3553 1997 post
3606 1928 3846 1998 praelium

2251 2020 2379 2077 victi
2423 2031 2571 2087 sunt,
2614 2020 2887 2077 infelicius
2934 2020 3026 2077 ille
3056 2020 3395 2088 vulneratus,
3449 2031 3501 2076 et
3537 2020 3849 2077 interfectus

2247 2124 2356 2181 est,
2380 2116 2472 2185 qui
2508 2123 2702 2185 sponte
2728 2128 2788 2171 se
2813 2112 3060 2170 tradidit.
3090 2114 3379 2183 Quomodo
3407 2126 3463 2171 et
3515 2115 3569 2169 in
3603 2115 3853 2187 martyrio

2243 2208 2336 2278 qui
2390 2218 2511 2277 post
2560 2223 2750 2279 poenas
2775 2208 2950 2264 victus
2991 2223 3189 2264 manus
3227 2207 3404 2277 dedit,
3433 2210 3663 2264 levioris
3690 2224 3852 2279 pecua

2246 2311 2329 2358 εει
2359 2314 2427 2357 eo
2450 2301 2540 2371 qui
2592 2304 2802 2373 absque
2831 2301 2942 2357 ulla
2972 2302 3303 2359 necessitate
3335 2310 3392 2359 et
3417 2301 3613 2358 dolore
3645 2303 3852 2358 crucia-

2251 2404 2402 2449 tuum
2433 2390 2716 2449 Christum
2744 2392 2984 2464 negavit.

2320 2484 2501 2557 (Vcrs.
2534 2484 2617 2557 '5.)
2645 2485 2826 2541 Cuncti
2853 2486 3117 2557 principes
3150 2486 3227 2539 tui
3257 2488 3504 2556 fugerunt
3530 2485 3704 2551 simul,
3755 2487 3851 2543 elu-

2249 2595 2406 2650 reque
2433 2577 2582 2648 ligati
2612 2588 2752 2635 sunt.
2784 2580 2839 2637 ln
2883 2579 2986 2635 hoc
3029 2579 3152 2637 loco
3188 2578 3541 2651 Septuaginta
3584 2581 3856 2651 interpre-

2246 2675 2510 2729 tationem
2535 2674 2707 2729 secuti
2737 2687 2947 2738 sumus,
2975 2672 3103 2743 quia
3134 2688 3240 2727 non
3272 2672 3506 2728 multum
3530 2672 3601 2727 ab
3631 2672 3853 2729 Hebrai-

2244 2784 2310 2827 co
2376 2767 2622 2826 distatin
2676 2783 2860 2826 sensu.
2895 2766 3167 2826 Czeterum
3216 2779 3275 2825 ut
3303 2770 3534 2827 verbum
3573 2785 3645 2826 ex
3690 2770 3852 2828 verbo

2244 2860 2314 2916 de
2341 2859 2572 2917 Hebraeo
2602 2862 2961 2929 transferam,
2994 2862 3069 2917 ita
3094 2860 3237 2932 apud
3270 2876 3367 2919 eos
3396 2862 3633 2934 legitur:
3669 2863 3854 2921 Omnes

2245 2952 2493 3022 primates
2523 2953 2598 3007 tui
2646 2953 2996 3025 migrauerunt
3023 2953 3202 3022 simul,
3234 2955 3297 3010 ab
3341 2971 3469 3010 arcu
3516 2957 3668 3028 ligati
3705 2967 3851 3012 sunt:

2242 3060 2402 3115 quam
2433 3046 2751 3109 editionem,
2785 3053 2845 3101 et
2868 3046 2962 3101 alii
3005 3047 3339 3116 interpretes
3367 3049 3544 3105 secuti
3583 3058 3725 3105 sunt.
3754 3048 3852 3104 Mi-

528 3145 660 3201 vclit
690 3145 907 3200 dicente
957 3143 1136 3199 Eliseo
1180 3142 1285 3216 (IV
1312 3142 1446 3217 Reg.
1479 3159 1557 3211 ιι,
1584 3142 1726 3216 14);
1762 3142 1860 3201 Ubi
1880 3153 1957 3199 est
2006 3143 2145 3199 Deus
2173 3144 2216 3207 C
2248 3148 2544 3209 gruveruut
2593 3138 2739 3195 enim
2784 3154 2976 3197 omnes
3026 3140 3408 3198 haereticorum
3455 3141 3730 3214 principes
3784 3141 3854 3201 ad

527 3234 665 3292 Elite
690 3246 715 3273 α
742 3249 951 3293 srupao
975 3234 993 3305 (
1016 3239 1161 3295 N‘EN
1193 3230 1235 3305 ),
1268 3235 1319 3289 in
1350 3235 1608 3305 prtesenti
1648 3234 1772 3291 loco
1795 3232 2141 3291 manifestius

526 3329 770 3399 ponitur,
798 3342 899 3398 pro
921 3344 987 3383 eo
1012 3325 1155 3397 quod
1178 3326 1533 3399 Septuaginta
1559 3328 1959 3384 transtulerunt
1976 3343 2144 3393 nunc;

527 3423 582 3478 in
610 3422 839 3479 llebrtco
860 3421 1025 3477 habet
1048 3435 1276 3487 srnruo,
1296 3420 1439 3489 quod
1464 3436 1564 3477 nos
1587 3422 1930 3492 interpretati
1951 3436 2141 3479 sumus

521 3530 660 3567 nunc
698 3530 921 3586 quoque,
967 3521 1024 3568 et
1068 3514 1269 3585 Aquila
1312 3511 1502 3569 volens
1549 3513 1875 3571 Hebraicum
1916 3530 2140 3572 servare

523 3603 767 3669 idioma,
811 3604 994 3673 posuit
1041 3606 1307 3678 καίπερτοι
1355 3601 1408 3670 ι’,
1465 3619 1628 3674 quam
1692 3606 2135 3677 conjunctionetn

524 3692 686 3770 311
734 3695 965 3751 Latinus
996 3710 1179 3752 sermo
1205 3712 1313 3753 non
1361 3698 1618 3767 explicat.
1670 3699 1902 3767 Quando
1953 3710 2134 3759 autem

523 3789 676 3855 dicit,
723 3787 974 3860 quidnam
1025 3786 1117 3843 tibi
1156 3804 1356 3860 quoque
1394 3789 1833 3863 est?interrogat
1864 3786 1969 3849 cur
1995 3792 2138 3853 inter

526 3883 668 3938 alios
695 3891 748 3939 et
780 3882 894 3952 ipsa
936 3880 1289 3951 conscendat,
1315 3890 1479 3954 atque
1522 3883 1783 3953 opinione
1819 3884 2134 3943 sublimium

523 3973 581 4029 in
621 3972 921 4030 humilibus
945 3982 1337 4031 commoretur.
1366 3973 1434 4029 Et
1462 3984 1548 4031 est
1568 3990 1792 4032 sensus:
1840 3993 1962 4034 cum
2002 3979 2134 4036 Plii-

524 4066 744 4140 lOSOplll
798 4074 1064 4134 tumeant,
1106 4077 1162 4125 et
1201 4068 1379 4125 omnis
1427 4070 1694 4140 sapientia
1737 4071 2018 4128 saecularis
2066 4072 2137 4130 de

520 4162 848 4219 sublimibus
878 4161 1192 4232 disputans,
1235 4162 1645 4231 simplicitatem
1688 4175 2005 4223 contemnat
2033 4168 2135 4225 Eo-

522 4253 727 4318 clesiae,
761 4270 859 4307 rur
887 4263 943 4309 tu
977 4269 1195 4325 quoque
1224 4254 1445 4311 excelsa
1490 4256 1760 4315 sectaris?
1807 4273 1931 4328 aute
1965 4259 2127 4330 LXX,

532 4358 554 4386 ε
582 4348 1056 4424 σημντικώτερον,
1083 4345 1297 4422 δώματα
1342 4350 1563 4423 μάταια.
1593 4348 1647 4404 id
1681 4359 1787 4415 est.
1819 4361 1949 4408 lecta
1977 4370 2134 4425 rana,

521 4439 868 4510 interpretati
885 4450 1037 4503 sunt,
1054 4449 1111 4493 ut
1133 4440 1492 4497 ostenderent
1515 4456 1638 4498 esse
1660 4452 1712 4497 et
1733 4443 1879 4500 aliud
1904 4453 2129 4513 tectum,

2244 3244 2578 3302 synagogam
2596 3230 2813 3287 Satanm
2833 3231 2997 3306 εις
3011 3248 3040 3288 a
3063 3232 3267 3289 Christi
3294 3233 3568 3299 Ecclesia,
3594 3246 3653 3290 et
3680 3247 3853 3291 trans-

2246 3323 2427 3381 ierunt
2451 3323 2616 3379 simul
2646 3324 2928 3380 discordes
2974 3326 3030 3382 iu
3066 3325 3330 3396 perfidia,
3378 3327 3436 3383 in
3462 3328 3697 3385 transitu
3721 3342 3852 3384 con-

2242 3416 2459 3485 cordes,
2517 3429 2572 3474 et
2626 3418 2776 3489 ligati
2827 3430 2953 3474 sunt
3009 3420 3078 3476 ab
3108 3436 3257 3488 arcu,
3290 3421 3363 3476 de
3401 3437 3512 3492 quo
3544 3424 3603 3479 in
3643 3423 3851 3478 Pssimo

2241 3510 2502 3581 scriptum
2527 3518 2643 3566 est:
2676 3509 2810 3567 Ecce
2826 3521 3118 3584 peccatores
3148 3514 3478 3570 intenderunt
3520 3532 3721 3583 areum,
3753 3532 3848 3585 pu-

2241 3610 2482 3656 raverunt
2522 3603 2747 3674 sagittas
2772 3620 2893 3660 suos
2926 3605 2979 3660 in
3006 3602 3281 3674 pharetra,
3313 3615 3369 3659 ut
3395 3607 3636 3678 sagittam
3680 3606 3731 3659 in
3759 3604 3851 3660 ob-

2239 3702 2571 3750 scurorectos
2597 3696 2751 3752 corde
2773 3695 2895 3761 (Ps.
2921 3714 2980 3765 ι,
3002 3697 3084 3766 2),
3117 3708 3173 3755 et
3198 3699 3417 3757 mittant
3447 3700 3616 3770 ignita
3643 3698 3849 3756 diaboli

2230 3788 2417 3859 jacula
2441 3805 2562 3860 quas
2587 3791 2881 3853 vulnerent
2903 3792 3131 3862 pariter,
3161 3804 3215 3849 ct
3238 3794 3426 3865 ligent.
3444 3792 3688 3864 Ideoque
3711 3794 3848 3849 dure

2238 3881 2389 3953 ligati
2416 3891 2562 3952 sunt,
2586 3884 2713 3955 quia
2738 3885 3134 3945 obturaverunt
3158 3901 3319 3943 aures
3359 3900 3490 3945 suas
3529 3887 3674 3944 sicut
3699 3884 3846 3958 aspi-

2237 3972 2338 4029 des
2358 3972 2561 4041 surdae,
2604 3984 2657 4032 et
2694 3975 3017 4033 obturantes
3043 3991 3229 4043 aures,
3255 3992 3378 4048 qua:
3412 3992 3522 4033 non
3551 3976 3848 4035 exaudient

2236 4080 2400 4123 voces
2432 4067 2846 4137 incantantium,
2880 4084 2982 4126 nec
3005 4070 3234 4127 veuelici
3261 4070 3597 4128 incantantis
3634 4068 3846 4141 sapien-

2238 4167 2343 4217 ter.
2367 4158 2448 4215 ου
2470 4176 2630 4232 quam
2660 4176 2904 4225 causam.
2936 4175 2991 4221 et
3032 4162 3331 4234 Apostolus
3384 4164 3592 4223 Paulus
3628 4164 3850 4221 lucreti-

2236 4267 2360 4307 cum
2403 4261 2529 4326 post
2564 4270 2727 4311 unam
2778 4254 3290 4323 commonitionem,
3344 4258 3683 4327 perversitati
3728 4270 3848 4313 sua:

2235 4345 2481 4418 pra-cipit
2509 4345 2925 4417 relinquendum
2956 4346 3086 4421 (Tit.
3119 4353 3227 4418 ιιι),
3255 4349 3377 4419 quia
3407 4364 3694 4419 pervorsus
3728 4358 3842 4415 est,

2232 4448 2289 4493 ct
2318 4439 2537 4511 proprio
2559 4439 2765 4509 judicio
2787 4440 3199 4496 condemnatus.
3233 4441 3302 4495 Et
3345 4441 3493 4496 nobis
3533 4443 3667 4497 enim
3701 4442 3848 4497 exie-

521 4531 591 4590 de
612 4548 720 4603 quo
746 4530 1000 4587 Salvator
1026 4526 1360 4589 descendere
1392 4534 1649 4605 prohibet
1671 4534 1690 4608 (
1714 4532 1905 4593 Matth.
1940 4538 2125 4610 xxiv):
2159 4544 2381 4621 θοι-ηιμ,
2406 4535 2498 4590 sed
2529 4550 2630 4589 non
2651 4543 2795 4590 erant
2831 4550 2896 4590 ea:
2944 4534 3125 4593 nobis:
3180 4537 3227 4591 si
3275 4537 3410 4591 enim
3441 4553 3508 4592 ea;
3531 4536 3676 4592 nobis
3702 4535 3849 4608 fuis-

518 4624 663 4698 quod
698 4634 880 4680 tamen
914 4640 1020 4679 non
1060 4624 1131 4679 sit
1157 4633 1360 4681 tectum
1394 4642 1613 4684 vanum.
1639 4630 1881 4698 Dettitpte
1910 4640 1966 4687 et
1994 4646 2127 4701 apo-

515 4719 689 4776 stolus
712 4718 909 4775 Petrus
932 4716 1065 4774 hora
1086 4718 1351 4774 orationis
1387 4728 1539 4775 sexta
1569 4720 1822 4776 ascendit
1844 4722 1897 4775 in
1922 4730 2121 4778 tectura

514 4811 679 4885 (Act.
714 4811 989 4880 x).Nunc
1034 4821 1236 4878 autem,
1280 4820 1338 4867 ut
1384 4812 1700 4868 ostenderet
1738 4813 1965 4871 multam
2014 4814 2127 4872 bte-

588 4978 618 5006 ἰ
670 4967 907 5040 Aphpltu.
936 4964 1076 5040 ⁵Ηος
1122 4982 1317 5023 nomen
1347 4966 1545 5037 legitur
1571 4964 1624 5022 in
1669 4962 1870 5023 Lexico
1909 4966 2108 5025 Grzeco

516 5036 811 5096 Neminem
856 5036 1266 5103 ﬂabraicorum,
1315 5036 1460 5109 quod
1491 5040 1701 5095 consuli
1748 5040 1959 5107 velim;
2012 5042 2107 5097 sed

517 5111 608 5178 hic
665 5126 788 5178 cunt
851 5109 1189 5178 llierOnytno
1250 5111 1546 5168 observare
1592 5109 1861 5166 debuistis
1919 5125 2108 5168 vocem

513 5176 736 5255 ᾼριιρΙιο
770 5176 1113 5255 manifesntis
1140 5193 1263 5235 e~se
1292 5181 1527 5255 positam
1579 5182 1631 5237 in
1682 5183 1943 5255 pra-senti
1990 5185 2108 5238 loco

509 5244 667 5309 non»
693 5295 706 5311 .
757 5264 952 5323 nempe
983 5253 1164 5316 SEN;
1216 5244 1335 5304 cuin
1364 5244 1433 5323 ιγ
1480 5252 1615 5317 Reg.
1642 5244 1712 5320 ιι’,
1750 5253 1817 5309 ll
1846 5297 1859 5318 ,
1894 5254 2108 5323 legatur

510 5332 613 5383 κτι
631 5326 714 5381 ηις
737 5316 962 5397 apt-Ita.
994 5334 1054 5378 et
1074 5338 1185 5377 non
1212 5320 1442 5397 aphplto.
1494 5316 1608 5380 Hoc
1646 5316 1983 5397 nemtaquam
2022 5328 2110 5380 in-

511 5394 818 5469 telligentes
852 5396 1110 5450 Erasmus
1152 5405 1206 5448 et
1235 5394 1528 5469 ilarianns,
1570 5394 1881 5469 contextum
1908 5396 2111 5452 Hiero-

508 5466 658 5543 nymi
708 5468 988 5543 vitiosutn_
1016 5480 1081 5522 ac
1127 5466 1675 5543 penitusncttnl'usntn
1723 5468 1886 5523 nobis
1915 5469 2104 5524 edide-

507 5536 664 5605 runt;
700 5539 947 5609 quamvis
973 5537 1029 5590 in
1081 5551 1212 5592 mss.
1270 5536 1551 5593 codicibus
1586 5537 1801 5607 legatur
1831 5554 1999 5609 purus
2051 5548 2105 5594 et

509 5609 822 5663 distinctus.
854 5609 1132 5663 Maurus.

579 5677 606 5716 ιι
636 5678 896 5735 Vetustate
925 5677 1047 5732 cod.
1080 5676 1603 5749 W__Rdmm
1645 5676 1715 5749 dp
1736 5677 1918 5749 lingua
1947 5682 2107 5744 puni-

501 5757 590 5815 ss.
614 5760 673 5803 es
699 5755 985 5817 pertuum,
1015 5759 1138 5817 qua
1163 5745 1326 5805 facile
1349 5746 1638 5819 designant
1663 5745 1854 5807 Graeci
1892 5751 2106 5828 κιιπιρε

2235 4640 2370 4693 sent,
2415 4630 2727 4685 mansissent
2771 4630 2949 4703 utique
3003 4631 3268 4685 nobiscum
3318 4630 3377 4703 (Ι
3407 4628 3573 4686 Joan.
3614 4646 3670 4695 tt,
3694 4629 3758 4685 l9
3791 4627 3841 4698 ).

2238 4721 2441 4781 Horum
2489 4721 2794 4792 principum
2865 4722 3213 4793 fugitivorum
3265 4722 3361 4778 ille
3417 4724 3672 4795 princeps
3715 4728 3845 4787 est,

2234 4833 2398 4890 quem
2430 4817 2573 4875 idem
2609 4816 2777 4875 Isaias
2805 4829 2964 4875 vocat
2997 4818 3287 4876 draconem
3340 4818 3662 4891 fugientem,
3682 4818 3851 4876 colu-

2217 4992 2295 5046 τοι
2319 4975 2426 5046 νῦν,
2458 4972 2809 5046 indicantque
2839 4985 2893 5030 et
2914 4980 3001 5029 νῦν
3022 4971 3361 5037 adverbium,
3394 4975 3540 5045 quod
3564 4986 3846 5043 estnunc,

2220 5045 2289 5097 ab
2311 5043 2520 5125 Aquila
2537 5043 2892 5125 expressum._
2915 5046 3184 5100 Cteterum
3213 5043 3586 5125 cmtjunctioni
3615 5050 3850 5125 suismet

2216 5137 2296 5170 τοι
2334 5118 2476 5188 apud
2504 5116 2725 5173 Latinos
2764 5118 2973 5187 quidem
3012 5124 3306 5188 utcumque
3333 5122 3678 5188 respondeat.
3710 5116 3851 5174 Sicci

2214 5194 2273 5242 et.
2306 5187 2543 5261 videtur
2575 5189 2794 5261 lliteron.
2840 5205 2873 5244 ιι
2898 5207 2947 5243 tn
2985 5187 3224 5259 simplex
3263 5187 3493 5261 quoque,
3553 5190 3644 5247 sed
3681 5206 3848 5245 nunc

2215 5273 2416 5331 quoque
2456 5260 2782 5313 reddidisse.

2290 5340 2311 5367 ε
2330 5327 2801 5405 ’Σημαντικώτεροψ
2831 5327 2976 5384 Cave
3008 5330 3420 5405 neconfundas
3450 5348 3645 5390 nomen
3667 5328 3851 5387 Grae-

2168 5402 2171 5405 “
2212 5413 2337 5454 eum
2380 5402 2824 5479 σημαντικώτξιρον
2854 5414 2991 5479 _a_t_tt_t_
3027 5403 3198 5479 utitur
3247 5403 3635 5479 Hieronymus,
3688 5416 3845 5479 cum

2213 5470 2576 5547 sequentibus
2601 5470 2823 5547 vocibus
2850 5470 3006 5547 LXX
3030 5474 3397 5547 interpretum
3426 5470 3630 5547 {quod
3660 5473 3848 5547 enirn

2214 5540 2301 5596 hic
2327 5541 2517 5599 Grmce
2550 5544 2707 5616 dixit,
2735 5543 2863 5616 alibi
2894 5542 2934 5599 L
2953 5545 3088 5616 utine
3117 5540 3325 5611 saepius
3347 5540 3636 5616 expressit,
3661 5544 3851 5616 scili-

2214 5622 2482 5691 fetﬂvoce
2530 5614 2932 5691 signiﬁcantius.
2989 5614 3157 5671 Docet
3202 5616 3386 5691 itaque
3424 5614 3845 5691 signiﬁcantius

2213 5682 2358 5757 LXX
2391 5682 2643 5757 posuisse
2669 5682 2822 5757 tecta
2858 5701 3027 5751 vana;
3069 5702 3193 5742 cum
3235 5682 3571 5743 in'Hebftco'
3603 5685 3671 5740 sit
3714 5702 3839 5757 po.

2214 5755 2378 5813 situm
2400 5764 2534 5812 tecto
2563 5756 2682 5815 sine
2712 5755 2880 5817 verbo
2909 5772 3063 5813 uana.
3107 5757 3378 5817 unum.
