4010 6318
252 285 356 354 ese
756 298 1392 370 conusnrsmonuu
1427 310 1495 370 IN
1532 312 1769 388 ISAIAM
1810 319 2233 386 PROt’HETMl
2274 333 2403 391 me.
2449 336 2560 395 vn.
2602 340 2756 401 CAP.
2797 346 2963 407 xxn.

252 411 404 470 brum
436 423 743 490 tortuosum,
774 424 866 494 qui
906 441 1028 482 cum
1063 430 1227 493 verba
1259 433 1541 492 mortifera
1566 438 1618 492 in
1649 453 1816 498 aures
1843 446 1898 509 Α
1920 445 1993 499 cis
2024 462 2044 502 :
2066 448 2161 504 sed
2211 453 2419 525 antiqui
2450 460 2689 519 nominis
2724 464 2904 533 Iebus,

254 509 457 567 miserit
490 513 837 587 deceptorum,
874 519 1010 579 dure
1036 539 1133 582 eos
1172 527 1327 599 ligat,
1371 539 1426 586 et
1472 531 1541 588 de
1575 534 1810 592 vinculis
1912 541 2236 600 conculcatio
2269 562 2288 600 :

250 602 363 660 suis
397 607 536 664 exire
574 625 673 664 non
718 613 957 682 patitur:
998 617 1068 673 de
1105 621 1304 689 quibus
1352 633 1573 687 sanctus
1617 638 1809 685 erutus

247 702 596 769 gratulabatur
646 706 698 763 in
752 708 1001 767 Pssimo:
1054 715 1242 773 Anima
1290 736 1402 773 mea
1446 722 1580 776 sicut
1629 740 1809 794 passer

241 801 403 862 erepta
424 803 495 848 est
517 795 775 869 delsqueo
816 806 1112 861 venantium
1141 807 1161 880 (
1190 806 1284 864 Ps.
1304 824 1492 878 curn,
1527 813 1622 885 7).
1653 815 1721 871 Et
1751 817 1803 873 in

235 884 339 942 alio
359 888 469 943 loco
488 892 721 960 gaudens
748 896 896 966 quod
927 901 1185 969 evaserit,
1218 903 1488 975 loquitur;
1519 884 1806 978 susceptor

236 992 368 1034 meus
391 996 443 1036 es
459 991 533 1052 tu,
561 996 607 1040 et
627 989 886 1059 refugium
908 1007 1098 1049 meum.
1132 993 1275 1052 Deus
1305 1014 1470 1069 meus,
1495 1001 1716 1070 sperabo
1746 1005 1803 1059 in

232 1085 345 1126 eum
367 1111 383 1129 .
413 1074 652 1142 Quoniam
689 1082 802 1151 ipse
826 1085 959 1139 eruit
985 1102 1067 1142 me
1091 1088 1155 1142 de
1178 1089 1361 1159 laqueo
1394 1095 1706 1162 vemmtium,
1755 1106 1804 1152 et

3414 358 3518 421 2ῖο

2954 484 3075 537 quae
3124 474 3515 547 interpretatur

2317 546 2541 607 ﬂetuum
2570 571 2788 630 quoque
2815 559 2930 618 sive
2950 566 3161 633 erroris,
3188 578 3246 623 ut
3273 546 3508 641 Septua-

1909 633 2057 703 ginta
2074 642 2470 703 transtulerunt
2495 663 2524 702 a
2556 649 2784 708 Domino
2806 654 3073 723 Sabamh,
3093 677 3203 717 non
3225 679 3333 731 quo
3350 665 3509 725 ﬂetus

1909 736 1964 783 et
1986 746 2144 789 error
2165 749 2193 788 a
2213 736 2444 797 Domino
2462 745 2563 808 sit;
2589 746 2682 800 sed
2715 764 2811 817 per
2831 753 3175 811 occasionem
3198 771 3507 819 sanctarum

1907 819 2333 899 Scripturarum,
2348 847 2480 902 quas
2497 834 2753 895 Dominus
2766 840 3024 913 legendas
3035 846 3510 917 dedit,illisnasci-

1908 921 1998 970 tur
2024 919 2230 976 erroris
2244 924 2572 999 occasio,qui
2585 942 2813 1001 possunt
2824 935 3033 994 dicere:
3051 941 3222 1006 Quare
3235 960 3327 1001 nos
3337 962 3511 1003 errare

1905 1010 2079 1080 fecisti
2091 1029 2123 1065 a
2144 1015 2474 1092 viatuaUsa.
2492 1039 2644 1091 um,
2659 1026 2791 1099 θην
2812 1029 2880 1085 Et
2895 1030 2948 1087 in
2964 1032 3072 1091 alio
3086 1035 3206 1092 loco
3222 1055 3235 1093 :
3253 1040 3505 1099 Dominus

1904 1101 1978 1156 eis
2004 1104 2206 1163 miscuit
2226 1112 2461 1182 spiritum
2484 1118 2675 1179 erroris
2700 1118 2865 1192 (Ibid.
2898 1139 3048 1193 ms,
3075 1128 3165 1201 l0)
3191 1149 3204 1185 :
3231 1142 3291 1189 ut
3311 1150 3420 1191 non
3454 1137 3505 1193 in

231 1166 421 1221 ambo
448 1172 663 1245 aspero(
696 1171 789 1228 Ps.
827 1190 916 1241 xc,
956 1177 1027 1233 25
1057 1178 1099 1250 ).
1141 1181 1258 1237 sive
1300 1183 1608 1251 turbulento,
1659 1187 1801 1256 quod

222 1260 433 1329 proprie
458 1262 837 1323 haereticorum
864 1268 1169 1328 doctrinam
1199 1274 1492 1346 signiﬁcat.

290 1349 463 1408 Omnes
507 1359 591 1427 qui
632 1358 830 1416 inventi
871 1372 990 1418 sunt
1025 1365 1080 1420 in
1118 1376 1188 1435 te,
1211 1368 1366 1424 cincti
1414 1382 1533 1427 sunt
1585 1375 1800 1445 pariter,

214 1446 387 1515 procul
408 1447 657 1519 (sperauit.
688 1452 865 1509 LXX:
893 1454 962 1509 Et
985 1460 1146 1528 fortes
1170 1461 1224 1515 in
1268 1470 1316 1517 te
1340 1460 1492 1536 longe
1533 1464 1798 1538 fugerunt.

213 1534 393 1592 Adhuc
418 1552 597 1597 sermo
643 1544 938 1615 Proliltettn
973 1558 1166 1605 contra
1209 1551 1406 1609 vallem
1433 1534 1613 1623 Sion,—
1647 1556 1801 1627 cujus

214 1624 525 1690 habitatores
550 1637 995 1697 ascenderuntiu
1015 1648 1154 1699 tecta
1175 1658 1335 1711 vana,
1353 1655 1409 1701 et
1427 1647 1802 1706 clamaverunt

212 1721 430 1781 clamore
473 1728 738 1801 contuso,
766 1741 826 1789 et
857 1735 1126 1792 vulnerati
1165 1746 1297 1794 sunt
1348 1739 1554 1812 absque
1580 1744 1797 1823 pra-lio,

205 1815 347 1887 citius
373 1819 634 1893 principes
661 1839 860 1882 omnes
894 1825 1170 1898 fugerunt,
1215 1840 1270 1887 et
1294 1831 1430 1888 dure
1460 1815 1611 1906 ligati
1646 1846 1794 1907 sunt,
1832 1842 1878 1904 Β
1908 1846 2139 1906 riamnr.

199 1920 253 1967 et
279 1914 360 1981 qui
391 1912 557 1973 fortes
606 1918 769 1976 istter
815 1935 912 1977 eos
940 1934 1119 1993 erant,
1176 1924 1394 1997 longius
1441 1926 1790 2001 aufugerunt.

198 2002 393 2072 Quanto
414 2011 557 2065 enim
588 2011 725 2083 quis
764 2013 818 2068 in
871 2014 1124 2072 hmretica
1160 2018 1515 2087 perversitate
1559 2021 1796 2090 pruden-

200 2098 293 2155 tior
312 2110 411 2169 est,
438 2112 586 2163 tanto
614 2106 837 2177 longius
866 2109 1071 2166 recedit
1097 2125 1126 2165 a
1149 2111 1397 2170 Domino.
1428 2114 1582 2182 Quod
1607 2129 1789 2173 autem

197 2191 482 2266 dicitjuua
515 2198 888 2258 Hebraicum:
924 2202 1114 2261 Otones
1139 2207 1333 2263 inuenti
1357 2221 1475 2264 sunt
1509 2210 1562 2264 in
1586 2220 1654 2275 te,
1689 2209 1793 2267 hoc

197 2295 375 2345 natare
398 2289 691 2359 debemus,
725 2293 872 2364 quod
900 2305 958 2352 et
996 2297 1240 2357 haeretici
1269 2315 1367 2356 eos
1392 2317 1529 2374 quos
1560 2303 1791 2373 decepe-

197 2382 314 2448 rint,
344 2381 619 2442 inveuisse
649 2400 711 2444 se
737 2386 954 2444 dicunt:
999 2391 1095 2446 sed
1139 2391 1381 2450 inventio
1419 2408 1634 2463 eorum,
1665 2412 1790 2467 pcr-

193 2473 319 2532 ditio
339 2488 444 2535 est.
476 2479 729 2553 Denique
760 2484 964 2553 pariter
990 2485 1339 2556 colligantur,
1386 2498 1442 2545 et
1469 2490 1659 2559 procul
1703 2491 1788 2546 lu-

190 2568 345 2639 giant.
370 2570 486 2629 Nec
526 2573 665 2629 mihi
693 2576 873 2646 placet
918 2577 1009 2632 illa
1036 2581 1328 2650 expositio,
1365 2583 1665 2638 secundum
1706 2583 1791 2640 di-

190 2665 493 2722 versitatem
532 2666 823 2725 lnoreseon
863 2669 1078 2726 diversa
1102 2687 1223 2729 esse
1267 2683 1322 2730 et
1356 2677 1530 2746 spatia
1573 2676 1786 2748 fugien-

186 2756 332 2824 tium,
381 2776 509 2817 cum
559 2764 845 2835 Scriptura
899 2778 1090 2823 sancta
1118 2767 1275 2823 dicat
1307 2769 1325 2839 (
1352 2768 1483 2837 Luc.
1516 2787 1592 2838 st,
1622 2772 1696 2827 23
1724 2771 1742 2843 )
1774 2790 1787 2829 :
1846 2818 1852 2826 .

181 2864 365 2909 omnes
393 2856 489 2924 qui
532 2855 605 2910 ab
657 2858 931 2914 haereticis
984 2869 1113 2915 sunt
1159 2860 1360 2930 reperti
1400 2864 1603 2930 pariter
1629 2863 1789 2919 colli-

177 2961 344 3019 gatos,
366 2959 428 3008 et
453 2952 1029 3027 fugisselongissime,
1065 2957 1285 3015 dicente
1332 2960 1592 3016 Domino:
1628 2961 1789 3033 313

177 3041 277 3110 Qui
295 3060 402 3100 non
434 3054 514 3100 est
544 3061 767 3114 mecum,
795 3058 974 3103 contra
995 3066 1074 3105 me
1113 3061 1221 3108 est:
1261 3061 1309 3106 et
1328 3056 1418 3124 qui
1464 3068 1660 3108 mecum
1685 3070 1789 3108 non

168 3134 391 3210 colligit,
420 3139 653 3210 spargit.
678 3140 834 3198 Unde
852 3140 924 3198 de
952 3142 1140 3214 Moyse
1162 3143 1361 3200 dicitur
1383 3143 1585 3216 (Exod.
1609 3149 1783 3218 utr),

1906 1193 2146 1256 Visionis
2172 1214 2378 1275 monte,
2409 1208 2504 1264 sed
2529 1210 2581 1267 iu
2600 1210 2734 1269 Sion
2764 1216 2907 1274 valle
2944 1222 3335 1282 consisterent.
3380 1227 3507 1285 Haec

1904 1298 2085 1345 autem
2110 1291 2225 1361 ipsa
2247 1294 2386 1363 dies,
2417 1315 2535 1369 qua:
2564 1318 2591 1355 a
2622 1302 2856 1364 Domino
2904 1312 3244 1372 exercituum
3293 1319 3348 1375 in
3366 1321 3509 1378 valle

1904 1380 2082 1437 oritur
2093 1383 2421 1455 Visionismt
2436 1393 2773 1465 singulorum
2796 1415 2965 1473 opera
2986 1405 3505 1480 demonstrcucru-

1905 1481 2052 1529 tatur
2064 1491 2277 1535 murum
2292 1480 2698 1560 btereticorum,
2713 1509 2875 1563 quem
2897 1500 3184 1561 adversum
3200 1506 3500 1567 Ecclesiam

1905 1569 2061 1637 quasi
2107 1570 2480 1635 firmissimum
2523 1592 2990 1658 propugnaculum
3030 1609 3498 1672 construxerunt;

1904 1669 1961 1715 et
1983 1664 2327 1734 magnificum
2358 1669 2524 1746 314
2567 1676 2997 1752 gloriosumque,
3025 1688 3076 1743 id
3106 1700 3213 1757 est,
3245 1664 3501 1754 doctores

1905 1768 2119 1827 eorum,
2143 1762 2235 1829 qui
2280 1776 2342 1820 se
2386 1779 2557 1837 super
2580 1768 2802 1829 Christo
2831 1787 3019 1837 monte
3049 1784 3354 1843 consistere
3385 1791 3502 1860 glo-

2166 1851 2241 1908 De
2269 1871 2378 1925 quo
2404 1858 2532 1915 alibi
2559 1862 2790 1934 legimus
2814 1885 2829 1925 :
2864 1867 3059 1942 Venite,
3083 1851 3425 1938 ascendamus
3445 1884 3502 1938 in

1900 1952 2122 1998 montem
2150 1943 2384 2016 Domini,
2409 1961 2457 2007 et
2484 1955 2537 2009 in
2557 1956 2770 2013 domum
2799 1960 2899 2017 Dei
2917 1962 3083 2021 Iacob
3101 1985 3121 2024 :
3142 1980 3192 2024 et
3218 1978 3501 2030 annuntiao

1896 2032 1969 2088 lrit
1986 2036 2133 2092 nobis
2150 2041 2284 2094 uiam
2297 2059 2447 2099 suam
2469 2044 2606 2119 (Ira.
2626 2065 2685 2112 tt.
2706 2052 2783 2125 5).
2801 2053 2976 2112 Porro
2991 2061 3137 2129 quod
3160 2061 3300 2119 LXX
3322 2075 3498 2123 trans-

1895 2130 2171 2200 tulerunt,
2205 2147 2384 2193 errant
2403 2157 2436 2194 a
2461 2143 2673 2200 minimo
2695 2163 2855 2219 usque
2874 2150 2946 2205 ad
2970 2156 3259 2212 niaximum
3278 2200 3293 2225 ,
3321 2172 3498 2217 errant

1892 2236 2050 2293 super
2068 2238 2287 2295 utentes,
2312 2229 2417 2288 hoc
2437 2236 2646 2292 sentire
2665 2238 2954 2311 debemus,
2980 2245 3030 2299 in
3072 2249 3264 2319 tuajori
3288 2254 3498 2310 scelere

1892 2328 2017 2371 esse
2040 2331 2155 2382 eos,
2192 2321 2280 2389 qui
2330 2323 2567 2394 majores
2596 2338 2745 2396 sunt,
2775 2342 2830 2387 et
2860 2341 3046 2393 tamen
3092 2354 3125 2394 a
3153 2342 3379 2398 minimo
3408 2360 3501 2401 us-

1893 2422 2001 2477 que
2027 2410 2094 2465 ad
2139 2414 2437 2472 maximum
2466 2434 2654 2476 errare
2706 2433 2953 2494 cunctos,
3004 2438 3061 2485 et
3090 2445 3280 2489 errare
3334 2451 3499 2507 super
3544 2512 3551 2515 _

1892 2513 2109 2560 montes
2134 2521 2149 2561 :
2176 2506 2422 2578 Moysen,
2450 2510 2770 2583 leretniam,
2801 2529 3143 2594 caeterosque
3172 2506 3494 2599 Prophetas,

1890 2593 2276 2668 Evangelistas
2303 2611 2360 2658 et
2387 2602 2703 2673 Apestolos.
2731 2609 2976 2682 Cumque
3008 2593 3065 2669 in
3095 2618 3232 2675 valle
3274 2593 3499 2678 verseti-

1892 2694 2003 2752 tur,
2036 2690 2229 2747 mirum
2264 2693 2315 2749 in
2349 2696 2569 2754 modum
2597 2711 2784 2759 errant
2813 2704 2866 2759 in
2892 2707 3211 2765 utentibus:

1963 2779 2148 2850 (Vera.
2184 2783 2325 2857 7-9.)
2365 2786 2435 2843 Et
2473 2788 2655 2847 tElam
2684 2797 2902 2869 sumpsit
2928 2798 3254 2867 pharetram,
3282 2820 3495 2861 currum

1893 2869 2115 2928 hominis
2144 2877 2349 2946 equitis,
2380 2890 2430 2935 et
2458 2885 2704 2950 parietem
2750 2889 2965 2945 nudauit
2994 2892 3228 2966 clypeus.
3253 2894 3325 2951 Et
3344 2909 3499 2954 erunt

1891 2961 2070 3019 eiectat
2096 2964 2257 3020 valles
2280 2976 2384 3023 tua:
2409 2970 2576 3039 plena:
2621 2978 2997 3050 quadrigarum
3025 2961 3141 3039 {Et
3171 2988 3365 3057 equites
3407 3006 3502 3060 po.

1893 3063 2015 3106 nent
2059 3056 2206 3110 sedes
2233 3074 2353 3114 suas
2390 3061 2445 3114 in
2488 3076 2656 3133 porta.
2688 3066 2754 3122 Et
2784 3071 3090 3129 revelabitur
3124 3080 3495 3148 operimentum

1892 3140 2051 3199 ludat
2081 3161 2100 3199 :
2127 3155 2174 3199 et
2215 3148 2408 3206 videbis
2435 3152 2487 3207 in
2531 3156 2617 3211 die
2662 3158 2755 3213 illa
2799 3169 3258 3224 armamentarium
3308 3171 3493 3229 domus

166 3227 638 3298 appropinquabat
683 3230 893 3302 Moyses
940 3234 1085 3288 solus
1131 3235 1203 3288 ad
1250 3235 1436 3302 Deum,
1464 3238 1634 3291 cteteri
1671 3254 1790 3292 vero
1818 3218 1864 3284 (ἶ
2083 3252 2105 3294 :
2128 3248 2177 3293 et
2201 3241 2452 3299 scissuras
2481 3247 2704 3305 civitatis
2733 3250 2901 3308 David
2930 3218 3187 3329 ridebitis,
3215 3265 3336 3333 quia
3360 3269 3496 3322 mul-

164 3330 276 3373 non
318 3319 839 3392 appmpinquabsnt.
876 3324 1019 3381 Deus
1056 3327 1194 3380 enim
1236 3332 1430 3382 sanctis
1476 3330 1611 3396 suis,
1656 3327 1794 3386 Deus

164 3412 615 3483 appropinquans
632 3423 731 3481 est,
753 3426 802 3471 et
824 3432 928 3471 non
950 3417 1013 3473 de
1032 3418 1205 3491 longe,
1237 3419 1363 3475 dicit
1403 3418 1681 3477 Dominus.

242 3502 433 3576 (Vcrs.
457 3503 609 3575 1-6.)
637 3504 924 3577 Propterea
950 3509 1063 3565 dixi
1089 3527 1109 3566 :
1147 3510 1389 3567 Reccdite
1409 3530 1441 3567 a
1470 3531 1580 3583 me,
1612 3530 1791 3572 amare

177 3596 302 3665 flebo
328 3613 350 3651 :
376 3594 547 3651 nolite
572 3596 868 3654 incumbere
897 3610 955 3655 ut
980 3603 1317 3658 consolemini
1342 3621 1421 3661 me
1445 3623 1604 3675 super
1630 3610 1788 3663 uasti-

172 3698 276 3745 tate
298 3690 428 3760 ﬁlis
468 3691 652 3762 populi
695 3693 816 3748 mei.
846 3691 974 3749 Dies
1011 3696 1148 3750 enim
1174 3697 1553 3769 interfectionis
1578 3709 1628 3756 et
1655 3717 1783 3757 con-

179 3784 508 3852 culcstionis,
534 3794 586 3840 et
630 3786 849 3857 ﬂetuum
876 3805 909 3843 u
938 3787 1164 3845 Domino
1208 3790 1322 3848 Deo
1372 3796 1688 3850 exercituum
1727 3797 1783 3852 in

178 3876 306 3932 ualle
358 3878 600 3942 uisionis,
644 3890 885 3936 scrutans
930 3896 1138 3939 murum
1181 3894 1232 3939 et
1271 3887 1579 3959 magniﬁcus
1628 3904 1783 3961 super

181 3983 420 4028 mntem.
470 3970 979 4045 LXX:Propterea
1022 3976 1411 4035 dixitDimitte
1460 3999 1560 4046 me,
1605 4000 1783 4039 amare

182 4061 308 4131 ﬂebo
333 4077 353 4117 :
378 4061 545 4118 nolite
568 4066 901 4130 contendere,
925 4077 979 4121 ut
1001 4066 1341 4125 consolentini
1374 4087 1450 4126 me
1471 4089 1629 4141 super
1659 4090 1784 4130 con-

184 4156 389 4213 tritione
411 4157 543 4227 ﬁlias
568 4159 775 4228 generis
813 4161 914 4214 mei
942 4175 961 4214 :
980 4160 1108 4227 quia
1146 4161 1257 4215 dies
1285 4163 1558 4231 tumultus,
1590 4175 1638 4220 et
1668 4183 1784 4235 per-

184 4245 409 4316 ditionis,
440 4259 490 4305 et
521 4250 953 4313 conculcationis.
984 4259 1031 4306 et
1054 4267 1200 4306 error
1224 4268 1256 4307 a
1294 4250 1518 4308 Domino
1550 4254 1660 4310 Deo
1682 4255 1785 4312 Sa-

183 4337 331 4395 baoth
350 4343 405 4394 in
430 4339 573 4396 ualle
602 4341 771 4407 Sion;
820 4353 993 4399 errant
1038 4359 1070 4398 a
1096 4343 1315 4399 minimo
1340 4360 1497 4414 usque
1523 4345 1592 4398 ad
1617 4346 1785 4399 maxi-

184 4444 357 4488 mum:
391 4442 576 4488 errant
625 4449 783 4505 super
827 4446 1049 4491 montes.
1103 4435 1174 4491 Et
1220 4436 1443 4492 Samuel
1494 4436 1786 4505 plangebat

185 4518 309 4579 Sani
350 4522 396 4594 (l
423 4522 566 4595 Reg.
595 4524 689 4597 xv)
708 4566 726 4592 ,
777 4536 833 4581 et
866 4526 1125 4584 Dominus
1149 4537 1317 4600 atque
1343 4528 1599 4587 Salvator
1622 4527 1787 4585 ﬂebat

188 4613 476 4679 Jerusalem
495 4621 658 4695 (Luc.
675 4622 843 4697 XIX;_“
855 4622 975 4679 Cor.
993 4625 1155 4693 att,2l
1169 4631 1205 4696 ):
1223 4626 1582 4696 etApostolus
1594 4625 1786 4682 scribit

187 4710 248 4767 Id
265 4710 616 4771 Corinthios:
642 4714 728 4772 Ne
744 4734 862 4771 cum
888 4734 1071 4773 rursus
1100 4735 1282 4775 tenero
1302 4719 1373 4775 ad
1402 4734 1518 4784 uos,
1548 4717 1786 4777 humilia

188 4813 263 4856 tus
285 4803 442 4875 Deus,
468 4817 517 4863 et
540 4805 749 4878 lugeam
768 4807 962 4864 multos
980 4810 1068 4878 qui
1089 4821 1207 4865 ante
1227 4822 1584 4883 peccaverunt,
1611 4822 1659 4868 et
1680 4827 1786 4867 non

187 4908 388 4966 egerunt
413 4900 793 4972 penitentiam.
830 4901 983 4959 Unde
1009 4903 1391 4974 compatientis
1415 4906 1611 4963 allecto
1638 4915 1695 4962 et
1716 4905 1784 4962 ad

192 4984 602 5063 aliosloquitur:
621 4993 752 5063 Quis
768 4995 1083 5066 inﬁrmatur,
1102 5006 1255 5066 etego
1267 5013 1367 5052 non
1383 4998 1783 5067 infirmor?quis

190 5084 587 5155 minuatur,
612 5097 661 5143 et
682 5104 774 5159 ego
798 5105 903 5145 non
928 5106 1054 5145 uror
1074 5090 1143 5163 (ll
1158 5089 1275 5146 Cor.
1294 5106 1369 5159 ιι,
1392 5090 1520 5164 ὶ9)2
1544 5091 1712 5161 igitur
1728 5101 1784 5148 et

193 5171 453 5250 PrOphotu
471 5181 665 5237 videns
687 5183 945 5253 populum
965 5185 1234 5251 quondam
1256 5185 1483 5240 visionis
1495 5199 1627 5239 vena
1648 5193 1784 5241 tecta

195 5274 584 5341 “mandere,
597 5276 719 5331 etin
734 5277 973 5333 clamore
985 5278 1189 5335 versari
1205 5295 1222 5345 ;
1237 5288 1573 5351 cunctosque
1587 5280 1787 5350 princi-

195 5372 286 5430 pes
306 5365 424 5432 eius
448 5367 682 5440 legisse,
708 5379 766 5426 et
786 5371 977 5442 ligatos
1006 5388 1131 5432 esse
1153 5375 1386 5430 vinculis
1414 5382 1782 5445 peccatorum,

197 5458 425 5527 erumpit
441 5459 497 5515 in
513 5461 1480 5534 lacrymas,etubigitconsolantesuet
1492 5464 1621 5521 ﬂetu
1638 5482 1786 5524 ama-

200 5544 410 5609 rissimo
431 5568 493 5615 se
508 5553 641 5613 llere
658 5564 908 5625 testatur,
927 5573 1032 5617 non
1055 5574 1218 5631 super
1241 5559 1406 5627 ﬁlios,
1427 5559 1524 5617 sed
1548 5574 1713 5630 super
1727 5561 1789 5616 li-

200 5628 320 5697 lium
335 5644 776 5719 pepulisui,qute
790 5649 1062 5707 virilitatis
1074 5628 1791 5725 perdiditdiguitatem.l)ios

202 5732 340 5788 enim
361 5734 574 5803 iudicii,
602 5747 660 5793 et
688 5739 1105 5809 interfectiouis,
1135 5751 1189 5797 i-t
1217 5743 1666 5809 conculcationis,
1696 5756 1791 5802 ne-

204 5836 468 5899 τιυιιιιυω
494 5831 597 5887 erit
620 5827 910 5890 Jerusalem
934 5877 950 5905 ,
984 5851 1102 5908 quae
1132 5837 1521 5911 interpretatur
1547 5837 1673 5892 visio
1699 5848 1791 5908 pa.

1810 4594 1864 4656 D

1896 3327 2144 3397 tiplicatae
2156 3342 2293 3390 sunt.
2310 3333 2451 3392 LXX
2475 3357 2485 3392 :
2502 3337 2749 3399 Elamita:
2763 3358 2934 3403 autem
2950 3327 3178 3407 tulerunt
3186 3327 3460 3426 pltaretras
3475 3378 3493 3414 :

1893 3435 2190 3479 ascensores
2213 3441 2233 3480 :
2256 3425 2490 3489 homines
2514 3448 2670 3505 super
2706 3452 2901 3507 equos:
2938 3450 2987 3496 ct
3032 3449 3361 3519 congrega‘io
3399 3468 3498 3522 pu-

1891 3516 2187 3583 gnantium:
2209 3528 2257 3572 et
2281 3533 2432 3576 erunt
2459 3524 2630 3580 electa:
2656 3527 2813 3585 valles
2837 3541 2958 3596 tute,
2990 3516 3341 3608 implebantur
3365 3516 3495 3613 qua-

1890 3605 2084 3677 drigis,
2110 3619 2158 3663 et
2180 3612 2374 3681 equites
2412 3617 2672 3688 stipabant
2718 3634 2898 3694 portas
2924 3636 3040 3684 luas
3101 3640 3152 3686 et
3198 3634 3492 3693 rerelabunt

1885 3710 2062 3768 portas
2090 3699 2249 3759 ludat
2270 3722 2290 3763 ξ
2317 3716 2367 3761 et
2389 3710 2643 3779 aspicient
2664 3713 2752 3771 die
2783 3716 2877 3773 illo
2901 3720 2953 3775 in
2984 3722 3170 3782 domus
3201 3730 3384 3785 electas
3410 3732 3489 3786 ci-

1885 3792 2056 3849 uitatis
2080 3811 2099 3850 :
2120 3808 2169 3851 et
2193 3801 2489 3859 rettelabunt
2514 3807 2816 3869 abscondita
2837 3815 3107 3874 domorum
3134 3824 3273 3878 arcis
3298 3823 3489 3891 David,

1884 3895 1930 3940 et
1956 3889 2199 3948 uidebunt
2223 3898 2469 3966 quoniam
2514 3902 2692 3971 plures
2740 3918 2880 3964 sunt.
2909 3909 3115 3978 IElam,
3147 3918 3289 3982 quod
3320 3917 3491 3973 inter-

1886 3988 2134 4047 pretatur
2151 4000 2395 4044 ascensus
2417 4006 2592 4048 eorum
2610 4034 2625 4060 ,
2644 3998 2761 4050 sive
2786 3996 3050 4066 Elamitw,
3066 4010 3123 4056 ut
3145 4002 3289 4058 LXX
3314 4014 3486 4061 trans-

1885 4070 2152 4141 tulerunt,
2181 4092 2319 4146 quos
2343 4079 2396 4134 in
2418 4094 2793 4154 contemptores
2817 4085 3103 4154 vertimus,
3137 4106 3491 4163 sumpserunt
3558 4138 3561 4141 μ

1886 4161 2223 4233 pharetram,
2257 4181 2313 4225 ut
2340 4172 2549 4242 agitent
2579 4177 2633 4230 in
2685 4176 2922 4234 obscuro
2955 4192 3135 4238 rectos
3166 4161 3353 4255 corde,
3396 4195 3491 4261 qui

1884 4265 2014 4308 sunt
2042 4256 2093 4310 in
2125 4272 2287 4316 curru
2319 4264 2532 4333 equites
2561 4265 2867 4338 hominum,
2902 4280 2961 4329 ut
2983 4278 3246 4344 parietem
3277 4280 3406 4338 Sion
3431 4297 3487 4340 et

1886 4341 2152 4402 Ecclesia:
2201 4349 2549 4410 ﬁrmamenta
2598 4374 2701 4412 suo
2747 4361 2938 4433 clypeo
2977 4341 3032 4422 et
3079 4368 3490 4444 iuipugnatione

1886 4430 2181 4491 denudent.
2212 4439 2383 4496 Erunt
2410 4452 2613 4512 autem,
2643 4430 3055 4521 inquit,clectm
3083 4430 3260 4519 valle;
3276 4475 3402 4532 tua),
3433 4478 3490 4524 ct

1887 4523 2112 4581 humilia
2138 4527 2413 4601 dogmata,
2438 4550 2469 4590 ο
2501 4541 2660 4594 vallis
2685 4542 2841 4611 Sion,
2870 4549 3042 4616 plenae
3070 4554 3482 4627 quadrigarum,

1890 4632 2026 4688 quas
2081 4619 2339 4679 Dominus
2386 4639 2508 4681 cum
2562 4628 2845 4689 Pharaone
2899 4619 3215 4712 submersit,
3253 4619 3484 4716 quarum

1889 4708 2099 4780 equites
2121 4723 2174 4768 et
2197 4729 2518 4773 ascensores
2535 4731 2739 4790 ponent
2755 4725 2916 4783 sedes
2939 4745 3067 4787 suas
3086 4732 3136 4787 in
3161 4738 3330 4800 portis
3356 4742 3482 4808 tuis,

1891 4811 1949 4858 ut
1976 4804 2232 4864 υὺεθιςευε
2264 4809 2316 4865 in
2343 4822 2394 4867 te
2419 4820 2583 4886 atque
2610 4817 2901 4877 conclusos
2927 4839 3035 4879 non
3067 4828 3342 4896 patiantur
3371 4836 3487 4892 exi-

1890 4914 1969 4957 re.
1996 4899 2148 4959 Tunc
2173 4903 2535 4976 Omnipotens
2592 4910 2733 4968 Deus
2765 4929 2862 4983 per
2912 4918 3314 4983 ecclesiasticos
3340 4930 3487 4988 viros

1888 4995 2153 5053 revelabit
2177 4999 2519 5069 operimenta
2551 5003 2737 5074 Judtt‘;
2765 5018 2823 5066 et
2869 5012 3118 5073 universa
3149 5035 3360 5080 secreta
3384 5041 3483 5083 eo-

1887 5103 2030 5155 rum,
2060 5090 2228 5160 quiin
2255 5094 2607 5152 confessione
2636 5097 2758 5158 ﬁdei
2790 5108 3073 5166 constituti
3097 5126 3243 5178 snnt,
3268 5125 3324 5174 et
3356 5128 3486 5178 tunc

1888 5182 2118 5249 videbis,
2161 5200 2193 5237 ο
2238 5184 2394 5240 vallis
2436 5188 2668 5256 Sion,in
2694 5194 3000 5267 ilieilla,ct
3031 5205 3083 5260 in
3106 5207 3254 5265 claro
3276 5212 3478 5272 lumine

1887 5279 2165 5343 veritatis,
2218 5296 2435 5339 «nuncm
2483 5298 2818 5348 armaturam
2860 5298 3106 5368 Apostoli
3134 5338 3150 5368 ,
3192 5314 3247 5358 et
3286 5307 3482 5364 donius

1889 5370 2082 5435 saltus,
2127 5370 2178 5424 in
2218 5387 2326 5441 quo
2362 5379 2606 5445 gentium
2646 5384 2801 5437 turba
2842 5390 3117 5445 consistit.
3160 5393 3314 5451 Sicut
3353 5400 3479 5456 etin

1890 5477 2050 5517 cxxxt
2074 5461 2287 5532 psalmo
2322 5468 2537 5522 canitur
2561 5484 2579 5522 :
2606 5469 2737 5525 Ecce
2755 5474 3047 5533 audiuimus
3064 5496 3179 5535 eam
3203 5484 3256 5539 in
3281 5485 3485 5558 Epitra-

1892 5566 1942 5609 ta
1965 5570 1983 5609 :
2006 5556 2289 5611 invenimus
2328 5572 2439 5611 eam
2483 5560 2535 5613 in
2574 5563 2769 5630 campis
2807 5566 2950 5621 silua:
2988 5568 3164 5640 (Psal.
3191 5589 3380 5643 cxxu,
3405 5581 3485 5652 6).

1893 5646 2024 5703 Cum
2042 5658 2223 5704 autem
2251 5650 2655 5719 operimentum
2673 5652 2826 5710 ludat:
2852 5668 3018 5729 atque
3036 5677 3327 5739 secretum,
3344 5678 3489 5745 quod

1895 5745 2047 5815 prius
2072 5756 2296 5817 propter
2315 5749 2636 5820 mysterium
2675 5751 2838 5827 διδ
2856 5756 3156 5827 celabatur,
3202 5766 3364 5823 fuerit
3405 5787 3493 5827 re-

1899 5841 2156 5910 velatum,
2183 5850 2235 5897 ct
2256 5843 2460 5900 videris
2496 5856 2827 5906 armaturam
2857 5849 3149 5926 Ecclesiae;
3176 5868 3302 5917 tunc
3335 5861 3495 5915 intcln
