4010 6356
451 318 556 377 271

1701 311 1760 369 S.
1802 309 2072 368 EUSEBII
2112 306 2498 365 [IIERONVMI

3647 306 3760 365 272

452 437 585 507 liges
609 434 897 490 schismata
920 430 1160 487 civitatis
1180 429 1376 494 David,
1407 444 1527 500 quae
1567 427 1962 500 multiplicasti,
1989 435 2045 483 ut
2073 429 2118 486 Λ
2149 425 2270 480 dere
2300 424 2508 492 vitulos,
2540 433 2588 479 et
2622 424 2874 497 jugulare
2922 425 3141 491 arietes,
3176 423 3442 479 comedere
3469 413 3674 490 carnes,
3711 435 3761 478 et

453 527 710 597 deceptos
734 526 829 580 tibi
856 525 1089 595 populos
1123 521 1508 594 congregares’.
1533 523 1626 578 Isti
1665 523 1907 577 Elatnita:
1925 523 2047 590 jux-

457 629 506 674 ta
529 619 823 674 editionem
870 617 1015 676 LXX
1039 636 1144 673 non
1171 618 1376 675 habent
1401 633 1561 671 unam
1591 617 1927 686 pharetram,
1950 613 2045 669 sed

452 712 668 782 plures;
726 720 781 766 et
819 727 1143 768 ascensores
1173 723 1298 764 sunt
1351 711 1656 775 hominum,
1708 710 1759 764 in
1813 725 2044 780 quorum

448 807 692 876 equitant
725 806 1046 872 animabus;
1081 816 1132 861 et
1157 805 1386 875 plurima
1423 804 1714 858 multitudo
1745 812 1829 859 est
1858 803 1925 857 ad
1950 819 2047 872 pu-

446 915 607 969 gnaut
632 913 693 953 se
714 909 1241 978 prteparanscontra
1275 897 1578 953 Ecclesium
1606 915 1619 950 :
1645 899 1717 952 ita
1759 905 1816 950 ιιι
1854 911 2046 952 omnes

444 991 616 1046 valles
637 990 784 1045 illius
805 991 1218 1059 compleantur;
1245 999 1298 1044 et
1326 992 1540 1061 equites
1563 989 1823 1045 obturent
1851 1004 2044 1043 sensus

443 1099 659 1149 eorum,
683 1095 738 1138 et
759 1083 1109 1138 dimicatione
1133 1098 1228 1137 sua
1255 1082 1704 1138 Ecclesiasticnm
1728 1081 1929 1146 virum,
1955 1079 2046 1150 qui

443 1177 836 1244 interpretatur
883 1174 1069 1239 Judas,
1117 1183 1415 1243 provocent
1435 1173 1503 1228 ad
1544 1172 2044 1241 certandnmzquo

443 1267 764 1338 proferente
790 1268 1099 1322 testimonia
1116 1266 1205 1322 Sci
1222 1267 1398 1334 iptura
1410 1283 1548 1331 rum,
1565 1275 1619 1321 et
1640 1276 1835 1320 cuncta
1859 1264 2043 1320 redar-

441 1372 646 1432 guente
675 1359 978 1421 mendacia,
1009 1359 1270 1413 videbunt
1295 1359 1534 1414 ha:retici
1579 1357 1774 1412 domos
1806 1355 2043 1411 civitatis

441 1452 652 1519 David,
679 1464 731 1506 et
755 1452 934 1506 omnia
963 1451 1112 1520 prius
1131 1459 1344 1504 secreta
1381 1457 1738 1520 cognoscent,
1767 1447 2043 1518 quomodo

439 1546 496 1604 in
519 1562 646 1602 arce
666 1545 837 1600 David
862 1543 955 1617 qui
981 1548 1371 1614 interpretatur
1391 1586 1406 1610 ,
1445 1560 1601 1596 manu
1623 1542 1795 1614 fortis,
1831 1540 1934 1595 hoc
1957 1549 2045 1597 est

439 1641 676 1704 Christi,
705 1642 884 1694 omnia
931 1640 1039 1694 sint
1063 1639 1314 1705 degmata
1339 1637 1611 1691 veritatis.
1635 1636 1876 1689 Obscura
1920 1633 2040 1688 loca

441 1743 589 1796 sunt,
618 1749 724 1787 non
749 1733 923 1786 solum
945 1731 1097 1800 juua
1127 1729 1436 1794 hi~toriam,
1455 1728 1549 1783 sed
1570 1728 1723 1798 quIa
1754 1730 2037 1801 ἀναγωγήν.

2152 517 2320 572 bibere
2347 518 2523 572 vinum
2548 535 2565 570 :
2593 517 2921 572 comedamus
2963 527 3010 571 et
3039 519 3293 583 bibamus,
3326 534 3442 572 cras
3471 517 3609 571 enim
3642 533 3761 570 mo.

2150 607 2367 665 riemur.
2393 610 2461 665 Et
2490 614 2715 667 revelata
2739 620 2811 666 est
2841 612 2897 666 in
2918 611 3134 666 auribus
3161 612 3288 666 meis
3319 621 3344 648 ³
3380 610 3590 666 Domini
3611 627 3766 666 exer-

2151 704 2342 757 cituum
2369 721 2386 758 :
2414 705 2460 758 si
2489 705 2773 759 dimittetur
2793 705 3044 776 iniquitas
3066 703 3178 760 lucc
3205 705 3346 759 vobis
3373 704 3538 759 donec
3564 706 3766 759 moria-

2149 796 2298 861 mini,
2323 795 2447 849 dicit
2477 795 2728 850 Dominus
2759 796 2891 851 Deus
2919 798 3255 852 exercituum.
3286 797 3541 866 Quotidie
3567 797 3766 853 Durni-

2150 903 2252 943 nus
2296 890 2436 944 Deus
2475 891 2812 946 exercituum
2849 905 3108 958 provocat
3155 890 3447 946 haereticos
3477 891 3544 946 ad
3581 892 3765 960 pinni-

2149 982 2397 1046 tentiam,
2428 983 2516 1052 qui
2556 983 2696 1039 inter
2724 984 2864 1040 duos
2896 999 3086 1041 muros
3113 1000 3310 1056 aquam
3344 985 3570 1055 piscina:
3603 997 3766 1041 vete-

2149 1071 2226 1125 ris
2257 1082 2697 1137 contetnnentes,
2731 1074 2985 1130 foderunt
3010 1076 3113 1130 sibi
3149 1077 3346 1142 lacum,
3373 1087 3426 1131 et
3449 1091 3760 1148 congrega-

2150 1174 2346 1220 verunt
2375 1182 2570 1236 aquam
2598 1167 2826 1237 piscina:
2857 1167 3169 1236 inferioris,
3200 1185 3323 1240 qua:
3356 1186 3460 1224 non
3495 1170 3562 1224 de
3586 1170 3763 1237 caelo,

2148 1258 2241 1313 sed
2272 1257 2339 1313 de
2370 1267 2518 1313 terra
2568 1275 2738 1328 aquas
2765 1260 2964 1326 habet;
3014 1268 3071 1316 et
3107 1270 3267 1316 vocat
3305 1277 3402 1316 eos
3431 1260 3498 1316 ad
3530 1261 3760 1328 ﬂetum;

2147 1350 2296 1404 Beati
2340 1353 2486 1406 enim
2533 1354 2756 1422 ﬂentes:
2803 1355 2926 1425 quia
2962 1355 3069 1423 ipsi
3095 1355 3333 1410 ridebunt
3363 1354 3518 1426 (Mat.
3554 1372 3586 1408 v
3612 1398 3627 1421 ,
3669 1357 3761 1427 5).

2147 1443 2215 1498 Et
2253 1444 2318 1497 ad
2350 1444 2660 1514 planctum,
2703 1461 2768 1500 ne
2800 1456 2988 1516 postea
3021 1447 3251 1502 audiant
3287 1465 3300 1502 :
3335 1447 3764 1504 Lamentavimus

2147 1537 2288 1592 vobis
2318 1580 2332 1604 ,
2367 1548 2414 1592 et
2446 1554 2549 1591 non
2590 1539 2868 1610 planxistis
2909 1538 3033 1608 (Id.
3063 1557 3118 1595 xt
3151 1581 3167 1606 ,
3217 1540 3340 1611 l7).
3388 1539 3455 1594 Et
3484 1540 3553 1594 ad
3585 1539 3766 1596 calvi-

2147 1632 2280 1686 tium
2307 1673 2323 1698 ,
2375 1641 2432 1686 ut
2465 1632 2643 1686 omnia
2691 1648 2858 1701 opera
2897 1634 3092 1690 mortis
3123 1634 3318 1689 radant
3349 1677 3363 1701 ,
3404 1642 3461 1690 et
3497 1635 3766 1690 auferant

2145 1724 2212 1778 de
2253 1739 2487 1794 corpore
2530 1740 2634 1780 suo
2672 1725 2931 1798 quidquid
2978 1743 3085 1782 non
3126 1726 3260 1782 vivit
3301 1727 3635 1796 incorpore.
3685 1726 3766 1783 Et

435 1826 642 1895 Quibus
659 1841 788 1896 ergo
805 1833 992 1880 nostra
1011 1822 1418 1892 diSpIicuerint,
1440 1822 1638 1876 debent
1659 1819 1905 1890 proferre
1919 1833 2038 1885 sua,
2070 1821 2118 1882 B
2147 1818 2213 1872 ad
2256 1819 2532 1890 cingulum
2563 1821 2708 1875 sacci
2737 1862 2752 1883 ,
2796 1837 2864 1876 ne
2908 1832 3100 1892 postea
3144 1821 3301 1892 juxta
3323 1819 3628 1877 Jerusalem
3651 1835 3765 1891 pro

436 1926 496 1973 ut
524 1918 898 1986 explanationi
923 1933 1142 1977 eorum,
1173 1916 1217 1968 si
1244 1930 1370 1968 vera
1400 1914 1585 1980 fuerit,
1611 1915 2041 1982 acquiescatnus.

511 2010 691 2081 (Vers.
721 2010 808 2072 10,
841 2009 955 2078 11.)
980 2003 1046 2062 Et
1080 2008 1431 2080 congregastis
1470 2024 1633 2080 aquas
1658 2007 1869 2078 piscina:
1907 2007 2042 2075 infe-

436 2104 593 2177 rioris
617 2122 634 2158 :
661 2115 708 2158 et
731 2104 914 2157 domus
939 2101 1230 2156 Jerusalem
1273 2102 1580 2156 numerastis
1605 2118 1622 2155 :
1647 2110 1693 2154 ct
1721 2101 2044 2155 destruxistis

441 2198 626 2252 domus
670 2197 739 2250 ad
772 2196 1107 2251 muniendum
1152 2212 1375 2248 murum.
1401 2193 1469 2248 Et
1493 2194 1660 2248 lacum
1683 2195 1872 2265 fecistis
1912 2194 2044 2247 inter

437 2292 568 2346 duos
591 2308 788 2355 muros,
811 2300 860 2343 et
884 2305 1074 2356 aquam
1107 2289 1320 2356 piscina:
1341 2288 1525 2342 veteris
1550 2304 1568 2340 :
1591 2297 1636 2340 et
1669 2304 1773 2341 non
1803 2287 2042 2355 aspexis-

437 2385 502 2438 tis
521 2385 590 2437 ad
612 2401 748 2449 eum,
773 2383 862 2454 qni
893 2387 1083 2454 fecerat
1125 2399 1258 2447 eam,
1283 2391 1328 2436 et
1355 2389 1676 2453 operatorem
1715 2381 1824 2451 ejus
1846 2379 1909 2433 de
1928 2381 2042 2434 lon-

437 2493 501 2548 ge
523 2494 624 2530 non
645 2476 866 2530 vidistis.
895 2474 1036 2529 LXX
1055 2494 1067 2528 :
1087 2474 1151 2528 Et
1175 2483 1468 2527 aret-terunt
1492 2491 1675 2544 aquant
1696 2474 1921 2542 antiqua:
1937 2473 2044 2544 pis-

439 2569 573 2624 citite
597 2570 650 2623 in
675 2569 931 2622 civitatem
957 2584 974 2621 :
996 2579 1040 2620 ct
1064 2568 1428 2621 destruxerunt
1451 2566 1631 2620 domus
1661 2565 1951 2621 Jerusalem
1974 2567 2042 2620 ad

436 2662 728 2733 ﬁrmandos
749 2677 925 2715 muros
947 2661 1166 2714 civitatis
1191 2677 1208 2712 :
1233 2669 1278 2713 et
1310 2659 1508 2729 fecistis
1538 2658 1679 2712 vobis
1703 2676 1886 2730 aquam
1909 2660 2042 2714 inter

443 2758 573 2810 duos
596 2772 772 2809 muros
792 2757 934 2808 intra
955 2753 1207 2822 piscinam
1231 2754 1495 2823 antiquam
1522 2761 1606 2806 :et
1635 2769 1736 2806 non
1771 2754 2043 2824 aspexistis

439 2849 700 2921 eutnquia
715 2848 972 2918 principio
985 2847 1314 2917 feciteam:et
1343 2855 1620 2900 creatorem
1635 2846 1777 2900 illius
1798 2863 1899 2900 non
1915 2847 2045 2901 vidi-

436 2942 549 2997 stis.
580 2939 685 2994 Vos
716 2939 805 3008 qui
830 2939 1097 2994 scissuras
1123 2938 1358 2994 civitatis
1383 2937 1630 3002 David,id
1655 2946 1756 3000 est,
1784 2937 2042 2994 Ecclesia:

438 3033 698 3090 videbitis
711 3034 793 3090 vel
810 3033 1154 3103 videtis,qua:
1169 3036 1219 3087 in
1235 3041 1347 3086 toto
1361 3032 1496 3087 orbe
1510 3031 1879 3102 multiplicata:
1893 3041 2039 3100 sunt;

435 3133 524 3203 qni
571 3132 950 3201 congregastis
976 3143 1143 3199 aquas
1167 3129 1392 3196 piscina:
1416 3137 1615 3182 vestra:
1644 3136 1809 3197 atque
1838 3126 2039 3181 doctri-

2146 1911 2366 1981 cingulo
2407 1922 2555 1967 reste
2602 1913 2915 1983 cingantur.
2950 1913 3030 1968 lili
3059 1923 3242 1969 autem
3272 1929 3303 1969 e
3344 1912 3622 1968 contrario
3651 1927 3766 1983 pro

2149 2002 2276 2059 ﬂetu
2310 2013 2366 2058 et
2397 2005 2641 2074 planctu,
2665 2005 2885 2061 calvitio
2912 2017 2966 2062 et
2987 2006 3190 2072 cilicio,
3220 2005 3478 2076 gaudium
3509 2005 3766 2063 habuere

2148 2111 2311 2172 atque
2342 2101 2614 2168 laetitiam,
2640 2110 2695 2158 et
2721 2103 2872 2174 quasi
2906 2113 3082 2158 morte
3112 2106 3294 2156 omnia
3321 2100 3631 2168 iiuirentur,
3659 2116 3768 2157 oc-

2147 2195 2396 2253 cidentes
2424 2197 2633 2252 vitulos
2683 2198 2996 2266 arietesque
3023 2197 3363 2269 jugulantes,
3395 2205 3452 2250 ut
3492 2194 3766 2251 comede-

2148 2300 2269 2343 rent
2302 2304 2518 2354 carnes,
2567 2298 2621 2343 et
2673 2288 2930 2344 biberent
2957 2289 3164 2354 vinum,
3217 2288 3381 2343 locuti
3414 2296 3543 2343 sunt
3581 2288 3764 2343 verba

2144 2378 2666 2448 blaspltemautium.
2718 2381 2852 2434 Dum
2883 2380 2936 2434 in
2982 2379 3242 2451 pra:senti
3270 2381 3477 2435 sa:culo
3520 2395 3758 2444 sumus,

2148 2473 2362 2530 deliciis
2404 2473 2716 2529 afﬂuatnus.
2754 2474 3010 2529 Crastina
3041 2475 3186 2529 enim
3215 2474 3358 2539 dies,
3390 2473 3493 2528 hoc
3515 2483 3620 2540 est,
3658 2472 3765 2528 fu-

2148 2579 2330 2625 turum
2363 2579 2598 2641 tempus,
2633 2570 2752 2624 sine
2782 2584 2948 2624 sensu
2979 2570 3106 2624 erit.
3138 2568 3249 2625 Illis
3279 2568 3383 2624 ista
3414 2567 3761 2638 ἀίοιιηιίἰιιιε,

2146 2663 2348 2718 audivit
2382 2663 2642 2718 Dominus
2674 2663 2840 2717 verba
2882 2662 3267 2732 blasphemiae,
3293 2673 3348 2717 et
3379 2661 3764 2718 comminatus

2145 2764 2250 2820 est,
2286 2770 2392 2810 non
2435 2771 2494 2810 se
2524 2754 2881 2810 dimissurum
2913 2769 3039 2810 esse
3068 2754 3208 2809 banc
3239 2755 3608 2826 iniquitatem,
3649 2753 3766 2810 do-

2146 2863 2247 2903 nec
2275 2857 2368 2902 aut
2396 2859 2624 2918 peccato
2667 2847 2971 2903 moriantur
3017 2858 3070 2903 et
3111 2848 3282 2913 vitiis,
3317 2858 3409 2903 aut
3449 2863 3571 2902 cum
3597 2843 3625 2885 ι)
3650 2846 3764 2904 de-

2146 2940 2292 2996 lictis
2314 2942 2427 2996 suis
2451 2939 2517 2995 ad
2546 2939 2756 2996 inferos
2781 2941 3192 3010 pertrahuntur.
3217 2939 3374 3009 Quod
3389 2939 3606 3010 quidem
3631 2955 3758 2996 non

2145 3034 2320 3088 Sttltttll
2381 3039 2448 3089 de
2498 3032 2792 3100 hmreticis,
2824 3033 2920 3089 sed
2956 3035 3023 3090 de
3077 3035 3224 3089 omni
3276 3043 3458 3105 petest
3509 3033 3759 3106 intelligi

2145 3136 2454 3197 peccatore,
2482 3127 2572 3198 qui
2618 3127 2900 3197 negligens
2937 3137 3160 3198 peccata
3208 3143 3328 3194 sua,
3353 3128 3759 3198 desperatione

432 3240 544 3291 nat,
574 3241 679 3278 non
703 3223 1027 3292 superioris,
1055 3221 1148 3278 sed
1192 3219 1489 3282 inferioris,
1520 3229 1572 3274 et
1602 3219 1797 3273 domos
1818 3218 2037 3274 Jerusa-
2063 3220 2108 3284 C
2145 3219 2204 3272 lit
2256 3218 2431 3289 pejor;
2481 3229 2535 3273 et
2568 3217 2943 3289 voluptatibus
2987 3219 3258 3284 irretitus,
3289 3219 3473 3289 jttngit
3516 3228 3757 3288 peccato

428 3319 538 3374 lem
581 3316 931 3379 nttmcrastis,
965 3315 1080 3370 sive
1106 3312 1478 3377 destrusistis,
1505 3321 1561 3366 ιιι
1604 3311 1891 3366 muniretis
1920 3327 2033 3365 mu-

426 3425 548 3466 rum
579 3419 847 3474 vestrum,
886 3423 992 3461 non
1025 3406 1239 3461 fodistis
1269 3415 1487 3474 puteos,
1515 3403 1607 3470 qui
1638 3404 1830 3459 vitales
1866 3404 2033 3459 hahe-

428 3516 552 3560 rent
570 3515 626 3560 et
645 3515 881 3560 aeternas
901 3517 1090 3573 aquas,
1116 3501 1209 3554 snd
1235 3500 1386 3554 lacus
1407 3501 1695 3564 contritos,
1720 3499 1810 3569 qui
1833 3513 2030 3569 aquam

426 3614 535 3651 uott
563 3596 744 3651 valent
769 3596 1078 3649 continere.
1112 3592 1181 3646 Et
1212 3591 1418 3646 fecistis
1441 3607 1536 3646 eos
1569 3591 1712 3645 inter
1739 3591 1878 3645 ducs
1907 3605 2028 3644 mu-

429 3705 520 3742 ros
544 3687 668 3742 novi
701 3696 757 3741 et
779 3685 981 3740 veteris
1003 3683 1378 3744 lnstrumeuti,
1402 3692 1456 3737 et
1477 3697 1669 3749 aquam
1697 3681 1917 3750 piscina:
1938 3696 2032 3736 ve-

430 3780 560 3836 teris
611 3777 970 3849 neglexistis,
1016 3791 1117 3830 nec
1171 3775 1564 3831 considerastis
1615 3774 1861 3829 datorem
1894 3774 2030 3845 legis

426 3873 630 3937 Deum,
687 3879 744 3927 et
792 3877 1138 3939 operatorem
1183 3867 1367 3921 tnundi
1420 3867 1642 3938 penitus
1685 3866 2024 3936 ueglexistis.

426 3965 540 4022 lloc
555 3967 707 4034 juxta
741 3962 1090 4018 llebraicum.
1119 3959 1392 4016 Cmterum
1419 3945 1574 4029 juxta
1603 3959 1747 4015 LXX
1776 3959 2028 4015 conside-

425 4069 689 4116 raveruttt
717 4074 777 4114 se
805 4057 1072 4122 haeretici,
1097 4058 1240 4124 quod
1282 4055 1435 4110 multi
1463 4065 1668 4120 essent,
1689 4063 1746 4110 et
1769 4053 1866 4108 hac
1890 4054 2028 4108 ntul-

422 4155 655 4209 titudine
695 4151 1058 4212 confidentes,
1086 4150 1394 4203 doctrinam
1440 4149 1641 4204 veteris
1685 4145 2025 4202 Testamenti

424 4253 747 4302 averterunt
774 4261 802 4298 a
833 4245 1052 4299 civitate
1077 4243 1189 4308 Dei,
1218 4243 1383 4314 316
1409 4258 1528 4312 qua:
1555 4251 1643 4297 est
1671 4241 1939 4307 Ecclesia,
1970 4251 2026 4297 et

423 4339 816 4394 destruxerunt
853 4335 1044 4389 domos
1079 4334 1410 4400 Jerusalem,
1445 4343 1502 4386 ιιι
1531 4333 1864 4388 a-dilicarent
1891 4347 2024 4388 con-

418 4430 669 4488 ciliabula
704 4426 1134 4495 malignantiutn;
1159 4425 1397 4494 dumque
1431 4436 1585 4481 vetus
1617 4425 1915 4498 reprobant
1938 4425 2022 4480 In-

418 4531 813 4587 strntnentum,
865 4536 964 4574 ttec
1006 4535 1206 4573 novum
1250 4519 1422 4574 secuti
1467 4529 1628 4584 sunt,
1661 4521 1785 4591 quia
1818 4535 2017 4574 novum

2139 3311 2532 3382 blasphemiam
2545 3321 2852 3378 ,utomnem
2866 3312 3254 3385 317sensum
3271 3313 3572 3369 viventium
3587 3321 3757 3383 putet

2137 3419 2313 3462 morte
2357 3407 2522 3474 tiniri,
2573 3406 2764 3462 dicens
2795 3408 2928 3462 illud
2975 3408 3234 3478 Epicuri:
3268 3427 3286 3459 ι
3328 3407 3458 3463 Post
3501 3415 3752 3465 mortem

2137 3501 2272 3556 nihil
2299 3509 2407 3568 est,
2442 3510 2495 3555 et
2527 3515 2675 3557 mors
2702 3501 2816 3571 ipsa
2849 3499 2986 3555 nihil
3020 3509 3122 3556 est.
3157 3521 3174 3553 ι

2205 3590 2387 3662 (Vers.
2422 3589 2510 3656 15,
2545 3591 2629 3658 16,
2663 3591 2806 3662 seq.)
2841 3590 2971 3645 Haac
2999 3592 3122 3647 dicit
3149 3591 3404 3648 Dominus
3429 3591 3573 3649 Deus
3589 3609 3755 3649 excr-

2134 3685 2330 3738 cituum
2370 3698 2388 3738 :
2420 3683 2583 3751 Vade,
2634 3686 2904 3758 ingredere
2945 3688 3015 3740 ad
3039 3702 3157 3740 eum
3186 3689 3277 3758 qui
3324 3688 3523 3743 habitat
3567 3689 3623 3742 in
3661 3699 3751 3745 la-

2134 3776 2437 3841 bernaculo,
2467 3777 2536 3831 ad
2566 3777 2792 3834 Sobnant
2821 3781 3156 3850 pra’positum
3177 3781 3378 3851 templi,
3405 3791 3453 3836 et
3481 3782 3622 3835 dices
3645 3784 3704 3837 ei
3729 3801 3750 3836 :

2134 3871 2276 3937 Quid
2299 3882 2353 3926 tu
2375 3873 2458 3926 Itic
2488 3889 2506 3926 :
2532 3882 2622 3927 aut
2647 3874 2793 3941 quasi
2821 3876 2936 3944 quis
2965 3876 3088 3931 hic?
3112 3877 3236 3947 quia
3264 3877 3501 3932 excidisti
3528 3878 3622 3932 tibi
3652 3878 3751 3932 hic

2129 3966 2469 4032 sepulcrum?
2503 3966 2744 4020 excidisti
2772 3966 2826 4020 in
2855 3967 3059 4022 excelso
3082 3970 3379 4024 memoriam
3407 3969 3595 4043 (Vulg.
3622 3986 3748 4024 me-

2129 4060 2390 4131 moriale),
2424 4059 2698 4134 diligenter
2725 4063 2779 4115 in
2811 4073 2959 4133 petra
3004 4066 3392 4120 tabernaculum
3440 4066 3554 4120 tibi.
3595 4065 3745 4122 Ecce

2130 4151 2386 4210 Dominus
2410 4158 2675 4222 asportari
2703 4166 2750 4211 te
2773 4158 2927 4226 faciet
2948 4159 3081 4213 sicut
3101 4170 3397 4232 asportatur
3415 4159 3594 4231 gallus
3615 4163 3743 4231 gul-

2127 4246 2353 4302 linaceus
2385 4265 2403 4302 .’
2431 4261 2477 4302 et
2504 4251 2653 4320 quasi
2682 4251 2928 4304 amictum
2958 4252 3032 4304 sic
3062 4253 3344 4308 sublevabit
3363 4264 3430 4308 te.
3457 4253 3742 4313 Coronam

2123 4341 2390 4396 coronabit
2420 4352 2468 4395 te
2493 4341 2832 4398 tribulatione
2862 4359 2881 4398 :
2908 4345 3057 4413 quasi
3088 4346 3250 4415 pilam
3279 4347 3444 4401 mittet
3472 4359 3520 4402 te
3540 4349 3598 4402 in
3626 4359 3739 4404 θεν-

2122 4446 2236 4484 ram
2267 4433 2424 4486 latam
2452 4443 2500 4487 et
2521 4434 2801 4499 spatiosum
2825 4451 2844 4488 :
2863 4435 2934 4489 ibi
2962 4438 3219 4505 morieris,
3249 4449 3297 4494 et
3325 4440 3397 4494 ibi
3418 4441 3516 4494 erit
3537 4457 3737 4499 currus

2121 4524 2306 4594 gloria:
2338 4537 2462 4590 tute,
2492 4526 2778 4596 ignominia
2799 4526 2983 4582 domus
3011 4527 3223 4584 Domini
3249 4533 3345 4584 tui.
3372 4531 3438 4586 Et
3465 4534 3737 4601 expellam

415 4612 986 4674 veterislnstruntenti
1017 4611 1343 4668 tesﬁmoniis
1377 4612 1685 4667 roboratur.
1717 4612 2014 4681 Propterea
2044 4613 2092 4674 D
2120 4626 2170 4671 te
2209 4618 2273 4673 de
2302 4621 2523 4672 statione
2558 4627 2648 4672 tua
2675 4635 2695 4674 .'
2718 4628 2768 4675 et
2807 4622 2871 4674 de
2900 4622 3188 4678 ministerio
3218 4633 3307 4677 tuo
3347 4627 3604 4695 deponam
3653 4637 3728 4682 te.

414 4715 559 4768 inter
587 4711 726 4766 duos
767 4721 953 4763 muros
994 4717 1236 4761 veterem
1278 4714 1334 4760 et
1360 4721 1592 4772 novum,
1623 4705 1868 4762 fecerunt
1909 4705 2014 4762 sibi
2117 4709 2186 4764 Et
2214 4712 2310 4763 erit
2358 4711 2411 4764 in
2443 4711 2530 4764 die
2557 4711 2684 4777 illa,
2716 4713 2906 4768 vocabo
2950 4732 3151 4771 servum
3196 4733 3364 4772 meum
3395 4717 3617 4773 Eliacim
3661 4721 3732 4790 ﬁ-

412 4820 580 4859 novas
609 4817 800 4872 aquas,
833 4813 968 4871 quas
1010 4799 1302 4853 interiores
1326 4811 1449 4852 esse
1477 4806 1687 4865 putant,
1719 4805 1772 4851 et
1803 4795 2010 4865 majora
2117 4802 2245 4856 lium
2277 4801 2480 4856 Helcite
2510 4819 2528 4858 :
2556 4811 2602 4857 et
2645 4805 2862 4860 induam
2891 4807 3040 4862 illum
3081 4811 3256 4865 tunica
3281 4823 3392 4878 tua,
3421 4822 3470 4866 et
3506 4813 3730 4884 cingulo

410 4895 698 4950 continere
721 4892 1000 4964 mysteria,
1025 4907 1186 4955 quam
1219 4890 1270 4944 in
1299 4889 1653 4944 Testamento
1675 4889 1846 4943 veteri
1879 4904 2006 4944 con-
2114 4906 2205 4951 tuo
2233 4897 2535 4968 confortabo
2562 4915 2678 4953 eum
2703 4916 2722 4953 :
2743 4911 2790 4954 et
2819 4911 3120 4971 potestatem
3153 4915 3294 4959 tuam
3319 4905 3451 4960 dabo
3474 4906 3528 4960 in
3555 4923 3726 4964 manu

408 4986 654 5040 tinentur
681 5001 694 5038 :
721 4991 776 5036 et
805 4999 911 5036 non
944 4990 1303 5052 respexerunt
1333 4981 1522 5047 Deum,
1565 4980 1657 5051 qui
1693 4981 1893 5036 veteris
1921 4981 2009 5036 ln-
2111 4993 2244 5062 ejus,
2273 4999 2319 5043 et
2348 4991 2444 5043 erit
2469 4992 2618 5061 quasi
2661 5003 2807 5063 pater
2828 4994 3170 5050 habitantium
3213 4997 3402 5068 (Vulg.
3435 4998 3726 5056 habitanti.

405 5076 697 5133 stramenti
752 5073 1008 5129 conditor
1057 5083 1159 5141 est,
1184 5087 1238 5131 et
1288 5076 1549 5131 factorem
1579 5077 1696 5146 ejus
1741 5090 1808 5131 ne
1847 5075 2006 5148 longe
2111 5080 2225 5148 bus)
2282 5079 2614 5150 Jerusalem,
2672 5095 2718 5140 et
2758 5085 2937 5142 domui
2975 5087 3140 5143 Juda.
3206 5089 3273 5146 Et
3332 5091 3465 5147 dabo
3515 5094 3722 5149 clavem

404 5170 623 5242 quidem
659 5167 844 5222 videre
874 5167 1183 5221 voluerunt.

2140 5174 2293 5227 ’omus
2332 5172 2502 5229 David
2553 5193 2709 5246 super
2755 5178 3027 5234 humerum
3079 5185 3192 5254 ejus
3238 5199 3258 5236 :
3306 5191 3352 5238 et
3399 5187 3620 5252 aperiet,
3666 5198 3721 5243 et

469 5265 654 5324 (Vers.
693 5261 761 5317 12
785 5261 952 5333 seqq.)
1001 5260 1066 5314 Et
1098 5261 1298 5316 vocabit
1343 5262 1590 5318 Dominus
1622 5264 1762 5319 Deus
1801 5267 2001 5321 exerci-
2108 5283 2210 5320 non
2237 5268 2331 5320 erit
2371 5269 2457 5337 qui
2496 5267 2739 5336 claudat;
2769 5282 2818 5324 et
2857 5265 3086 5340 claudet,
3116 5285 3165 5330 et
3193 5293 3293 5330 non
3332 5279 3430 5331 erit
3451 5280 3543 5346 qui
3580 5297 3716 5350 ape-

392 5358 612 5413 tuuntin
640 5357 724 5412 die
759 5357 854 5410 illa
879 5355 947 5408 ad
967 5355 1146 5422 ﬂetum
1169 5367 1214 5408 et
1243 5357 1315 5408 ad
1341 5357 1626 5424 planctum,
1650 5359 1720 5411 ad
1740 5358 2000 5413 calvitium
2104 5361 2228 5414 riat.
2259 5359 2326 5413 Et
2357 5361 2512 5431 ﬁgam
2553 5362 2703 5416 illum
2743 5366 2999 5434 puaillum
3034 5371 3089 5424 in
3129 5372 3241 5424 loco
3285 5372 3464 5441 ﬁdeli,
3514 5385 3567 5430 et
3609 5379 3716 5433 erit

390 5460 438 5503 et
467 5451 535 5503 ad
562 5447 831 5520 cingulum
858 5448 1000 5501 sacci
1022 5463 1041 5502 :
1064 5458 1112 5502 et
1136 5463 1252 5501 ecce
1270 5448 1525 5520 gaudium
1553 5459 1599 5502 et
1626 5448 1831 5514 laetitia,
1865 5451 2000 5506 occi-
2100 5453 2155 5505 in
2187 5463 2208 5491 ο
2239 5453 2370 5507 solio
2415 5453 2602 5509 domus
2651 5455 2836 5526 (Vulg.
2863 5459 3053 5515 solium
3092 5462 3275 5536 glorite
3304 5466 3508 5537 domui)
3543 5470 3711 5538 patris

455 5573 482 5600 λ
526 5565 678 5618 Addit
720 5563 920 5617 Victor.
979 5579 1113 5630 vox,
1151 5578 1216 5616 ex
1250 5561 1479 5634 Vulgata
1529 5563 1832 5633 dumtaxat,
1871 5582 1977 5622 non
2167 5579 2187 5606 ο
2224 5569 2574 5634 Sllpplentltls
2619 5575 2868 5634 equidem
2923 5544 3094 5632 vidotn

389 5633 705 5696 Hivrnttvm.
735 5650 868 5687 mss.

451 5703 479 5740 ιι
529 5705 794 5781 Victorius
817 5708 922 5760 ait.
953 5702 1206 5781 Deliciis,
1241 5718 1344 5781 non
1378 5705 1613 5771 delictis,
1646 5723 1769 5764 esse
1795 5709 1983 5781 legen-

380 5773 532 5845 dum,
567 5775 814 5842 explicat
839 5773 1049 5840 statim,
1076 5776 1203 5828 duttt
1229 5776 1540 5846 voluptates
1570 5792 1744 5835 vocat.

2167 5569 3151 5655 °_SttpplendusDeqttidemn’idctnr‘
3202 5581 3287 5634 hic
3347 5583 3497 5639 locns
3545 5585 3710 5655 juxta

2093 5638 2401 5724 .angatai'n,
2432 5643 2485 5695 in
2532 5638 2720 5724 solium
2767 5647 3153 5724 ρων-ἔτεμοωυὶ
3190 5655 3374 5721 patris.
3417 5638 3708 5724 etc.,'qita;

2092 5708 2254 5795 lectio
2300 5724 2353 5765 et
2394 5723 2480 5795 est
2530 5717 2713 5795 itidettt
2758 5708 2911 5795 juxta
2943 5708 3228 5795 Hcltrzttttr'n
3257 5737 3309 5780 et

2090 5781 2569 5854 Hieronytniauam
2606 5787 2710 5845 luci
2734 5781 2979 5859 ejusdem
3004 5793 3403 5864 recitationem,
3423 5781 3538 5854 col.
3564 5781 3701 5858 Sid.
