  <div class='ocr_page' id='page_1' title='image "/cluster/home/n/w/nwhite01/storage/ocr_20150623/24/uva.x000826571/144.png"; bbox 0 0 4010 6310; ppageno 0'>
   <div class='ocr_carea' id='block_1_1' title="bbox 178 275 361 334">
    <p class='ocr_par' dir='ltr' id='par_1_1' title="bbox 178 275 361 334">
     <span class='ocr_line' id='line_1_1' title="bbox 178 275 361 334; baseline 0.011 -2"><span class='ocrx_word' id='word_1_1' title='bbox 178 325 187 332; x_wconf 93' lang='grc'>.</span> <span class='ocrx_word' id='word_1_2' title='bbox 246 275 361 334; x_wconf 71' lang='grc'><strong><em>273</em></strong></span> 
     </span>
    </p>
   </div>
   <div class='ocr_carea' id='block_1_2' title="bbox 741 276 3024 349">
    <p class='ocr_par' dir='ltr' id='par_1_2' title="bbox 741 276 3024 349">
     <span class='ocr_line' id='line_1_2' title="bbox 741 276 3024 349; baseline 0.005 -13"><span class='ocrx_word' id='word_1_3' title='bbox 741 276 757 288; x_wconf 88' lang='grc'><em>’</em></span> <span class='ocrx_word' id='word_1_4' title='bbox 797 277 1446 337; x_wconf 75' lang='lat' dir='ltr'><strong><em>COMMENTARIORUM</em></strong></span> <span class='ocrx_word' id='word_1_5' title='bbox 1483 279 1550 335; x_wconf 80' lang='grc' dir='ltr'><strong><em>ΙΝ</em></strong></span> <span class='ocrx_word' id='word_1_6' title='bbox 1589 279 1824 338; x_wconf 79' lang='lat' dir='ltr'><strong><em>ISAIAM</em></strong></span> <span class='ocrx_word' id='word_1_7' title='bbox 1865 278 2284 339; x_wconf 72' lang='lat' dir='ltr'><strong><em>PBOPHETAM</em></strong></span> <span class='ocrx_word' id='word_1_8' title='bbox 2327 283 2461 342; x_wconf 88' lang='lat' dir='ltr'><strong><em>LIB.</em></strong></span> <span class='ocrx_word' id='word_1_9' title='bbox 2503 285 2619 343; x_wconf 72' lang='lat' dir='ltr'><strong><em>VII.</em></strong></span> <span class='ocrx_word' id='word_1_10' title='bbox 2660 287 2815 345; x_wconf 84' lang='lat' dir='ltr'><strong><em>CAP.</em></strong></span> <span class='ocrx_word' id='word_1_11' title='bbox 2854 288 3024 349; x_wconf 72' lang='lat' dir='ltr'><strong>XXII.</strong></span> 
     </span>
    </p>
   </div>
   <div class='ocr_carea' id='block_1_3' title="bbox 3453 297 3559 356">
    <p class='ocr_par' dir='ltr' id='par_1_3' title="bbox 3453 297 3559 356">
     <span class='ocr_line' id='line_1_3' title="bbox 3453 297 3559 356; baseline 0.038 -5"><span class='ocrx_word' id='word_1_12' title='bbox 3453 297 3559 356; x_wconf 68' lang='grc'><strong><em>374</em></strong></span> 
     </span>
    </p>
   </div>
   <div class='ocr_carea' id='block_1_4' title="bbox 248 395 3562 473">
    <p class='ocr_par' dir='ltr' id='par_1_4' title="bbox 248 395 3562 473">
     <span class='ocr_line' id='line_1_4' title="bbox 248 395 3562 473; baseline 0.007 -27"><span class='ocrx_word' id='word_1_13' title='bbox 248 395 360 448; x_wconf 88' lang='lat' dir='ltr'><strong><em>sui.</em></strong></span> <span class='ocrx_word' id='word_1_14' title='bbox 398 395 465 450; x_wconf 84' lang='lat' dir='ltr'><strong><em>Et</em></strong></span> <span class='ocrx_word' id='word_1_15' title='bbox 496 397 814 470; x_wconf 85' lang='lat' dir='ltr'><strong><em>suspendent</em></strong></span> <span class='ocrx_word' id='word_1_16' title='bbox 854 413 1008 465; x_wconf 84' lang='lat' dir='ltr'><strong><em>super</em></strong></span> <span class='ocrx_word' id='word_1_17' title='bbox 1040 412 1158 450; x_wconf 85' lang='lat' dir='ltr'><strong><em>eum</em></strong></span> <span class='ocrx_word' id='word_1_18' title='bbox 1185 413 1380 451; x_wconf 81' lang='lat' dir='ltr'><strong><em>tmnem</em></strong></span> <span class='ocrx_word' id='word_1_19' title='bbox 1409 398 1630 466; x_wconf 79' lang='lat' dir='ltr'><strong><em>gloriam</em></strong></span> <span class='ocrx_word' id='word_1_20' title='bbox 1678 399 1863 454; x_wconf 90' lang='lat' dir='ltr'><strong><em>domus</em></strong></span> <span class='ocrx_word' id='word_1_21' title='bbox 1891 405 1937 462; x_wconf 82' lang='lat' dir='ltr'><strong>A</strong></span> <span class='ocrx_word' id='word_1_22' title='bbox 1967 415 2229 457; x_wconf 83' lang='lat' dir='ltr'><strong><em>coronam</em></strong></span> <span class='ocrx_word' id='word_1_23' title='bbox 2267 404 2560 473; x_wconf 87' lang='lat' dir='ltr'><strong><em>pontificis,</em></strong></span> <span class='ocrx_word' id='word_1_24' title='bbox 2594 415 2650 462; x_wconf 91' lang='lat' dir='ltr'><strong><em>et</em></strong></span> <span class='ocrx_word' id='word_1_25' title='bbox 2695 410 3181 467; x_wconf 81' lang='lat' dir='ltr'><strong><em>sanctificationem</em></strong></span> <span class='ocrx_word' id='word_1_26' title='bbox 3232 413 3286 468; x_wconf 92' lang='lat' dir='ltr'><strong><em>in</em></strong></span> <span class='ocrx_word' id='word_1_27' title='bbox 3319 413 3433 468; x_wconf 85' lang='lat' dir='ltr'><strong>auri</strong></span> <span class='ocrx_word' id='word_1_28' title='bbox 3478 413 3562 470; x_wconf 84' lang='lat' dir='ltr'><strong><em>la-</em></strong></span> 
     </span>
    </p>
   </div>
   <div class='ocr_carea' id='block_1_5' title="bbox 255 487 1861 562">
    <p class='ocr_par' dir='ltr' id='par_1_5' title="bbox 255 487 1861 562">
     <span class='ocr_line' id='line_1_5' title="bbox 255 487 1861 562; baseline 0.004 -22"><span class='ocrx_word' id='word_1_29' title='bbox 255 488 432 556; x_wconf 82' lang='lat' dir='ltr'><strong><em>patris</em></strong></span> <span class='ocrx_word' id='word_1_30' title='bbox 463 489 601 558; x_wconf 96' lang='lat' dir='ltr'><strong><em>ejus,</em></strong></span> <span class='ocrx_word' id='word_1_31' title='bbox 633 504 866 542; x_wconf 75' lang='lat' dir='ltr'><strong><em>vasorum</em></strong></span> <span class='ocrx_word' id='word_1_32' title='bbox 893 487 1095 542; x_wconf 75' lang='lat' dir='ltr'><strong><em>diversa</em></strong></span> <span class='ocrx_word' id='word_1_33' title='bbox 1123 504 1339 561; x_wconf 78' lang='lat' dir='ltr'><strong><em>genera,</em></strong></span> <span class='ocrx_word' id='word_1_34' title='bbox 1369 506 1518 544; x_wconf 89' lang='lat' dir='ltr'><strong><em>omne</em></strong></span> <span class='ocrx_word' id='word_1_35' title='bbox 1555 507 1642 546; x_wconf 84' lang='lat' dir='ltr'><strong><em>vas</em></strong></span> <span class='ocrx_word' id='word_1_36' title='bbox 1673 509 1861 562; x_wconf 84' lang='lat' dir='ltr'><strong><em>parvu-</em></strong></span> 
     </span>
    </p>
   </div>
   <div class='ocr_carea' id='block_1_6' title="bbox 256 581 1854 650">
    <p class='ocr_par' dir='ltr' id='par_1_6' title="bbox 256 581 1854 650">
     <span class='ocr_line' id='line_1_6' title="bbox 256 581 1854 650; baseline 0.003 -14"><span class='ocrx_word' id='word_1_37' title='bbox 256 581 371 636; x_wconf 91' lang='lat' dir='ltr'><strong><em>lum</em></strong></span> <span class='ocrx_word' id='word_1_38' title='bbox 398 599 430 635; x_wconf 91' lang='lat' dir='ltr'><strong><em>a</em></strong></span> <span class='ocrx_word' id='word_1_39' title='bbox 459 583 598 636; x_wconf 81' lang='lat' dir='ltr'><strong><em>vasis</em></strong></span> <span class='ocrx_word' id='word_1_40' title='bbox 623 590 940 635; x_wconf 85' lang='lat' dir='ltr'><strong><em>craterarum</em></strong></span> <span class='ocrx_word' id='word_1_41' title='bbox 962 597 1123 650; x_wconf 88' lang='lat' dir='ltr'><strong><em>usque</em></strong></span> <span class='ocrx_word' id='word_1_42' title='bbox 1151 582 1218 637; x_wconf 91' lang='lat' dir='ltr'><strong><em>ad</em></strong></span> <span class='ocrx_word' id='word_1_43' title='bbox 1241 599 1389 636; x_wconf 91' lang='lat' dir='ltr'><strong><em>omne</em></strong></span> <span class='ocrx_word' id='word_1_44' title='bbox 1408 600 1493 638; x_wconf 82' lang='lat' dir='ltr'><strong><em>vas</em></strong></span> <span class='ocrx_word' id='word_1_45' title='bbox 1521 586 1854 640; x_wconf 78' lang='lat' dir='ltr'><strong><em>musicorum.</em></strong></span> 
     </span>
    </p>
   </div>
   <div class='ocr_carea' id='block_1_7' title="bbox 257 670 1859 749">
    <p class='ocr_par' dir='ltr' id='par_1_7' title="bbox 257 670 1859 749">
     <span class='ocr_line' id='line_1_7' title="bbox 257 670 1859 749; baseline 0.004 -23"><span class='ocrx_word' id='word_1_46' title='bbox 257 670 328 726; x_wconf 86' lang='lat' dir='ltr'><strong><em>In</em></strong></span> <span class='ocrx_word' id='word_1_47' title='bbox 355 674 441 727; x_wconf 88' lang='lat' dir='ltr'><strong><em>die</em></strong></span> <span class='ocrx_word' id='word_1_48' title='bbox 467 674 561 727; x_wconf 91' lang='lat' dir='ltr'><strong><em>illo</em></strong></span> <span class='ocrx_word' id='word_1_49' title='bbox 581 673 707 727; x_wconf 83' lang='lat' dir='ltr'><strong><em>dicit</em></strong></span> <span class='ocrx_word' id='word_1_50' title='bbox 731 671 984 728; x_wconf 75' lang='lat' dir='ltr'><strong><em>Dominus</em></strong></span> <span class='ocrx_word' id='word_1_51' title='bbox 1003 679 1320 731; x_wconf 71' lang='lat' dir='ltr'><strong><em>exercituum</em></strong></span> <span class='ocrx_word' id='word_1_52' title='bbox 1344 694 1362 732; x_wconf 91' lang='lat'><strong><em>:</em></strong></span> <span class='ocrx_word' id='word_1_53' title='bbox 1385 677 1665 749; x_wconf 81' lang='lat' dir='ltr'><strong><em>Auferetur</em></strong></span> <span class='ocrx_word' id='word_1_54' title='bbox 1687 681 1859 749; x_wconf 73' lang='lat' dir='ltr'><strong><em>paxil-</em></strong></span> 
     </span>
    </p>
   </div>
   <div class='ocr_carea' id='block_1_8' title="bbox 253 767 1857 844">
    <p class='ocr_par' dir='ltr' id='par_1_8' title="bbox 253 767 1857 844">
     <span class='ocr_line' id='line_1_8' title="bbox 253 767 1857 844; baseline 0.006 -23"><span class='ocrx_word' id='word_1_55' title='bbox 253 767 335 822; x_wconf 89' lang='lat' dir='ltr'><strong><em>lus</em></strong></span> <span class='ocrx_word' id='word_1_56' title='bbox 354 768 446 837; x_wconf 90' lang='lat' dir='ltr'><strong><em>qui</em></strong></span> <span class='ocrx_word' id='word_1_57' title='bbox 469 768 609 837; x_wconf 68' lang='lat' dir='ltr'><strong><em>fixus</em></strong></span> <span class='ocrx_word' id='word_1_58' title='bbox 639 774 812 839; x_wconf 78' lang='lat' dir='ltr'><strong><em>fuerat</em></strong></span> <span class='ocrx_word' id='word_1_59' title='bbox 831 769 884 822; x_wconf 91' lang='lat' dir='ltr'><strong><em>in</em></strong></span> <span class='ocrx_word' id='word_1_60' title='bbox 906 769 1020 823; x_wconf 85' lang='lat' dir='ltr'><strong><em>loco</em></strong></span> <span class='ocrx_word' id='word_1_61' title='bbox 1040 771 1206 841; x_wconf 82' lang='lat' dir='ltr'><strong><em>ﬁdeli,</em></strong></span> <span class='ocrx_word' id='word_1_62' title='bbox 1237 782 1284 825; x_wconf 93' lang='lat' dir='ltr'><strong><em>et</em></strong></span> <span class='ocrx_word' id='word_1_63' title='bbox 1310 774 1577 844; x_wconf 74' lang='lat' dir='ltr'><strong><em>frangetur</em></strong></span> <span class='ocrx_word' id='word_1_64' title='bbox 1598 787 1646 828; x_wconf 91' lang='lat' dir='ltr'><strong><em>et</em></strong></span> <span class='ocrx_word' id='word_1_65' title='bbox 1667 777 1814 830; x_wconf 91' lang='lat' dir='ltr'><strong><em>cadet</em></strong></span> <span class='ocrx_word' id='word_1_66' title='bbox 1838 793 1857 830; x_wconf 87' lang='lat'><strong><em>:</em></strong></span> 
     </span>
    </p>
   </div>
   <div class='ocr_carea' id='block_1_9' title="bbox 248 861 1856 935">
    <p class='ocr_par' dir='ltr' id='par_1_9' title="bbox 248 861 1856 935">
     <span class='ocr_line' id='line_1_9' title="bbox 248 861 1856 935; baseline 0.004 -20"><span class='ocrx_word' id='word_1_67' title='bbox 248 871 297 916; x_wconf 87' lang='lat' dir='ltr'><strong><em>et</em></strong></span> <span class='ocrx_word' id='word_1_68' title='bbox 330 861 521 927; x_wconf 77' lang='lat' dir='ltr'><strong><em>peribit</em></strong></span> <span class='ocrx_word' id='word_1_69' title='bbox 548 861 690 932; x_wconf 90' lang='lat' dir='ltr'><strong><em>quod</em></strong></span> <span class='ocrx_word' id='word_1_70' title='bbox 717 862 1033 934; x_wconf 83' lang='lat' dir='ltr'><strong><em>pependerat</em></strong></span> <span class='ocrx_word' id='word_1_71' title='bbox 1074 864 1128 917; x_wconf 92' lang='lat' dir='ltr'><strong><em>in</em></strong></span> <span class='ocrx_word' id='word_1_72' title='bbox 1159 878 1217 916; x_wconf 91' lang='lat' dir='ltr'><strong><em>eo</em></strong></span> <span class='ocrx_word' id='word_1_73' title='bbox 1237 905 1250 930; x_wconf 93' lang='lat'><strong><em>,</em></strong></span> <span class='ocrx_word' id='word_1_74' title='bbox 1274 866 1398 935; x_wconf 85' lang='lat' dir='ltr'><strong><em>quia</em></strong></span> <span class='ocrx_word' id='word_1_75' title='bbox 1428 865 1682 920; x_wconf 89' lang='lat' dir='ltr'><strong><em>Dominus</em></strong></span> <span class='ocrx_word' id='word_1_76' title='bbox 1712 868 1856 921; x_wconf 85' lang='lat' dir='ltr'><strong><em>locu-</em></strong></span> 
     </span>
    </p>
   </div>
   <div class='ocr_carea' id='block_1_10' title="bbox 248 955 1856 1016">
    <p class='ocr_par' dir='ltr' id='par_1_10' title="bbox 248 955 1856 1016">
     <span class='ocr_line' id='line_1_10' title="bbox 248 955 1856 1016; baseline 0.004 -6"><span class='ocrx_word' id='word_1_77' title='bbox 248 965 332 1010; x_wconf 88' lang='lat' dir='ltr'><strong><em>tus</em></strong></span> <span class='ocrx_word' id='word_1_78' title='bbox 361 967 458 1012; x_wconf 88' lang='lat' dir='ltr'><strong><em>est.</em></strong></span> <span class='ocrx_word' id='word_1_79' title='bbox 489 955 634 1012; x_wconf 81' lang='lat' dir='ltr'><strong>LXX</strong></span> <span class='ocrx_word' id='word_1_80' title='bbox 667 977 679 1010; x_wconf 88' lang='lat'><strong>:</strong></span> <span class='ocrx_word' id='word_1_81' title='bbox 714 956 844 1012; x_wconf 69' lang='lat' dir='ltr'><strong><em>Haec</em></strong></span> <span class='ocrx_word' id='word_1_82' title='bbox 869 957 992 1011; x_wconf 90' lang='lat' dir='ltr'><strong><em>dicit</em></strong></span> <span class='ocrx_word' id='word_1_83' title='bbox 1024 956 1275 1012; x_wconf 89' lang='lat' dir='ltr'><strong><em>Dominus</em></strong></span> <span class='ocrx_word' id='word_1_84' title='bbox 1303 957 1535 1015; x_wconf 82' lang='lat' dir='ltr'><strong><em>Sabaoth</em></strong></span> <span class='ocrx_word' id='word_1_85' title='bbox 1565 977 1584 1016; x_wconf 92' lang='lat'><strong><em>:</em></strong></span> <span class='ocrx_word' id='word_1_86' title='bbox 1619 961 1765 1016; x_wconf 80' lang='lat' dir='ltr'><strong><em>Vade</em></strong></span> <span class='ocrx_word' id='word_1_87' title='bbox 1785 963 1856 1016; x_wconf 90' lang='lat' dir='ltr'><strong><em>ad</em></strong></span> 
     </span>
    </p>
   </div>
   <div class='ocr_carea' id='block_1_11' title="bbox 249 1051 1854 1122">
    <p class='ocr_par' dir='ltr' id='par_1_11' title="bbox 249 1051 1854 1122">
     <span class='ocr_line' id='line_1_11' title="bbox 249 1051 1854 1122; baseline 0.004 -19"><span class='ocrx_word' id='word_1_88' title='bbox 249 1051 631 1121; x_wconf 77' lang='lat' dir='ltr'><strong><em>paswphorion</em></strong></span> <span class='ocrx_word' id='word_1_89' title='bbox 652 1052 720 1106; x_wconf 88' lang='lat' dir='ltr'><strong><em>ad</em></strong></span> <span class='ocrx_word' id='word_1_90' title='bbox 741 1051 991 1107; x_wconf 90' lang='lat' dir='ltr'><strong><em>Somnam</em></strong></span> <span class='ocrx_word' id='word_1_91' title='bbox 1016 1065 1346 1122; x_wconf 60' lang='lat' dir='ltr'><strong><em>quaestorem,</em></strong></span> <span class='ocrx_word' id='word_1_92' title='bbox 1380 1064 1426 1108; x_wconf 91' lang='lat' dir='ltr'><strong><em>et</em></strong></span> <span class='ocrx_word' id='word_1_93' title='bbox 1457 1055 1591 1110; x_wconf 82' lang='lat' dir='ltr'><strong><em>dices</em></strong></span> <span class='ocrx_word' id='word_1_94' title='bbox 1617 1057 1688 1120; x_wconf 91' lang='lat' dir='ltr'><strong><em>ei,</em></strong></span> <span class='ocrx_word' id='word_1_95' title='bbox 1715 1057 1854 1122; x_wconf 84' lang='lat' dir='ltr'><strong><em>Quid</em></strong></span> 
     </span>
    </p>
   </div>
   <div class='ocr_carea' id='block_1_12' title="bbox 249 1143 1855 1217">
    <p class='ocr_par' dir='ltr' id='par_1_12' title="bbox 249 1143 1855 1217">
     <span class='ocr_line' id='line_1_12' title="bbox 249 1143 1855 1217; baseline 0.003 -19"><span class='ocrx_word' id='word_1_96' title='bbox 249 1152 308 1198; x_wconf 83' lang='lat' dir='ltr'><strong><em>tu</em></strong></span> <span class='ocrx_word' id='word_1_97' title='bbox 333 1143 458 1199; x_wconf 87' lang='lat' dir='ltr'><strong><em>hic?</em></strong></span> <span class='ocrx_word' id='word_1_98' title='bbox 479 1153 572 1198; x_wconf 92' lang='lat' dir='ltr'><strong><em>aut</em></strong></span> <span class='ocrx_word' id='word_1_99' title='bbox 598 1145 723 1212; x_wconf 89' lang='lat' dir='ltr'><strong><em>quid</em></strong></span> <span class='ocrx_word' id='word_1_100' title='bbox 748 1146 840 1198; x_wconf 86' lang='lat' dir='ltr'><strong><em>tibi</em></strong></span> <span class='ocrx_word' id='word_1_101' title='bbox 869 1155 942 1199; x_wconf 89' lang='lat' dir='ltr'><strong><em>est</em></strong></span> <span class='ocrx_word' id='word_1_102' title='bbox 967 1146 1083 1200; x_wconf 87' lang='lat' dir='ltr'><strong><em>hic?</em></strong></span> <span class='ocrx_word' id='word_1_103' title='bbox 1111 1148 1355 1217; x_wconf 89' lang='lat' dir='ltr'><strong><em>quoniam</em></strong></span> <span class='ocrx_word' id='word_1_104' title='bbox 1392 1149 1628 1202; x_wconf 73' lang='lat' dir='ltr'><strong><em>excidisti</em></strong></span> <span class='ocrx_word' id='word_1_105' title='bbox 1656 1149 1748 1202; x_wconf 86' lang='lat' dir='ltr'><strong><em>tibi</em></strong></span> <span class='ocrx_word' id='word_1_106' title='bbox 1776 1166 1855 1203; x_wconf 87' lang='lat' dir='ltr'><strong><em>se-</em></strong></span> 
     </span>
    </p>
   </div>
   <div class='ocr_carea' id='block_1_13' title="bbox 246 1234 1854 1309">
    <p class='ocr_par' dir='ltr' id='par_1_13' title="bbox 246 1234 1854 1309">
     <span class='ocr_line' id='line_1_13' title="bbox 246 1234 1854 1309; baseline 0.004 -21"><span class='ocrx_word' id='word_1_107' title='bbox 246 1234 517 1306; x_wconf 80' lang='lat' dir='ltr'><strong><em>pulcrum,</em></strong></span> <span class='ocrx_word' id='word_1_108' title='bbox 548 1246 597 1290; x_wconf 90' lang='lat' dir='ltr'><strong><em>et</em></strong></span> <span class='ocrx_word' id='word_1_109' title='bbox 641 1237 811 1309; x_wconf 88' lang='lat' dir='ltr'><strong><em>fecisti</em></strong></span> <span class='ocrx_word' id='word_1_110' title='bbox 855 1235 946 1290; x_wconf 88' lang='lat' dir='ltr'><strong><em>tibi</em></strong></span> <span class='ocrx_word' id='word_1_111' title='bbox 976 1237 1030 1291; x_wconf 89' lang='lat' dir='ltr'><strong><em>in</em></strong></span> <span class='ocrx_word' id='word_1_112' title='bbox 1059 1237 1261 1293; x_wconf 71' lang='lat' dir='ltr'><strong><em>excelso</em></strong></span> <span class='ocrx_word' id='word_1_113' title='bbox 1294 1240 1595 1292; x_wconf 86' lang='lat' dir='ltr'><strong><em>memoriam</em></strong></span> <span class='ocrx_word' id='word_1_114' title='bbox 1639 1255 1658 1292; x_wconf 90' lang='lat'><strong><em>:</em></strong></span> <span class='ocrx_word' id='word_1_115' title='bbox 1691 1249 1738 1292; x_wconf 87' lang='lat' dir='ltr'><strong><em>et</em></strong></span> <span class='ocrx_word' id='word_1_116' title='bbox 1768 1241 1854 1295; x_wconf 83' lang='lat' dir='ltr'><strong><em>de-</em></strong></span> 
     </span>
    </p>
   </div>
   <div class='ocr_carea' id='block_1_14' title="bbox 243 1330 1853 1402">
    <p class='ocr_par' dir='ltr' id='par_1_14' title="bbox 243 1330 1853 1402">
     <span class='ocr_line' id='line_1_14' title="bbox 243 1330 1853 1402; baseline 0.004 -19"><span class='ocrx_word' id='word_1_117' title='bbox 243 1330 504 1402; x_wconf 87' lang='lat' dir='ltr'><strong><em>scripsisti</em></strong></span> <span class='ocrx_word' id='word_1_118' title='bbox 546 1331 638 1384; x_wconf 86' lang='lat' dir='ltr'><strong><em>tibi</em></strong></span> <span class='ocrx_word' id='word_1_119' title='bbox 679 1331 733 1385; x_wconf 91' lang='lat' dir='ltr'><strong><em>in</em></strong></span> <span class='ocrx_word' id='word_1_120' title='bbox 782 1340 921 1385; x_wconf 91' lang='lat' dir='ltr'><strong><em>terra</em></strong></span> <span class='ocrx_word' id='word_1_121' title='bbox 969 1331 1399 1388; x_wconf 83' lang='lat' dir='ltr'><strong><em>tabernaculum?</em></strong></span> <span class='ocrx_word' id='word_1_122' title='bbox 1429 1333 1562 1387; x_wconf 75' lang='lat' dir='ltr'><strong><em>Ecce</em></strong></span> <span class='ocrx_word' id='word_1_123' title='bbox 1598 1332 1853 1390; x_wconf 78' lang='lat' dir='ltr'><strong><em>Dominus</em></strong></span> 
     </span>
    </p>
   </div>
   <div class='ocr_carea' id='block_1_15' title="bbox 244 1425 1852 1500">
    <p class='ocr_par' dir='ltr' id='par_1_15' title="bbox 244 1425 1852 1500">
     <span class='ocr_line' id='line_1_15' title="bbox 244 1425 1852 1500; baseline 0.001 -18"><span class='ocrx_word' id='word_1_124' title='bbox 244 1425 482 1482; x_wconf 87' lang='lat' dir='ltr'><strong><em>Sabaoth</em></strong></span> <span class='ocrx_word' id='word_1_125' title='bbox 509 1428 697 1500; x_wconf 80' lang='lat' dir='ltr'><strong><em>ejiciet,</em></strong></span> <span class='ocrx_word' id='word_1_126' title='bbox 732 1436 780 1481; x_wconf 85' lang='lat' dir='ltr'><strong><em>et</em></strong></span> <span class='ocrx_word' id='word_1_127' title='bbox 815 1437 1039 1482; x_wconf 88' lang='lat' dir='ltr'><strong><em>conteret</em></strong></span> <span class='ocrx_word' id='word_1_128' title='bbox 1070 1428 1260 1491; x_wconf 84' lang='lat' dir='ltr'><strong><em>virum,</em></strong></span> <span class='ocrx_word' id='word_1_129' title='bbox 1294 1436 1339 1481; x_wconf 89' lang='lat' dir='ltr'><strong><em>et</em></strong></span> <span class='ocrx_word' id='word_1_130' title='bbox 1367 1432 1566 1499; x_wconf 87' lang='lat' dir='ltr'><strong><em>auferet</em></strong></span> <span class='ocrx_word' id='word_1_131' title='bbox 1595 1429 1782 1484; x_wconf 85' lang='lat' dir='ltr'><strong><em>stolam</em></strong></span> <span class='ocrx_word' id='word_1_132' title='bbox 1805 1438 1852 1484; x_wconf 86' lang='lat' dir='ltr'><strong><em>et</em></strong></span> 
     </span>
    </p>
   </div>
   <div class='ocr_carea' id='block_1_16' title="bbox 243 1520 1852 1596">
    <p class='ocr_par' dir='ltr' id='par_1_16' title="bbox 243 1520 1852 1596">
     <span class='ocr_line' id='line_1_16' title="bbox 243 1520 1852 1596; baseline 0.004 -24"><span class='ocrx_word' id='word_1_133' title='bbox 243 1533 491 1573; x_wconf 87' lang='lat' dir='ltr'><strong><em>coronam</em></strong></span> <span class='ocrx_word' id='word_1_134' title='bbox 533 1530 673 1574; x_wconf 89' lang='lat' dir='ltr'><strong><em>tuam</em></strong></span> <span class='ocrx_word' id='word_1_135' title='bbox 701 1521 1002 1593; x_wconf 88' lang='lat' dir='ltr'><strong><em>gloriosam,</em></strong></span> <span class='ocrx_word' id='word_1_136' title='bbox 1044 1531 1093 1576; x_wconf 90' lang='lat' dir='ltr'><strong><em>et</em></strong></span> <span class='ocrx_word' id='word_1_137' title='bbox 1139 1520 1381 1592; x_wconf 89' lang='lat' dir='ltr'><strong><em>projiciet</em></strong></span> <span class='ocrx_word' id='word_1_138' title='bbox 1411 1530 1458 1575; x_wconf 90' lang='lat' dir='ltr'><strong><em>te</em></strong></span> <span class='ocrx_word' id='word_1_139' title='bbox 1503 1523 1557 1576; x_wconf 90' lang='lat' dir='ltr'><strong><em>in</em></strong></span> <span class='ocrx_word' id='word_1_140' title='bbox 1594 1524 1852 1596; x_wconf 78' lang='lat' dir='ltr'><strong><em>regionem</em></strong></span> 
     </span>
    </p>
   </div>
   <div class='ocr_carea' id='block_1_17' title="bbox 243 1610 1852 1687">
    <p class='ocr_par' dir='ltr' id='par_1_17' title="bbox 243 1610 1852 1687">
     <span class='ocr_line' id='line_1_17' title="bbox 243 1610 1852 1687; baseline 0.006 -24"><span class='ocrx_word' id='word_1_141' title='bbox 243 1626 509 1684; x_wconf 88' lang='lat' dir='ltr'><strong><em>magnam,</em></strong></span> <span class='ocrx_word' id='word_1_142' title='bbox 541 1621 590 1665; x_wconf 93' lang='lat' dir='ltr'><strong><em>et</em></strong></span> <span class='ocrx_word' id='word_1_143' title='bbox 619 1610 806 1683; x_wconf 84' lang='lat' dir='ltr'><strong><em>absque</em></strong></span> <span class='ocrx_word' id='word_1_144' title='bbox 830 1628 1102 1675; x_wconf 86' lang='lat' dir='ltr'><strong><em>mensura,</em></strong></span> <span class='ocrx_word' id='word_1_145' title='bbox 1136 1623 1184 1667; x_wconf 82' lang='lat' dir='ltr'><strong><em>et</em></strong></span> <span class='ocrx_word' id='word_1_146' title='bbox 1212 1614 1286 1667; x_wconf 90' lang='lat' dir='ltr'><strong><em>ibi</em></strong></span> <span class='ocrx_word' id='word_1_147' title='bbox 1315 1615 1548 1669; x_wconf 87' lang='lat' dir='ltr'><strong><em>morieris</em></strong></span> <span class='ocrx_word' id='word_1_148' title='bbox 1577 1631 1596 1669; x_wconf 91' lang='lat'><em>:</em></span> <span class='ocrx_word' id='word_1_149' title='bbox 1627 1626 1672 1669; x_wconf 89' lang='lat' dir='ltr'><strong><em>et</em></strong></span> <span class='ocrx_word' id='word_1_150' title='bbox 1699 1626 1852 1687; x_wconf 86' lang='lat' dir='ltr'><strong><em>ponet</em></strong></span> 
     </span>
    </p>
   </div>
   <div class='ocr_carea' id='block_1_18' title="bbox 239 1707 1852 1779">
    <p class='ocr_par' dir='ltr' id='par_1_18' title="bbox 239 1707 1852 1779">
     <span class='ocr_line' id='line_1_18' title="bbox 239 1707 1852 1779; baseline 0.004 -21"><span class='ocrx_word' id='word_1_151' title='bbox 239 1720 452 1759; x_wconf 84' lang='lat' dir='ltr'><strong><em>currunt</em></strong></span> <span class='ocrx_word' id='word_1_152' title='bbox 480 1714 624 1759; x_wconf 88' lang='lat' dir='ltr'><strong><em>tuum</em></strong></span> <span class='ocrx_word' id='word_1_153' title='bbox 653 1708 903 1773; x_wconf 88' lang='lat' dir='ltr'><strong><em>optimum</em></strong></span> <span class='ocrx_word' id='word_1_154' title='bbox 926 1708 980 1761; x_wconf 88' lang='lat' dir='ltr'><strong><em>in</em></strong></span> <span class='ocrx_word' id='word_1_155' title='bbox 1005 1707 1365 1779; x_wconf 85' lang='lat' dir='ltr'><strong><em>ignominiam,</em></strong></span> <span class='ocrx_word' id='word_1_156' title='bbox 1393 1717 1441 1763; x_wconf 87' lang='lat' dir='ltr'><strong><em>et</em></strong></span> <span class='ocrx_word' id='word_1_157' title='bbox 1472 1710 1685 1762; x_wconf 87' lang='lat' dir='ltr'><strong><em>domum</em></strong></span> <span class='ocrx_word' id='word_1_158' title='bbox 1707 1711 1852 1779; x_wconf 86' lang='lat' dir='ltr'><strong><em>prin-</em></strong></span> 
     </span>
    </p>
   </div>
   <div class='ocr_carea' id='block_1_19' title="bbox 1966 497 3554 583">
    <p class='ocr_par' dir='ltr' id='par_1_19' title="bbox 1966 497 3554 583">
     <span class='ocr_line' id='line_1_19' title="bbox 1966 497 3554 583; baseline 0.009 -33"><span class='ocrx_word' id='word_1_159' title='bbox 1966 497 2320 568; x_wconf 87' lang='lat' dir='ltr'><strong><em>mina,inqtta</em></strong></span> <span class='ocrx_word' id='word_1_160' title='bbox 2347 510 2465 554; x_wconf 90' lang='lat' dir='ltr'><strong><em>erat</em></strong></span> <span class='ocrx_word' id='word_1_161' title='bbox 2485 501 2747 568; x_wconf 76' lang='lat' dir='ltr'><strong><em>scriptum</em></strong></span> <span class='ocrx_word' id='word_1_162' title='bbox 2775 520 2970 560; x_wconf 87' lang='lat' dir='ltr'><strong><em>nomen</em></strong></span> <span class='ocrx_word' id='word_1_163' title='bbox 2997 505 3091 561; x_wconf 87' lang='lat' dir='ltr'><strong><em>Dei</em></strong></span> <span class='ocrx_word' id='word_1_164' title='bbox 3117 505 3310 577; x_wconf 76' lang='lat' dir='ltr'><strong><em>(Exod.</em></strong></span> <span class='ocrx_word' id='word_1_165' title='bbox 3341 510 3554 583; x_wconf 75' lang='lat' dir='ltr'><strong><em>xxvut),</em></strong></span> 
     </span>
    </p>
   </div>
   <div class='ocr_carea' id='block_1_20' title="bbox 1964 595 3559 672">
    <p class='ocr_par' dir='ltr' id='par_1_20' title="bbox 1964 595 3559 672">
     <span class='ocr_line' id='line_1_20' title="bbox 1964 595 3559 672; baseline 0.009 -25"><span class='ocrx_word' id='word_1_166' title='bbox 1964 595 2316 649; x_wconf 80' lang='lat' dir='ltr'><strong><em>coronabcris</em></strong></span> <span class='ocrx_word' id='word_1_167' title='bbox 2349 596 2696 652; x_wconf 87' lang='lat' dir='ltr'><strong><em>tribulatione</em></strong></span> <span class='ocrx_word' id='word_1_168' title='bbox 2725 609 2774 651; x_wconf 83' lang='lat' dir='ltr'><strong><em>et</em></strong></span> <span class='ocrx_word' id='word_1_169' title='bbox 2809 603 3081 670; x_wconf 79' lang='lat' dir='ltr'><strong><em>angustia.</em></strong></span> <span class='ocrx_word' id='word_1_170' title='bbox 3113 601 3181 656; x_wconf 87' lang='lat' dir='ltr'><strong><em>Et</em></strong></span> <span class='ocrx_word' id='word_1_171' title='bbox 3215 605 3484 672; x_wconf 91' lang='lat' dir='ltr'><strong><em>quomodo</em></strong></span> <span class='ocrx_word' id='word_1_172' title='bbox 3512 606 3559 661; x_wconf 97' lang='lat' dir='ltr'><strong><em>si</em></strong></span> 
     </span>
    </p>
   </div>
   <div class='ocr_carea' id='block_1_21' title="bbox 1958 687 3560 765">
    <p class='ocr_par' dir='ltr' id='par_1_21' title="bbox 1958 687 3560 765">
     <span class='ocr_line' id='line_1_21' title="bbox 1958 687 3560 765; baseline 0.008 -23"><span class='ocrx_word' id='word_1_173' title='bbox 1958 687 2169 756; x_wconf 68' lang='lat' dir='ltr'><strong><em>sphtcra</em></strong></span> <span class='ocrx_word' id='word_1_174' title='bbox 2205 691 2446 744; x_wconf 82' lang='lat' dir='ltr'><strong><em>mittatur</em></strong></span> <span class='ocrx_word' id='word_1_175' title='bbox 2478 691 2530 744; x_wconf 90' lang='lat' dir='ltr'><strong><em>in</em></strong></span> <span class='ocrx_word' id='word_1_176' title='bbox 2561 689 2755 746; x_wconf 82' lang='lat' dir='ltr'><strong><em>declivi</em></strong></span> <span class='ocrx_word' id='word_1_177' title='bbox 2791 693 2909 748; x_wconf 85' lang='lat' dir='ltr'><strong><em>loco</em></strong></span> <span class='ocrx_word' id='word_1_178' title='bbox 2938 703 3101 765; x_wconf 88' lang='lat' dir='ltr'><strong><em>atque</em></strong></span> <span class='ocrx_word' id='word_1_179' title='bbox 3124 698 3388 765; x_wconf 78' lang='lat' dir='ltr'><strong><em>Spatioso,</em></strong></span> <span class='ocrx_word' id='word_1_180' title='bbox 3412 709 3560 755; x_wconf 82' lang='lat' dir='ltr'><strong><em>stare</em></strong></span> 
     </span>
    </p>
   </div>
   <div class='ocr_carea' id='block_1_22' title="bbox 1959 784 3554 851">
    <p class='ocr_par' dir='ltr' id='par_1_22' title="bbox 1959 784 3554 851">
     <span class='ocr_line' id='line_1_22' title="bbox 1959 784 3554 851; baseline 0.007 -15"><span class='ocrx_word' id='word_1_181' title='bbox 1959 796 2066 836; x_wconf 90' lang='lat' dir='ltr'><strong><em>non</em></strong></span> <span class='ocrx_word' id='word_1_182' title='bbox 2097 789 2313 851; x_wconf 81' lang='lat' dir='ltr'><strong><em>potest,</em></strong></span> <span class='ocrx_word' id='word_1_183' title='bbox 2341 784 2434 838; x_wconf 84' lang='lat' dir='ltr'><strong><em>sed</em></strong></span> <span class='ocrx_word' id='word_1_184' title='bbox 2469 784 2520 838; x_wconf 92' lang='lat' dir='ltr'><strong><em>in</em></strong></span> <span class='ocrx_word' id='word_1_185' title='bbox 2553 785 2879 840; x_wconf 86' lang='lat' dir='ltr'><strong><em>immensum</em></strong></span> <span class='ocrx_word' id='word_1_186' title='bbox 2909 787 3145 843; x_wconf 68' lang='lat' dir='ltr'><strong><em>Volvitur</em></strong></span> <span class='ocrx_word' id='word_1_187' title='bbox 3193 807 3206 843; x_wconf 94' lang='lat'>:</span> <span class='ocrx_word' id='word_1_188' title='bbox 3251 789 3332 846; x_wconf 91' lang='lat' dir='ltr'><strong><em>sic</em></strong></span> <span class='ocrx_word' id='word_1_189' title='bbox 3377 793 3554 848; x_wconf 89' lang='lat' dir='ltr'><strong><em>omnis</em></strong></span> 
     </span>
    </p>
   </div>
   <div class='ocr_carea' id='block_1_23' title="bbox 1959 874 3555 958">
    <p class='ocr_par' dir='ltr' id='par_1_23' title="bbox 1959 874 3555 958">
     <span class='ocr_line' id='line_1_23' title="bbox 1959 874 3555 958; baseline 0.01 -33"><span class='ocrx_word' id='word_1_190' title='bbox 1959 874 2190 944; x_wconf 89' lang='lat' dir='ltr'><strong><em>populos</em></strong></span> <span class='ocrx_word' id='word_1_191' title='bbox 2221 884 2346 930; x_wconf 90' lang='lat' dir='ltr'><strong><em>tuus</em></strong></span> <span class='ocrx_word' id='word_1_192' title='bbox 2394 877 2448 932; x_wconf 93' lang='lat' dir='ltr'><strong><em>in</em></strong></span> <span class='ocrx_word' id='word_1_193' title='bbox 2491 877 2642 933; x_wconf 80' lang='lat' dir='ltr'><strong><em>orbis</em></strong></span> <span class='ocrx_word' id='word_1_194' title='bbox 2687 880 2949 935; x_wconf 83' lang='lat' dir='ltr'><strong><em>terminos</em></strong></span> <span class='ocrx_word' id='word_1_195' title='bbox 2995 880 3356 951; x_wconf 75' lang='lat' dir='ltr'><strong><em>disnergetur.</em></strong></span> <span class='ocrx_word' id='word_1_196' title='bbox 3390 884 3555 958; x_wconf 75' lang='lat'><strong><em>319</em></strong></span> 
     </span>
    </p>
   </div>
   <div class='ocr_carea' id='block_1_24' title="bbox 1959 965 3550 1047">
    <p class='ocr_par' dir='ltr' id='par_1_24' title="bbox 1959 965 3550 1047">
     <span class='ocr_line' id='line_1_24' title="bbox 1959 965 3550 1047; baseline 0.007 -26"><span class='ocrx_word' id='word_1_197' title='bbox 1959 965 2142 1038; x_wconf 86' lang='lat' dir='ltr'><strong><em>ibique</em></strong></span> <span class='ocrx_word' id='word_1_198' title='bbox 2173 969 2424 1024; x_wconf 90' lang='lat' dir='ltr'><strong><em>morieris</em></strong></span> <span class='ocrx_word' id='word_1_199' title='bbox 2455 986 2576 1026; x_wconf 92' lang='lat' dir='ltr'><strong><em>cum</em></strong></span> <span class='ocrx_word' id='word_1_200' title='bbox 2612 973 2789 1026; x_wconf 89' lang='lat' dir='ltr'><strong><em>littera</em></strong></span> <span class='ocrx_word' id='word_1_201' title='bbox 2813 981 2927 1039; x_wconf 90' lang='lat' dir='ltr'><strong><em>tua,</em></strong></span> <span class='ocrx_word' id='word_1_202' title='bbox 2956 983 3010 1028; x_wconf 89' lang='lat' dir='ltr'><strong><em>et</em></strong></span> <span class='ocrx_word' id='word_1_203' title='bbox 3040 976 3218 1030; x_wconf 89' lang='lat' dir='ltr'><strong><em>omnis</em></strong></span> <span class='ocrx_word' id='word_1_204' title='bbox 3236 977 3407 1047; x_wconf 78' lang='lat' dir='ltr'><strong><em>gloria</em></strong></span> <span class='ocrx_word' id='word_1_205' title='bbox 3441 989 3550 1046; x_wconf 85' lang='lat' dir='ltr'><strong><em>tua,</em></strong></span> 
     </span>
    </p>
   </div>
   <div class='ocr_carea' id='block_1_25' title="bbox 1957 1064 3555 1137">
    <p class='ocr_par' dir='ltr' id='par_1_25' title="bbox 1957 1064 3555 1137">
     <span class='ocr_line' id='line_1_25' title="bbox 1957 1064 3555 1137; baseline 0.007 -22"><span class='ocrx_word' id='word_1_206' title='bbox 1957 1069 2010 1116; x_wconf 88' lang='lat' dir='ltr'><strong><em>et</em></strong></span> <span class='ocrx_word' id='word_1_207' title='bbox 2047 1077 2239 1117; x_wconf 90' lang='lat' dir='ltr'><strong><em>currus</em></strong></span> <span class='ocrx_word' id='word_1_208' title='bbox 2269 1064 2466 1132; x_wconf 91' lang='lat' dir='ltr'><strong><em>quibus</em></strong></span> <span class='ocrx_word' id='word_1_209' title='bbox 2495 1065 2731 1137; x_wconf 87' lang='lat' dir='ltr'><strong><em>inclytus</em></strong></span> <span class='ocrx_word' id='word_1_210' title='bbox 2761 1077 2920 1123; x_wconf 87' lang='lat' dir='ltr'><strong><em>antea</em></strong></span> <span class='ocrx_word' id='word_1_211' title='bbox 2957 1068 3246 1136; x_wconf 85' lang='lat' dir='ltr'><strong><em>ferebaris;</em></strong></span> <span class='ocrx_word' id='word_1_212' title='bbox 3277 1081 3331 1125; x_wconf 92' lang='lat' dir='ltr'><strong><em>et</em></strong></span> <span class='ocrx_word' id='word_1_213' title='bbox 3357 1072 3555 1126; x_wconf 78' lang='lat' dir='ltr'><strong><em>domus</em></strong></span> 
     </span>
    </p>
   </div>
   <div class='ocr_carea' id='block_1_26' title="bbox 1956 1150 3550 1229">
    <p class='ocr_par' dir='ltr' id='par_1_26' title="bbox 1956 1150 3550 1229">
     <span class='ocr_line' id='line_1_26' title="bbox 1956 1150 3550 1229; baseline 0.009 -23"><span class='ocrx_word' id='word_1_214' title='bbox 1956 1150 2050 1207; x_wconf 89' lang='lat' dir='ltr'><strong><em>Dei</em></strong></span> <span class='ocrx_word' id='word_1_215' title='bbox 2082 1154 2339 1222; x_wconf 83' lang='lat' dir='ltr'><strong><em>splendor</em></strong></span> <span class='ocrx_word' id='word_1_216' title='bbox 2370 1167 2612 1212; x_wconf 91' lang='lat' dir='ltr'><strong><em>vertetur</em></strong></span> <span class='ocrx_word' id='word_1_217' title='bbox 2639 1157 2692 1213; x_wconf 91' lang='lat' dir='ltr'><strong><em>in</em></strong></span> <span class='ocrx_word' id='word_1_218' title='bbox 2738 1158 3117 1229; x_wconf 78' lang='lat' dir='ltr'><strong><em>ignominiam.</em></strong></span> <span class='ocrx_word' id='word_1_219' title='bbox 3149 1161 3377 1218; x_wconf 80' lang='lat' dir='ltr'><strong><em>Auferet</em></strong></span> <span class='ocrx_word' id='word_1_220' title='bbox 3403 1164 3550 1219; x_wconf 91' lang='lat' dir='ltr'><strong><em>enim</em></strong></span> 
     </span>
    </p>
   </div>
   <div class='ocr_carea' id='block_1_27' title="bbox 1957 1247 3547 1326">
    <p class='ocr_par' dir='ltr' id='par_1_27' title="bbox 1957 1247 3547 1326">
     <span class='ocr_line' id='line_1_27' title="bbox 1957 1247 3547 1326; baseline 0.008 -25"><span class='ocrx_word' id='word_1_221' title='bbox 1957 1255 2009 1302; x_wconf 92' lang='lat' dir='ltr'><strong><em>te</em></strong></span> <span class='ocrx_word' id='word_1_222' title='bbox 2058 1247 2320 1305; x_wconf 89' lang='lat' dir='ltr'><strong><em>Dominus</em></strong></span> <span class='ocrx_word' id='word_1_223' title='bbox 2363 1250 2429 1305; x_wconf 89' lang='lat' dir='ltr'><strong><em>de</em></strong></span> <span class='ocrx_word' id='word_1_224' title='bbox 2460 1253 2694 1307; x_wconf 89' lang='lat' dir='ltr'><strong><em>statione</em></strong></span> <span class='ocrx_word' id='word_1_225' title='bbox 2733 1263 2847 1321; x_wconf 86' lang='lat' dir='ltr'><strong><em>tua,</em></strong></span> <span class='ocrx_word' id='word_1_226' title='bbox 2878 1265 2933 1311; x_wconf 90' lang='lat' dir='ltr'><strong><em>et</em></strong></span> <span class='ocrx_word' id='word_1_227' title='bbox 2981 1254 3050 1312; x_wconf 90' lang='lat' dir='ltr'><strong><em>de</em></strong></span> <span class='ocrx_word' id='word_1_228' title='bbox 3099 1256 3404 1313; x_wconf 75' lang='lat' dir='ltr'><strong><em>ministerio</em></strong></span> <span class='ocrx_word' id='word_1_229' title='bbox 3431 1266 3547 1326; x_wconf 89' lang='lat' dir='ltr'><strong><em>tuo,</em></strong></span> 
     </span>
    </p>
   </div>
   <div class='ocr_carea' id='block_1_28' title="bbox 1957 1337 3547 1419">
    <p class='ocr_par' dir='ltr' id='par_1_28' title="bbox 1957 1337 3547 1419">
     <span class='ocr_line' id='line_1_28' title="bbox 1957 1337 3547 1419; baseline 0.008 -26"><span class='ocrx_word' id='word_1_230' title='bbox 1957 1337 2060 1394; x_wconf 90' lang='lat' dir='ltr'><strong><em>hoc</em></strong></span> <span class='ocrx_word' id='word_1_231' title='bbox 2087 1350 2194 1406; x_wconf 91' lang='lat' dir='ltr'><strong><em>est,</em></strong></span> <span class='ocrx_word' id='word_1_232' title='bbox 2225 1344 2566 1399; x_wconf 71' lang='lat' dir='ltr'><strong><em>cmremoniis</em></strong></span> <span class='ocrx_word' id='word_1_233' title='bbox 2595 1344 2965 1413; x_wconf 79' lang='lat' dir='ltr'><strong><em>victimarum,</em></strong></span> <span class='ocrx_word' id='word_1_234' title='bbox 2998 1356 3055 1403; x_wconf 89' lang='grc' dir='ltr'><strong><em>ιιι</em></strong></span> <span class='ocrx_word' id='word_1_235' title='bbox 3081 1348 3376 1419; x_wconf 88' lang='lat' dir='ltr'><strong><em>impleatur</em></strong></span> <span class='ocrx_word' id='word_1_236' title='bbox 3415 1350 3547 1406; x_wconf 88' lang='lat' dir='ltr'><strong><em>illud</em></strong></span> 
     </span>
    </p>
   </div>
   <div class='ocr_carea' id='block_1_29' title="bbox 1955 1433 3549 1504">
    <p class='ocr_par' dir='ltr' id='par_1_29' title="bbox 1955 1433 3549 1504">
     <span class='ocr_line' id='line_1_29' title="bbox 1955 1433 3549 1504; baseline 0.008 -19"><span class='ocrx_word' id='word_1_237' title='bbox 1955 1433 2100 1504; x_wconf 90' lang='lat' dir='ltr'><strong><em>quod</em></strong></span> <span class='ocrx_word' id='word_1_238' title='bbox 2130 1435 2386 1490; x_wconf 85' lang='lat' dir='ltr'><strong><em>scribitur</em></strong></span> <span class='ocrx_word' id='word_1_239' title='bbox 2415 1436 2481 1490; x_wconf 91' lang='lat' dir='ltr'><strong><em>ad</em></strong></span> <span class='ocrx_word' id='word_1_240' title='bbox 2529 1437 2789 1493; x_wconf 62' lang='lat' dir='ltr'><strong><em>llebraros</em></strong></span> <span class='ocrx_word' id='word_1_241' title='bbox 2823 1457 2835 1492; x_wconf 92' lang='lat'><strong>:</strong></span> <span class='ocrx_word' id='word_1_242' title='bbox 2871 1439 3147 1495; x_wconf 83' lang='lat' dir='ltr'><strong><em>Translata</em></strong></span> <span class='ocrx_word' id='word_1_243' title='bbox 3193 1441 3329 1496; x_wconf 89' lang='lat' dir='ltr'><strong><em>enim</em></strong></span> <span class='ocrx_word' id='word_1_244' title='bbox 3375 1459 3549 1497; x_wconf 85' lang='lat' dir='ltr'><strong><em>sacer-</em></strong></span> 
     </span>
    </p>
   </div>
   <div class='ocr_carea' id='block_1_30' title="bbox 1955 1527 3545 1607">
    <p class='ocr_par' dir='ltr' id='par_1_30' title="bbox 1955 1527 3545 1607">
     <span class='ocr_line' id='line_1_30' title="bbox 1955 1527 3545 1607; baseline 0.007 -28"><span class='ocrx_word' id='word_1_245' title='bbox 1955 1527 2120 1592; x_wconf 90' lang='lat' dir='ltr'><strong><em>dotio,</em></strong></span> <span class='ocrx_word' id='word_1_246' title='bbox 2147 1544 2351 1583; x_wconf 89' lang='lat' dir='ltr'><strong><em>necesse</em></strong></span> <span class='ocrx_word' id='word_1_247' title='bbox 2373 1539 2445 1583; x_wconf 87' lang='lat' dir='ltr'><strong><em>est</em></strong></span> <span class='ocrx_word' id='word_1_248' title='bbox 2468 1538 2521 1582; x_wconf 87' lang='lat' dir='ltr'><strong><em>ut</em></strong></span> <span class='ocrx_word' id='word_1_249' title='bbox 2546 1529 2669 1602; x_wconf 87' lang='lat' dir='ltr'><strong><em>legis</em></strong></span> <span class='ocrx_word' id='word_1_250' title='bbox 2692 1533 2964 1586; x_wconf 86' lang='lat' dir='ltr'><strong><em>translatio</em></strong></span> <span class='ocrx_word' id='word_1_251' title='bbox 2984 1533 3076 1602; x_wconf 89' lang='lat' dir='ltr'><strong><em>fiat</em></strong></span> <span class='ocrx_word' id='word_1_252' title='bbox 3101 1533 3289 1603; x_wconf 86' lang='lat' dir='ltr'><strong><em>(Hebr.</em></strong></span> <span class='ocrx_word' id='word_1_253' title='bbox 3313 1551 3408 1602; x_wconf 88' lang='lat' dir='ltr'><strong><em>vn,</em></strong></span> <span class='ocrx_word' id='word_1_254' title='bbox 3431 1535 3545 1607; x_wconf 71' lang='grc'>12).</span> 
     </span>
    </p>
   </div>
   <div class='ocr_carea' id='block_1_31' title="bbox 1953 1619 3552 1692">
    <p class='ocr_par' dir='ltr' id='par_1_31' title="bbox 1953 1619 3552 1692">
     <span class='ocr_line' id='line_1_31' title="bbox 1953 1619 3552 1692; baseline 0.006 -18"><span class='ocrx_word' id='word_1_255' title='bbox 1953 1619 2087 1674; x_wconf 83' lang='lat' dir='ltr'><strong><em>Cum</em></strong></span> <span class='ocrx_word' id='word_1_256' title='bbox 2116 1630 2298 1675; x_wconf 88' lang='lat' dir='ltr'><strong><em>autem</em></strong></span> <span class='ocrx_word' id='word_1_257' title='bbox 2346 1629 2400 1675; x_wconf 87' lang='grc' dir='ltr'><strong><em>ιιι</em></strong></span> <span class='ocrx_word' id='word_1_258' title='bbox 2428 1623 2634 1692; x_wconf 86' lang='lat' dir='ltr'><strong><em>ejectus</em></strong></span> <span class='ocrx_word' id='word_1_259' title='bbox 2666 1625 2832 1679; x_wconf 84' lang='lat' dir='ltr'><strong><em>fueris</em></strong></span> <span class='ocrx_word' id='word_1_260' title='bbox 2864 1625 2931 1680; x_wconf 86' lang='lat' dir='ltr'><strong><em>de</em></strong></span> <span class='ocrx_word' id='word_1_261' title='bbox 2974 1625 3274 1682; x_wconf 75' lang='lat' dir='ltr'><strong><em>miniSIerio</em></strong></span> <span class='ocrx_word' id='word_1_262' title='bbox 3307 1636 3420 1689; x_wconf 90' lang='lat' dir='ltr'><strong><em>tuo,</em></strong></span> <span class='ocrx_word' id='word_1_263' title='bbox 3452 1641 3552 1684; x_wconf 87' lang='lat' dir='ltr'><strong><em>vo-</em></strong></span> 
     </span>
    </p>
   </div>
   <div class='ocr_carea' id='block_1_32' title="bbox 1954 1711 3549 1783">
    <p class='ocr_par' dir='ltr' id='par_1_32' title="bbox 1954 1711 3549 1783">
     <span class='ocr_line' id='line_1_32' title="bbox 1954 1711 3549 1783; baseline 0.004 -15"><span class='ocrx_word' id='word_1_264' title='bbox 1954 1711 2093 1768; x_wconf 88' lang='lat' dir='ltr'><strong><em>cabo</em></strong></span> <span class='ocrx_word' id='word_1_265' title='bbox 2115 1729 2340 1783; x_wconf 91' lang='lat' dir='ltr'><strong><em>puerum</em></strong></span> <span class='ocrx_word' id='word_1_266' title='bbox 2365 1730 2544 1770; x_wconf 83' lang='lat' dir='ltr'><strong><em>meum</em></strong></span> <span class='ocrx_word' id='word_1_267' title='bbox 2569 1714 2824 1782; x_wconf 85' lang='lat' dir='ltr'><strong><em>Eliacim,</em></strong></span> <span class='ocrx_word' id='word_1_268' title='bbox 2849 1718 2934 1771; x_wconf 84' lang='lat' dir='ltr'><strong><em>cui</em></strong></span> <span class='ocrx_word' id='word_1_269' title='bbox 2962 1716 3074 1771; x_wconf 75' lang='lat' dir='ltr'><strong><em>disi</em></strong></span> <span class='ocrx_word' id='word_1_270' title='bbox 3103 1727 3156 1772; x_wconf 87' lang='lat' dir='ltr'><strong><em>et</em></strong></span> <span class='ocrx_word' id='word_1_271' title='bbox 3187 1719 3238 1772; x_wconf 92' lang='lat' dir='ltr'><strong><em>in</em></strong></span> <span class='ocrx_word' id='word_1_272' title='bbox 3262 1719 3369 1773; x_wconf 89' lang='lat' dir='ltr'><strong><em>alio</em></strong></span> <span class='ocrx_word' id='word_1_273' title='bbox 3388 1719 3549 1776; x_wconf 68' lang='lat' dir='ltr'><strong><em>loco:</em></strong></span> 
     </span>
    </p>
   </div>
   <div class='ocr_carea' id='block_1_33' title="bbox 237 1791 3550 1879">
    <p class='ocr_par' dir='ltr' id='par_1_33' title="bbox 237 1791 3550 1879">
     <span class='ocr_line' id='line_1_33' title="bbox 237 1791 3550 1879; baseline 0.005 -29"><span class='ocrx_word' id='word_1_274' title='bbox 237 1798 374 1856; x_wconf 86' lang='lat' dir='ltr'><strong><em>cipis</em></strong></span> <span class='ocrx_word' id='word_1_275' title='bbox 405 1799 480 1851; x_wconf 89' lang='lat' dir='ltr'><strong><em>tui</em></strong></span> <span class='ocrx_word' id='word_1_276' title='bbox 505 1799 560 1852; x_wconf 88' lang='lat' dir='ltr'><strong><em>in</em></strong></span> <span class='ocrx_word' id='word_1_277' title='bbox 607 1801 1068 1855; x_wconf 70' lang='lat' dir='ltr'><strong><em>conculcationem.</em></strong></span> <span class='ocrx_word' id='word_1_278' title='bbox 1105 1799 1170 1854; x_wconf 86' lang='lat' dir='ltr'><strong><em>Et</em></strong></span> <span class='ocrx_word' id='word_1_279' title='bbox 1215 1803 1468 1872; x_wconf 90' lang='lat' dir='ltr'><strong><em>aufereris</em></strong></span> <span class='ocrx_word' id='word_1_280' title='bbox 1509 1819 1540 1854; x_wconf 93' lang='lat' dir='ltr'><strong><em>a</em></strong></span> <span class='ocrx_word' id='word_1_281' title='bbox 1573 1803 1844 1869; x_wconf 82' lang='lat' dir='ltr'><strong><em>dispensa-</em></strong></span> <span class='ocrx_word' id='word_1_282' title='bbox 1877 1791 1926 1850; x_wconf 86' lang='grc' dir='ltr'>Β</span> <span class='ocrx_word' id='word_1_283' title='bbox 1955 1805 2208 1879; x_wconf 78' lang='lat' dir='ltr'><strong><em>Magnum</em></strong></span> <span class='ocrx_word' id='word_1_284' title='bbox 2239 1808 2331 1861; x_wconf 84' lang='lat' dir='ltr'><strong><em>tibi</em></strong></span> <span class='ocrx_word' id='word_1_285' title='bbox 2374 1817 2449 1862; x_wconf 87' lang='lat' dir='ltr'><strong><em>est</em></strong></span> <span class='ocrx_word' id='word_1_286' title='bbox 2479 1808 2652 1862; x_wconf 80' lang='lat' dir='ltr'><strong><em>uocari</em></strong></span> <span class='ocrx_word' id='word_1_287' title='bbox 2689 1819 2734 1861; x_wconf 92' lang='lat' dir='ltr'><strong><em>te</em></strong></span> <span class='ocrx_word' id='word_1_288' title='bbox 2766 1826 2982 1876; x_wconf 85' lang='lat' dir='ltr'><strong><em>puerum</em></strong></span> <span class='ocrx_word' id='word_1_289' title='bbox 3018 1824 3186 1862; x_wconf 85' lang='lat' dir='ltr'><strong><em>meum</em></strong></span> <span class='ocrx_word' id='word_1_290' title='bbox 3225 1807 3365 1879; x_wconf 83' lang='lat' dir='ltr'><strong><em>(Isa.</em></strong></span> <span class='ocrx_word' id='word_1_291' title='bbox 3400 1825 3550 1878; x_wconf 75' lang='lat' dir='ltr'><strong><em>nix,</em></strong></span> 
     </span>
    </p>
   </div>
   <div class='ocr_carea' id='block_1_34' title="bbox 240 1890 1844 1963">
    <p class='ocr_par' dir='ltr' id='par_1_34' title="bbox 240 1890 1844 1963">
     <span class='ocr_line' id='line_1_34' title="bbox 240 1890 1844 1963; baseline 0.004 -19"><span class='ocrx_word' id='word_1_292' title='bbox 240 1890 384 1944; x_wconf 87' lang='lat' dir='ltr'><strong><em>tione</em></strong></span> <span class='ocrx_word' id='word_1_293' title='bbox 411 1901 520 1951; x_wconf 86' lang='lat' dir='ltr'><strong><em>tua,</em></strong></span> <span class='ocrx_word' id='word_1_294' title='bbox 551 1900 602 1945; x_wconf 88' lang='lat' dir='ltr'><strong><em>et</em></strong></span> <span class='ocrx_word' id='word_1_295' title='bbox 627 1892 689 1946; x_wconf 91' lang='lat' dir='ltr'><strong><em>de</em></strong></span> <span class='ocrx_word' id='word_1_296' title='bbox 716 1892 883 1963; x_wconf 85' lang='lat' dir='ltr'><strong><em>gradu</em></strong></span> <span class='ocrx_word' id='word_1_297' title='bbox 915 1901 1025 1946; x_wconf 88' lang='lat' dir='ltr'><strong><em>tuo.</em></strong></span> <span class='ocrx_word' id='word_1_298' title='bbox 1061 1892 1124 1946; x_wconf 85' lang='lat' dir='ltr'><strong><em>Et</em></strong></span> <span class='ocrx_word' id='word_1_299' title='bbox 1151 1893 1245 1947; x_wconf 87' lang='lat' dir='ltr'><strong><em>erit</em></strong></span> <span class='ocrx_word' id='word_1_300' title='bbox 1286 1894 1340 1947; x_wconf 89' lang='lat' dir='ltr'><strong><em>in</em></strong></span> <span class='ocrx_word' id='word_1_301' title='bbox 1384 1893 1466 1947; x_wconf 86' lang='lat' dir='ltr'><strong><em>die</em></strong></span> <span class='ocrx_word' id='word_1_302' title='bbox 1496 1894 1591 1948; x_wconf 91' lang='lat' dir='ltr'><strong><em>illa</em></strong></span> <span class='ocrx_word' id='word_1_303' title='bbox 1612 1936 1626 1961; x_wconf 92' lang='lat'><strong><em>,</em></strong></span> <span class='ocrx_word' id='word_1_304' title='bbox 1657 1896 1844 1950; x_wconf 80' lang='lat' dir='ltr'><strong><em>uocabo</em></strong></span> 
     </span>
    </p>
   </div>
   <div class='ocr_carea' id='block_1_35' title="bbox 236 1983 1842 2055">
    <p class='ocr_par' dir='ltr' id='par_1_35' title="bbox 236 1983 1842 2055">
     <span class='ocr_line' id='line_1_35' title="bbox 236 1983 1842 2055; baseline 0.005 -20"><span class='ocrx_word' id='word_1_305' title='bbox 236 1999 460 2055; x_wconf 88' lang='lat' dir='ltr'><strong><em>puerum</em></strong></span> <span class='ocrx_word' id='word_1_306' title='bbox 491 1999 656 2038; x_wconf 87' lang='lat' dir='ltr'><strong><em>meum</em></strong></span> <span class='ocrx_word' id='word_1_307' title='bbox 683 1983 909 2039; x_wconf 86' lang='lat' dir='ltr'><strong><em>Eliacim</em></strong></span> <span class='ocrx_word' id='word_1_308' title='bbox 936 1985 1106 2054; x_wconf 80' lang='lat' dir='ltr'><strong><em>filium</em></strong></span> <span class='ocrx_word' id='word_1_309' title='bbox 1135 1984 1356 2050; x_wconf 75' lang='lat' dir='ltr'><strong><em>Ilelcite,</em></strong></span> <span class='ocrx_word' id='word_1_310' title='bbox 1387 1997 1433 2042; x_wconf 87' lang='lat' dir='ltr'><strong><em>et</em></strong></span> <span class='ocrx_word' id='word_1_311' title='bbox 1459 1987 1674 2042; x_wconf 86' lang='lat' dir='ltr'><strong><em>induam</em></strong></span> <span class='ocrx_word' id='word_1_312' title='bbox 1694 1989 1842 2043; x_wconf 87' lang='lat' dir='ltr'><strong><em>illum</em></strong></span> 
     </span>
    </p>
   </div>
   <div class='ocr_carea' id='block_1_36' title="bbox 233 2080 1841 2152">
    <p class='ocr_par' dir='ltr' id='par_1_36' title="bbox 233 2080 1841 2152">
     <span class='ocr_line' id='line_1_36' title="bbox 233 2080 1841 2152; baseline 0.002 -18"><span class='ocrx_word' id='word_1_313' title='bbox 233 2081 374 2134; x_wconf 79' lang='lat' dir='ltr'><strong><em>stola</em></strong></span> <span class='ocrx_word' id='word_1_314' title='bbox 394 2090 503 2146; x_wconf 90' lang='lat' dir='ltr'><strong><em>tua,</em></strong></span> <span class='ocrx_word' id='word_1_315' title='bbox 535 2090 583 2134; x_wconf 91' lang='lat' dir='ltr'><strong><em>et</em></strong></span> <span class='ocrx_word' id='word_1_316' title='bbox 608 2096 850 2134; x_wconf 88' lang='lat' dir='ltr'><strong><em>coronam</em></strong></span> <span class='ocrx_word' id='word_1_317' title='bbox 881 2090 1020 2134; x_wconf 89' lang='lat' dir='ltr'><strong><em>tuam</em></strong></span> <span class='ocrx_word' id='word_1_318' title='bbox 1051 2080 1186 2134; x_wconf 91' lang='lat' dir='ltr'><strong><em>dabo</em></strong></span> <span class='ocrx_word' id='word_1_319' title='bbox 1210 2081 1290 2134; x_wconf 88' lang='lat' dir='ltr'><strong><em>illi</em></strong></span> <span class='ocrx_word' id='word_1_320' title='bbox 1319 2081 1542 2150; x_wconf 82' lang='lat' dir='ltr'><strong><em>fortiter,</em></strong></span> <span class='ocrx_word' id='word_1_321' title='bbox 1568 2093 1614 2136; x_wconf 88' lang='lat' dir='ltr'><strong><em>et</em></strong></span> <span class='ocrx_word' id='word_1_322' title='bbox 1635 2082 1841 2152; x_wconf 87' lang='lat' dir='ltr'><strong><em>dispen-</em></strong></span> 
     </span>
    </p>
   </div>
   <div class='ocr_carea' id='block_1_37' title="bbox 230 2174 1839 2247">
    <p class='ocr_par' dir='ltr' id='par_1_37' title="bbox 230 2174 1839 2247">
     <span class='ocr_line' id='line_1_37' title="bbox 230 2174 1839 2247; baseline 0.005 -21"><span class='ocrx_word' id='word_1_323' title='bbox 230 2174 489 2226; x_wconf 85' lang='lat' dir='ltr'><strong><em>sationem</em></strong></span> <span class='ocrx_word' id='word_1_324' title='bbox 520 2182 660 2227; x_wconf 90' lang='lat' dir='ltr'><strong><em>tuam</em></strong></span> <span class='ocrx_word' id='word_1_325' title='bbox 687 2174 820 2228; x_wconf 87' lang='lat' dir='ltr'><strong><em>dabo</em></strong></span> <span class='ocrx_word' id='word_1_326' title='bbox 852 2174 905 2228; x_wconf 87' lang='lat' dir='ltr'><strong><em>in</em></strong></span> <span class='ocrx_word' id='word_1_327' title='bbox 935 2190 1121 2227; x_wconf 90' lang='lat' dir='ltr'><strong><em>manus</em></strong></span> <span class='ocrx_word' id='word_1_328' title='bbox 1153 2176 1286 2247; x_wconf 85' lang='lat' dir='ltr'><strong><em>ejus,</em></strong></span> <span class='ocrx_word' id='word_1_329' title='bbox 1316 2184 1364 2228; x_wconf 90' lang='lat' dir='ltr'><strong><em>et</em></strong></span> <span class='ocrx_word' id='word_1_330' title='bbox 1391 2174 1485 2228; x_wconf 89' lang='lat' dir='ltr'><strong><em>erit</em></strong></span> <span class='ocrx_word' id='word_1_331' title='bbox 1517 2176 1669 2243; x_wconf 89' lang='lat' dir='ltr'><strong><em>quasi</em></strong></span> <span class='ocrx_word' id='word_1_332' title='bbox 1697 2189 1839 2246; x_wconf 87' lang='lat' dir='ltr'><strong><em>pater</em></strong></span> 
     </span>
    </p>
   </div>
   <div class='ocr_carea' id='block_1_38' title="bbox 228 2263 1837 2338">
    <p class='ocr_par' dir='ltr' id='par_1_38' title="bbox 228 2263 1837 2338">
     <span class='ocr_line' id='line_1_38' title="bbox 228 2263 1837 2338; baseline 0.002 -21"><span class='ocrx_word' id='word_1_333' title='bbox 228 2263 615 2318; x_wconf 77' lang='lat' dir='ltr'><strong><em>habitatoribus</em></strong></span> <span class='ocrx_word' id='word_1_334' title='bbox 643 2263 955 2326; x_wconf 81' lang='lat' dir='ltr'><strong><em>Jerusalem,</em></strong></span> <span class='ocrx_word' id='word_1_335' title='bbox 987 2265 1152 2337; x_wconf 76' lang='lat'><strong><em>318</em></strong></span> <span class='ocrx_word' id='word_1_336' title='bbox 1177 2275 1223 2320; x_wconf 84' lang='lat' dir='ltr'><strong><em>et</em></strong></span> <span class='ocrx_word' id='word_1_337' title='bbox 1249 2263 1406 2321; x_wconf 73' lang='lat' dir='ltr'><strong><em>Iuda:</em></strong></span> <span class='ocrx_word' id='word_1_338' title='bbox 1425 2309 1440 2334; x_wconf 94' lang='lat'><strong><em>,</em></strong></span> <span class='ocrx_word' id='word_1_339' title='bbox 1469 2277 1517 2322; x_wconf 91' lang='lat' dir='ltr'><strong><em>et</em></strong></span> <span class='ocrx_word' id='word_1_340' title='bbox 1560 2267 1698 2322; x_wconf 86' lang='lat' dir='ltr'><strong><em>dabo</em></strong></span> <span class='ocrx_word' id='word_1_341' title='bbox 1725 2270 1837 2338; x_wconf 90' lang='lat' dir='ltr'><strong><em>glo-</em></strong></span> 
     </span>
    </p>
   </div>
   <div class='ocr_carea' id='block_1_39' title="bbox 227 2357 1836 2438">
    <p class='ocr_par' dir='ltr' id='par_1_39' title="bbox 227 2357 1836 2438">
     <span class='ocr_line' id='line_1_39' title="bbox 227 2357 1836 2438; baseline 0.004 -27"><span class='ocrx_word' id='word_1_342' title='bbox 227 2359 366 2412; x_wconf 86' lang='lat' dir='ltr'><strong><em>riam</em></strong></span> <span class='ocrx_word' id='word_1_343' title='bbox 397 2359 578 2413; x_wconf 90' lang='lat' dir='ltr'><strong><em>domus</em></strong></span> <span class='ocrx_word' id='word_1_344' title='bbox 611 2357 780 2414; x_wconf 82' lang='lat' dir='ltr'><strong><em>David</em></strong></span> <span class='ocrx_word' id='word_1_345' title='bbox 808 2361 875 2426; x_wconf 88' lang='lat' dir='ltr'><strong><em>ei,</em></strong></span> <span class='ocrx_word' id='word_1_346' title='bbox 909 2372 957 2414; x_wconf 85' lang='lat' dir='ltr'><strong><em>et</em></strong></span> <span class='ocrx_word' id='word_1_347' title='bbox 988 2362 1392 2431; x_wconf 87' lang='lat' dir='ltr'><strong><em>principabitur,</em></strong></span> <span class='ocrx_word' id='word_1_348' title='bbox 1423 2373 1468 2417; x_wconf 89' lang='lat' dir='ltr'><strong><em>et</em></strong></span> <span class='ocrx_word' id='word_1_349' title='bbox 1497 2380 1600 2418; x_wconf 87' lang='lat' dir='ltr'><strong><em>non</em></strong></span> <span class='ocrx_word' id='word_1_350' title='bbox 1628 2365 1734 2438; x_wconf 75' lang='lat' dir='ltr'><strong><em>erit</em></strong></span> <span class='ocrx_word' id='word_1_351' title='bbox 1749 2366 1836 2430; x_wconf 87' lang='lat' dir='ltr'><strong><em>qui</em></strong></span> 
     </span>
    </p>
   </div>
   <div class='ocr_carea' id='block_1_40' title="bbox 225 2449 1836 2528">
    <p class='ocr_par' dir='ltr' id='par_1_40' title="bbox 225 2449 1836 2528">
     <span class='ocr_line' id='line_1_40' title="bbox 225 2449 1836 2528; baseline 0.006 -26"><span class='ocrx_word' id='word_1_352' title='bbox 225 2451 572 2505; x_wconf 85' lang='lat' dir='ltr'><strong><em>contradicat.</em></strong></span> <span class='ocrx_word' id='word_1_353' title='bbox 601 2449 670 2505; x_wconf 87' lang='lat' dir='ltr'><strong><em>Et</em></strong></span> <span class='ocrx_word' id='word_1_354' title='bbox 695 2451 829 2506; x_wconf 90' lang='lat' dir='ltr'><strong><em>dabo</em></strong></span> <span class='ocrx_word' id='word_1_355' title='bbox 853 2453 1044 2506; x_wconf 85' lang='lat' dir='ltr'><strong><em>clavem</em></strong></span> <span class='ocrx_word' id='word_1_356' title='bbox 1073 2453 1256 2508; x_wconf 89' lang='lat' dir='ltr'><strong><em>domus</em></strong></span> <span class='ocrx_word' id='word_1_357' title='bbox 1284 2453 1452 2508; x_wconf 87' lang='lat' dir='ltr'><strong><em>David</em></strong></span> <span class='ocrx_word' id='word_1_358' title='bbox 1473 2471 1628 2528; x_wconf 81' lang='lat' dir='ltr'><strong><em>super</em></strong></span> <span class='ocrx_word' id='word_1_359' title='bbox 1655 2459 1836 2512; x_wconf 87' lang='lat' dir='ltr'><strong><em>Imme-</em></strong></span> 
     </span>
    </p>
   </div>
   <div class='ocr_carea' id='block_1_41' title="bbox 219 2544 1833 2617">
    <p class='ocr_par' dir='ltr' id='par_1_41' title="bbox 219 2544 1833 2617">
     <span class='ocr_line' id='line_1_41' title="bbox 219 2544 1833 2617; baseline 0.004 -21"><span class='ocrx_word' id='word_1_360' title='bbox 219 2559 346 2596; x_wconf 88' lang='lat' dir='ltr'><strong><em>rum</em></strong></span> <span class='ocrx_word' id='word_1_361' title='bbox 376 2544 510 2615; x_wconf 85' lang='lat' dir='ltr'><strong><em>ejus,</em></strong></span> <span class='ocrx_word' id='word_1_362' title='bbox 536 2551 563 2579; x_wconf 68' lang='grc' dir='ltr'><strong><em>λ</em></strong></span> <span class='ocrx_word' id='word_1_363' title='bbox 588 2553 636 2598; x_wconf 90' lang='lat' dir='ltr'><strong><em>et</em></strong></span> <span class='ocrx_word' id='word_1_364' title='bbox 661 2545 879 2613; x_wconf 86' lang='lat' dir='ltr'><strong><em>aperiet,</em></strong></span> <span class='ocrx_word' id='word_1_365' title='bbox 909 2553 956 2598; x_wconf 74' lang='lat' dir='ltr'><strong><em>et</em></strong></span> <span class='ocrx_word' id='word_1_366' title='bbox 978 2561 1080 2600; x_wconf 90' lang='lat' dir='ltr'><strong><em>non</em></strong></span> <span class='ocrx_word' id='word_1_367' title='bbox 1109 2546 1210 2599; x_wconf 89' lang='lat' dir='ltr'><strong><em>erit</em></strong></span> <span class='ocrx_word' id='word_1_368' title='bbox 1235 2546 1324 2617; x_wconf 91' lang='lat' dir='ltr'><strong><em>qui</em></strong></span> <span class='ocrx_word' id='word_1_369' title='bbox 1348 2547 1592 2615; x_wconf 83' lang='lat' dir='ltr'><strong><em>claudat;</em></strong></span> <span class='ocrx_word' id='word_1_370' title='bbox 1617 2560 1666 2602; x_wconf 91' lang='lat' dir='ltr'><strong><em>et</em></strong></span> <span class='ocrx_word' id='word_1_371' title='bbox 1688 2554 1833 2603; x_wconf 92' lang='lat' dir='ltr'><strong><em>clau-</em></strong></span> 
     </span>
    </p>
   </div>
   <div class='ocr_carea' id='block_1_42' title="bbox 222 2636 1831 2712">
    <p class='ocr_par' dir='ltr' id='par_1_42' title="bbox 222 2636 1831 2712">
     <span class='ocr_line' id='line_1_42' title="bbox 222 2636 1831 2712; baseline 0.003 -23"><span class='ocrx_word' id='word_1_372' title='bbox 222 2636 336 2701; x_wconf 83' lang='lat' dir='ltr'><strong><em>det,</em></strong></span> <span class='ocrx_word' id='word_1_373' title='bbox 377 2645 424 2690; x_wconf 88' lang='lat' dir='ltr'><strong><em>et</em></strong></span> <span class='ocrx_word' id='word_1_374' title='bbox 459 2652 560 2690; x_wconf 91' lang='lat' dir='ltr'><strong><em>non</em></strong></span> <span class='ocrx_word' id='word_1_375' title='bbox 595 2638 690 2692; x_wconf 86' lang='lat' dir='ltr'><strong><em>erit</em></strong></span> <span class='ocrx_word' id='word_1_376' title='bbox 721 2638 809 2706; x_wconf 87' lang='lat' dir='ltr'><strong><em>qui</em></strong></span> <span class='ocrx_word' id='word_1_377' title='bbox 849 2638 1070 2709; x_wconf 84' lang='lat' dir='ltr'><strong><em>aperiat.</em></strong></span> <span class='ocrx_word' id='word_1_378' title='bbox 1101 2637 1166 2691; x_wconf 85' lang='lat' dir='ltr'><strong><em>Et</em></strong></span> <span class='ocrx_word' id='word_1_379' title='bbox 1192 2640 1501 2692; x_wconf 86' lang='lat' dir='ltr'><strong><em>constituam</em></strong></span> <span class='ocrx_word' id='word_1_380' title='bbox 1537 2656 1652 2695; x_wconf 89' lang='lat' dir='ltr'><strong><em>eum</em></strong></span> <span class='ocrx_word' id='word_1_381' title='bbox 1682 2642 1831 2712; x_wconf 89' lang='lat' dir='ltr'><strong><em>prin--</em></strong></span> 
     </span>
    </p>
   </div>
   <div class='ocr_carea' id='block_1_43' title="bbox 220 2731 1833 2804">
    <p class='ocr_par' dir='ltr' id='par_1_43' title="bbox 220 2731 1833 2804">
     <span class='ocr_line' id='line_1_43' title="bbox 220 2731 1833 2804; baseline 0.002 -19"><span class='ocrx_word' id='word_1_382' title='bbox 220 2731 394 2802; x_wconf 89' lang='lat' dir='ltr'><strong><em>cipem</em></strong></span> <span class='ocrx_word' id='word_1_383' title='bbox 416 2731 470 2784; x_wconf 88' lang='lat' dir='ltr'><strong><em>in</em></strong></span> <span class='ocrx_word' id='word_1_384' title='bbox 498 2734 608 2785; x_wconf 85' lang='lat' dir='ltr'><strong><em>loco</em></strong></span> <span class='ocrx_word' id='word_1_385' title='bbox 636 2731 813 2798; x_wconf 74' lang='lat' dir='ltr'><strong><em>fideli,</em></strong></span> <span class='ocrx_word' id='word_1_386' title='bbox 845 2740 894 2786; x_wconf 92' lang='lat' dir='ltr'><strong><em>et</em></strong></span> <span class='ocrx_word' id='word_1_387' title='bbox 927 2731 984 2784; x_wconf 89' lang='lat' dir='ltr'><strong><em>in</em></strong></span> <span class='ocrx_word' id='word_1_388' title='bbox 1021 2732 1207 2786; x_wconf 86' lang='lat' dir='ltr'><strong><em>solium</em></strong></span> <span class='ocrx_word' id='word_1_389' title='bbox 1230 2732 1413 2804; x_wconf 77' lang='lat' dir='ltr'><strong><em>gloria:</em></strong></span> <span class='ocrx_word' id='word_1_390' title='bbox 1443 2732 1626 2787; x_wconf 89' lang='lat' dir='ltr'><strong><em>domus</em></strong></span> <span class='ocrx_word' id='word_1_391' title='bbox 1669 2735 1833 2802; x_wconf 83' lang='lat' dir='ltr'><strong><em>patris</em></strong></span> 
     </span>
    </p>
   </div>
   <div class='ocr_carea' id='block_1_44' title="bbox 216 2824 1830 2896">
    <p class='ocr_par' dir='ltr' id='par_1_44' title="bbox 216 2824 1830 2896">
     <span class='ocr_line' id='line_1_44' title="bbox 216 2824 1830 2896; baseline 0.002 -18"><span class='ocrx_word' id='word_1_392' title='bbox 216 2825 363 2895; x_wconf 81' lang='lat' dir='ltr'><strong><em>ejus,</em></strong></span> <span class='ocrx_word' id='word_1_393' title='bbox 416 2834 461 2878; x_wconf 90' lang='lat' dir='ltr'><strong><em>et</em></strong></span> <span class='ocrx_word' id='word_1_394' title='bbox 502 2825 598 2879; x_wconf 88' lang='lat' dir='ltr'><strong><em>erit</em></strong></span> <span class='ocrx_word' id='word_1_395' title='bbox 622 2824 888 2893; x_wconf 86' lang='lat' dir='ltr'><strong><em>confidens</em></strong></span> <span class='ocrx_word' id='word_1_396' title='bbox 934 2842 1092 2894; x_wconf 82' lang='lat' dir='ltr'><strong><em>super</em></strong></span> <span class='ocrx_word' id='word_1_397' title='bbox 1131 2841 1247 2878; x_wconf 91' lang='lat' dir='ltr'><strong><em>eum</em></strong></span> <span class='ocrx_word' id='word_1_398' title='bbox 1278 2825 1445 2879; x_wconf 86' lang='lat' dir='ltr'><strong><em>omnis</em></strong></span> <span class='ocrx_word' id='word_1_399' title='bbox 1487 2828 1742 2896; x_wconf 87' lang='lat' dir='ltr'><strong><em>gloriosus</em></strong></span> <span class='ocrx_word' id='word_1_400' title='bbox 1777 2829 1830 2882; x_wconf 92' lang='lat' dir='ltr'><strong><em>in</em></strong></span> 
     </span>
    </p>
   </div>
   <div class='ocr_carea' id='block_1_45' title="bbox 214 2919 1830 2992">
    <p class='ocr_par' dir='ltr' id='par_1_45' title="bbox 214 2919 1830 2992">
     <span class='ocr_line' id='line_1_45' title="bbox 214 2919 1830 2992; baseline 0.001 -19"><span class='ocrx_word' id='word_1_401' title='bbox 214 2919 381 2973; x_wconf 85' lang='lat' dir='ltr'><strong><em>domo</em></strong></span> <span class='ocrx_word' id='word_1_402' title='bbox 411 2921 576 2988; x_wconf 85' lang='lat' dir='ltr'><strong><em>patris</em></strong></span> <span class='ocrx_word' id='word_1_403' title='bbox 600 2921 684 2975; x_wconf 90' lang='lat' dir='ltr'><strong><em>sui</em></strong></span> <span class='ocrx_word' id='word_1_404' title='bbox 715 2938 745 2972; x_wconf 91' lang='lat' dir='ltr'><strong><em>a</em></strong></span> <span class='ocrx_word' id='word_1_405' title='bbox 777 2921 991 2974; x_wconf 87' lang='lat' dir='ltr'><strong><em>ntinimo</em></strong></span> <span class='ocrx_word' id='word_1_406' title='bbox 1014 2937 1178 2992; x_wconf 85' lang='lat' dir='ltr'><strong><em>usque</em></strong></span> <span class='ocrx_word' id='word_1_407' title='bbox 1202 2921 1270 2974; x_wconf 92' lang='lat' dir='ltr'><strong><em>ad</em></strong></span> <span class='ocrx_word' id='word_1_408' title='bbox 1299 2923 1604 2975; x_wconf 74' lang='lat' dir='ltr'><strong><em>maximum.</em></strong></span> <span class='ocrx_word' id='word_1_409' title='bbox 1643 2920 1830 2974; x_wconf 85' lang='lat' dir='ltr'><strong><em>Omnes</em></strong></span> 
     </span>
    </p>
   </div>
   <div class='ocr_carea' id='block_1_46' title="bbox 211 3011 1833 3083">
    <p class='ocr_par' dir='ltr' id='par_1_46' title="bbox 211 3011 1833 3083">
     <span class='ocr_line' id='line_1_46' title="bbox 211 3011 1833 3083; baseline -0.002 -16"><span class='ocrx_word' id='word_1_410' title='bbox 211 3029 316 3067; x_wconf 74' lang='lat' dir='ltr'><strong><em>vas</em></strong></span> <span class='ocrx_word' id='word_1_411' title='bbox 360 3011 638 3083; x_wconf 82' lang='lat' dir='ltr'><strong><em>parvulum</em></strong></span> <span class='ocrx_word' id='word_1_412' title='bbox 679 3030 711 3067; x_wconf 92' lang='lat' dir='ltr'><strong><em>a</em></strong></span> <span class='ocrx_word' id='word_1_413' title='bbox 755 3014 891 3067; x_wconf 82' lang='lat' dir='ltr'><strong><em>vasis</em></strong></span> <span class='ocrx_word' id='word_1_414' title='bbox 931 3013 1160 3083; x_wconf 88' lang='lat' dir='ltr'><strong><em>aganoth</em></strong></span> <span class='ocrx_word' id='word_1_415' title='bbox 1195 3027 1216 3067; x_wconf 87' lang='lat'><strong><em>:</em></strong></span> <span class='ocrx_word' id='word_1_416' title='bbox 1251 3021 1298 3066; x_wconf 91' lang='lat' dir='ltr'><strong><em>et</em></strong></span> <span class='ocrx_word' id='word_1_417' title='bbox 1339 3011 1634 3082; x_wconf 77' lang='lat' dir='ltr'><strong><em>pendebant</em></strong></span> <span class='ocrx_word' id='word_1_418' title='bbox 1679 3027 1833 3080; x_wconf 89' lang='lat' dir='ltr'><strong><em>super</em></strong></span> 
     </span>
    </p>
   </div>
   <div class='ocr_carea' id='block_1_47' title="bbox 207 3104 1832 3162">
    <p class='ocr_par' dir='ltr' id='par_1_47' title="bbox 207 3104 1832 3162">
     <span class='ocr_line' id='line_1_47' title="bbox 207 3104 1832 3162; baseline -0.003 0"><span class='ocrx_word' id='word_1_419' title='bbox 207 3123 363 3162; x_wconf 78' lang='lat' dir='ltr'><strong><em>eum.</em></strong></span> <span class='ocrx_word' id='word_1_420' title='bbox 389 3104 455 3160; x_wconf 90' lang='lat' dir='ltr'><strong><em>In</em></strong></span> <span class='ocrx_word' id='word_1_421' title='bbox 479 3106 564 3161; x_wconf 90' lang='lat' dir='ltr'><strong><em>die</em></strong></span> <span class='ocrx_word' id='word_1_422' title='bbox 588 3107 682 3162; x_wconf 90' lang='lat' dir='ltr'><strong><em>illa</em></strong></span> <span class='ocrx_word' id='word_1_423' title='bbox 703 3108 813 3161; x_wconf 73' lang='lat' dir='ltr'><strong><em>Ittzc</em></strong></span> <span class='ocrx_word' id='word_1_424' title='bbox 834 3107 958 3161; x_wconf 87' lang='lat' dir='ltr'><strong><em>dicit</em></strong></span> <span class='ocrx_word' id='word_1_425' title='bbox 984 3105 1238 3161; x_wconf 87' lang='lat' dir='ltr'><strong><em>Dominus</em></strong></span> <span class='ocrx_word' id='word_1_426' title='bbox 1261 3106 1492 3162; x_wconf 80' lang='lat' dir='ltr'><strong><em>Sabaoth</em></strong></span> <span class='ocrx_word' id='word_1_427' title='bbox 1510 3121 1528 3160; x_wconf 92' lang='lat'><strong><em>:</em></strong></span> <span class='ocrx_word' id='word_1_428' title='bbox 1545 3105 1597 3159; x_wconf 81' lang='grc' dir='ltr'><em>Μ</em></span> <span class='ocrx_word' id='word_1_429' title='bbox 1607 3105 1832 3159; x_wconf 78' lang='lat' dir='ltr'><strong><em>ouebitur</em></strong></span> 
     </span>
    </p>
   </div>
   <div class='ocr_carea' id='block_1_48' title="bbox 1949 1898 3550 1972">
    <p class='ocr_par' dir='ltr' id='par_1_48' title="bbox 1949 1898 3550 1972">
     <span class='ocr_line' id='line_1_48' title="bbox 1949 1898 3550 1972; baseline 0.002 -18"><span class='ocrx_word' id='word_1_430' title='bbox 1949 1899 1982 1954; x_wconf 84' lang='lat'><strong>6</strong></span> <span class='ocrx_word' id='word_1_431' title='bbox 2006 1942 2020 1965; x_wconf 88' lang='lat'><strong><em>,</em></strong></span> <span class='ocrx_word' id='word_1_432' title='bbox 2066 1900 2344 1954; x_wconf 87' lang='lat' dir='ltr'><strong><em>secundum</em></strong></span> <span class='ocrx_word' id='word_1_433' title='bbox 2378 1898 2573 1968; x_wconf 80' lang='lat' dir='ltr'><strong>LXX).</strong></span> <span class='ocrx_word' id='word_1_434' title='bbox 2604 1900 2826 1956; x_wconf 87' lang='lat' dir='ltr'><strong><em>Eliacim</em></strong></span> <span class='ocrx_word' id='word_1_435' title='bbox 2861 1902 3250 1972; x_wconf 84' lang='lat' dir='ltr'><strong><em>interpretatur</em></strong></span> <span class='ocrx_word' id='word_1_436' title='bbox 3275 1918 3550 1972; x_wconf 89' lang='lat' dir='ltr'><strong><em>resurgens</em></strong></span> 
     </span>
    </p>
   </div>
   <div class='ocr_carea' id='block_1_49' title="bbox 1948 1991 3548 2066">
    <p class='ocr_par' dir='ltr' id='par_1_49' title="bbox 1948 1991 3548 2066">
     <span class='ocr_line' id='line_1_49' title="bbox 1948 1991 3548 2066; baseline 0.002 -20"><span class='ocrx_word' id='word_1_437' title='bbox 1948 1991 2118 2057; x_wconf 88' lang='lat' dir='ltr'><strong><em>Deus,</em></strong></span> <span class='ocrx_word' id='word_1_438' title='bbox 2175 1993 2289 2048; x_wconf 88' lang='lat' dir='ltr'><strong><em>sive</em></strong></span> <span class='ocrx_word' id='word_1_439' title='bbox 2338 1991 2436 2046; x_wconf 88' lang='lat' dir='ltr'><strong><em>Dei</em></strong></span> <span class='ocrx_word' id='word_1_440' title='bbox 2480 1994 2814 2049; x_wconf 84' lang='lat' dir='ltr'><strong><em>resurrectio.</em></strong></span> <span class='ocrx_word' id='word_1_441' title='bbox 2866 1993 2976 2050; x_wconf 86' lang='lat' dir='ltr'><strong><em>Iste</em></strong></span> <span class='ocrx_word' id='word_1_442' title='bbox 3035 1994 3200 2066; x_wconf 81' lang='lat' dir='ltr'><strong><em>igitur</em></strong></span> <span class='ocrx_word' id='word_1_443' title='bbox 3255 2007 3548 2064; x_wconf 71' lang='lat' dir='ltr'><strong><em>resurgens</em></strong></span> 
     </span>
    </p>
   </div>
   <div class='ocr_carea' id='block_1_50' title="bbox 1945 2083 3544 2157">
    <p class='ocr_par' dir='ltr' id='par_1_50' title="bbox 1945 2083 3544 2157">
     <span class='ocr_line' id='line_1_50' title="bbox 1945 2083 3544 2157; baseline 0.001 -19"><span class='ocrx_word' id='word_1_444' title='bbox 1945 2083 2120 2149; x_wconf 87' lang='lat' dir='ltr'><strong><em>Deus,</em></strong></span> <span class='ocrx_word' id='word_1_445' title='bbox 2154 2087 2242 2155; x_wconf 88' lang='lat' dir='ltr'><strong><em>qui</em></strong></span> <span class='ocrx_word' id='word_1_446' title='bbox 2290 2095 2377 2140; x_wconf 87' lang='lat' dir='ltr'><strong><em>est</em></strong></span> <span class='ocrx_word' id='word_1_447' title='bbox 2411 2085 2554 2140; x_wconf 90' lang='lat' dir='ltr'><strong><em>ltlius</em></strong></span> <span class='ocrx_word' id='word_1_448' title='bbox 2587 2084 2819 2151; x_wconf 77' lang='lat' dir='ltr'><strong><em>Helciw,</em></strong></span> <span class='ocrx_word' id='word_1_449' title='bbox 2850 2085 2902 2140; x_wconf 91' lang='lat' dir='ltr'><strong><em>id</em></strong></span> <span class='ocrx_word' id='word_1_450' title='bbox 2951 2096 3062 2152; x_wconf 87' lang='lat' dir='ltr'><strong><em>est,</em></strong></span> <span class='ocrx_word' id='word_1_451' title='bbox 3114 2086 3278 2157; x_wconf 87' lang='lat' dir='ltr'><strong><em>partis</em></strong></span> <span class='ocrx_word' id='word_1_452' title='bbox 3307 2083 3544 2153; x_wconf 89' lang='lat' dir='ltr'><strong><em>Domini,</em></strong></span> 
     </span>
    </p>
   </div>
   <div class='ocr_carea' id='block_1_51' title="bbox 1943 2176 3545 2248">
    <p class='ocr_par' dir='ltr' id='par_1_51' title="bbox 1943 2176 3545 2248">
     <span class='ocr_line' id='line_1_51' title="bbox 1943 2176 3545 2248; baseline 0.001 -18"><span class='ocrx_word' id='word_1_453' title='bbox 1943 2176 2173 2244; x_wconf 87' lang='lat' dir='ltr'><strong><em>accipiet</em></strong></span> <span class='ocrx_word' id='word_1_454' title='bbox 2201 2178 2380 2231; x_wconf 90' lang='lat' dir='ltr'><strong><em>locum</em></strong></span> <span class='ocrx_word' id='word_1_455' title='bbox 2411 2186 2584 2244; x_wconf 89' lang='lat' dir='ltr'><strong><em>tuutn,</em></strong></span> <span class='ocrx_word' id='word_1_456' title='bbox 2619 2187 2816 2248; x_wconf 89' lang='lat' dir='ltr'><strong><em>tuaque</em></strong></span> <span class='ocrx_word' id='word_1_457' title='bbox 2850 2178 3108 2232; x_wconf 80' lang='lat' dir='ltr'><strong><em>induetur</em></strong></span> <span class='ocrx_word' id='word_1_458' title='bbox 3139 2179 3297 2240; x_wconf 88' lang='lat' dir='ltr'><strong><em>stola,</em></strong></span> <span class='ocrx_word' id='word_1_459' title='bbox 3330 2188 3385 2234; x_wconf 87' lang='lat' dir='ltr'><strong><em>et</em></strong></span> <span class='ocrx_word' id='word_1_460' title='bbox 3429 2178 3545 2233; x_wconf 86' lang='lat' dir='ltr'><strong><em>ciu-</em></strong></span> 
     </span>
    </p>
   </div>
   <div class='ocr_carea' id='block_1_52' title="bbox 1942 2267 3544 2338">
    <p class='ocr_par' dir='ltr' id='par_1_52' title="bbox 1942 2267 3544 2338">
     <span class='ocr_line' id='line_1_52' title="bbox 1942 2267 3544 2338; baseline 0.004 -19"><span class='ocrx_word' id='word_1_461' title='bbox 1942 2268 2070 2338; x_wconf 84' lang='lat' dir='ltr'><strong><em>gulo</em></strong></span> <span class='ocrx_word' id='word_1_462' title='bbox 2102 2278 2194 2322; x_wconf 91' lang='lat' dir='ltr'><strong><em>tuo</em></strong></span> <span class='ocrx_word' id='word_1_463' title='bbox 2223 2267 2638 2334; x_wconf 69' lang='lat' dir='ltr'><strong><em>coitfortabitur,</em></strong></span> <span class='ocrx_word' id='word_1_464' title='bbox 2665 2279 2725 2322; x_wconf 91' lang='grc' dir='ltr'><strong><em>ιιι</em></strong></span> <span class='ocrx_word' id='word_1_465' title='bbox 2751 2270 2892 2337; x_wconf 89' lang='lat' dir='ltr'><strong><em>quod</em></strong></span> <span class='ocrx_word' id='word_1_466' title='bbox 2919 2279 2972 2323; x_wconf 92' lang='lat' dir='ltr'><strong><em>tu</em></strong></span> <span class='ocrx_word' id='word_1_467' title='bbox 2997 2270 3238 2326; x_wconf 77' lang='lat' dir='ltr'><strong><em>habebas</em></strong></span> <span class='ocrx_word' id='word_1_468' title='bbox 3259 2273 3311 2324; x_wconf 90' lang='lat' dir='ltr'><strong><em>in</em></strong></span> <span class='ocrx_word' id='word_1_469' title='bbox 3338 2272 3544 2338; x_wconf 82' lang='lat' dir='ltr'><strong><em>littera,</em></strong></span> 
     </span>
    </p>
   </div>
   <div class='ocr_carea' id='block_1_53' title="bbox 1940 2358 3540 2431">
    <p class='ocr_par' dir='ltr' id='par_1_53' title="bbox 1940 2358 3540 2431">
     <span class='ocr_line' id='line_1_53' title="bbox 1940 2358 3540 2431; baseline 0.004 -19"><span class='ocrx_word' id='word_1_470' title='bbox 1940 2358 2030 2414; x_wconf 89' lang='lat' dir='ltr'><strong><em>ille</em></strong></span> <span class='ocrx_word' id='word_1_471' title='bbox 2081 2359 2353 2427; x_wconf 73' lang='lat' dir='ltr'><strong><em>possideat</em></strong></span> <span class='ocrx_word' id='word_1_472' title='bbox 2396 2361 2448 2414; x_wconf 88' lang='lat' dir='ltr'><strong><em>itt</em></strong></span> <span class='ocrx_word' id='word_1_473' title='bbox 2499 2361 2716 2431; x_wconf 89' lang='lat' dir='ltr'><strong><em>spiritu,</em></strong></span> <span class='ocrx_word' id='word_1_474' title='bbox 2750 2370 2804 2415; x_wconf 90' lang='lat' dir='ltr'><strong><em>et</em></strong></span> <span class='ocrx_word' id='word_1_475' title='bbox 2833 2362 2936 2416; x_wconf 92' lang='lat' dir='ltr'><strong><em>erit</em></strong></span> <span class='ocrx_word' id='word_1_476' title='bbox 2988 2373 3142 2430; x_wconf 85' lang='lat' dir='ltr'><strong><em>pater</em></strong></span> <span class='ocrx_word' id='word_1_477' title='bbox 3174 2363 3540 2419; x_wconf 83' lang='lat' dir='ltr'><strong><em>habitantium</em></strong></span> 
     </span>
    </p>
   </div>
   <div class='ocr_carea' id='block_1_54' title="bbox 1941 2449 3550 2523">
    <p class='ocr_par' dir='ltr' id='par_1_54' title="bbox 1941 2449 3550 2523">
     <span class='ocr_line' id='line_1_54' title="bbox 1941 2449 3550 2523; baseline 0.003 -19"><span class='ocrx_word' id='word_1_478' title='bbox 1941 2449 1992 2505; x_wconf 92' lang='lat' dir='ltr'><strong><em>in</em></strong></span> <span class='ocrx_word' id='word_1_479' title='bbox 2024 2449 2354 2517; x_wconf 75' lang='lat' dir='ltr'><strong><em>Jerusalem,</em></strong></span> <span class='ocrx_word' id='word_1_480' title='bbox 2389 2451 2493 2508; x_wconf 91' lang='lat' dir='ltr'><strong><em>hoc</em></strong></span> <span class='ocrx_word' id='word_1_481' title='bbox 2537 2461 2643 2517; x_wconf 86' lang='lat' dir='ltr'><strong><em>est,</em></strong></span> <span class='ocrx_word' id='word_1_482' title='bbox 2681 2453 2731 2506; x_wconf 94' lang='lat' dir='ltr'><strong><em>in</em></strong></span> <span class='ocrx_word' id='word_1_483' title='bbox 2766 2453 2982 2507; x_wconf 87' lang='lat' dir='ltr'><strong><em>visione</em></strong></span> <span class='ocrx_word' id='word_1_484' title='bbox 3031 2452 3202 2523; x_wconf 87' lang='lat' dir='ltr'><strong><em>pacis,</em></strong></span> <span class='ocrx_word' id='word_1_485' title='bbox 3231 2469 3350 2523; x_wconf 73' lang='lat' dir='ltr'><strong><em>qua:</em></strong></span> <span class='ocrx_word' id='word_1_486' title='bbox 3380 2455 3550 2509; x_wconf 88' lang='lat' dir='ltr'><strong><em>inter-</em></strong></span> 
     </span>
    </p>
   </div>
   <div class='ocr_carea' id='block_1_55' title="bbox 1939 2542 3546 2613">
    <p class='ocr_par' dir='ltr' id='par_1_55' title="bbox 1939 2542 3546 2613">
     <span class='ocr_line' id='line_1_55' title="bbox 1939 2542 3546 2613; baseline 0.003 -17"><span class='ocrx_word' id='word_1_487' title='bbox 1939 2552 2184 2613; x_wconf 86' lang='lat' dir='ltr'><strong><em>pretatur</em></strong></span> <span class='ocrx_word' id='word_1_488' title='bbox 2214 2543 2484 2609; x_wconf 84' lang='lat' dir='ltr'><strong><em>Ecclesia,</em></strong></span> <span class='ocrx_word' id='word_1_489' title='bbox 2518 2552 2574 2598; x_wconf 88' lang='lat' dir='ltr'><strong><em>et</em></strong></span> <span class='ocrx_word' id='word_1_490' title='bbox 2604 2542 2790 2599; x_wconf 91' lang='lat' dir='ltr'><strong><em>domui</em></strong></span> <span class='ocrx_word' id='word_1_491' title='bbox 2819 2543 2983 2610; x_wconf 84' lang='lat' dir='ltr'><strong><em>Jttda,</em></strong></span> <span class='ocrx_word' id='word_1_492' title='bbox 3015 2545 3105 2598; x_wconf 93' lang='lat' dir='ltr'><strong><em>ubi</em></strong></span> <span class='ocrx_word' id='word_1_493' title='bbox 3152 2554 3237 2600; x_wconf 90' lang='lat' dir='ltr'><strong><em>est</em></strong></span> <span class='ocrx_word' id='word_1_494' title='bbox 3267 2545 3386 2600; x_wconf 91' lang='lat' dir='ltr'><strong><em>tidei</em></strong></span> <span class='ocrx_word' id='word_1_495' title='bbox 3417 2561 3546 2601; x_wconf 83' lang='lat' dir='ltr'><strong><em>vera</em></strong></span> 
     </span>
    </p>
   </div>
   <div class='ocr_carea' id='block_1_56' title="bbox 1935 2636 3544 2709">
    <p class='ocr_par' dir='ltr' id='par_1_56' title="bbox 1935 2636 3544 2709">
     <span class='ocr_line' id='line_1_56' title="bbox 1935 2636 3544 2709; baseline 0.001 -18"><span class='ocrx_word' id='word_1_496' title='bbox 1935 2636 2230 2694; x_wconf 83' lang='lat' dir='ltr'><strong><em>confessio.</em></strong></span> <span class='ocrx_word' id='word_1_497' title='bbox 2261 2637 2416 2694; x_wconf 85' lang='lat' dir='ltr'><strong><em>Unde</em></strong></span> <span class='ocrx_word' id='word_1_498' title='bbox 2457 2638 2575 2705; x_wconf 84' lang='lat' dir='ltr'><strong><em>ipse</em></strong></span> <span class='ocrx_word' id='word_1_499' title='bbox 2604 2637 2672 2692; x_wconf 92' lang='lat' dir='ltr'><strong><em>ad</em></strong></span> <span class='ocrx_word' id='word_1_500' title='bbox 2699 2638 2999 2708; x_wconf 85' lang='lat' dir='ltr'><strong><em>Apostolos</em></strong></span> <span class='ocrx_word' id='word_1_501' title='bbox 3021 2639 3262 2709; x_wconf 87' lang='lat' dir='ltr'><strong><em>loquitur</em></strong></span> <span class='ocrx_word' id='word_1_502' title='bbox 3290 2657 3304 2692; x_wconf 89' lang='lat'>:</span> <span class='ocrx_word' id='word_1_503' title='bbox 3337 2636 3544 2707; x_wconf 86' lang='lat' dir='ltr'><strong><em>Filtoli,</em></strong></span> 
     </span>
    </p>
   </div>
   <div class='ocr_carea' id='block_1_57' title="bbox 1933 2729 3546 2805">
    <p class='ocr_par' dir='ltr' id='par_1_57' title="bbox 1933 2729 3546 2805">
     <span class='ocr_line' id='line_1_57' title="bbox 1933 2729 3546 2805; baseline 0.004 -23"><span class='ocrx_word' id='word_1_504' title='bbox 1933 2729 2106 2784; x_wconf 89' lang='lat' dir='ltr'><strong><em>adhuc</em></strong></span> <span class='ocrx_word' id='word_1_505' title='bbox 2133 2732 2393 2786; x_wconf 87' lang='lat' dir='ltr'><strong><em>modicum</em></strong></span> <span class='ocrx_word' id='word_1_506' title='bbox 2423 2733 2684 2786; x_wconf 86' lang='lat' dir='ltr'><strong><em>vobiscum</em></strong></span> <span class='ocrx_word' id='word_1_507' title='bbox 2725 2749 2840 2787; x_wconf 85' lang='lat' dir='ltr'><strong><em>sunt</em></strong></span> <span class='ocrx_word' id='word_1_508' title='bbox 2873 2731 3055 2805; x_wconf 83' lang='lat' dir='ltr'><strong><em>(Joan.</em></strong></span> <span class='ocrx_word' id='word_1_509' title='bbox 3085 2749 3198 2794; x_wconf 83' lang='lat' dir='ltr'><strong><em>ttttt.</em></strong></span> <span class='ocrx_word' id='word_1_510' title='bbox 3231 2733 3347 2804; x_wconf 76' lang='lat'><strong><em>&#39;55).</em></strong></span> <span class='ocrx_word' id='word_1_511' title='bbox 3382 2734 3447 2788; x_wconf 89' lang='lat' dir='ltr'><strong><em>Et</em></strong></span> <span class='ocrx_word' id='word_1_512' title='bbox 3476 2732 3546 2788; x_wconf 88' lang='lat' dir='ltr'><strong><em>ad</em></strong></span> 
     </span>
    </p>
   </div>
   <div class='ocr_carea' id='block_1_58' title="bbox 1933 2821 3543 2898">
    <p class='ocr_par' dir='ltr' id='par_1_58' title="bbox 1933 2821 3543 2898">
     <span class='ocr_line' id='line_1_58' title="bbox 1933 2821 3543 2898; baseline 0.002 -20"><span class='ocrx_word' id='word_1_513' title='bbox 1933 2823 2096 2878; x_wconf 86' lang='lat' dir='ltr'><strong><em>alium</em></strong></span> <span class='ocrx_word' id='word_1_514' title='bbox 2121 2841 2134 2877; x_wconf 91' lang='lat'><strong>:</strong></span> <span class='ocrx_word' id='word_1_515' title='bbox 2160 2821 2291 2890; x_wconf 77' lang='lat' dir='ltr'><strong><em>Fili,</em></strong></span> <span class='ocrx_word' id='word_1_516' title='bbox 2316 2826 2646 2880; x_wconf 87' lang='lat' dir='ltr'><strong><em>dimittuntur</em></strong></span> <span class='ocrx_word' id='word_1_517' title='bbox 2665 2825 2754 2880; x_wconf 93' lang='lat' dir='ltr'><strong><em>tibi</em></strong></span> <span class='ocrx_word' id='word_1_518' title='bbox 2780 2838 2991 2896; x_wconf 87' lang='lat' dir='ltr'><strong><em>peccata</em></strong></span> <span class='ocrx_word' id='word_1_519' title='bbox 3014 2837 3104 2881; x_wconf 87' lang='lat' dir='ltr'><strong><em>tua</em></strong></span> <span class='ocrx_word' id='word_1_520' title='bbox 3127 2825 3341 2896; x_wconf 79' lang='lat' dir='ltr'><strong><em>(Matth.</em></strong></span> <span class='ocrx_word' id='word_1_521' title='bbox 3360 2843 3437 2889; x_wconf 79' lang='lat' dir='ltr'><strong><em>lx,</em></strong></span> <span class='ocrx_word' id='word_1_522' title='bbox 3460 2827 3543 2898; x_wconf 72' lang='lat'><strong><em>‘2).</em></strong></span> 
     </span>
    </p>
   </div>
   <div class='ocr_carea' id='block_1_59' title="bbox 1936 2916 3543 2992">
    <p class='ocr_par' dir='ltr' id='par_1_59' title="bbox 1936 2916 3543 2992">
     <span class='ocr_line' id='line_1_59' title="bbox 1936 2916 3543 2992; baseline 0.001 -21"><span class='ocrx_word' id='word_1_523' title='bbox 1936 2916 2088 2985; x_wconf 62' lang='lat' dir='ltr'><strong><em>Etfad</em></strong></span> <span class='ocrx_word' id='word_1_524' title='bbox 2116 2918 2275 2972; x_wconf 88' lang='lat' dir='ltr'><strong><em>aliam</em></strong></span> <span class='ocrx_word' id='word_1_525' title='bbox 2310 2936 2321 2970; x_wconf 92' lang='lat'>:</span> <span class='ocrx_word' id='word_1_526' title='bbox 2356 2918 2672 2986; x_wconf 83' lang='lat' dir='ltr'><strong><em>Filia,&#39;ﬁdes</em></strong></span> <span class='ocrx_word' id='word_1_527' title='bbox 2703 2928 2796 2973; x_wconf 91' lang='lat' dir='ltr'><strong><em>tua</em></strong></span> <span class='ocrx_word' id='word_1_528' title='bbox 2821 2930 2869 2973; x_wconf 89' lang='lat' dir='ltr'><strong><em>te</em></strong></span> <span class='ocrx_word' id='word_1_529' title='bbox 2889 2919 3085 2974; x_wconf 83' lang='lat' dir='ltr'><strong><em>salt-am</em></strong></span> <span class='ocrx_word' id='word_1_530' title='bbox 3115 2920 3237 2991; x_wconf 89' lang='lat' dir='ltr'><strong><em>fecit</em></strong></span> <span class='ocrx_word' id='word_1_531' title='bbox 3263 2919 3415 2992; x_wconf 88' lang='lat' dir='ltr'><strong><em>(Luc.</em></strong></span> <span class='ocrx_word' id='word_1_532' title='bbox 3445 2935 3543 2986; x_wconf 86' lang='lat' dir='ltr'><strong><em>vn,</em></strong></span> 
     </span>
    </p>
   </div>
   <div class='ocr_carea' id='block_1_60' title="bbox 1936 3006 3546 3083">
    <p class='ocr_par' dir='ltr' id='par_1_60' title="bbox 1936 3006 3546 3083">
     <span class='ocr_line' id='line_1_60' title="bbox 1936 3006 3546 3083; baseline 0.004 -23"><span class='ocrx_word' id='word_1_533' title='bbox 1936 3006 2050 3078; x_wconf 81' lang='lat'><strong><em>50).</em></strong></span> <span class='ocrx_word' id='word_1_534' title='bbox 2086 3008 2255 3073; x_wconf 88' lang='lat' dir='ltr'><strong><em>Dabo,</em></strong></span> <span class='ocrx_word' id='word_1_535' title='bbox 2289 3010 2483 3079; x_wconf 85' lang='lat' dir='ltr'><strong><em>inquit.</em></strong></span> <span class='ocrx_word' id='word_1_536' title='bbox 2513 3011 2562 3064; x_wconf 90' lang='lat' dir='ltr'><strong><em>ei</em></strong></span> <span class='ocrx_word' id='word_1_537' title='bbox 2594 3011 2800 3064; x_wconf 83' lang='lat' dir='ltr'><strong><em>clavem</em></strong></span> <span class='ocrx_word' id='word_1_538' title='bbox 2828 3011 3028 3065; x_wconf 90' lang='lat' dir='ltr'><strong><em>domus</em></strong></span> <span class='ocrx_word' id='word_1_539' title='bbox 3062 3012 3229 3067; x_wconf 84' lang='lat' dir='ltr'><strong><em>David</em></strong></span> <span class='ocrx_word' id='word_1_540' title='bbox 3250 3057 3266 3081; x_wconf 89' lang='lat'><strong><em>,</em></strong></span> <span class='ocrx_word' id='word_1_541' title='bbox 3298 3013 3387 3083; x_wconf 90' lang='lat' dir='ltr'><strong><em>qui</em></strong></span> <span class='ocrx_word' id='word_1_542' title='bbox 3417 3028 3546 3083; x_wconf 87' lang='lat' dir='ltr'><strong><em>ape-</em></strong></span> 
     </span>
    </p>
   </div>
   <div class='ocr_carea' id='block_1_61' title="bbox 1935 3102 3548 3176">
    <p class='ocr_par' dir='ltr' id='par_1_61' title="bbox 1935 3102 3548 3176">
     <span class='ocr_line' id='line_1_61' title="bbox 1935 3102 3548 3176; baseline 0.005 -21"><span class='ocrx_word' id='word_1_543' title='bbox 1935 3102 2025 3165; x_wconf 88' lang='lat' dir='ltr'><strong><em>rit,</em></strong></span> <span class='ocrx_word' id='word_1_544' title='bbox 2083 3109 2140 3155; x_wconf 91' lang='lat' dir='ltr'><strong><em>et</em></strong></span> <span class='ocrx_word' id='word_1_545' title='bbox 2189 3117 2351 3157; x_wconf 91' lang='lat' dir='ltr'><strong><em>nemo</em></strong></span> <span class='ocrx_word' id='word_1_546' title='bbox 2395 3102 2629 3167; x_wconf 89' lang='lat' dir='ltr'><strong><em>claudit;</em></strong></span> <span class='ocrx_word' id='word_1_547' title='bbox 2661 3102 2753 3170; x_wconf 89' lang='lat' dir='ltr'><strong><em>qui</em></strong></span> <span class='ocrx_word' id='word_1_548' title='bbox 2803 3105 3027 3169; x_wconf 88' lang='lat' dir='ltr'><strong><em>claudit,</em></strong></span> <span class='ocrx_word' id='word_1_549' title='bbox 3060 3114 3116 3159; x_wconf 90' lang='lat' dir='ltr'><strong><em>et</em></strong></span> <span class='ocrx_word' id='word_1_550' title='bbox 3161 3122 3322 3161; x_wconf 90' lang='lat' dir='ltr'><strong><em>nemo</em></strong></span> <span class='ocrx_word' id='word_1_551' title='bbox 3370 3107 3548 3176; x_wconf 85' lang='lat' dir='ltr'><strong><em>aperit</em></strong></span> 
     </span>
    </p>
   </div>
   <div class='ocr_carea' id='block_1_62' title="bbox 205 3184 3543 3273">
    <p class='ocr_par' dir='ltr' id='par_1_62' title="bbox 205 3184 3543 3273">
     <span class='ocr_line' id='line_1_62' title="bbox 205 3184 3543 3273; baseline 0 -19"><span class='ocrx_word' id='word_1_552' title='bbox 205 3201 382 3256; x_wconf 77' lang='lat' dir='ltr'><strong><em>homo</em></strong></span> <span class='ocrx_word' id='word_1_553' title='bbox 429 3201 517 3269; x_wconf 85' lang='lat' dir='ltr'><strong><em>qui</em></strong></span> <span class='ocrx_word' id='word_1_554' title='bbox 546 3200 808 3255; x_wconf 80' lang='lat' dir='ltr'><strong><em>stabilitas</em></strong></span> <span class='ocrx_word' id='word_1_555' title='bbox 852 3210 962 3255; x_wconf 89' lang='lat' dir='ltr'><strong><em>erat</em></strong></span> <span class='ocrx_word' id='word_1_556' title='bbox 993 3200 1045 3254; x_wconf 90' lang='lat' dir='ltr'><strong><em>in</em></strong></span> <span class='ocrx_word' id='word_1_557' title='bbox 1096 3201 1208 3255; x_wconf 88' lang='lat' dir='ltr'><strong><em>loco</em></strong></span> <span class='ocrx_word' id='word_1_558' title='bbox 1231 3201 1377 3271; x_wconf 83' lang='lat' dir='ltr'><strong><em>ﬁdeli</em></strong></span> <span class='ocrx_word' id='word_1_559' title='bbox 1403 3216 1423 3255; x_wconf 91' lang='lat'><strong><em>:</em></strong></span> <span class='ocrx_word' id='word_1_560' title='bbox 1463 3211 1511 3255; x_wconf 92' lang='lat' dir='ltr'><strong><em>et</em></strong></span> <span class='ocrx_word' id='word_1_561' title='bbox 1539 3205 1828 3273; x_wconf 86' lang='lat' dir='ltr'><strong><em>auferetur,</em></strong></span> <span class='ocrx_word' id='word_1_562' title='bbox 1861 3184 1906 3246; x_wconf 89' lang='lat' dir='ltr'>C</span> <span class='ocrx_word' id='word_1_563' title='bbox 1938 3192 2125 3265; x_wconf 82' lang='lat' dir='ltr'><strong><em>(Apoc.</em></strong></span> <span class='ocrx_word' id='word_1_564' title='bbox 2175 3191 2280 3263; x_wconf 90' lang='grc' dir='ltr'>ιιι).</span> <span class='ocrx_word' id='word_1_565' title='bbox 2318 3195 2384 3247; x_wconf 77' lang='lat' dir='ltr'><strong><em>Et</em></strong></span> <span class='ocrx_word' id='word_1_566' title='bbox 2429 3194 2546 3247; x_wconf 71' lang='lat' dir='ltr'><strong><em>haec</em></strong></span> <span class='ocrx_word' id='word_1_567' title='bbox 2593 3194 2704 3261; x_wconf 87' lang='lat' dir='ltr'><strong><em>ipsa</em></strong></span> <span class='ocrx_word' id='word_1_568' title='bbox 2738 3195 2908 3248; x_wconf 87' lang='lat' dir='ltr'><strong><em>clavis</em></strong></span> <span class='ocrx_word' id='word_1_569' title='bbox 2936 3196 3043 3248; x_wconf 90' lang='lat' dir='ltr'><strong><em>erit</em></strong></span> <span class='ocrx_word' id='word_1_570' title='bbox 3065 3211 3230 3265; x_wconf 82' lang='lat' dir='ltr'><strong><em>super</em></strong></span> <span class='ocrx_word' id='word_1_571' title='bbox 3257 3199 3543 3254; x_wconf 88' lang='lat' dir='ltr'><strong><em>l-umerum</em></strong></span> 
     </span>
    </p>
   </div>
   <div class='ocr_carea' id='block_1_63' title="bbox 199 3293 1831 3364">
    <p class='ocr_par' dir='ltr' id='par_1_63' title="bbox 199 3293 1831 3364">
     <span class='ocr_line' id='line_1_63' title="bbox 199 3293 1831 3364; baseline -0.003 -14"><span class='ocrx_word' id='word_1_572' title='bbox 199 3305 268 3350; x_wconf 80' lang='lat' dir='ltr'><strong><em>et</em></strong></span> <span class='ocrx_word' id='word_1_573' title='bbox 298 3301 529 3356; x_wconf 88' lang='lat' dir='ltr'><strong><em>corruet,</em></strong></span> <span class='ocrx_word' id='word_1_574' title='bbox 553 3302 600 3347; x_wconf 90' lang='lat' dir='ltr'><strong><em>et</em></strong></span> <span class='ocrx_word' id='word_1_575' title='bbox 621 3293 885 3364; x_wconf 85' lang='lat' dir='ltr'><strong><em>disperibit</em></strong></span> <span class='ocrx_word' id='word_1_576' title='bbox 903 3293 1071 3364; x_wconf 88' lang='lat' dir='ltr'><strong><em>gloria</em></strong></span> <span class='ocrx_word' id='word_1_577' title='bbox 1093 3309 1208 3361; x_wconf 72' lang='lat' dir='ltr'><strong><em>qua:</em></strong></span> <span class='ocrx_word' id='word_1_578' title='bbox 1234 3303 1348 3348; x_wconf 89' lang='lat' dir='ltr'><strong><em>erat</em></strong></span> <span class='ocrx_word' id='word_1_579' title='bbox 1377 3294 1434 3347; x_wconf 87' lang='lat' dir='ltr'><strong><em>in</em></strong></span> <span class='ocrx_word' id='word_1_580' title='bbox 1467 3309 1524 3347; x_wconf 88' lang='lat' dir='ltr'><strong><em>eo</em></strong></span> <span class='ocrx_word' id='word_1_581' title='bbox 1549 3310 1566 3348; x_wconf 92' lang='lat'><strong><em>:</em></strong></span> <span class='ocrx_word' id='word_1_582' title='bbox 1587 3293 1831 3364; x_wconf 85' lang='lat' dir='ltr'><strong><em>quoniam</em></strong></span> 
     </span>
    </p>
   </div>
   <div class='ocr_carea' id='block_1_64' title="bbox 205 3383 1834 3454">
    <p class='ocr_par' dir='ltr' id='par_1_64' title="bbox 205 3383 1834 3454">
     <span class='ocr_line' id='line_1_64' title="bbox 205 3383 1834 3454; baseline -0.001 -14"><span class='ocrx_word' id='word_1_583' title='bbox 205 3385 490 3444; x_wconf 89' lang='lat' dir='ltr'><strong><em>Dominus</em></strong></span> <span class='ocrx_word' id='word_1_584' title='bbox 532 3385 737 3439; x_wconf 88' lang='lat' dir='ltr'><strong><em>locutus</em></strong></span> <span class='ocrx_word' id='word_1_585' title='bbox 777 3393 870 3439; x_wconf 89' lang='lat' dir='ltr'><strong><em>est.</em></strong></span> <span class='ocrx_word' id='word_1_586' title='bbox 916 3385 1242 3452; x_wconf 75' lang='lat' dir='ltr'><strong><em>Prmcipitur</em></strong></span> <span class='ocrx_word' id='word_1_587' title='bbox 1281 3385 1436 3439; x_wconf 68' lang='lat' dir='ltr'><strong><em>l~aiae</em></strong></span> <span class='ocrx_word' id='word_1_588' title='bbox 1469 3383 1746 3454; x_wconf 73' lang='lat' dir='ltr'><strong><em>propheta:</em></strong></span> <span class='ocrx_word' id='word_1_589' title='bbox 1777 3393 1834 3438; x_wconf 86' lang='grc' dir='ltr'><strong><em>ιιι</em></strong></span> 
     </span>
    </p>
   </div>
   <div class='ocr_carea' id='block_1_65' title="bbox 209 3477 1830 3548">
    <p class='ocr_par' dir='ltr' id='par_1_65' title="bbox 209 3477 1830 3548">
     <span class='ocr_line' id='line_1_65' title="bbox 209 3477 1830 3548; baseline -0.001 -13"><span class='ocrx_word' id='word_1_590' title='bbox 209 3477 570 3547; x_wconf 70' lang='lat' dir='ltr'><strong><em>ingrediatur</em></strong></span> <span class='ocrx_word' id='word_1_591' title='bbox 596 3477 664 3531; x_wconf 86' lang='lat' dir='ltr'><strong><em>ad</em></strong></span> <span class='ocrx_word' id='word_1_592' title='bbox 697 3492 819 3532; x_wconf 91' lang='lat' dir='ltr'><strong><em>eum</em></strong></span> <span class='ocrx_word' id='word_1_593' title='bbox 852 3477 939 3547; x_wconf 91' lang='lat' dir='ltr'><strong><em>qui</em></strong></span> <span class='ocrx_word' id='word_1_594' title='bbox 971 3477 1175 3532; x_wconf 88' lang='lat' dir='ltr'><strong><em>habitat</em></strong></span> <span class='ocrx_word' id='word_1_595' title='bbox 1208 3478 1260 3532; x_wconf 92' lang='lat' dir='ltr'><strong><em>in</em></strong></span> <span class='ocrx_word' id='word_1_596' title='bbox 1290 3478 1666 3544; x_wconf 87' lang='lat' dir='ltr'><strong><em>tabernaculo,</em></strong></span> <span class='ocrx_word' id='word_1_597' title='bbox 1687 3479 1830 3548; x_wconf 90' lang='lat' dir='ltr'><strong><em>quod</em></strong></span> 
     </span>
    </p>
   </div>
   <div class='ocr_carea' id='block_1_66' title="bbox 213 3571 1831 3660">
    <p class='ocr_par' dir='ltr' id='par_1_66' title="bbox 213 3571 1831 3660">
     <span class='ocr_line' id='line_1_66' title="bbox 213 3571 1831 3660; baseline -0.001 -31"><span class='ocrx_word' id='word_1_598' title='bbox 213 3572 496 3629; x_wconf 81' lang='lat' dir='ltr'><strong><em>Hebraice</em></strong></span> <span class='ocrx_word' id='word_1_599' title='bbox 523 3571 732 3628; x_wconf 88' lang='lat' dir='ltr'><strong><em>dicitur</em></strong></span> <span class='ocrx_word' id='word_1_600' title='bbox 759 3586 963 3628; x_wconf 74' lang='lat' dir='ltr'><strong><em>soeusu</em></strong></span> <span class='ocrx_word' id='word_1_601' title='bbox 992 3572 1160 3660; x_wconf 64' lang='lat' dir='ltr'><strong><em>(po),</em></strong></span> <span class='ocrx_word' id='word_1_602' title='bbox 1193 3572 1258 3627; x_wconf 90' lang='lat' dir='ltr'><strong><em>ad</em></strong></span> <span class='ocrx_word' id='word_1_603' title='bbox 1291 3573 1532 3630; x_wconf 87' lang='lat' dir='ltr'><strong><em>Sobnam</em></strong></span> <span class='ocrx_word' id='word_1_604' title='bbox 1564 3574 1831 3643; x_wconf 67' lang='lat' dir='ltr'><strong><em>praeposi-</em></strong></span> 
     </span>
    </p>
   </div>
   <div class='ocr_carea' id='block_1_67' title="bbox 215 3664 1829 3738">
    <p class='ocr_par' dir='ltr' id='par_1_67' title="bbox 215 3664 1829 3738">
     <span class='ocr_line' id='line_1_67' title="bbox 215 3664 1829 3738; baseline -0.001 -16"><span class='ocrx_word' id='word_1_605' title='bbox 215 3677 338 3722; x_wconf 87' lang='lat' dir='ltr'><strong><em>tum</em></strong></span> <span class='ocrx_word' id='word_1_606' title='bbox 371 3665 591 3735; x_wconf 85' lang='lat' dir='ltr'><strong><em>templi,</em></strong></span> <span class='ocrx_word' id='word_1_607' title='bbox 619 3665 736 3720; x_wconf 87' lang='lat' dir='ltr'><strong><em>sive</em></strong></span> <span class='ocrx_word' id='word_1_608' title='bbox 761 3673 818 3719; x_wconf 89' lang='lat' dir='ltr'><strong><em>ttt</em></strong></span> <span class='ocrx_word' id='word_1_609' title='bbox 854 3664 996 3719; x_wconf 84' lang='lat' dir='ltr'><strong>LXX</strong></span> <span class='ocrx_word' id='word_1_610' title='bbox 1041 3665 1458 3729; x_wconf 87' lang='lat' dir='ltr'><strong><em>transtulerunt,</em></strong></span> <span class='ocrx_word' id='word_1_611' title='bbox 1486 3668 1696 3738; x_wconf 82' lang='grc' dir='ltr'><strong><em>ταμίαν,</em></strong></span> <span class='ocrx_word' id='word_1_612' title='bbox 1728 3665 1829 3720; x_wconf 89' lang='lat' dir='ltr'><strong><em>hoc</em></strong></span> 
     </span>
    </p>
   </div>
   <div class='ocr_carea' id='block_1_68' title="bbox 215 3757 1827 3825">
    <p class='ocr_par' dir='ltr' id='par_1_68' title="bbox 215 3757 1827 3825">
     <span class='ocr_line' id='line_1_68' title="bbox 215 3757 1827 3825; baseline -0.004 -8"><span class='ocrx_word' id='word_1_613' title='bbox 215 3767 329 3822; x_wconf 83' lang='lat' dir='ltr'><strong><em>est,</em></strong></span> <span class='ocrx_word' id='word_1_614' title='bbox 365 3769 666 3825; x_wconf 69' lang='lat' dir='ltr'><strong><em>quaestorem</em></strong></span> <span class='ocrx_word' id='word_1_615' title='bbox 694 3766 751 3812; x_wconf 88' lang='lat' dir='ltr'><strong><em>et</em></strong></span> <span class='ocrx_word' id='word_1_616' title='bbox 779 3757 1187 3824; x_wconf 86' lang='lat' dir='ltr'><strong><em>dispensatorem</em></strong></span> <span class='ocrx_word' id='word_1_617' title='bbox 1221 3757 1601 3812; x_wconf 82' lang='lat' dir='ltr'><strong><em>thesaurorum</em></strong></span> <span class='ocrx_word' id='word_1_618' title='bbox 1633 3757 1827 3812; x_wconf 90' lang='lat' dir='ltr'><strong><em>domus</em></strong></span> 
     </span>
    </p>
   </div>
   <div class='ocr_carea' id='block_1_69' title="bbox 222 3850 1820 3915">
    <p class='ocr_par' dir='ltr' id='par_1_69' title="bbox 222 3850 1820 3915">
     <span class='ocr_line' id='line_1_69' title="bbox 222 3850 1820 3915; baseline 0 -8"><span class='ocrx_word' id='word_1_619' title='bbox 222 3852 352 3907; x_wconf 89' lang='lat' dir='ltr'><strong><em>Dei.</em></strong></span> <span class='ocrx_word' id='word_1_620' title='bbox 388 3850 593 3907; x_wconf 80' lang='lat' dir='ltr'><strong><em>Sac/ten</em></strong></span> <span class='ocrx_word' id='word_1_621' title='bbox 632 3860 816 3906; x_wconf 89' lang='lat' dir='ltr'><strong><em>autem</em></strong></span> <span class='ocrx_word' id='word_1_622' title='bbox 849 3851 930 3905; x_wconf 79' lang='lat' dir='ltr'><strong><em>vel</em></strong></span> <span class='ocrx_word' id='word_1_623' title='bbox 979 3851 1363 3906; x_wconf 86' lang='lat' dir='ltr'><strong><em>tabernaculum</em></strong></span> <span class='ocrx_word' id='word_1_624' title='bbox 1410 3850 1820 3915; x_wconf 75' lang='lat' dir='ltr'><strong><em>interpretatur,</em></strong></span> 
     </span>
    </p>
   </div>
   <div class='ocr_carea' id='block_1_70' title="bbox 217 3941 1826 4014">
    <p class='ocr_par' dir='ltr' id='par_1_70' title="bbox 217 3941 1826 4014">
     <span class='ocr_line' id='line_1_70' title="bbox 217 3941 1826 4014; baseline -0.002 -14"><span class='ocrx_word' id='word_1_625' title='bbox 217 3944 314 4000; x_wconf 77' lang='lat' dir='ltr'><strong><em>vel</em></strong></span> <span class='ocrx_word' id='word_1_626' title='bbox 370 3941 736 4014; x_wconf 85' lang='lat' dir='ltr'><strong><em>pastophorion</em></strong></span> <span class='ocrx_word' id='word_1_627' title='bbox 761 3985 775 4007; x_wconf 93' lang='lat'><strong><em>,</em></strong></span> <span class='ocrx_word' id='word_1_628' title='bbox 810 3943 912 3999; x_wconf 81' lang='lat' dir='ltr'><strong><em>hoc</em></strong></span> <span class='ocrx_word' id='word_1_629' title='bbox 957 3951 1038 3997; x_wconf 89' lang='lat' dir='ltr'><strong><em>est</em></strong></span> <span class='ocrx_word' id='word_1_630' title='bbox 1069 3944 1330 3997; x_wconf 85' lang='lat' dir='ltr'><strong><em>thalamus</em></strong></span> <span class='ocrx_word' id='word_1_631' title='bbox 1353 3985 1367 4007; x_wconf 93' lang='lat'><strong><em>,</em></strong></span> <span class='ocrx_word' id='word_1_632' title='bbox 1403 3944 1455 3997; x_wconf 91' lang='lat' dir='ltr'><strong><em>in</em></strong></span> <span class='ocrx_word' id='word_1_633' title='bbox 1484 3958 1591 4014; x_wconf 90' lang='lat' dir='ltr'><strong><em>quo</em></strong></span> <span class='ocrx_word' id='word_1_634' title='bbox 1620 3943 1826 3996; x_wconf 88' lang='lat' dir='ltr'><strong><em>habitat</em></strong></span> 
     </span>
    </p>
   </div>
   <div class='ocr_carea' id='block_1_71' title="bbox 214 4035 1828 4105">
    <p class='ocr_par' dir='ltr' id='par_1_71' title="bbox 214 4035 1828 4105">
     <span class='ocr_line' id='line_1_71' title="bbox 214 4035 1828 4105; baseline -0.001 -17"><span class='ocrx_word' id='word_1_635' title='bbox 214 4035 548 4104; x_wconf 65' lang='lat' dir='ltr'><strong><em>praepositus</em></strong></span> <span class='ocrx_word' id='word_1_636' title='bbox 577 4035 786 4105; x_wconf 87' lang='lat' dir='ltr'><strong><em>templi.</em></strong></span> <span class='ocrx_word' id='word_1_637' title='bbox 829 4035 960 4104; x_wconf 82' lang='lat' dir='ltr'><strong><em>Quis</em></strong></span> <span class='ocrx_word' id='word_1_638' title='bbox 1002 4044 1087 4090; x_wconf 90' lang='lat' dir='ltr'><strong><em>est</em></strong></span> <span class='ocrx_word' id='word_1_639' title='bbox 1119 4045 1304 4090; x_wconf 88' lang='lat' dir='ltr'><strong><em>autem</em></strong></span> <span class='ocrx_word' id='word_1_640' title='bbox 1339 4035 1514 4096; x_wconf 88' lang='lat' dir='ltr'><strong><em>alius,</em></strong></span> <span class='ocrx_word' id='word_1_641' title='bbox 1547 4035 1637 4105; x_wconf 90' lang='lat' dir='ltr'><strong><em>qui</em></strong></span> <span class='ocrx_word' id='word_1_642' title='bbox 1672 4035 1828 4088; x_wconf 84' lang='lat' dir='ltr'><strong><em>habi-</em></strong></span> 
     </span>
    </p>
   </div>
   <div class='ocr_carea' id='block_1_72' title="bbox 219 4123 1826 4193">
    <p class='ocr_par' dir='ltr' id='par_1_72' title="bbox 219 4123 1826 4193">
     <span class='ocr_line' id='line_1_72' title="bbox 219 4123 1826 4193; baseline -0.002 -13"><span class='ocrx_word' id='word_1_643' title='bbox 219 4126 364 4180; x_wconf 85' lang='lat' dir='ltr'><strong><em>tavit</em></strong></span> <span class='ocrx_word' id='word_1_644' title='bbox 393 4124 445 4178; x_wconf 91' lang='lat' dir='ltr'><strong><em>in</em></strong></span> <span class='ocrx_word' id='word_1_645' title='bbox 474 4125 827 4180; x_wconf 87' lang='lat' dir='ltr'><strong><em>tabernaculo</em></strong></span> <span class='ocrx_word' id='word_1_646' title='bbox 845 4125 1181 4181; x_wconf 70' lang='lat' dir='ltr'><strong><em>inda-orum.</em></strong></span> <span class='ocrx_word' id='word_1_647' title='bbox 1207 4134 1264 4178; x_wconf 89' lang='lat' dir='ltr'><strong><em>et</em></strong></span> <span class='ocrx_word' id='word_1_648' title='bbox 1291 4125 1342 4177; x_wconf 89' lang='lat' dir='ltr'><strong><em>itt</em></strong></span> <span class='ocrx_word' id='word_1_649' title='bbox 1369 4124 1531 4178; x_wconf 91' lang='lat' dir='ltr'><strong><em>domo</em></strong></span> <span class='ocrx_word' id='word_1_650' title='bbox 1553 4123 1826 4193; x_wconf 89' lang='lat' dir='ltr'><strong><em>quondam</em></strong></span> 
     </span>
    </p>
   </div>
   <div class='ocr_carea' id='block_1_73' title="bbox 217 4215 1828 4286">
    <p class='ocr_par' dir='ltr' id='par_1_73' title="bbox 217 4215 1828 4286">
     <span class='ocr_line' id='line_1_73' title="bbox 217 4215 1828 4286; baseline -0.003 -15"><span class='ocrx_word' id='word_1_651' title='bbox 217 4217 347 4284; x_wconf 77' lang='lat' dir='ltr'><strong><em>Dt-i,</em></strong></span> <span class='ocrx_word' id='word_1_652' title='bbox 384 4217 483 4270; x_wconf 90' lang='lat' dir='ltr'><strong><em>nisi</em></strong></span> <span class='ocrx_word' id='word_1_653' title='bbox 530 4215 770 4272; x_wconf 74' lang='lat' dir='ltr'><strong><em>Judaica:</em></strong></span> <span class='ocrx_word' id='word_1_654' title='bbox 802 4217 940 4286; x_wconf 84' lang='lat' dir='ltr'><strong><em>legis</em></strong></span> <span class='ocrx_word' id='word_1_655' title='bbox 971 4230 1160 4270; x_wconf 90' lang='lat' dir='ltr'><strong><em>sermo</em></strong></span> <span class='ocrx_word' id='word_1_656' title='bbox 1191 4224 1247 4270; x_wconf 90' lang='lat' dir='ltr'><strong><em>et</em></strong></span> <span class='ocrx_word' id='word_1_657' title='bbox 1296 4215 1456 4279; x_wconf 90' lang='lat' dir='ltr'><strong><em>ratio,</em></strong></span> <span class='ocrx_word' id='word_1_658' title='bbox 1486 4230 1606 4282; x_wconf 70' lang='lat' dir='ltr'><strong><em>qua:</em></strong></span> <span class='ocrx_word' id='word_1_659' title='bbox 1652 4215 1705 4266; x_wconf 91' lang='lat' dir='ltr'><strong><em>in</em></strong></span> <span class='ocrx_word' id='word_1_660' title='bbox 1737 4229 1828 4267; x_wconf 80' lang='lat' dir='ltr'><strong><em>ve-</em></strong></span> 
     </span>
    </p>
   </div>
   <div class='ocr_carea' id='block_1_74' title="bbox 216 4304 1832 4370">
    <p class='ocr_par' dir='ltr' id='par_1_74' title="bbox 216 4304 1832 4370">
     <span class='ocr_line' id='line_1_74' title="bbox 216 4304 1832 4370; baseline -0.006 -4"><span class='ocrx_word' id='word_1_661' title='bbox 216 4310 362 4366; x_wconf 87' lang='lat' dir='ltr'><strong><em>tcris</em></strong></span> <span class='ocrx_word' id='word_1_662' title='bbox 393 4309 745 4366; x_wconf 86' lang='lat' dir='ltr'><strong><em>instrumenti</em></strong></span> <span class='ocrx_word' id='word_1_663' title='bbox 783 4309 1020 4364; x_wconf 86' lang='lat' dir='ltr'><strong><em>lectione</em></strong></span> <span class='ocrx_word' id='word_1_664' title='bbox 1050 4317 1268 4362; x_wconf 84' lang='lat' dir='ltr'><strong><em>versata</em></strong></span> <span class='ocrx_word' id='word_1_665' title='bbox 1312 4305 1431 4359; x_wconf 82' lang='lat' dir='ltr'><strong><em>est?</em></strong></span> <span class='ocrx_word' id='word_1_666' title='bbox 1477 4305 1612 4358; x_wconf 33' lang='lat' dir='ltr'><strong><em>l&#39;luic</em></strong></span> <span class='ocrx_word' id='word_1_667' title='bbox 1650 4304 1832 4370; x_wconf 84' lang='lat' dir='ltr'><strong><em>itaque</em></strong></span> 
     </span>
    </p>
   </div>
   <div class='ocr_carea' id='block_1_75' title="bbox 218 4393 1832 4471">
    <p class='ocr_par' dir='ltr' id='par_1_75' title="bbox 218 4393 1832 4471">
     <span class='ocr_line' id='line_1_75' title="bbox 218 4393 1832 4471; baseline -0.008 -12"><span class='ocrx_word' id='word_1_668' title='bbox 218 4401 508 4459; x_wconf 88' lang='lat' dir='ltr'><strong><em>traditioni</em></strong></span> <span class='ocrx_word' id='word_1_669' title='bbox 552 4403 755 4456; x_wconf 88' lang='lat' dir='ltr'><strong><em>dicitur</em></strong></span> <span class='ocrx_word' id='word_1_670' title='bbox 804 4409 968 4471; x_wconf 87' lang='lat' dir='ltr'><strong><em>atque</em></strong></span> <span class='ocrx_word' id='word_1_671' title='bbox 1013 4399 1282 4456; x_wconf 72' lang='lat' dir='ltr'><strong><em>doctrinm</em></strong></span> <span class='ocrx_word' id='word_1_672' title='bbox 1326 4415 1338 4451; x_wconf 91' lang='lat'>:</span> <span class='ocrx_word' id='word_1_673' title='bbox 1386 4396 1515 4467; x_wconf 88' lang='lat' dir='ltr'><strong><em>quid</em></strong></span> <span class='ocrx_word' id='word_1_674' title='bbox 1547 4395 1635 4448; x_wconf 92' lang='lat' dir='ltr'><strong><em>hic</em></strong></span> <span class='ocrx_word' id='word_1_675' title='bbox 1678 4393 1832 4465; x_wconf 86' lang='lat' dir='ltr'><strong><em>agis?</em></strong></span> 
     </span>
    </p>
   </div>
   <div class='ocr_carea' id='block_1_76' title="bbox 213 4490 1832 4552">
    <p class='ocr_par' dir='ltr' id='par_1_76' title="bbox 213 4490 1832 4552">
     <span class='ocr_line' id='line_1_76' title="bbox 213 4490 1832 4552; baseline -0.007 0"><span class='ocrx_word' id='word_1_676' title='bbox 213 4496 339 4552; x_wconf 85' lang='lat' dir='ltr'><strong><em>Cur</em></strong></span> <span class='ocrx_word' id='word_1_677' title='bbox 368 4496 461 4550; x_wconf 89' lang='lat' dir='ltr'><strong><em>tibi</em></strong></span> <span class='ocrx_word' id='word_1_678' title='bbox 493 4497 572 4551; x_wconf 81' lang='lat' dir='ltr'><strong><em>vis</em></strong></span> <span class='ocrx_word' id='word_1_679' title='bbox 621 4497 892 4551; x_wconf 71' lang='lat' dir='ltr'><strong><em>aediﬁcare</em></strong></span> <span class='ocrx_word' id='word_1_680' title='bbox 919 4495 1139 4550; x_wconf 88' lang='lat' dir='ltr'><strong><em>domum</em></strong></span> <span class='ocrx_word' id='word_1_681' title='bbox 1190 4496 1244 4550; x_wconf 92' lang='lat' dir='ltr'><strong><em>in</em></strong></span> <span class='ocrx_word' id='word_1_682' title='bbox 1275 4492 1559 4550; x_wconf 90' lang='lat' dir='ltr'><strong><em>occidente</em></strong></span> <span class='ocrx_word' id='word_1_683' title='bbox 1607 4490 1787 4544; x_wconf 90' lang='lat' dir='ltr'><strong><em>littera</em></strong></span> <span class='ocrx_word' id='word_1_684' title='bbox 1817 4528 1832 4551; x_wconf 95' lang='lat'><strong><em>,</em></strong></span> 
     </span>
    </p>
   </div>
   <div class='ocr_carea' id='block_1_77' title="bbox 1937 3285 3546 3358">
    <p class='ocr_par' dir='ltr' id='par_1_77' title="bbox 1937 3285 3546 3358">
     <span class='ocr_line' id='line_1_77' title="bbox 1937 3285 3546 3358; baseline 0.003 -18"><span class='ocrx_word' id='word_1_685' title='bbox 1937 3286 2078 3356; x_wconf 83' lang='lat' dir='ltr'><strong><em>ejus,</em></strong></span> <span class='ocrx_word' id='word_1_686' title='bbox 2113 3285 2214 3339; x_wconf 91' lang='lat' dir='ltr'><strong><em>hoc</em></strong></span> <span class='ocrx_word' id='word_1_687' title='bbox 2238 3297 2357 3348; x_wconf 89' lang='lat' dir='ltr'><strong><em>est,</em></strong></span> <span class='ocrx_word' id='word_1_688' title='bbox 2405 3287 2458 3340; x_wconf 93' lang='lat' dir='ltr'><strong><em>in</em></strong></span> <span class='ocrx_word' id='word_1_689' title='bbox 2493 3287 2766 3351; x_wconf 83' lang='lat' dir='ltr'><strong><em>passione,</em></strong></span> <span class='ocrx_word' id='word_1_690' title='bbox 2797 3285 2954 3355; x_wconf 73' lang='lat' dir='ltr'><strong><em>juxta</em></strong></span> <span class='ocrx_word' id='word_1_691' title='bbox 3003 3287 3131 3341; x_wconf 90' lang='lat' dir='ltr'><strong><em>illud</em></strong></span> <span class='ocrx_word' id='word_1_692' title='bbox 3168 3290 3311 3358; x_wconf 87' lang='lat' dir='ltr'><strong><em>quod</em></strong></span> <span class='ocrx_word' id='word_1_693' title='bbox 3358 3291 3410 3344; x_wconf 92' lang='lat' dir='ltr'><strong><em>in</em></strong></span> <span class='ocrx_word' id='word_1_694' title='bbox 3439 3290 3546 3345; x_wconf 85' lang='lat' dir='ltr'><strong><em>alio</em></strong></span> 
     </span>
    </p>
   </div>
   <div class='ocr_carea' id='block_1_78' title="bbox 1936 3377 3546 3454">
    <p class='ocr_par' dir='ltr' id='par_1_78' title="bbox 1936 3377 3546 3454">
     <span class='ocr_line' id='line_1_78' title="bbox 1936 3377 3546 3454; baseline 0.001 -20"><span class='ocrx_word' id='word_1_695' title='bbox 1936 3379 2058 3436; x_wconf 92' lang='lat' dir='ltr'><strong><em>loco</em></strong></span> <span class='ocrx_word' id='word_1_696' title='bbox 2087 3379 2350 3434; x_wconf 86' lang='lat' dir='ltr'><strong><em>scribitur</em></strong></span> <span class='ocrx_word' id='word_1_697' title='bbox 2378 3398 2391 3432; x_wconf 75' lang='grc' dir='ltr'>ε</span> <span class='ocrx_word' id='word_1_698' title='bbox 2427 3377 2592 3453; x_wconf 86' lang='lat' dir='ltr'><strong><em>Cujus</em></strong></span> <span class='ocrx_word' id='word_1_699' title='bbox 2615 3380 2938 3450; x_wconf 87' lang='lat' dir='ltr'><strong><em>principatus</em></strong></span> <span class='ocrx_word' id='word_1_700' title='bbox 2961 3396 3120 3446; x_wconf 84' lang='lat' dir='ltr'><strong><em>super</em></strong></span> <span class='ocrx_word' id='word_1_701' title='bbox 3144 3380 3410 3436; x_wconf 88' lang='lat' dir='ltr'><strong><em>humerum</em></strong></span> <span class='ocrx_word' id='word_1_702' title='bbox 3431 3386 3546 3454; x_wconf 88' lang='lat' dir='ltr'><strong><em>ejus</em></strong></span> 
     </span>
    </p>
   </div>
   <div class='ocr_carea' id='block_1_79' title="bbox 1934 3461 3547 3545">
    <p class='ocr_par' dir='ltr' id='par_1_79' title="bbox 1934 3461 3547 3545">
     <span class='ocr_line' id='line_1_79' title="bbox 1934 3461 3547 3545; baseline 0.002 -19"><span class='ocrx_word' id='word_1_703' title='bbox 1934 3471 2072 3545; x_wconf 87' lang='lat' dir='ltr'><strong><em>(Isa.</em></strong></span> <span class='ocrx_word' id='word_1_704' title='bbox 2107 3488 2186 3536; x_wconf 80' lang='lat' dir='ltr'><strong><em>rx,</em></strong></span> <span class='ocrx_word' id='word_1_705' title='bbox 2217 3469 2297 3542; x_wconf 86' lang='grc'>6).</span> <span class='ocrx_word' id='word_1_706' title='bbox 2326 3471 2483 3540; x_wconf 87' lang='lat' dir='ltr'><strong><em>Quod</em></strong></span> <span class='ocrx_word' id='word_1_707' title='bbox 2518 3471 2666 3527; x_wconf 91' lang='lat' dir='ltr'><strong><em>enim</em></strong></span> <span class='ocrx_word' id='word_1_708' title='bbox 2703 3471 2794 3526; x_wconf 90' lang='lat' dir='ltr'><strong><em>ille</em></strong></span> <span class='ocrx_word' id='word_1_709' title='bbox 2826 3486 2924 3527; x_wconf 87' lang='lat' dir='ltr'><strong><em>sua</em></strong></span> <span class='ocrx_word' id='word_1_710' title='bbox 2974 3474 3229 3542; x_wconf 90' lang='lat' dir='ltr'><strong><em>passione</em></strong></span> <span class='ocrx_word' id='word_1_711' title='bbox 3258 3461 3547 3530; x_wconf 56' lang='lat' dir='ltr'><strong><em>reserave¥</em></strong></span> 
     </span>
    </p>
   </div>
   <div class='ocr_carea' id='block_1_80' title="bbox 1934 3563 3543 3634">
    <p class='ocr_par' dir='ltr' id='par_1_80' title="bbox 1934 3563 3543 3634">
     <span class='ocr_line' id='line_1_80' title="bbox 1934 3563 3543 3634; baseline 0.001 -15"><span class='ocrx_word' id='word_1_712' title='bbox 1934 3564 2028 3627; x_wconf 89' lang='lat' dir='ltr'><strong><em>rit,</em></strong></span> <span class='ocrx_word' id='word_1_713' title='bbox 2054 3563 2234 3618; x_wconf 89' lang='lat' dir='ltr'><strong><em>claudi</em></strong></span> <span class='ocrx_word' id='word_1_714' title='bbox 2265 3579 2375 3618; x_wconf 93' lang='lat' dir='ltr'><strong><em>non</em></strong></span> <span class='ocrx_word' id='word_1_715' title='bbox 2410 3567 2641 3634; x_wconf 88' lang='lat' dir='ltr'><strong><em>poterit;</em></strong></span> <span class='ocrx_word' id='word_1_716' title='bbox 2668 3572 2724 3618; x_wconf 87' lang='lat' dir='ltr'><strong><em>et</em></strong></span> <span class='ocrx_word' id='word_1_717' title='bbox 2752 3563 2897 3626; x_wconf 83' lang='lat' dir='ltr'><strong><em>quod</em></strong></span> <span class='ocrx_word' id='word_1_718' title='bbox 2923 3565 3250 3620; x_wconf 84' lang='lat' dir='ltr'><strong><em>clauseritin</em></strong></span> <span class='ocrx_word' id='word_1_719' title='bbox 3278 3580 3543 3621; x_wconf 67' lang='lat' dir='ltr'><strong><em>caeremo-</em></strong></span> 
     </span>
    </p>
   </div>
   <div class='ocr_carea' id='block_1_81' title="bbox 1931 3656 3539 3732">
    <p class='ocr_par' dir='ltr' id='par_1_81' title="bbox 1931 3656 3539 3732">
     <span class='ocr_line' id='line_1_81' title="bbox 1931 3656 3539 3732; baseline 0.002 -20"><span class='ocrx_word' id='word_1_720' title='bbox 1931 3657 2039 3712; x_wconf 93' lang='lat' dir='ltr'><strong><em>niis</em></strong></span> <span class='ocrx_word' id='word_1_721' title='bbox 2069 3656 2417 3724; x_wconf 72' lang='lat' dir='ltr'><strong><em>Judzcorum,</em></strong></span> <span class='ocrx_word' id='word_1_722' title='bbox 2447 3672 2477 3711; x_wconf 88' lang='lat' dir='ltr'><strong><em>a</em></strong></span> <span class='ocrx_word' id='word_1_723' title='bbox 2511 3657 2662 3713; x_wconf 92' lang='lat' dir='ltr'><strong><em>nullo</em></strong></span> <span class='ocrx_word' id='word_1_724' title='bbox 2708 3659 2816 3712; x_wconf 89' lang='lat' dir='ltr'><strong><em>alio</em></strong></span> <span class='ocrx_word' id='word_1_725' title='bbox 2846 3659 3140 3728; x_wconf 89' lang='lat' dir='ltr'><strong><em>aperietur.</em></strong></span> <span class='ocrx_word' id='word_1_726' title='bbox 3178 3659 3364 3732; x_wconf 82' lang='lat' dir='ltr'><strong><em>Figam</em></strong></span> <span class='ocrx_word' id='word_1_727' title='bbox 3395 3661 3539 3715; x_wconf 85' lang='lat' dir='ltr'><strong><em>enim</em></strong></span> 
     </span>
    </p>
   </div>
   <div class='ocr_carea' id='block_1_82' title="bbox 1930 3749 3541 3822">
    <p class='ocr_par' dir='ltr' id='par_1_82' title="bbox 1930 3749 3541 3822">
     <span class='ocr_line' id='line_1_82' title="bbox 1930 3749 3541 3822; baseline 0.001 -17"><span class='ocrx_word' id='word_1_728' title='bbox 1930 3749 2083 3805; x_wconf 89' lang='lat' dir='ltr'><strong><em>illum</em></strong></span> <span class='ocrx_word' id='word_1_729' title='bbox 2117 3749 2380 3822; x_wconf 71' lang='lat' dir='ltr'><strong><em>pusillum</em></strong></span> <span class='ocrx_word' id='word_1_730' title='bbox 2423 3751 2475 3805; x_wconf 92' lang='lat' dir='ltr'><strong><em>in</em></strong></span> <span class='ocrx_word' id='word_1_731' title='bbox 2525 3751 2646 3805; x_wconf 88' lang='lat' dir='ltr'><strong><em>luco</em></strong></span> <span class='ocrx_word' id='word_1_732' title='bbox 2699 3752 2883 3818; x_wconf 87' lang='lat' dir='ltr'><strong><em>tideli,</em></strong></span> <span class='ocrx_word' id='word_1_733' title='bbox 2919 3753 3007 3807; x_wconf 89' lang='lat' dir='ltr'><strong><em>ubi</em></strong></span> <span class='ocrx_word' id='word_1_734' title='bbox 3036 3762 3344 3809; x_wconf 87' lang='lat' dir='ltr'><strong><em>conventus</em></strong></span> <span class='ocrx_word' id='word_1_735' title='bbox 3374 3751 3541 3808; x_wconf 85' lang='lat' dir='ltr'><strong><em>Fide-</em></strong></span> 
     </span>
    </p>
   </div>
   <div class='ocr_carea' id='block_1_83' title="bbox 1927 3845 3545 3915">
    <p class='ocr_par' dir='ltr' id='par_1_83' title="bbox 1927 3845 3545 3915">
     <span class='ocr_line' id='line_1_83' title="bbox 1927 3845 3545 3915; baseline 0.001 -16"><span class='ocrx_word' id='word_1_736' title='bbox 1927 3845 2058 3900; x_wconf 92' lang='lat' dir='ltr'><strong><em>lium</em></strong></span> <span class='ocrx_word' id='word_1_737' title='bbox 2093 3856 2195 3900; x_wconf 90' lang='lat' dir='ltr'><strong><em>est.</em></strong></span> <span class='ocrx_word' id='word_1_738' title='bbox 2227 3845 2380 3901; x_wconf 89' lang='lat' dir='ltr'><strong><em>Unde</em></strong></span> <span class='ocrx_word' id='word_1_739' title='bbox 2406 3854 2460 3900; x_wconf 91' lang='lat' dir='ltr'><strong><em>et</em></strong></span> <span class='ocrx_word' id='word_1_740' title='bbox 2489 3846 2780 3902; x_wconf 84' lang='lat' dir='ltr'><strong><em>credentes</em></strong></span> <span class='ocrx_word' id='word_1_741' title='bbox 2808 3847 2865 3902; x_wconf 93' lang='lat' dir='ltr'><strong><em>in</em></strong></span> <span class='ocrx_word' id='word_1_742' title='bbox 2888 3846 3111 3902; x_wconf 89' lang='lat' dir='ltr'><strong><em>Christo</em></strong></span> <span class='ocrx_word' id='word_1_743' title='bbox 3139 3848 3329 3902; x_wconf 61' lang='lat' dir='ltr'><strong><em>fideles</em></strong></span> <span class='ocrx_word' id='word_1_744' title='bbox 3357 3845 3545 3915; x_wconf 88' lang='lat' dir='ltr'><strong><em>appel-</em></strong></span> 
     </span>
    </p>
   </div>
   <div class='ocr_carea' id='block_1_84' title="bbox 1929 3938 3544 4010">
    <p class='ocr_par' dir='ltr' id='par_1_84' title="bbox 1929 3938 3544 4010">
     <span class='ocr_line' id='line_1_84' title="bbox 1929 3938 3544 4010; baseline -0.002 -16"><span class='ocrx_word' id='word_1_745' title='bbox 1929 3940 2136 3994; x_wconf 87' lang='lat' dir='ltr'><strong><em>lantur.</em></strong></span> <span class='ocrx_word' id='word_1_746' title='bbox 2174 3940 2237 3994; x_wconf 89' lang='lat' dir='ltr'><strong><em>Et</em></strong></span> <span class='ocrx_word' id='word_1_747' title='bbox 2285 3940 2391 3995; x_wconf 87' lang='lat' dir='ltr'><strong><em>erit</em></strong></span> <span class='ocrx_word' id='word_1_748' title='bbox 2421 3940 2472 3994; x_wconf 91' lang='lat' dir='ltr'><strong><em>in</em></strong></span> <span class='ocrx_word' id='word_1_749' title='bbox 2523 3940 2720 3994; x_wconf 79' lang='lat' dir='ltr'><strong><em>Solium</em></strong></span> <span class='ocrx_word' id='word_1_750' title='bbox 2771 3943 2962 4010; x_wconf 71' lang='lat' dir='ltr'><strong><em>glorim</em></strong></span> <span class='ocrx_word' id='word_1_751' title='bbox 2994 3941 3190 3994; x_wconf 83' lang='lat' dir='ltr'><strong><em>domus</em></strong></span> <span class='ocrx_word' id='word_1_752' title='bbox 3239 3938 3406 4007; x_wconf 85' lang='lat' dir='ltr'><strong><em>patris</em></strong></span> <span class='ocrx_word' id='word_1_753' title='bbox 3436 3939 3544 4003; x_wconf 84' lang='lat' dir='ltr'><strong><em>sui,</em></strong></span> 
     </span>
    </p>
   </div>
   <div class='ocr_carea' id='block_1_85' title="bbox 1931 4032 3540 4102">
    <p class='ocr_par' dir='ltr' id='par_1_85' title="bbox 1931 4032 3540 4102">
     <span class='ocr_line' id='line_1_85' title="bbox 1931 4032 3540 4102; baseline 0 -16"><span class='ocrx_word' id='word_1_754' title='bbox 1931 4032 2035 4088; x_wconf 89' lang='lat' dir='ltr'><strong><em>hoc</em></strong></span> <span class='ocrx_word' id='word_1_755' title='bbox 2066 4042 2151 4088; x_wconf 88' lang='lat' dir='ltr'><strong><em>est</em></strong></span> <span class='ocrx_word' id='word_1_756' title='bbox 2180 4033 2470 4091; x_wconf 72' lang='lat' dir='ltr'><strong><em>Ecclesiae:</em></strong></span> <span class='ocrx_word' id='word_1_757' title='bbox 2502 4041 2558 4088; x_wconf 88' lang='lat' dir='ltr'><strong><em>et</em></strong></span> <span class='ocrx_word' id='word_1_758' title='bbox 2596 4035 2934 4102; x_wconf 84' lang='lat' dir='ltr'><strong><em>suspendeat</em></strong></span> <span class='ocrx_word' id='word_1_759' title='bbox 2971 4047 3135 4098; x_wconf 86' lang='lat' dir='ltr'><strong><em>super</em></strong></span> <span class='ocrx_word' id='word_1_760' title='bbox 3161 4047 3286 4086; x_wconf 91' lang='lat' dir='ltr'><strong><em>eum</em></strong></span> <span class='ocrx_word' id='word_1_761' title='bbox 3319 4045 3540 4086; x_wconf 84' lang='lat' dir='ltr'><strong><em>omnem</em></strong></span> 
     </span>
    </p>
   </div>
   <div class='ocr_carea' id='block_1_86' title="bbox 1931 4123 3544 4198">
    <p class='ocr_par' dir='ltr' id='par_1_86' title="bbox 1931 4123 3544 4198">
     <span class='ocr_line' id='line_1_86' title="bbox 1931 4123 3544 4198; baseline 0.001 -20"><span class='ocrx_word' id='word_1_762' title='bbox 1931 4127 2158 4198; x_wconf 72' lang='lat' dir='ltr'><strong><em>gloriam</em></strong></span> <span class='ocrx_word' id='word_1_763' title='bbox 2189 4127 2384 4182; x_wconf 91' lang='lat' dir='ltr'><strong><em>domus</em></strong></span> <span class='ocrx_word' id='word_1_764' title='bbox 2430 4129 2604 4196; x_wconf 89' lang='lat' dir='ltr'><strong><em>patris</em></strong></span> <span class='ocrx_word' id='word_1_765' title='bbox 2652 4127 2793 4195; x_wconf 87' lang='lat' dir='ltr'><strong><em>ejus.</em></strong></span> <span class='ocrx_word' id='word_1_766' title='bbox 2830 4123 2986 4179; x_wconf 86' lang='lat' dir='ltr'><strong><em>Unde</em></strong></span> <span class='ocrx_word' id='word_1_767' title='bbox 3033 4132 3090 4178; x_wconf 90' lang='lat' dir='ltr'><strong><em>et</em></strong></span> <span class='ocrx_word' id='word_1_768' title='bbox 3142 4124 3197 4177; x_wconf 93' lang='lat' dir='ltr'><strong><em>in</em></strong></span> <span class='ocrx_word' id='word_1_769' title='bbox 3247 4123 3544 4192; x_wconf 79' lang='lat' dir='ltr'><strong><em>Evangelio</em></strong></span> 
     </span>
    </p>
   </div>
   <div class='ocr_carea' id='block_1_87' title="bbox 1932 4215 3540 4289">
    <p class='ocr_par' dir='ltr' id='par_1_87' title="bbox 1932 4215 3540 4289">
     <span class='ocr_line' id='line_1_87' title="bbox 1932 4215 3540 4289; baseline 0.001 -17"><span class='ocrx_word' id='word_1_770' title='bbox 1932 4219 2196 4273; x_wconf 85' lang='lat' dir='ltr'><strong><em>scribitur</em></strong></span> <span class='ocrx_word' id='word_1_771' title='bbox 2226 4236 2239 4272; x_wconf 90' lang='lat'><strong>:</strong></span> <span class='ocrx_word' id='word_1_772' title='bbox 2274 4219 2454 4273; x_wconf 82' lang='lat' dir='ltr'><strong><em>Omnis</em></strong></span> <span class='ocrx_word' id='word_1_773' title='bbox 2487 4220 2711 4288; x_wconf 86' lang='lat' dir='ltr'><strong><em>populus</em></strong></span> <span class='ocrx_word' id='word_1_774' title='bbox 2734 4216 2984 4286; x_wconf 87' lang='lat' dir='ltr'><strong><em>pendebat</em></strong></span> <span class='ocrx_word' id='word_1_775' title='bbox 3025 4232 3087 4270; x_wconf 78' lang='lat' dir='ltr'><strong><em>ea:</em></strong></span> <span class='ocrx_word' id='word_1_776' title='bbox 3116 4216 3217 4286; x_wconf 75' lang='grc' dir='ltr'><strong><em>ρο(</em></strong></span> <span class='ocrx_word' id='word_1_777' title='bbox 3238 4215 3363 4270; x_wconf 90' lang='lat' dir='ltr'><strong><em>Luc.</em></strong></span> <span class='ocrx_word' id='word_1_778' title='bbox 3400 4216 3540 4289; x_wconf 65' lang='grc' dir='ltr'>ιιι).</span> 
     </span>
    </p>
   </div>
   <div class='ocr_carea' id='block_1_88' title="bbox 1934 4309 3541 4380">
    <p class='ocr_par' dir='ltr' id='par_1_88' title="bbox 1934 4309 3541 4380">
     <span class='ocr_line' id='line_1_88' title="bbox 1934 4309 3541 4380; baseline 0.001 -16"><span class='ocrx_word' id='word_1_779' title='bbox 1934 4310 2091 4379; x_wconf 86' lang='lat' dir='ltr'><strong><em>Quod</em></strong></span> <span class='ocrx_word' id='word_1_780' title='bbox 2119 4321 2176 4366; x_wconf 91' lang='lat' dir='ltr'><strong><em>et</em></strong></span> <span class='ocrx_word' id='word_1_781' title='bbox 2196 4312 2412 4380; x_wconf 87' lang='lat' dir='ltr'><strong><em>quidem</em></strong></span> <span class='ocrx_word' id='word_1_782' title='bbox 2444 4327 2550 4366; x_wconf 92' lang='lat' dir='ltr'><strong><em>non</em></strong></span> <span class='ocrx_word' id='word_1_783' title='bbox 2586 4312 2679 4366; x_wconf 88' lang='lat' dir='ltr'><strong><em>illo</em></strong></span> <span class='ocrx_word' id='word_1_784' title='bbox 2703 4321 2909 4365; x_wconf 92' lang='lat' dir='ltr'><strong><em>tantum</em></strong></span> <span class='ocrx_word' id='word_1_785' title='bbox 2939 4322 3187 4380; x_wconf 87' lang='lat' dir='ltr'><strong><em>tempore</em></strong></span> <span class='ocrx_word' id='word_1_786' title='bbox 3209 4309 3410 4367; x_wconf 90' lang='lat' dir='ltr'><strong><em>factum</em></strong></span> <span class='ocrx_word' id='word_1_787' title='bbox 3433 4321 3541 4379; x_wconf 87' lang='lat' dir='ltr'><strong><em>est,</em></strong></span> 
     </span>
    </p>
   </div>
   <div class='ocr_carea' id='block_1_89' title="bbox 1937 4402 3547 4474">
    <p class='ocr_par' dir='ltr' id='par_1_89' title="bbox 1937 4402 3547 4474">
     <span class='ocr_line' id='line_1_89' title="bbox 1937 4402 3547 4474; baseline 0.002 -19"><span class='ocrx_word' id='word_1_788' title='bbox 1937 4402 2033 4455; x_wconf 88' lang='lat' dir='ltr'><strong><em>sed</em></strong></span> <span class='ocrx_word' id='word_1_789' title='bbox 2080 4417 2253 4469; x_wconf 85' lang='lat' dir='ltr'><strong><em>usque</em></strong></span> <span class='ocrx_word' id='word_1_790' title='bbox 2301 4404 2463 4458; x_wconf 85' lang='lat' dir='ltr'><strong><em>hodie</em></strong></span> <span class='ocrx_word' id='word_1_791' title='bbox 2492 4403 2770 4472; x_wconf 88' lang='lat' dir='ltr'><strong><em>impletur,</em></strong></span> <span class='ocrx_word' id='word_1_792' title='bbox 2804 4411 2864 4457; x_wconf 88' lang='lat' dir='ltr'><strong><em>ut</em></strong></span> <span class='ocrx_word' id='word_1_793' title='bbox 2895 4404 3166 4473; x_wconf 87' lang='lat' dir='ltr'><strong><em>pendeant</em></strong></span> <span class='ocrx_word' id='word_1_794' title='bbox 3196 4420 3261 4459; x_wconf 79' lang='lat' dir='ltr'><strong><em>ex</em></strong></span> <span class='ocrx_word' id='word_1_795' title='bbox 3291 4418 3358 4460; x_wconf 94' lang='lat' dir='ltr'><strong><em>eo</em></strong></span> <span class='ocrx_word' id='word_1_796' title='bbox 3388 4404 3547 4474; x_wconf 88' lang='lat' dir='ltr'><strong><em>quasi</em></strong></span> 
     </span>
    </p>
   </div>
   <div class='ocr_carea' id='block_1_90' title="bbox 1939 4491 3553 4565">
    <p class='ocr_par' dir='ltr' id='par_1_90' title="bbox 1939 4491 3553 4565">
     <span class='ocr_line' id='line_1_90' title="bbox 1939 4491 3553 4565; baseline 0.006 -23"><span class='ocrx_word' id='word_1_797' title='bbox 1939 4506 2063 4545; x_wconf 87' lang='lat' dir='ltr'><strong><em>vasa</em></strong></span> <span class='ocrx_word' id='word_1_798' title='bbox 2094 4491 2309 4545; x_wconf 87' lang='lat' dir='ltr'><strong><em>diversa</em></strong></span> <span class='ocrx_word' id='word_1_799' title='bbox 2343 4494 2458 4558; x_wconf 82' lang='lat' dir='ltr'><strong><em>Dei,</em></strong></span> <span class='ocrx_word' id='word_1_800' title='bbox 2491 4496 2758 4560; x_wconf 81' lang='lat' dir='ltr'><strong><em>sapientia</em></strong></span> <span class='ocrx_word' id='word_1_801' title='bbox 2790 4504 2840 4547; x_wconf 85' lang='lat' dir='ltr'><strong><em>et</em></strong></span> <span class='ocrx_word' id='word_1_802' title='bbox 2866 4493 3099 4562; x_wconf 75' lang='lat' dir='ltr'><strong><em>iustitia,</em></strong></span> <span class='ocrx_word' id='word_1_803' title='bbox 3133 4506 3189 4550; x_wconf 89' lang='lat' dir='ltr'><strong><em>et</em></strong></span> <span class='ocrx_word' id='word_1_804' title='bbox 3217 4496 3396 4550; x_wconf 82' lang='lat' dir='ltr'><strong><em>omnia</em></strong></span> <span class='ocrx_word' id='word_1_805' title='bbox 3427 4495 3553 4565; x_wconf 88' lang='lat' dir='ltr'><strong><em>qui-</em></strong></span> 
     </span>
    </p>
   </div>
   <div class='ocr_carea' id='block_1_91' title="bbox 215 4564 3549 4658">
    <p class='ocr_par' dir='ltr' id='par_1_91' title="bbox 215 4564 3549 4658">
     <span class='ocr_line' id='line_1_91' title="bbox 215 4564 3549 4658; baseline -0.002 -13"><span class='ocrx_word' id='word_1_806' title='bbox 215 4599 279 4645; x_wconf 87' lang='lat' dir='ltr'><strong><em>et</em></strong></span> <span class='ocrx_word' id='word_1_807' title='bbox 333 4589 742 4644; x_wconf 81' lang='lat' dir='ltr'><strong><em>tabernaculum</em></strong></span> <span class='ocrx_word' id='word_1_808' title='bbox 793 4599 965 4649; x_wconf 89' lang='lat' dir='ltr'><strong><em>tuum,</em></strong></span> <span class='ocrx_word' id='word_1_809' title='bbox 995 4589 1137 4658; x_wconf 90' lang='lat' dir='ltr'><strong><em>quod</em></strong></span> <span class='ocrx_word' id='word_1_810' title='bbox 1173 4602 1282 4643; x_wconf 93' lang='lat' dir='ltr'><strong><em>non</em></strong></span> <span class='ocrx_word' id='word_1_811' title='bbox 1315 4585 1480 4641; x_wconf 86' lang='lat' dir='ltr'><strong><em>habet</em></strong></span> <span class='ocrx_word' id='word_1_812' title='bbox 1507 4581 1830 4639; x_wconf 80' lang='lat' dir='ltr'><strong><em>l‘uudamen-</em></strong></span> <span class='ocrx_word' id='word_1_813' title='bbox 1858 4564 1910 4623; x_wconf 81' lang='lat' dir='ltr'><strong><em>D</em></strong></span> <span class='ocrx_word' id='word_1_814' title='bbox 1937 4583 2040 4640; x_wconf 89' lang='lat' dir='ltr'><strong><em>bus</em></strong></span> <span class='ocrx_word' id='word_1_815' title='bbox 2067 4581 2322 4638; x_wconf 89' lang='lat' dir='ltr'><strong><em>Christus</em></strong></span> <span class='ocrx_word' id='word_1_816' title='bbox 2346 4582 2630 4650; x_wconf 88' lang='lat' dir='ltr'><strong><em>apellatur.</em></strong></span> <span class='ocrx_word' id='word_1_817' title='bbox 2660 4583 2926 4637; x_wconf 84' lang='lat' dir='ltr'><strong><em>Vasorutn</em></strong></span> <span class='ocrx_word' id='word_1_818' title='bbox 2955 4585 3170 4639; x_wconf 82' lang='lat' dir='ltr'><strong><em>diversa</em></strong></span> <span class='ocrx_word' id='word_1_819' title='bbox 3197 4601 3422 4653; x_wconf 82' lang='lat' dir='ltr'><strong><em>genera,</em></strong></span> <span class='ocrx_word' id='word_1_820' title='bbox 3448 4564 3549 4654; x_wconf 86' lang='lat' dir='ltr'><strong><em>pro</em></strong></span> 
     </span>
    </p>
   </div>
   <div class='ocr_carea' id='block_1_92' title="bbox 219 4674 1832 4752">
    <p class='ocr_par' dir='ltr' id='par_1_92' title="bbox 219 4674 1832 4752">
     <span class='ocr_line' id='line_1_92' title="bbox 219 4674 1832 4752; baseline -0.007 -13"><span class='ocrx_word' id='word_1_821' title='bbox 219 4693 370 4748; x_wconf 90' lang='lat' dir='ltr'><strong><em>tum,</em></strong></span> <span class='ocrx_word' id='word_1_822' title='bbox 399 4680 453 4735; x_wconf 88' lang='lat' dir='ltr'><strong><em>in</em></strong></span> <span class='ocrx_word' id='word_1_823' title='bbox 485 4691 650 4752; x_wconf 85' lang='lat' dir='ltr'><strong><em>petrae</em></strong></span> <span class='ocrx_word' id='word_1_824' title='bbox 672 4681 842 4752; x_wconf 78' lang='lat' dir='ltr'><strong><em>ﬁgere</em></strong></span> <span class='ocrx_word' id='word_1_825' title='bbox 872 4680 1127 4735; x_wconf 88' lang='lat' dir='ltr'><strong><em>lirtnitate</em></strong></span> <span class='ocrx_word' id='word_1_826' title='bbox 1153 4694 1167 4734; x_wconf 89' lang='lat'><strong>:</strong></span> <span class='ocrx_word' id='word_1_827' title='bbox 1198 4678 1342 4750; x_wconf 91' lang='lat' dir='ltr'><strong><em>quod</em></strong></span> <span class='ocrx_word' id='word_1_828' title='bbox 1375 4694 1480 4732; x_wconf 90' lang='lat' dir='ltr'><strong><em>non</em></strong></span> <span class='ocrx_word' id='word_1_829' title='bbox 1513 4685 1622 4732; x_wconf 76' lang='lat' dir='ltr'><strong><em>tam</em></strong></span> <span class='ocrx_word' id='word_1_830' title='bbox 1653 4674 1832 4728; x_wconf 83' lang='lat' dir='ltr'><strong><em>taber-</em></strong></span> 
     </span>
    </p>
   </div>
   <div class='ocr_carea' id='block_1_93' title="bbox 221 4767 1831 4842">
    <p class='ocr_par' dir='ltr' id='par_1_93' title="bbox 221 4767 1831 4842">
     <span class='ocr_line' id='line_1_93' title="bbox 221 4767 1831 4842; baseline -0.006 -10"><span class='ocrx_word' id='word_1_831' title='bbox 221 4775 510 4840; x_wconf 86' lang='lat' dir='ltr'><strong><em>naculum,</em></strong></span> <span class='ocrx_word' id='word_1_832' title='bbox 558 4783 614 4829; x_wconf 94' lang='lat' dir='ltr'><strong><em>et</em></strong></span> <span class='ocrx_word' id='word_1_833' title='bbox 657 4775 875 4837; x_wconf 89' lang='lat' dir='ltr'><strong><em>domus,</em></strong></span> <span class='ocrx_word' id='word_1_834' title='bbox 921 4787 1080 4839; x_wconf 86' lang='lat' dir='ltr'><strong><em>quam</em></strong></span> <span class='ocrx_word' id='word_1_835' title='bbox 1127 4773 1434 4842; x_wconf 87' lang='lat' dir='ltr'><strong><em>sepulcrum</em></strong></span> <span class='ocrx_word' id='word_1_836' title='bbox 1482 4778 1537 4825; x_wconf 88' lang='lat' dir='ltr'><strong><em>et</em></strong></span> <span class='ocrx_word' id='word_1_837' title='bbox 1569 4767 1831 4825; x_wconf 89' lang='lat' dir='ltr'><strong><em>memoria</em></strong></span> 
     </span>
    </p>
   </div>
   <div class='ocr_carea' id='block_1_94' title="bbox 217 4859 1830 4939">
    <p class='ocr_par' dir='ltr' id='par_1_94' title="bbox 217 4859 1830 4939">
     <span class='ocr_line' id='line_1_94' title="bbox 217 4859 1830 4939; baseline -0.005 -17"><span class='ocrx_word' id='word_1_838' title='bbox 217 4867 615 4939; x_wconf 85' lang='lat' dir='ltr'><strong><em>appellandum</em></strong></span> <span class='ocrx_word' id='word_1_839' title='bbox 646 4867 772 4922; x_wconf 83' lang='lat' dir='ltr'><strong><em>est?</em></strong></span> <span class='ocrx_word' id='word_1_840' title='bbox 804 4867 1102 4934; x_wconf 83' lang='lat' dir='ltr'><strong><em>Propterea</em></strong></span> <span class='ocrx_word' id='word_1_841' title='bbox 1140 4873 1318 4919; x_wconf 88' lang='lat' dir='ltr'><strong><em>autem</em></strong></span> <span class='ocrx_word' id='word_1_842' title='bbox 1366 4863 1460 4919; x_wconf 85' lang='lat' dir='ltr'><strong><em>tibi</em></strong></span> <span class='ocrx_word' id='word_1_843' title='bbox 1509 4863 1653 4926; x_wconf 89' lang='lat' dir='ltr'><strong><em>dico,</em></strong></span> <span class='ocrx_word' id='word_1_844' title='bbox 1686 4859 1830 4932; x_wconf 90' lang='lat' dir='ltr'><strong><em>quod</em></strong></span> 
     </span>
    </p>
   </div>
   <div class='ocr_carea' id='block_1_95' title="bbox 222 4956 1829 5030">
    <p class='ocr_par' dir='ltr' id='par_1_95' title="bbox 222 4956 1829 5030">
     <span class='ocr_line' id='line_1_95' title="bbox 222 4956 1829 5030; baseline -0.004 -13"><span class='ocrx_word' id='word_1_845' title='bbox 222 4963 281 5017; x_wconf 91' lang='lat' dir='ltr'><strong><em>in</em></strong></span> <span class='ocrx_word' id='word_1_846' title='bbox 341 4961 626 5014; x_wconf 81' lang='lat' dir='ltr'><strong><em>excisione</em></strong></span> <span class='ocrx_word' id='word_1_847' title='bbox 673 4959 922 5030; x_wconf 81' lang='lat' dir='ltr'><strong><em>sepulcri</em></strong></span> <span class='ocrx_word' id='word_1_848' title='bbox 962 4973 1068 5016; x_wconf 87' lang='lat' dir='ltr'><strong><em>non</em></strong></span> <span class='ocrx_word' id='word_1_849' title='bbox 1118 4957 1318 5012; x_wconf 83' lang='lat' dir='ltr'><strong><em>debeas</em></strong></span> <span class='ocrx_word' id='word_1_850' title='bbox 1377 4959 1658 5023; x_wconf 88' lang='lat' dir='ltr'><strong><em>laborare,</em></strong></span> <span class='ocrx_word' id='word_1_851' title='bbox 1705 4956 1829 5026; x_wconf 86' lang='lat' dir='ltr'><strong><em>quia</em></strong></span> 
     </span>
    </p>
   </div>
   <div class='ocr_carea' id='block_1_96' title="bbox 222 5050 1834 5112">
    <p class='ocr_par' dir='ltr' id='par_1_96' title="bbox 222 5050 1834 5112">
     <span class='ocr_line' id='line_1_96' title="bbox 222 5050 1834 5112; baseline -0.004 -4"><span class='ocrx_word' id='word_1_852' title='bbox 222 5051 529 5108; x_wconf 85' lang='lat' dir='ltr'><strong><em>transferet</em></strong></span> <span class='ocrx_word' id='word_1_853' title='bbox 563 5051 824 5106; x_wconf 74' lang='lat' dir='ltr'><strong><em>Dominus</em></strong></span> <span class='ocrx_word' id='word_1_854' title='bbox 870 5050 1238 5105; x_wconf 89' lang='lat' dir='ltr'><strong><em>sacerdotium</em></strong></span> <span class='ocrx_word' id='word_1_855' title='bbox 1270 5057 1451 5112; x_wconf 87' lang='lat' dir='ltr'><strong><em>tuum;</em></strong></span> <span class='ocrx_word' id='word_1_856' title='bbox 1483 5050 1627 5103; x_wconf 91' lang='lat' dir='ltr'><strong><em>sicut</em></strong></span> <span class='ocrx_word' id='word_1_857' title='bbox 1658 5057 1834 5101; x_wconf 88' lang='lat' dir='ltr'><strong><em>trans-</em></strong></span> 
     </span>
    </p>
   </div>
   <div class='ocr_carea' id='block_1_97' title="bbox 223 5140 1832 5217">
    <p class='ocr_par' dir='ltr' id='par_1_97' title="bbox 223 5140 1832 5217">
     <span class='ocr_line' id='line_1_97' title="bbox 223 5140 1832 5217; baseline -0.004 -13"><span class='ocrx_word' id='word_1_858' title='bbox 223 5145 366 5204; x_wconf 88' lang='lat' dir='ltr'><strong><em>ferri</em></strong></span> <span class='ocrx_word' id='word_1_859' title='bbox 394 5146 532 5201; x_wconf 89' lang='lat' dir='ltr'><strong><em>solet</em></strong></span> <span class='ocrx_word' id='word_1_860' title='bbox 559 5161 731 5202; x_wconf 68' lang='lat' dir='ltr'><strong><em>censu</em></strong></span> <span class='ocrx_word' id='word_1_861' title='bbox 761 5143 935 5217; x_wconf 57' lang='grc' dir='ltr'><strong><em>(Ὧι).</em></strong></span> <span class='ocrx_word' id='word_1_862' title='bbox 967 5144 1110 5212; x_wconf 87' lang='lat' dir='ltr'><strong><em>quod</em></strong></span> <span class='ocrx_word' id='word_1_863' title='bbox 1143 5158 1337 5197; x_wconf 86' lang='lat' dir='ltr'><strong><em>omnes</em></strong></span> <span class='ocrx_word' id='word_1_864' title='bbox 1366 5142 1530 5195; x_wconf 82' lang='lat' dir='ltr'><strong><em>virum</em></strong></span> <span class='ocrx_word' id='word_1_865' title='bbox 1561 5140 1832 5210; x_wconf 87' lang='lat' dir='ltr'><strong><em>interpre-</em></strong></span> 
     </span>
    </p>
   </div>
   <div class='ocr_carea' id='block_1_98' title="bbox 224 5235 1833 5302">
    <p class='ocr_par' dir='ltr' id='par_1_98' title="bbox 224 5235 1833 5302">
     <span class='ocr_line' id='line_1_98' title="bbox 224 5235 1833 5302; baseline -0.006 -4"><span class='ocrx_word' id='word_1_866' title='bbox 224 5242 332 5298; x_wconf 84' lang='lat' dir='ltr'><strong><em>tati</em></strong></span> <span class='ocrx_word' id='word_1_867' title='bbox 364 5249 511 5294; x_wconf 89' lang='lat' dir='ltr'><strong><em>sunt.</em></strong></span> <span class='ocrx_word' id='word_1_868' title='bbox 547 5239 805 5294; x_wconf 60' lang='lat' dir='ltr'><strong><em>Hebrasus</em></strong></span> <span class='ocrx_word' id='word_1_869' title='bbox 829 5250 1008 5292; x_wconf 87' lang='lat' dir='ltr'><strong><em>autem</em></strong></span> <span class='ocrx_word' id='word_1_870' title='bbox 1054 5238 1145 5302; x_wconf 86' lang='lat' dir='ltr'><strong><em>qui</em></strong></span> <span class='ocrx_word' id='word_1_871' title='bbox 1172 5252 1270 5294; x_wconf 91' lang='lat' dir='ltr'><strong><em>nos</em></strong></span> <span class='ocrx_word' id='word_1_872' title='bbox 1302 5237 1354 5292; x_wconf 92' lang='lat' dir='ltr'><strong><em>in</em></strong></span> <span class='ocrx_word' id='word_1_873' title='bbox 1385 5235 1586 5292; x_wconf 89' lang='lat' dir='ltr'><strong><em>veteris</em></strong></span> <span class='ocrx_word' id='word_1_874' title='bbox 1625 5235 1833 5290; x_wconf 83' lang='lat' dir='ltr'><strong><em>Instru-</em></strong></span> 
     </span>
    </p>
   </div>
   <div class='ocr_carea' id='block_1_99' title="bbox 225 5330 1834 5403">
    <p class='ocr_par' dir='ltr' id='par_1_99' title="bbox 225 5330 1834 5403">
     <span class='ocr_line' id='line_1_99' title="bbox 225 5330 1834 5403; baseline -0.004 -12"><span class='ocrx_word' id='word_1_875' title='bbox 225 5337 410 5396; x_wconf 86' lang='lat' dir='ltr'><strong><em>menti</em></strong></span> <span class='ocrx_word' id='word_1_876' title='bbox 433 5335 672 5390; x_wconf 86' lang='lat' dir='ltr'><strong><em>lectione</em></strong></span> <span class='ocrx_word' id='word_1_877' title='bbox 689 5332 945 5396; x_wconf 88' lang='lat' dir='ltr'><strong><em>erudivit,</em></strong></span> <span class='ocrx_word' id='word_1_878' title='bbox 968 5331 1165 5403; x_wconf 85' lang='lat' dir='ltr'><strong><em>gallum</em></strong></span> <span class='ocrx_word' id='word_1_879' title='bbox 1184 5330 1834 5403; x_wconf 85' lang='lat' dir='ltr'><strong><em>gallinaceumttanstulit.</em></strong></span> 
     </span>
    </p>
   </div>
   <div class='ocr_carea' id='block_1_100' title="bbox 226 5423 1841 5495">
    <p class='ocr_par' dir='ltr' id='par_1_100' title="bbox 226 5423 1841 5495">
     <span class='ocr_line' id='line_1_100' title="bbox 226 5423 1841 5495; baseline -0.004 -11"><span class='ocrx_word' id='word_1_880' title='bbox 226 5430 416 5491; x_wconf 84' lang='lat' dir='ltr'><strong><em>Sicut,</em></strong></span> <span class='ocrx_word' id='word_1_881' title='bbox 450 5427 645 5495; x_wconf 87' lang='lat' dir='ltr'><strong><em>inquit,</em></strong></span> <span class='ocrx_word' id='word_1_882' title='bbox 679 5425 857 5494; x_wconf 84' lang='lat' dir='ltr'><strong><em>gallus</em></strong></span> <span class='ocrx_word' id='word_1_883' title='bbox 901 5425 1233 5494; x_wconf 85' lang='lat' dir='ltr'><strong><em>gallinaceus</em></strong></span> <span class='ocrx_word' id='word_1_884' title='bbox 1285 5424 1511 5478; x_wconf 90' lang='lat' dir='ltr'><strong><em>humero</em></strong></span> <span class='ocrx_word' id='word_1_885' title='bbox 1561 5423 1841 5492; x_wconf 87' lang='lat' dir='ltr'><strong><em>portitoris</em></strong></span> 
     </span>
    </p>
   </div>
   <div class='ocr_carea' id='block_1_101' title="bbox 224 5516 1844 5586">
    <p class='ocr_par' dir='ltr' id='par_1_101' title="bbox 224 5516 1844 5586">
     <span class='ocr_line' id='line_1_101' title="bbox 224 5516 1844 5586; baseline -0.003 -9"><span class='ocrx_word' id='word_1_886' title='bbox 224 5527 302 5581; x_wconf 84' lang='lat' dir='ltr'><strong><em>de</em></strong></span> <span class='ocrx_word' id='word_1_887' title='bbox 339 5520 449 5575; x_wconf 86' lang='lat' dir='ltr'><strong><em>alio</em></strong></span> <span class='ocrx_word' id='word_1_888' title='bbox 479 5520 600 5574; x_wconf 91' lang='lat' dir='ltr'><strong><em>loco</em></strong></span> <span class='ocrx_word' id='word_1_889' title='bbox 633 5517 958 5573; x_wconf 89' lang='lat' dir='ltr'><strong><em>transfertur</em></strong></span> <span class='ocrx_word' id='word_1_890' title='bbox 983 5518 1050 5572; x_wconf 90' lang='lat' dir='ltr'><strong><em>ad</em></strong></span> <span class='ocrx_word' id='word_1_891' title='bbox 1080 5517 1270 5586; x_wconf 91' lang='lat' dir='ltr'><strong><em>alium,</em></strong></span> <span class='ocrx_word' id='word_1_892' title='bbox 1301 5517 1379 5572; x_wconf 89' lang='lat' dir='ltr'><strong><em>sic</em></strong></span> <span class='ocrx_word' id='word_1_893' title='bbox 1413 5527 1463 5570; x_wconf 92' lang='lat' dir='ltr'><strong><em>te</em></strong></span> <span class='ocrx_word' id='word_1_894' title='bbox 1493 5516 1750 5571; x_wconf 90' lang='lat' dir='ltr'><strong><em>Dominus</em></strong></span> <span class='ocrx_word' id='word_1_895' title='bbox 1774 5517 1844 5572; x_wconf 89' lang='lat' dir='ltr'><strong><em>de</em></strong></span> 
     </span>
    </p>
   </div>
   <div class='ocr_carea' id='block_1_102' title="bbox 227 5609 1845 5681">
    <p class='ocr_par' dir='ltr' id='par_1_102' title="bbox 227 5609 1845 5681">
     <span class='ocr_line' id='line_1_102' title="bbox 227 5609 1845 5681; baseline -0.006 -6"><span class='ocrx_word' id='word_1_896' title='bbox 227 5620 363 5675; x_wconf 89' lang='lat' dir='ltr'><strong><em>loco</em></strong></span> <span class='ocrx_word' id='word_1_897' title='bbox 396 5622 490 5668; x_wconf 90' lang='lat' dir='ltr'><strong><em>tuo</em></strong></span> <span class='ocrx_word' id='word_1_898' title='bbox 524 5613 718 5667; x_wconf 89' lang='lat' dir='ltr'><strong><em>leviter</em></strong></span> <span class='ocrx_word' id='word_1_899' title='bbox 741 5611 1058 5679; x_wconf 89' lang='lat' dir='ltr'><strong><em>asportabit.</em></strong></span> <span class='ocrx_word' id='word_1_900' title='bbox 1089 5611 1152 5665; x_wconf 84' lang='lat' dir='ltr'><strong><em>Et</em></strong></span> <span class='ocrx_word' id='word_1_901' title='bbox 1182 5611 1274 5681; x_wconf 91' lang='lat' dir='ltr'><strong><em>qui</em></strong></span> <span class='ocrx_word' id='word_1_902' title='bbox 1305 5609 1576 5681; x_wconf 90' lang='lat' dir='ltr'><strong><em>quondam</em></strong></span> <span class='ocrx_word' id='word_1_903' title='bbox 1609 5609 1845 5666; x_wconf 89' lang='lat' dir='ltr'><strong><em>habebas</em></strong></span> 
     </span>
    </p>
   </div>
   <div class='ocr_carea' id='block_1_103' title="bbox 1940 4676 3550 4750">
    <p class='ocr_par' dir='ltr' id='par_1_103' title="bbox 1940 4676 3550 4750">
     <span class='ocr_line' id='line_1_103' title="bbox 1940 4676 3550 4750; baseline 0.002 -20"><span class='ocrx_word' id='word_1_904' title='bbox 1940 4679 2138 4750; x_wconf 90' lang='lat' dir='ltr'><strong><em>quibus</em></strong></span> <span class='ocrx_word' id='word_1_905' title='bbox 2164 4676 2354 4746; x_wconf 86' lang='lat' dir='ltr'><strong><em>Aquila</em></strong></span> <span class='ocrx_word' id='word_1_906' title='bbox 2397 4676 2797 4747; x_wconf 89' lang='lat' dir='ltr'><strong><em>interpretatus</em></strong></span> <span class='ocrx_word' id='word_1_907' title='bbox 2825 4686 2907 4731; x_wconf 91' lang='lat' dir='ltr'><strong><em>est</em></strong></span> <span class='ocrx_word' id='word_1_908' title='bbox 2938 4692 3125 4732; x_wconf 60' lang='lat' dir='ltr'><strong><em>sssm</em></strong></span> <span class='ocrx_word' id='word_1_909' title='bbox 3169 4679 3450 4746; x_wconf 55' lang='lat' dir='ltr'><strong><em>(Drusus)</em></strong></span> <span class='ocrx_word' id='word_1_910' title='bbox 3493 4688 3550 4733; x_wconf 89' lang='lat' dir='ltr'><strong><em>et</em></strong></span> 
     </span>
    </p>
   </div>
   <div class='ocr_carea' id='block_1_104' title="bbox 1939 4768 3546 4842">
    <p class='ocr_par' dir='ltr' id='par_1_104' title="bbox 1939 4768 3546 4842">
     <span class='ocr_line' id='line_1_104' title="bbox 1939 4768 3546 4842; baseline 0 -15"><span class='ocrx_word' id='word_1_911' title='bbox 1939 4786 2180 4828; x_wconf 74' lang='lat' dir='ltr'><strong><em>seruoru</em></strong></span> <span class='ocrx_word' id='word_1_912' title='bbox 2211 4771 2472 4842; x_wconf 59' lang='lat' dir='ltr'><strong><em>(navem)</em></strong></span> <span class='ocrx_word' id='word_1_913' title='bbox 2493 4813 2507 4836; x_wconf 97' lang='lat'><strong><em>,</em></strong></span> <span class='ocrx_word' id='word_1_914' title='bbox 2539 4771 2680 4840; x_wconf 88' lang='lat' dir='ltr'><strong><em>quod</em></strong></span> <span class='ocrx_word' id='word_1_915' title='bbox 2711 4768 3076 4842; x_wconf 85' lang='lat' dir='ltr'><strong><em>Symmachus</em></strong></span> <span class='ocrx_word' id='word_1_916' title='bbox 3105 4771 3304 4833; x_wconf 89' lang='lat' dir='ltr'><strong><em>vertit,</em></strong></span> <span class='ocrx_word' id='word_1_917' title='bbox 3337 4778 3546 4838; x_wconf 89' lang='lat' dir='ltr'><strong><em>nepotes</em></strong></span> 
     </span>
    </p>
   </div>
   <div class='ocr_carea' id='block_1_105' title="bbox 1939 4863 3545 4938">
    <p class='ocr_par' dir='ltr' id='par_1_105' title="bbox 1939 4863 3545 4938">
     <span class='ocr_line' id='line_1_105' title="bbox 1939 4863 3545 4938; baseline 0.002 -19"><span class='ocrx_word' id='word_1_918' title='bbox 1939 4875 2093 4938; x_wconf 90' lang='lat' dir='ltr'><strong><em>atque</em></strong></span> <span class='ocrx_word' id='word_1_919' title='bbox 2112 4865 2454 4920; x_wconf 72' lang='lat' dir='ltr'><strong><em>commixtos:</em></strong></span> <span class='ocrx_word' id='word_1_920' title='bbox 2478 4873 2533 4919; x_wconf 90' lang='lat' dir='ltr'><strong><em>ut</em></strong></span> <span class='ocrx_word' id='word_1_921' title='bbox 2563 4872 2620 4921; x_wconf 91' lang='lat' dir='ltr'><strong><em>et</em></strong></span> <span class='ocrx_word' id='word_1_922' title='bbox 2643 4865 2913 4934; x_wconf 78' lang='lat' dir='ltr'><strong><em>Apostoli,</em></strong></span> <span class='ocrx_word' id='word_1_923' title='bbox 2940 4873 2992 4918; x_wconf 91' lang='lat' dir='ltr'><strong><em>et</em></strong></span> <span class='ocrx_word' id='word_1_924' title='bbox 3014 4877 3206 4919; x_wconf 87' lang='lat' dir='ltr'><strong><em>omnes</em></strong></span> <span class='ocrx_word' id='word_1_925' title='bbox 3232 4863 3545 4934; x_wconf 87' lang='lat' dir='ltr'><strong><em>credentes,</em></strong></span> 
     </span>
    </p>
   </div>
   <div class='ocr_carea' id='block_1_106' title="bbox 1941 4955 3550 5032">
    <p class='ocr_par' dir='ltr' id='par_1_106' title="bbox 1941 4955 3550 5032">
     <span class='ocr_line' id='line_1_106' title="bbox 1941 4955 3550 5032; baseline 0.001 -18"><span class='ocrx_word' id='word_1_926' title='bbox 1941 4959 2047 5016; x_wconf 91' lang='lat' dir='ltr'><strong><em>hoc</em></strong></span> <span class='ocrx_word' id='word_1_927' title='bbox 2063 4971 2144 5014; x_wconf 88' lang='lat' dir='ltr'><strong><em>est</em></strong></span> <span class='ocrx_word' id='word_1_928' title='bbox 2179 4959 2273 5014; x_wconf 86' lang='lat' dir='ltr'><strong><em>filii</em></strong></span> <span class='ocrx_word' id='word_1_929' title='bbox 2307 4959 2565 5018; x_wconf 83' lang='lat' dir='ltr'><strong><em>filiorum,</em></strong></span> <span class='ocrx_word' id='word_1_930' title='bbox 2595 4971 2644 5012; x_wconf 86' lang='lat' dir='ltr'><strong><em>et</em></strong></span> <span class='ocrx_word' id='word_1_931' title='bbox 2669 4955 2955 5012; x_wconf 83' lang='lat' dir='ltr'><strong><em>commixti</em></strong></span> <span class='ocrx_word' id='word_1_932' title='bbox 2982 4957 3049 5012; x_wconf 90' lang='lat' dir='ltr'><strong><em>de</em></strong></span> <span class='ocrx_word' id='word_1_933' title='bbox 3082 4959 3352 5014; x_wconf 86' lang='lat' dir='ltr'><strong><em>universis</em></strong></span> <span class='ocrx_word' id='word_1_934' title='bbox 3375 4961 3550 5032; x_wconf 81' lang='lat' dir='ltr'><strong><em>genti-</em></strong></span> 
     </span>
    </p>
   </div>
   <div class='ocr_carea' id='block_1_107' title="bbox 1940 5049 3553 5122">
    <p class='ocr_par' dir='ltr' id='par_1_107' title="bbox 1940 5049 3553 5122">
     <span class='ocr_line' id='line_1_107' title="bbox 1940 5049 3553 5122; baseline 0.002 -16"><span class='ocrx_word' id='word_1_935' title='bbox 1940 5049 2042 5106; x_wconf 78' lang='lat' dir='ltr'><strong><em>bus</em></strong></span> <span class='ocrx_word' id='word_1_936' title='bbox 2089 5051 2359 5120; x_wconf 84' lang='lat' dir='ltr'><strong><em>pendeant</em></strong></span> <span class='ocrx_word' id='word_1_937' title='bbox 2403 5065 2570 5119; x_wconf 82' lang='lat' dir='ltr'><strong><em>super</em></strong></span> <span class='ocrx_word' id='word_1_938' title='bbox 2614 5064 2761 5104; x_wconf 89' lang='lat' dir='ltr'><strong><em>eum.</em></strong></span> <span class='ocrx_word' id='word_1_939' title='bbox 2793 5050 2838 5104; x_wconf 78' lang='grc' dir='ltr'><strong>Δ</strong></span> <span class='ocrx_word' id='word_1_940' title='bbox 2871 5050 3016 5104; x_wconf 69' lang='lat' dir='ltr'><strong><em>vasis</em></strong></span> <span class='ocrx_word' id='word_1_941' title='bbox 3061 5058 3421 5121; x_wconf 89' lang='lat' dir='ltr'><strong><em>craterarunt,</em></strong></span> <span class='ocrx_word' id='word_1_942' title='bbox 3453 5068 3553 5122; x_wconf 89' lang='lat' dir='ltr'><strong><em>pro</em></strong></span> 
     </span>
    </p>
   </div>
   <div class='ocr_carea' id='block_1_108' title="bbox 1941 5145 3551 5216">
    <p class='ocr_par' dir='ltr' id='par_1_108' title="bbox 1941 5145 3551 5216">
     <span class='ocr_line' id='line_1_108' title="bbox 1941 5145 3551 5216; baseline 0.001 -16"><span class='ocrx_word' id='word_1_943' title='bbox 1941 5147 2138 5216; x_wconf 85' lang='lat' dir='ltr'><strong><em>quibus</em></strong></span> <span class='ocrx_word' id='word_1_944' title='bbox 2167 5145 2477 5199; x_wconf 89' lang='lat' dir='ltr'><strong><em>Theodotio</em></strong></span> <span class='ocrx_word' id='word_1_945' title='bbox 2524 5159 2773 5200; x_wconf 67' lang='lat' dir='ltr'><strong><em>aetnam</em></strong></span> <span class='ocrx_word' id='word_1_946' title='bbox 2823 5149 3026 5215; x_wconf 66' lang='lat' dir='ltr'><strong><em>(manu)</em></strong></span> <span class='ocrx_word' id='word_1_947' title='bbox 3077 5147 3278 5215; x_wconf 81' lang='lat' dir='ltr'><strong><em>posuit,</em></strong></span> <span class='ocrx_word' id='word_1_948' title='bbox 3309 5155 3367 5202; x_wconf 84' lang='lat' dir='ltr'><strong><em>et</em></strong></span> <span class='ocrx_word' id='word_1_949' title='bbox 3396 5146 3551 5213; x_wconf 84' lang='lat' dir='ltr'><strong><em>parvi</em></strong></span> 
     </span>
    </p>
   </div>
   <div class='ocr_carea' id='block_1_109' title="bbox 1942 5237 3546 5309">
    <p class='ocr_par' dir='ltr' id='par_1_109' title="bbox 1942 5237 3546 5309">
     <span class='ocr_line' id='line_1_109' title="bbox 1942 5237 3546 5309; baseline 0 -17"><span class='ocrx_word' id='word_1_950' title='bbox 1942 5238 2086 5292; x_wconf 88' lang='lat' dir='ltr'><strong><em>enim</em></strong></span> <span class='ocrx_word' id='word_1_951' title='bbox 2130 5237 2294 5309; x_wconf 76' lang='lat'><strong><em>320</em></strong></span> <span class='ocrx_word' id='word_1_952' title='bbox 2338 5245 2394 5292; x_wconf 86' lang='lat' dir='ltr'><strong><em>et</em></strong></span> <span class='ocrx_word' id='word_1_953' title='bbox 2440 5238 2620 5309; x_wconf 87' lang='lat' dir='ltr'><strong><em>magni</em></strong></span> <span class='ocrx_word' id='word_1_954' title='bbox 2671 5237 2725 5292; x_wconf 89' lang='lat' dir='ltr'><strong><em>itt</em></strong></span> <span class='ocrx_word' id='word_1_955' title='bbox 2771 5238 3058 5292; x_wconf 89' lang='lat' dir='ltr'><strong><em>Dominum</em></strong></span> <span class='ocrx_word' id='word_1_956' title='bbox 3105 5237 3366 5292; x_wconf 89' lang='lat' dir='ltr'><strong><em>credituri</em></strong></span> <span class='ocrx_word' id='word_1_957' title='bbox 3398 5247 3546 5293; x_wconf 89' lang='lat' dir='ltr'><strong><em>sunt.</em></strong></span> 
     </span>
    </p>
   </div>
   <div class='ocr_carea' id='block_1_110' title="bbox 1941 5330 3553 5404">
    <p class='ocr_par' dir='ltr' id='par_1_110' title="bbox 1941 5330 3553 5404">
     <span class='ocr_line' id='line_1_110' title="bbox 1941 5330 3553 5404; baseline -0.002 -17"><span class='ocrx_word' id='word_1_958' title='bbox 1941 5331 2198 5387; x_wconf 87' lang='lat' dir='ltr'><strong><em>Crateras</em></strong></span> <span class='ocrx_word' id='word_1_959' title='bbox 2225 5345 2404 5387; x_wconf 83' lang='lat' dir='ltr'><strong><em>autem</em></strong></span> <span class='ocrx_word' id='word_1_960' title='bbox 2444 5344 2573 5404; x_wconf 91' lang='lat' dir='ltr'><strong><em>puto</em></strong></span> <span class='ocrx_word' id='word_1_961' title='bbox 2597 5348 2722 5389; x_wconf 89' lang='lat' dir='ltr'><strong><em>esse</em></strong></span> <span class='ocrx_word' id='word_1_962' title='bbox 2743 5332 3038 5404; x_wconf 72' lang='lat' dir='ltr'><strong><em>Apostolos</em></strong></span> <span class='ocrx_word' id='word_1_963' title='bbox 3075 5330 3270 5398; x_wconf 85' lang='lat' dir='ltr'><strong><em>plenos</em></strong></span> <span class='ocrx_word' id='word_1_964' title='bbox 3295 5330 3553 5384; x_wconf 85' lang='lat' dir='ltr'><strong><em>vitalibus</em></strong></span> 
     </span>
    </p>
   </div>
   <div class='ocr_carea' id='block_1_111' title="bbox 1944 5419 3553 5495">
    <p class='ocr_par' dir='ltr' id='par_1_111' title="bbox 1944 5419 3553 5495">
     <span class='ocr_line' id='line_1_111' title="bbox 1944 5419 3553 5495; baseline -0.002 -17"><span class='ocrx_word' id='word_1_965' title='bbox 1944 5425 2117 5494; x_wconf 89' lang='lat' dir='ltr'><strong><em>aquis.</em></strong></span> <span class='ocrx_word' id='word_1_966' title='bbox 2154 5424 2228 5479; x_wconf 90' lang='lat' dir='ltr'><strong><em>De</em></strong></span> <span class='ocrx_word' id='word_1_967' title='bbox 2263 5426 2462 5495; x_wconf 89' lang='lat' dir='ltr'><strong><em>quibus</em></strong></span> <span class='ocrx_word' id='word_1_968' title='bbox 2487 5425 2685 5480; x_wconf 90' lang='lat' dir='ltr'><strong><em>dicitur</em></strong></span> <span class='ocrx_word' id='word_1_969' title='bbox 2715 5443 2727 5478; x_wconf 90' lang='lat'><strong>:</strong></span> <span class='ocrx_word' id='word_1_970' title='bbox 2762 5423 3061 5480; x_wconf 86' lang='lat' dir='ltr'><strong><em>Benedicite</em></strong></span> <span class='ocrx_word' id='word_1_971' title='bbox 3087 5419 3256 5475; x_wconf 91' lang='lat' dir='ltr'><strong><em>Deum</em></strong></span> <span class='ocrx_word' id='word_1_972' title='bbox 3286 5422 3351 5474; x_wconf 89' lang='lat' dir='ltr'><strong><em>de</em></strong></span> <span class='ocrx_word' id='word_1_973' title='bbox 3391 5422 3553 5491; x_wconf 88' lang='lat' dir='ltr'><strong><em>fonti-</em></strong></span> 
     </span>
    </p>
   </div>
   <div class='ocr_carea' id='block_1_112' title="bbox 1947 5511 3555 5586">
    <p class='ocr_par' dir='ltr' id='par_1_112' title="bbox 1947 5511 3555 5586">
     <span class='ocr_line' id='line_1_112' title="bbox 1947 5511 3555 5586; baseline 0 -16"><span class='ocrx_word' id='word_1_974' title='bbox 1947 5515 2039 5571; x_wconf 92' lang='lat' dir='ltr'><strong><em>bus</em></strong></span> <span class='ocrx_word' id='word_1_975' title='bbox 2068 5514 2240 5571; x_wconf 88' lang='lat' dir='ltr'><strong><em>lsrael</em></strong></span> <span class='ocrx_word' id='word_1_976' title='bbox 2270 5515 2385 5582; x_wconf 90' lang='lat' dir='ltr'><strong><em>(Ps.</em></strong></span> <span class='ocrx_word' id='word_1_977' title='bbox 2421 5531 2589 5583; x_wconf 77' lang='lat' dir='ltr'><strong><em>van,</em></strong></span> <span class='ocrx_word' id='word_1_978' title='bbox 2617 5514 2733 5585; x_wconf 67' lang='lat'><strong><em>27),</em></strong></span> <span class='ocrx_word' id='word_1_979' title='bbox 2771 5516 2822 5569; x_wconf 92' lang='lat' dir='ltr'><strong><em>in</em></strong></span> <span class='ocrx_word' id='word_1_980' title='bbox 2853 5517 3049 5586; x_wconf 83' lang='lat' dir='ltr'><strong><em>quibus</em></strong></span> <span class='ocrx_word' id='word_1_981' title='bbox 3092 5511 3394 5572; x_wconf 81' lang='lat' dir='ltr'><strong><em>crateribus</em></strong></span> <span class='ocrx_word' id='word_1_982' title='bbox 3424 5513 3555 5572; x_wconf 75' lang='lat' dir='ltr'><strong><em>niis-</em></strong></span> 
     </span>
    </p>
   </div>
   <div class='ocr_carea' id='block_1_113' title="bbox 1947 5605 3555 5681">
    <p class='ocr_par' dir='ltr' id='par_1_113' title="bbox 1947 5605 3555 5681">
     <span class='ocr_line' id='line_1_113' title="bbox 1947 5605 3555 5681; baseline -0.003 -14"><span class='ocrx_word' id='word_1_983' title='bbox 1947 5612 2059 5667; x_wconf 90' lang='lat' dir='ltr'><strong><em>cuit</em></strong></span> <span class='ocrx_word' id='word_1_984' title='bbox 2093 5611 2363 5681; x_wconf 83' lang='lat' dir='ltr'><strong><em>sapientia</em></strong></span> <span class='ocrx_word' id='word_1_985' title='bbox 2410 5611 2596 5665; x_wconf 87' lang='lat' dir='ltr'><strong><em>viuum</em></strong></span> <span class='ocrx_word' id='word_1_986' title='bbox 2650 5623 2833 5662; x_wconf 84' lang='lat' dir='ltr'><strong><em>suum.</em></strong></span> <span class='ocrx_word' id='word_1_987' title='bbox 2881 5607 2951 5661; x_wconf 89' lang='lat' dir='ltr'><strong><em>Et</em></strong></span> <span class='ocrx_word' id='word_1_988' title='bbox 2979 5623 3175 5673; x_wconf 90' lang='lat' dir='ltr'><strong><em>omne,</em></strong></span> <span class='ocrx_word' id='word_1_989' title='bbox 3225 5605 3424 5671; x_wconf 84' lang='lat' dir='ltr'><strong><em>inquit,</em></strong></span> <span class='ocrx_word' id='word_1_990' title='bbox 3461 5621 3555 5662; x_wconf 85' lang='lat' dir='ltr'><strong><em>vas</em></strong></span> 
     </span>
    </p>
   </div>
   <div class='ocr_carea' id='block_1_114' title="bbox 314 5713 3556 5788">
    <p class='ocr_par' dir='ltr' id='par_1_114' title="bbox 314 5713 3556 5788">
     <span class='ocr_line' id='line_1_114' title="bbox 314 5713 3556 5788; baseline -0.003 -9"><span class='ocrx_word' id='word_1_991' title='bbox 314 5734 342 5762; x_wconf 76' lang='grc'><strong><em>⁸</em></strong></span> <span class='ocrx_word' id='word_1_992' title='bbox 397 5720 598 5779; x_wconf 76' lang='lat' dir='ltr'><strong><em>Isthtcc</em></strong></span> <span class='ocrx_word' id='word_1_993' title='bbox 627 5759 644 5785; x_wconf 90' lang='lat'><strong><em>,</em></strong></span> <span class='ocrx_word' id='word_1_994' title='bbox 692 5728 741 5773; x_wconf 87' lang='lat' dir='ltr'><strong><em>et</em></strong></span> <span class='ocrx_word' id='word_1_995' title='bbox 781 5719 997 5787; x_wconf 85' lang='lat' dir='ltr'><strong><em>aperiet,</em></strong></span> <span class='ocrx_word' id='word_1_996' title='bbox 1036 5728 1085 5776; x_wconf 89' lang='lat' dir='ltr'><strong><em>et</em></strong></span> <span class='ocrx_word' id='word_1_997' title='bbox 1124 5734 1230 5773; x_wconf 88' lang='lat' dir='ltr'><strong><em>non</em></strong></span> <span class='ocrx_word' id='word_1_998' title='bbox 1273 5720 1372 5774; x_wconf 90' lang='lat' dir='ltr'><strong><em>erit</em></strong></span> <span class='ocrx_word' id='word_1_999' title='bbox 1415 5717 1507 5788; x_wconf 87' lang='lat' dir='ltr'><strong><em>qui</em></strong></span> <span class='ocrx_word' id='word_1_1000' title='bbox 1561 5716 1796 5783; x_wconf 85' lang='lat' dir='ltr'><strong><em>claudat,</em></strong></span> <span class='ocrx_word' id='word_1_1001' title='bbox 1843 5718 1899 5776; x_wconf 90' lang='lat' dir='ltr'><strong><em>in</em></strong></span> <span class='ocrx_word' id='word_1_1002' title='bbox 1950 5717 2198 5776; x_wconf 83' lang='lat' dir='ltr'><strong><em>Martian.</em></strong></span> <span class='ocrx_word' id='word_1_1003' title='bbox 2250 5718 2490 5776; x_wconf 85' lang='lat' dir='ltr'><strong><em>editione</em></strong></span> <span class='ocrx_word' id='word_1_1004' title='bbox 2535 5716 2782 5775; x_wconf 79' lang='lat' dir='ltr'><strong><em>deerant.</em></strong></span> <span class='ocrx_word' id='word_1_1005' title='bbox 2828 5713 2938 5773; x_wconf 82' lang='lat' dir='ltr'><strong><em>Nos</em></strong></span> <span class='ocrx_word' id='word_1_1006' title='bbox 2983 5714 3184 5772; x_wconf 85' lang='lat' dir='ltr'><strong><em>leviora</em></strong></span> <span class='ocrx_word' id='word_1_1007' title='bbox 3230 5715 3338 5771; x_wconf 85' lang='lat' dir='ltr'><strong><em>alia</em></strong></span> <span class='ocrx_word' id='word_1_1008' title='bbox 3388 5727 3556 5786; x_wconf 84' lang='lat' dir='ltr'><strong><em>supra</em></strong></span> 
     </span>
    </p>
   </div>
   <div class='ocr_carea' id='block_1_115' title="bbox 231 5789 985 5869">
    <p class='ocr_par' dir='ltr' id='par_1_115' title="bbox 231 5789 985 5869">
     <span class='ocr_line' id='line_1_115' title="bbox 231 5789 985 5869; baseline -0.016 -12"><span class='ocrx_word' id='word_1_1009' title='bbox 231 5808 408 5869; x_wconf 83' lang='lat' dir='ltr'><strong><em>atque</em></strong></span> <span class='ocrx_word' id='word_1_1010' title='bbox 441 5791 586 5849; x_wconf 87' lang='lat' dir='ltr'><strong><em>infra</em></strong></span> <span class='ocrx_word' id='word_1_1011' title='bbox 615 5789 985 5847; x_wconf 85' lang='lat' dir='ltr'><strong><em>emeudamus.</em></strong></span> 
     </span>
    </p>
   </div>
  </div>
