  <div class='ocr_page' id='page_1' title='image "/cluster/home/n/w/nwhite01/storage/ocr_20150623/24/uva.x000826571/145.png"; bbox 0 0 4010 6312; ppageno 0'>
   <div class='ocr_carea' id='block_1_1' title="bbox 492 282 598 339">
    <p class='ocr_par' dir='ltr' id='par_1_1' title="bbox 492 282 598 339">
     <span class='ocr_line' id='line_1_1' title="bbox 492 282 598 339; baseline 0 -1"><span class='ocrx_word' id='word_1_1' title='bbox 492 282 598 339; x_wconf 69' lang='lat'><strong>2&#39;15</strong></span> 
     </span>
    </p>
   </div>
   <div class='ocr_carea' id='block_1_2' title="bbox 1746 277 2527 340">
    <p class='ocr_par' dir='ltr' id='par_1_2' title="bbox 1746 277 2527 340">
     <span class='ocr_line' id='line_1_2' title="bbox 1746 277 2527 340; baseline -0.006 0"><span class='ocrx_word' id='word_1_2' title='bbox 1746 282 1805 340; x_wconf 84' lang='lat' dir='ltr'><strong>S.</strong></span> <span class='ocrx_word' id='word_1_3' title='bbox 1848 277 2123 339; x_wconf 68' lang='lat' dir='ltr'><strong>EUSEBH</strong></span> <span class='ocrx_word' id='word_1_4' title='bbox 2146 277 2527 337; x_wconf 76' lang='lat' dir='ltr'><strong>IIIERONYMI</strong></span> 
     </span>
    </p>
   </div>
   <div class='ocr_carea' id='block_1_3' title="bbox 3678 270 3770 341">
    <p class='ocr_par' dir='ltr' id='par_1_3' title="bbox 3678 270 3770 341">
     <span class='ocr_line' id='line_1_3' title="bbox 3678 270 3770 341; baseline 0.022 -2"><span class='ocrx_word' id='word_1_5' title='bbox 3678 270 3770 341; x_wconf 56' lang='lat'><strong>216</strong></span> 
     </span>
    </p>
   </div>
   <div class='ocr_carea' id='block_1_4' title="bbox 492 392 3778 471">
    <p class='ocr_par' dir='ltr' id='par_1_4' title="bbox 492 392 3778 471">
     <span class='ocr_line' id='line_1_4' title="bbox 492 392 3778 471; baseline -0.002 -13"><span class='ocrx_word' id='word_1_6' title='bbox 492 403 846 467; x_wconf 83' lang='lat' dir='ltr'><strong>musicorum,</strong></span> <span class='ocrx_word' id='word_1_7' title='bbox 875 413 1061 455; x_wconf 88' lang='lat' dir='ltr'><strong>eorum</strong></span> <span class='ocrx_word' id='word_1_8' title='bbox 1089 398 1181 471; x_wconf 85' lang='lat' dir='ltr'><strong>qui</strong></span> <span class='ocrx_word' id='word_1_9' title='bbox 1222 400 1370 455; x_wconf 91' lang='lat' dir='ltr'><strong>omni</strong></span> <span class='ocrx_word' id='word_1_10' title='bbox 1401 407 1647 470; x_wconf 86' lang='lat' dir='ltr'><strong>tempore</strong></span> <span class='ocrx_word' id='word_1_11' title='bbox 1676 396 1730 454; x_wconf 92' lang='lat' dir='ltr'><strong>in</strong></span> <span class='ocrx_word' id='word_1_12' title='bbox 1762 398 1860 454; x_wconf 96' lang='lat' dir='ltr'><strong>Dei</strong></span> <span class='ocrx_word' id='word_1_13' title='bbox 1902 396 2090 453; x_wconf 87' lang='lat' dir='ltr'><strong>laudes</strong></span> <span class='ocrx_word' id='word_1_14' title='bbox 2119 398 2162 459; x_wconf 86' lang='grc' dir='ltr'><strong>Α</strong></span> <span class='ocrx_word' id='word_1_15' title='bbox 2197 402 2349 466; x_wconf 87' lang='lat' dir='ltr'><strong>parte</strong></span> <span class='ocrx_word' id='word_1_16' title='bbox 2394 402 2578 451; x_wconf 87' lang='lat' dir='ltr'><strong>nostra</strong></span> <span class='ocrx_word' id='word_1_17' title='bbox 2628 395 2803 450; x_wconf 79' lang='lat' dir='ltr'><strong>insula</strong></span> <span class='ocrx_word' id='word_1_18' title='bbox 2854 404 3019 467; x_wconf 88' lang='lat' dir='ltr'><strong>atque</strong></span> <span class='ocrx_word' id='word_1_19' title='bbox 3083 394 3327 451; x_wconf 89' lang='lat' dir='ltr'><strong>navicula</strong></span> <span class='ocrx_word' id='word_1_20' title='bbox 3378 395 3547 450; x_wconf 81' lang='lat' dir='ltr'><strong>maris</strong></span> <span class='ocrx_word' id='word_1_21' title='bbox 3601 392 3778 453; x_wconf 87' lang='lat' dir='ltr'><strong>feritur</strong></span> 
     </span>
    </p>
   </div>
   <div class='ocr_carea' id='block_1_5' title="bbox 491 492 2090 566">
    <p class='ocr_par' dir='ltr' id='par_1_5' title="bbox 491 492 2090 566">
     <span class='ocr_line' id='line_1_5' title="bbox 491 492 2090 566; baseline -0.002 -15"><span class='ocrx_word' id='word_1_22' title='bbox 491 500 806 566; x_wconf 70' lang='lat' dir='ltr'><strong>personant.</strong></span> <span class='ocrx_word' id='word_1_23' title='bbox 832 492 986 560; x_wconf 83' lang='lat' dir='ltr'><strong>Quod</strong></span> <span class='ocrx_word' id='word_1_24' title='bbox 1019 493 1283 564; x_wconf 81' lang='lat' dir='ltr'><strong>sequitur,</strong></span> <span class='ocrx_word' id='word_1_25' title='bbox 1299 493 1513 548; x_wconf 83' lang='lat' dir='ltr'><strong>videtur</strong></span> <span class='ocrx_word' id='word_1_26' title='bbox 1538 493 1724 548; x_wconf 88' lang='lat' dir='ltr'><strong>sensui</strong></span> <span class='ocrx_word' id='word_1_27' title='bbox 1755 503 1944 549; x_wconf 91' lang='lat' dir='ltr'><strong>nostro</strong></span> <span class='ocrx_word' id='word_1_28' title='bbox 1965 507 2090 548; x_wconf 89' lang='lat' dir='ltr'><strong>esse</strong></span> 
     </span>
    </p>
   </div>
   <div class='ocr_carea' id='block_1_6' title="bbox 488 576 2090 658">
    <p class='ocr_par' dir='ltr' id='par_1_6' title="bbox 488 576 2090 658">
     <span class='ocr_line' id='line_1_6' title="bbox 488 576 2090 658; baseline -0.001 -16"><span class='ocrx_word' id='word_1_29' title='bbox 488 588 843 651; x_wconf 88' lang='lat' dir='ltr'><strong>contrarium,</strong></span> <span class='ocrx_word' id='word_1_30' title='bbox 890 585 1164 656; x_wconf 85' lang='lat' dir='ltr'><strong>quomodo</strong></span> <span class='ocrx_word' id='word_1_31' title='bbox 1204 587 1435 655; x_wconf 84' lang='lat' dir='ltr'><strong>paxillus</strong></span> <span class='ocrx_word' id='word_1_32' title='bbox 1468 589 1587 654; x_wconf 86' lang='lat' dir='ltr'><strong>iste,</strong></span> <span class='ocrx_word' id='word_1_33' title='bbox 1619 576 1711 658; x_wconf 86' lang='lat' dir='ltr'><strong>qui</strong></span> <span class='ocrx_word' id='word_1_34' title='bbox 1742 586 1882 642; x_wconf 83' lang='lat' dir='ltr'><strong>ﬁxus</strong></span> <span class='ocrx_word' id='word_1_35' title='bbox 1914 587 2090 641; x_wconf 85' lang='lat' dir='ltr'><strong>fuerat</strong></span> 
     </span>
    </p>
   </div>
   <div class='ocr_carea' id='block_1_7' title="bbox 489 677 2094 749">
    <p class='ocr_par' dir='ltr' id='par_1_7' title="bbox 489 677 2094 749">
     <span class='ocr_line' id='line_1_7' title="bbox 489 677 2094 749; baseline 0 -15"><span class='ocrx_word' id='word_1_36' title='bbox 489 678 680 734; x_wconf 88' lang='lat' dir='ltr'><strong>inloco</strong></span> <span class='ocrx_word' id='word_1_37' title='bbox 702 677 867 741; x_wconf 88' lang='lat' dir='ltr'><strong>ttdeli,</strong></span> <span class='ocrx_word' id='word_1_38' title='bbox 894 677 1176 733; x_wconf 85' lang='lat' dir='ltr'><strong>auferatur</strong></span> <span class='ocrx_word' id='word_1_39' title='bbox 1196 687 1251 734; x_wconf 89' lang='lat' dir='ltr'><strong>et</strong></span> <span class='ocrx_word' id='word_1_40' title='bbox 1282 678 1559 749; x_wconf 70' lang='lat' dir='ltr'><strong>frangatur</strong></span> <span class='ocrx_word' id='word_1_41' title='bbox 1584 698 1597 734; x_wconf 90' lang='lat'><strong>:</strong></span> <span class='ocrx_word' id='word_1_42' title='bbox 1622 688 1676 735; x_wconf 89' lang='lat' dir='ltr'><strong>et</strong></span> <span class='ocrx_word' id='word_1_43' title='bbox 1703 679 1863 734; x_wconf 89' lang='lat' dir='ltr'><strong>cadat</strong></span> <span class='ocrx_word' id='word_1_44' title='bbox 1889 686 1943 734; x_wconf 91' lang='lat' dir='ltr'><strong>et</strong></span> <span class='ocrx_word' id='word_1_45' title='bbox 1970 692 2094 749; x_wconf 80' lang='lat' dir='ltr'><strong>per-</strong></span> 
     </span>
    </p>
   </div>
   <div class='ocr_carea' id='block_1_8' title="bbox 493 769 2091 843">
    <p class='ocr_par' dir='ltr' id='par_1_8' title="bbox 493 769 2091 843">
     <span class='ocr_line' id='line_1_8' title="bbox 493 769 2091 843; baseline 0.001 -18"><span class='ocrx_word' id='word_1_46' title='bbox 493 780 579 825; x_wconf 91' lang='lat' dir='ltr'><strong>eat</strong></span> <span class='ocrx_word' id='word_1_47' title='bbox 619 769 761 839; x_wconf 90' lang='lat' dir='ltr'><strong>quod</strong></span> <span class='ocrx_word' id='word_1_48' title='bbox 786 769 1126 841; x_wconf 75' lang='lat' dir='ltr'><strong>pependerat</strong></span> <span class='ocrx_word' id='word_1_49' title='bbox 1150 770 1203 824; x_wconf 92' lang='lat' dir='ltr'><strong>in</strong></span> <span class='ocrx_word' id='word_1_50' title='bbox 1228 785 1318 834; x_wconf 92' lang='lat' dir='ltr'><strong>eo.</strong></span> <span class='ocrx_word' id='word_1_51' title='bbox 1346 770 1529 827; x_wconf 90' lang='lat' dir='ltr'><strong>ethoc</strong></span> <span class='ocrx_word' id='word_1_52' title='bbox 1555 773 1644 826; x_wconf 84' lang='lat' dir='ltr'><strong>tiat</strong></span> <span class='ocrx_word' id='word_1_53' title='bbox 1675 772 1799 843; x_wconf 89' lang='lat' dir='ltr'><strong>quia</strong></span> <span class='ocrx_word' id='word_1_54' title='bbox 1828 772 2091 827; x_wconf 88' lang='lat' dir='ltr'><strong>Dominus</strong></span> 
     </span>
    </p>
   </div>
   <div class='ocr_carea' id='block_1_9' title="bbox 489 863 2091 936">
    <p class='ocr_par' dir='ltr' id='par_1_9' title="bbox 489 863 2091 936">
     <span class='ocr_line' id='line_1_9' title="bbox 489 863 2091 936; baseline 0.003 -19"><span class='ocrx_word' id='word_1_55' title='bbox 489 864 702 921; x_wconf 82' lang='lat' dir='ltr'><strong>luemus</strong></span> <span class='ocrx_word' id='word_1_56' title='bbox 750 873 855 918; x_wconf 91' lang='lat' dir='ltr'><strong>est.</strong></span> <span class='ocrx_word' id='word_1_57' title='bbox 889 863 1048 932; x_wconf 85' lang='lat' dir='ltr'><strong>Quod</strong></span> <span class='ocrx_word' id='word_1_58' title='bbox 1100 865 1170 919; x_wconf 91' lang='lat' dir='ltr'><strong>ita</strong></span> <span class='ocrx_word' id='word_1_59' title='bbox 1220 865 1357 920; x_wconf 89' lang='lat' dir='ltr'><strong>solvi</strong></span> <span class='ocrx_word' id='word_1_60' title='bbox 1407 875 1583 936; x_wconf 83' lang='lat' dir='ltr'><strong>potest</strong></span> <span class='ocrx_word' id='word_1_61' title='bbox 1614 866 1659 921; x_wconf 91' lang='lat' dir='ltr'><strong>si</strong></span> <span class='ocrx_word' id='word_1_62' title='bbox 1691 867 1929 936; x_wconf 81' lang='lat' dir='ltr'><strong>legamus</strong></span> <span class='ocrx_word' id='word_1_63' title='bbox 1958 866 2091 923; x_wconf 90' lang='lat' dir='ltr'><strong>illud</strong></span> 
     </span>
    </p>
   </div>
   <div class='ocr_carea' id='block_1_10' title="bbox 491 955 2093 1030">
    <p class='ocr_par' dir='ltr' id='par_1_10' title="bbox 491 955 2093 1030">
     <span class='ocr_line' id='line_1_10' title="bbox 491 955 2093 1030; baseline 0.002 -19"><span class='ocrx_word' id='word_1_64' title='bbox 491 955 814 1027; x_wconf 75' lang='lat' dir='ltr'><strong>Evangelii,</strong></span> <span class='ocrx_word' id='word_1_65' title='bbox 856 956 1001 1028; x_wconf 88' lang='lat' dir='ltr'><strong>quod</strong></span> <span class='ocrx_word' id='word_1_66' title='bbox 1052 958 1105 1012; x_wconf 87' lang='lat' dir='ltr'><strong>in</strong></span> <span class='ocrx_word' id='word_1_67' title='bbox 1170 958 1480 1013; x_wconf 75' lang='lat' dir='ltr'><strong>novissimis</strong></span> <span class='ocrx_word' id='word_1_68' title='bbox 1537 958 1729 1014; x_wconf 90' lang='lat' dir='ltr'><strong>diebus</strong></span> <span class='ocrx_word' id='word_1_69' title='bbox 1773 960 2093 1030; x_wconf 86' lang='lat' dir='ltr'><strong>refrigescat</strong></span> 
     </span>
    </p>
   </div>
   <div class='ocr_carea' id='block_1_11' title="bbox 490 1050 2094 1125">
    <p class='ocr_par' dir='ltr' id='par_1_11' title="bbox 490 1050 2094 1125">
     <span class='ocr_line' id='line_1_11' title="bbox 490 1050 2094 1125; baseline 0.002 -18"><span class='ocrx_word' id='word_1_70' title='bbox 490 1051 730 1107; x_wconf 86' lang='lat' dir='ltr'><strong>charitas</strong></span> <span class='ocrx_word' id='word_1_71' title='bbox 776 1051 1076 1107; x_wconf 89' lang='lat' dir='ltr'><strong>multorum</strong></span> <span class='ocrx_word' id='word_1_72' title='bbox 1121 1050 1550 1125; x_wconf 61' lang='lat' dir='ltr'><strong>(MatthJXtv);</strong></span> <span class='ocrx_word' id='word_1_73' title='bbox 1596 1063 1650 1109; x_wconf 87' lang='lat' dir='ltr'><strong>et</strong></span> <span class='ocrx_word' id='word_1_74' title='bbox 1676 1054 1794 1125; x_wconf 70' lang='lat' dir='ltr'><strong>ipse</strong></span> <span class='ocrx_word' id='word_1_75' title='bbox 1829 1054 2094 1111; x_wconf 84' lang='lat' dir='ltr'><strong>Dominus</strong></span> 
     </span>
    </p>
   </div>
   <div class='ocr_carea' id='block_1_12' title="bbox 494 1143 2096 1217">
    <p class='ocr_par' dir='ltr' id='par_1_12' title="bbox 494 1143 2096 1217">
     <span class='ocr_line' id='line_1_12' title="bbox 494 1143 2096 1217; baseline 0.002 -19"><span class='ocrx_word' id='word_1_76' title='bbox 494 1145 641 1200; x_wconf 89' lang='lat' dir='ltr'><strong>dicat</strong></span> <span class='ocrx_word' id='word_1_77' title='bbox 671 1161 684 1197; x_wconf 89' lang='lat'><strong>:</strong></span> <span class='ocrx_word' id='word_1_78' title='bbox 720 1143 889 1198; x_wconf 89' lang='lat' dir='ltr'><strong>Putas</strong></span> <span class='ocrx_word' id='word_1_79' title='bbox 916 1143 1058 1215; x_wconf 82' lang='lat' dir='ltr'><strong>ﬁlius</strong></span> <span class='ocrx_word' id='word_1_80' title='bbox 1086 1145 1307 1201; x_wconf 86' lang='lat' dir='ltr'><strong>hominis</strong></span> <span class='ocrx_word' id='word_1_81' title='bbox 1338 1149 1545 1201; x_wconf 87' lang='lat' dir='ltr'><strong>veniens</strong></span> <span class='ocrx_word' id='word_1_82' title='bbox 1573 1146 1796 1201; x_wconf 86' lang='lat' dir='ltr'><strong>inveniet</strong></span> <span class='ocrx_word' id='word_1_83' title='bbox 1817 1147 1973 1217; x_wconf 80' lang='lat' dir='ltr'><strong>ﬁdem</strong></span> <span class='ocrx_word' id='word_1_84' title='bbox 2006 1163 2096 1201; x_wconf 87' lang='lat' dir='ltr'><strong>su-</strong></span> 
     </span>
    </p>
   </div>
   <div class='ocr_carea' id='block_1_13' title="bbox 494 1236 2091 1312">
    <p class='ocr_par' dir='ltr' id='par_1_13' title="bbox 494 1236 2091 1312">
     <span class='ocr_line' id='line_1_13' title="bbox 494 1236 2091 1312; baseline 0.003 -21"><span class='ocrx_word' id='word_1_85' title='bbox 494 1253 587 1308; x_wconf 81' lang='lat' dir='ltr'><strong>per</strong></span> <span class='ocrx_word' id='word_1_86' title='bbox 613 1248 806 1292; x_wconf 84' lang='lat' dir='ltr'><strong>terram</strong></span> <span class='ocrx_word' id='word_1_87' title='bbox 828 1236 1157 1311; x_wconf 84' lang='lat' dir='ltr'><strong>(Luc.xvm,</strong></span> <span class='ocrx_word' id='word_1_88' title='bbox 1187 1238 1279 1310; x_wconf 83' lang='lat'><strong>8)?</strong></span> <span class='ocrx_word' id='word_1_89' title='bbox 1307 1239 1425 1295; x_wconf 89' lang='lat' dir='ltr'><strong>Non</strong></span> <span class='ocrx_word' id='word_1_90' title='bbox 1453 1254 1583 1312; x_wconf 86' lang='lat' dir='ltr'><strong>ergo</strong></span> <span class='ocrx_word' id='word_1_91' title='bbox 1612 1241 1846 1309; x_wconf 81' lang='lat' dir='ltr'><strong>paxillus</strong></span> <span class='ocrx_word' id='word_1_92' title='bbox 1875 1241 2091 1312; x_wconf 85' lang='lat' dir='ltr'><strong>frange-</strong></span> 
     </span>
    </p>
   </div>
   <div class='ocr_carea' id='block_1_14' title="bbox 497 1330 2095 1403">
    <p class='ocr_par' dir='ltr' id='par_1_14' title="bbox 497 1330 2095 1403">
     <span class='ocr_line' id='line_1_14' title="bbox 497 1330 2095 1403; baseline 0.003 -18"><span class='ocrx_word' id='word_1_93' title='bbox 497 1344 582 1385; x_wconf 85' lang='lat' dir='ltr'><strong>tur</strong></span> <span class='ocrx_word' id='word_1_94' title='bbox 612 1338 667 1385; x_wconf 88' lang='lat' dir='ltr'><strong>et</strong></span> <span class='ocrx_word' id='word_1_95' title='bbox 689 1330 846 1386; x_wconf 85' lang='lat' dir='ltr'><strong>cadet</strong></span> <span class='ocrx_word' id='word_1_96' title='bbox 873 1339 929 1386; x_wconf 89' lang='lat' dir='ltr'><strong>et</strong></span> <span class='ocrx_word' id='word_1_97' title='bbox 959 1332 1173 1401; x_wconf 84' lang='lat' dir='ltr'><strong>peribit,</strong></span> <span class='ocrx_word' id='word_1_98' title='bbox 1211 1331 1355 1403; x_wconf 90' lang='lat' dir='ltr'><strong>quod</strong></span> <span class='ocrx_word' id='word_1_99' title='bbox 1388 1332 1610 1402; x_wconf 88' lang='lat' dir='ltr'><strong>impium</strong></span> <span class='ocrx_word' id='word_1_100' title='bbox 1640 1342 1722 1388; x_wconf 90' lang='lat' dir='ltr'><strong>est</strong></span> <span class='ocrx_word' id='word_1_101' title='bbox 1750 1332 1967 1389; x_wconf 88' lang='lat' dir='ltr'><strong>dicere:</strong></span> <span class='ocrx_word' id='word_1_102' title='bbox 1996 1334 2095 1390; x_wconf 90' lang='lat' dir='ltr'><strong>sed</strong></span> 
     </span>
    </p>
   </div>
   <div class='ocr_carea' id='block_1_15' title="bbox 492 1424 2095 1496">
    <p class='ocr_par' dir='ltr' id='par_1_15' title="bbox 492 1424 2095 1496">
     <span class='ocr_line' id='line_1_15' title="bbox 492 1424 2095 1496; baseline 0.002 -17"><span class='ocrx_word' id='word_1_103' title='bbox 492 1424 725 1496; x_wconf 80' lang='lat' dir='ltr'><strong>paxillus</strong></span> <span class='ocrx_word' id='word_1_104' title='bbox 753 1424 1032 1480; x_wconf 77' lang='lat' dir='ltr'><strong>auferetur</strong></span> <span class='ocrx_word' id='word_1_105' title='bbox 1056 1424 1268 1481; x_wconf 91' lang='lat' dir='ltr'><strong>deloco</strong></span> <span class='ocrx_word' id='word_1_106' title='bbox 1299 1424 1463 1491; x_wconf 88' lang='lat' dir='ltr'><strong>lldeIi,</strong></span> <span class='ocrx_word' id='word_1_107' title='bbox 1500 1426 1603 1480; x_wconf 82' lang='lat' dir='ltr'><strong>huc</strong></span> <span class='ocrx_word' id='word_1_108' title='bbox 1629 1433 1731 1494; x_wconf 88' lang='lat' dir='ltr'><strong>est,</strong></span> <span class='ocrx_word' id='word_1_109' title='bbox 1759 1426 1827 1481; x_wconf 89' lang='lat' dir='ltr'><strong>de</strong></span> <span class='ocrx_word' id='word_1_110' title='bbox 1857 1426 2095 1483; x_wconf 82' lang='lat' dir='ltr'><strong>Ecclesia</strong></span> 
     </span>
    </p>
   </div>
   <div class='ocr_carea' id='block_1_16' title="bbox 494 1516 2100 1590">
    <p class='ocr_par' dir='ltr' id='par_1_16' title="bbox 494 1516 2100 1590">
     <span class='ocr_line' id='line_1_16' title="bbox 494 1516 2100 1590; baseline 0.002 -18"><span class='ocrx_word' id='word_1_111' title='bbox 494 1532 594 1587; x_wconf 83' lang='lat' dir='ltr'><strong>per</strong></span> <span class='ocrx_word' id='word_1_112' title='bbox 621 1516 951 1587; x_wconf 85' lang='lat' dir='ltr'><strong>impietatem</strong></span> <span class='ocrx_word' id='word_1_113' title='bbox 977 1516 1219 1586; x_wconf 85' lang='lat' dir='ltr'><strong>quotidie</strong></span> <span class='ocrx_word' id='word_1_114' title='bbox 1248 1516 1714 1582; x_wconf 82' lang='lat' dir='ltr'><strong>subcrescentem,</strong></span> <span class='ocrx_word' id='word_1_115' title='bbox 1745 1526 1799 1572; x_wconf 88' lang='lat' dir='ltr'><strong>et</strong></span> <span class='ocrx_word' id='word_1_116' title='bbox 1823 1521 1910 1588; x_wconf 85' lang='lat' dir='ltr'><strong>qui</strong></span> <span class='ocrx_word' id='word_1_117' title='bbox 1934 1533 2100 1590; x_wconf 89' lang='lat' dir='ltr'><strong>super</strong></span> 
     </span>
    </p>
   </div>
   <div class='ocr_carea' id='block_1_17' title="bbox 494 1610 2097 1682">
    <p class='ocr_par' dir='ltr' id='par_1_17' title="bbox 494 1610 2097 1682">
     <span class='ocr_line' id='line_1_17' title="bbox 494 1610 2097 1682; baseline 0 -15"><span class='ocrx_word' id='word_1_118' title='bbox 494 1625 617 1667; x_wconf 88' lang='lat' dir='ltr'><strong>eum</strong></span> <span class='ocrx_word' id='word_1_119' title='bbox 647 1619 774 1666; x_wconf 89' lang='lat' dir='ltr'><strong>ante</strong></span> <span class='ocrx_word' id='word_1_120' title='bbox 819 1610 1192 1682; x_wconf 88' lang='lat' dir='ltr'><strong>pependerant</strong></span> <span class='ocrx_word' id='word_1_121' title='bbox 1221 1610 1347 1676; x_wconf 76' lang='lat' dir='ltr'><strong>fide,</strong></span> <span class='ocrx_word' id='word_1_122' title='bbox 1382 1617 1570 1681; x_wconf 85' lang='lat' dir='ltr'><strong>postea</strong></span> <span class='ocrx_word' id='word_1_123' title='bbox 1598 1611 1922 1668; x_wconf 82' lang='lat' dir='ltr'><strong>infidelitate</strong></span> <span class='ocrx_word' id='word_1_124' title='bbox 1948 1611 2097 1667; x_wconf 84' lang='lat' dir='ltr'><strong>fran-</strong></span> 
     </span>
    </p>
   </div>
   <div class='ocr_carea' id='block_1_18' title="bbox 494 1705 2097 1776">
    <p class='ocr_par' dir='ltr' id='par_1_18' title="bbox 494 1705 2097 1776">
     <span class='ocr_line' id='line_1_18' title="bbox 494 1705 2097 1776; baseline 0.001 -15"><span class='ocrx_word' id='word_1_125' title='bbox 494 1715 691 1776; x_wconf 85' lang='lat' dir='ltr'><strong>gentur</strong></span> <span class='ocrx_word' id='word_1_126' title='bbox 717 1714 771 1760; x_wconf 90' lang='lat' dir='ltr'><strong>et</strong></span> <span class='ocrx_word' id='word_1_127' title='bbox 798 1705 995 1760; x_wconf 78' lang='lat' dir='ltr'><strong>cadent</strong></span> <span class='ocrx_word' id='word_1_128' title='bbox 1021 1711 1078 1760; x_wconf 87' lang='lat' dir='ltr'><strong>et</strong></span> <span class='ocrx_word' id='word_1_129' title='bbox 1104 1705 1377 1776; x_wconf 88' lang='lat' dir='ltr'><strong>peribunt.</strong></span> <span class='ocrx_word' id='word_1_130' title='bbox 1413 1706 1524 1760; x_wconf 86' lang='lat' dir='ltr'><strong>lloc</strong></span> <span class='ocrx_word' id='word_1_131' title='bbox 1565 1713 1746 1762; x_wconf 88' lang='lat' dir='ltr'><strong>autem</strong></span> <span class='ocrx_word' id='word_1_132' title='bbox 1778 1707 1869 1763; x_wconf 87' lang='lat' dir='ltr'><strong>fiet</strong></span> <span class='ocrx_word' id='word_1_133' title='bbox 1898 1708 1951 1762; x_wconf 92' lang='lat' dir='ltr'><strong>in</strong></span> <span class='ocrx_word' id='word_1_134' title='bbox 1982 1707 2097 1763; x_wconf 88' lang='lat' dir='ltr'><strong>die-</strong></span> 
     </span>
    </p>
   </div>
   <div class='ocr_carea' id='block_1_19' title="bbox 2189 487 3778 560">
    <p class='ocr_par' dir='ltr' id='par_1_19' title="bbox 2189 487 3778 560">
     <span class='ocr_line' id='line_1_19' title="bbox 2189 487 3778 560; baseline 0.001 -14"><span class='ocrx_word' id='word_1_135' title='bbox 2189 490 2464 546; x_wconf 82' lang='lat' dir='ltr'><strong>ﬂuctibus.</strong></span> <span class='ocrx_word' id='word_1_136' title='bbox 2513 488 2683 560; x_wconf 82' lang='lat' dir='ltr'><strong>Hujus</strong></span> <span class='ocrx_word' id='word_1_137' title='bbox 2726 496 2908 545; x_wconf 87' lang='lat' dir='ltr'><strong>autem</strong></span> <span class='ocrx_word' id='word_1_138' title='bbox 2957 488 3151 545; x_wconf 70' lang='lat' dir='ltr'><strong>insula:</strong></span> <span class='ocrx_word' id='word_1_139' title='bbox 3181 487 3553 558; x_wconf 86' lang='lat' dir='ltr'><strong>negotiatores</strong></span> <span class='ocrx_word' id='word_1_140' title='bbox 3590 487 3655 544; x_wconf 90' lang='lat' dir='ltr'><strong>de</strong></span> <span class='ocrx_word' id='word_1_141' title='bbox 3696 487 3778 547; x_wconf 82' lang='lat' dir='ltr'><strong>Si-</strong></span> 
     </span>
    </p>
   </div>
   <div class='ocr_carea' id='block_1_20' title="bbox 2190 581 3781 654">
    <p class='ocr_par' dir='ltr' id='par_1_20' title="bbox 2190 581 3781 654">
     <span class='ocr_line' id='line_1_20' title="bbox 2190 581 3781 654; baseline 0.001 -17"><span class='ocrx_word' id='word_1_142' title='bbox 2190 582 2332 638; x_wconf 90' lang='lat' dir='ltr'><strong>done</strong></span> <span class='ocrx_word' id='word_1_143' title='bbox 2362 591 2509 649; x_wconf 89' lang='lat' dir='ltr'><strong>sunt,</strong></span> <span class='ocrx_word' id='word_1_144' title='bbox 2539 597 2658 654; x_wconf 76' lang='lat' dir='ltr'><strong>qua:</strong></span> <span class='ocrx_word' id='word_1_145' title='bbox 2687 583 3077 653; x_wconf 85' lang='lat' dir='ltr'><strong>interpretatur</strong></span> <span class='ocrx_word' id='word_1_146' title='bbox 3104 581 3363 649; x_wconf 73' lang='lat' dir='ltr'><strong>venatrix,</strong></span> <span class='ocrx_word' id='word_1_147' title='bbox 3392 592 3448 636; x_wconf 90' lang='lat' dir='ltr'><strong>et</strong></span> <span class='ocrx_word' id='word_1_148' title='bbox 3473 581 3530 637; x_wconf 83' lang='lat' dir='ltr'><strong>in</strong></span> <span class='ocrx_word' id='word_1_149' title='bbox 3557 597 3660 653; x_wconf 84' lang='lat' dir='ltr'><strong>qua</strong></span> <span class='ocrx_word' id='word_1_150' title='bbox 3693 582 3781 639; x_wconf 82' lang='lat' dir='ltr'><strong>ha-</strong></span> 
     </span>
    </p>
   </div>
   <div class='ocr_carea' id='block_1_21' title="bbox 2191 660 3778 745">
    <p class='ocr_par' dir='ltr' id='par_1_21' title="bbox 2191 660 3778 745">
     <span class='ocr_line' id='line_1_21' title="bbox 2191 660 3778 745; baseline 0.003 -16"><span class='ocrx_word' id='word_1_151' title='bbox 2191 660 2366 729; x_wconf 78' lang='lat' dir='ltr'><strong>bitant</strong></span> <span class='ocrx_word' id='word_1_152' title='bbox 2392 675 2607 745; x_wconf 88' lang='lat' dir='ltr'><strong>plurimi</strong></span> <span class='ocrx_word' id='word_1_153' title='bbox 2640 684 2951 730; x_wconf 83' lang='lat' dir='ltr'><strong>venatores.</strong></span> <span class='ocrx_word' id='word_1_154' title='bbox 2983 673 3060 730; x_wconf 88' lang='lat' dir='ltr'><strong>De</strong></span> <span class='ocrx_word' id='word_1_155' title='bbox 3105 673 3304 744; x_wconf 87' lang='lat' dir='ltr'><strong>quibus</strong></span> <span class='ocrx_word' id='word_1_156' title='bbox 3350 673 3614 744; x_wconf 89' lang='lat' dir='ltr'><strong>scriptum</strong></span> <span class='ocrx_word' id='word_1_157' title='bbox 3657 684 3778 734; x_wconf 86' lang='lat' dir='ltr'><strong>est:</strong></span> 
     </span>
    </p>
   </div>
   <div class='ocr_carea' id='block_1_22' title="bbox 2193 770 3781 848">
    <p class='ocr_par' dir='ltr' id='par_1_22' title="bbox 2193 770 3781 848">
     <span class='ocr_line' id='line_1_22' title="bbox 2193 770 3781 848; baseline 0.004 -23"><span class='ocrx_word' id='word_1_158' title='bbox 2193 770 2456 827; x_wconf 85' lang='lat' dir='ltr'><strong>Liberabit</strong></span> <span class='ocrx_word' id='word_1_159' title='bbox 2493 781 2543 828; x_wconf 86' lang='lat' dir='ltr'><strong>te</strong></span> <span class='ocrx_word' id='word_1_160' title='bbox 2583 772 2647 828; x_wconf 85' lang='lat' dir='ltr'><strong>de</strong></span> <span class='ocrx_word' id='word_1_161' title='bbox 2685 771 2870 845; x_wconf 78' lang='lat' dir='ltr'><strong>laqueo</strong></span> <span class='ocrx_word' id='word_1_162' title='bbox 2915 773 3214 829; x_wconf 88' lang='lat' dir='ltr'><strong>venantium</strong></span> <span class='ocrx_word' id='word_1_163' title='bbox 3257 770 3375 848; x_wconf 84' lang='lat' dir='ltr'><strong>(Ps.</strong></span> <span class='ocrx_word' id='word_1_164' title='bbox 3410 787 3500 838; x_wconf 82' lang='lat' dir='ltr'><strong>xc,</strong></span> <span class='ocrx_word' id='word_1_165' title='bbox 3531 770 3611 845; x_wconf 74' lang='lat'><strong>3).</strong></span> <span class='ocrx_word' id='word_1_166' title='bbox 3642 773 3707 830; x_wconf 85' lang='lat' dir='ltr'><strong>Et</strong></span> <span class='ocrx_word' id='word_1_167' title='bbox 3729 773 3781 832; x_wconf 85' lang='lat' dir='ltr'><strong>in</strong></span> 
     </span>
    </p>
   </div>
   <div class='ocr_carea' id='block_1_23' title="bbox 2192 863 3782 937">
    <p class='ocr_par' dir='ltr' id='par_1_23' title="bbox 2192 863 3782 937">
     <span class='ocr_line' id='line_1_23' title="bbox 2192 863 3782 937; baseline 0.001 -18"><span class='ocrx_word' id='word_1_168' title='bbox 2192 864 2301 919; x_wconf 89' lang='lat' dir='ltr'><strong>alio</strong></span> <span class='ocrx_word' id='word_1_169' title='bbox 2352 865 2470 920; x_wconf 89' lang='lat' dir='ltr'><strong>loco</strong></span> <span class='ocrx_word' id='word_1_170' title='bbox 2518 865 2733 921; x_wconf 66' lang='lat' dir='ltr'><strong>laetatur</strong></span> <span class='ocrx_word' id='word_1_171' title='bbox 2777 875 3017 933; x_wconf 85' lang='lat' dir='ltr'><strong>sanctus,</strong></span> <span class='ocrx_word' id='word_1_172' title='bbox 3051 864 3195 937; x_wconf 90' lang='lat' dir='ltr'><strong>quod</strong></span> <span class='ocrx_word' id='word_1_173' title='bbox 3226 863 3297 921; x_wconf 88' lang='lat' dir='ltr'><strong>de</strong></span> <span class='ocrx_word' id='word_1_174' title='bbox 3342 880 3534 920; x_wconf 89' lang='lat' dir='ltr'><strong>eorum</strong></span> <span class='ocrx_word' id='word_1_175' title='bbox 3585 865 3782 922; x_wconf 84' lang='lat' dir='ltr'><strong>insidiis</strong></span> 
     </span>
    </p>
   </div>
   <div class='ocr_carea' id='block_1_24' title="bbox 2192 955 3782 1029">
    <p class='ocr_par' dir='ltr' id='par_1_24' title="bbox 2192 955 3782 1029">
     <span class='ocr_line' id='line_1_24' title="bbox 2192 955 3782 1029; baseline 0.002 -19"><span class='ocrx_word' id='word_1_176' title='bbox 2192 955 2452 1011; x_wconf 78' lang='lat' dir='ltr'><strong>liberatus</strong></span> <span class='ocrx_word' id='word_1_177' title='bbox 2474 959 2546 1012; x_wconf 85' lang='lat' dir='ltr'><strong>sit</strong></span> <span class='ocrx_word' id='word_1_178' title='bbox 2567 957 2757 1014; x_wconf 83' lang='lat' dir='ltr'><strong>dicens</strong></span> <span class='ocrx_word' id='word_1_179' title='bbox 2783 974 2796 1012; x_wconf 90' lang='lat'><strong>:</strong></span> <span class='ocrx_word' id='word_1_180' title='bbox 2830 956 3022 1013; x_wconf 81' lang='lat' dir='ltr'><strong>Anima</strong></span> <span class='ocrx_word' id='word_1_181' title='bbox 3050 966 3228 1012; x_wconf 87' lang='lat' dir='ltr'><strong>nostra</strong></span> <span class='ocrx_word' id='word_1_182' title='bbox 3256 960 3393 1012; x_wconf 82' lang='lat' dir='ltr'><strong>sicut</strong></span> <span class='ocrx_word' id='word_1_183' title='bbox 3419 971 3597 1027; x_wconf 83' lang='lat' dir='ltr'><strong>passer</strong></span> <span class='ocrx_word' id='word_1_184' title='bbox 3621 965 3782 1029; x_wconf 71' lang='lat' dir='ltr'><strong>erepta</strong></span> 
     </span>
    </p>
   </div>
   <div class='ocr_carea' id='block_1_25' title="bbox 2195 1050 3784 1127">
    <p class='ocr_par' dir='ltr' id='par_1_25' title="bbox 2195 1050 3784 1127">
     <span class='ocr_line' id='line_1_25' title="bbox 2195 1050 3784 1127; baseline 0.003 -22"><span class='ocrx_word' id='word_1_185' title='bbox 2195 1060 2266 1106; x_wconf 85' lang='lat' dir='ltr'><strong>est</strong></span> <span class='ocrx_word' id='word_1_186' title='bbox 2293 1050 2357 1105; x_wconf 85' lang='lat' dir='ltr'><strong>de</strong></span> <span class='ocrx_word' id='word_1_187' title='bbox 2386 1052 2570 1122; x_wconf 78' lang='lat' dir='ltr'><strong>laqueo</strong></span> <span class='ocrx_word' id='word_1_188' title='bbox 2593 1054 2888 1107; x_wconf 79' lang='lat' dir='ltr'><strong>venantium</strong></span> <span class='ocrx_word' id='word_1_189' title='bbox 2917 1053 3034 1127; x_wconf 85' lang='lat' dir='ltr'><strong>(Ps.</strong></span> <span class='ocrx_word' id='word_1_190' title='bbox 3067 1066 3236 1108; x_wconf 81' lang='lat' dir='ltr'><strong>cxxttt</strong></span> <span class='ocrx_word' id='word_1_191' title='bbox 3253 1095 3266 1119; x_wconf 93' lang='lat'><strong>,</strong></span> <span class='ocrx_word' id='word_1_192' title='bbox 3293 1052 3371 1124; x_wconf 85' lang='lat'><strong>7).</strong></span> <span class='ocrx_word' id='word_1_193' title='bbox 3395 1052 3597 1107; x_wconf 82' lang='lat' dir='ltr'><strong>Omnes</strong></span> <span class='ocrx_word' id='word_1_194' title='bbox 3620 1060 3784 1109; x_wconf 82' lang='lat' dir='ltr'><strong>autem</strong></span> 
     </span>
    </p>
   </div>
   <div class='ocr_carea' id='block_1_26' title="bbox 2195 1144 3786 1217">
    <p class='ocr_par' dir='ltr' id='par_1_26' title="bbox 2195 1144 3786 1217">
     <span class='ocr_line' id='line_1_26' title="bbox 2195 1144 3786 1217; baseline 0.003 -21"><span class='ocrx_word' id='word_1_195' title='bbox 2195 1146 2569 1212; x_wconf 82' lang='lat' dir='ltr'><strong>negotiatores</strong></span> <span class='ocrx_word' id='word_1_196' title='bbox 2614 1146 2855 1215; x_wconf 85' lang='lat' dir='ltr'><strong>gentium</strong></span> <span class='ocrx_word' id='word_1_197' title='bbox 2903 1144 3181 1217; x_wconf 78' lang='lat' dir='ltr'><strong>segetibus</strong></span> <span class='ocrx_word' id='word_1_198' title='bbox 3224 1155 3632 1215; x_wconf 87' lang='lat' dir='ltr'><strong>comparantur,</strong></span> <span class='ocrx_word' id='word_1_199' title='bbox 3676 1158 3786 1215; x_wconf 73' lang='lat' dir='ltr'><strong>qua</strong></span> 
     </span>
    </p>
   </div>
   <div class='ocr_carea' id='block_1_27' title="bbox 2196 1235 3790 1308">
    <p class='ocr_par' dir='ltr' id='par_1_27' title="bbox 2196 1235 3790 1308">
     <span class='ocr_line' id='line_1_27' title="bbox 2196 1235 3790 1308; baseline 0.003 -18"><span class='ocrx_word' id='word_1_200' title='bbox 2196 1235 2306 1290; x_wconf 88' lang='lat' dir='ltr'><strong>cito</strong></span> <span class='ocrx_word' id='word_1_201' title='bbox 2352 1245 2629 1305; x_wconf 90' lang='lat' dir='ltr'><strong>arescunt,</strong></span> <span class='ocrx_word' id='word_1_202' title='bbox 2664 1241 2781 1293; x_wconf 89' lang='lat' dir='ltr'><strong>sive</strong></span> <span class='ocrx_word' id='word_1_203' title='bbox 2832 1238 3104 1294; x_wconf 86' lang='lat' dir='ltr'><strong>messibus</strong></span> <span class='ocrx_word' id='word_1_204' title='bbox 3150 1237 3394 1293; x_wconf 88' lang='lat' dir='ltr'><strong>fluminis</strong></span> <span class='ocrx_word' id='word_1_205' title='bbox 3420 1252 3542 1308; x_wconf 75' lang='lat' dir='ltr'><strong>qua:</strong></span> <span class='ocrx_word' id='word_1_206' title='bbox 3568 1237 3636 1292; x_wconf 90' lang='lat' dir='ltr'><strong>de</strong></span> <span class='ocrx_word' id='word_1_207' title='bbox 3659 1238 3790 1294; x_wconf 64' lang='lat' dir='ltr'><strong>caelo</strong></span> 
     </span>
    </p>
   </div>
   <div class='ocr_carea' id='block_1_28' title="bbox 2198 1328 3788 1403">
    <p class='ocr_par' dir='ltr' id='par_1_28' title="bbox 2198 1328 3788 1403">
     <span class='ocr_line' id='line_1_28' title="bbox 2198 1328 3788 1403; baseline 0.003 -19"><span class='ocrx_word' id='word_1_208' title='bbox 2198 1342 2305 1385; x_wconf 91' lang='lat' dir='ltr'><strong>non</strong></span> <span class='ocrx_word' id='word_1_209' title='bbox 2356 1328 2557 1386; x_wconf 83' lang='lat' dir='ltr'><strong>habent</strong></span> <span class='ocrx_word' id='word_1_210' title='bbox 2605 1331 2878 1402; x_wconf 85' lang='lat' dir='ltr'><strong>pluviam,</strong></span> <span class='ocrx_word' id='word_1_211' title='bbox 2933 1330 3029 1388; x_wconf 86' lang='lat' dir='ltr'><strong>sed</strong></span> <span class='ocrx_word' id='word_1_212' title='bbox 3060 1330 3128 1387; x_wconf 90' lang='lat' dir='ltr'><strong>dc</strong></span> <span class='ocrx_word' id='word_1_213' title='bbox 3176 1338 3320 1387; x_wconf 88' lang='lat' dir='ltr'><strong>terra</strong></span> <span class='ocrx_word' id='word_1_214' title='bbox 3369 1330 3648 1403; x_wconf 85' lang='lat' dir='ltr'><strong>:ideoque</strong></span> <span class='ocrx_word' id='word_1_215' title='bbox 3677 1346 3788 1390; x_wconf 81' lang='lat' dir='ltr'><strong>eum</strong></span> 
     </span>
    </p>
   </div>
   <div class='ocr_carea' id='block_1_29' title="bbox 2195 1422 3790 1495">
    <p class='ocr_par' dir='ltr' id='par_1_29' title="bbox 2195 1422 3790 1495">
     <span class='ocr_line' id='line_1_29' title="bbox 2195 1422 3790 1495; baseline 0.002 -18"><span class='ocrx_word' id='word_1_216' title='bbox 2195 1422 2447 1493; x_wconf 80' lang='lat' dir='ltr'><strong>gentibus</strong></span> <span class='ocrx_word' id='word_1_217' title='bbox 2482 1423 2740 1494; x_wconf 65' lang='lat' dir='ltr'><strong>peritura:</strong></span> <span class='ocrx_word' id='word_1_218' title='bbox 2769 1433 2916 1479; x_wconf 90' lang='lat' dir='ltr'><strong>sunt.</strong></span> <span class='ocrx_word' id='word_1_219' title='bbox 2954 1423 3053 1481; x_wconf 87' lang='lat' dir='ltr'><strong>Ubi</strong></span> <span class='ocrx_word' id='word_1_220' title='bbox 3084 1439 3185 1480; x_wconf 88' lang='lat' dir='ltr'><strong>nos</strong></span> <span class='ocrx_word' id='word_1_221' title='bbox 3213 1423 3443 1495; x_wconf 75' lang='lat' dir='ltr'><strong>legimus</strong></span> <span class='ocrx_word' id='word_1_222' title='bbox 3465 1466 3480 1489; x_wconf 87' lang='lat'><strong>,</strong></span> <span class='ocrx_word' id='word_1_223' title='bbox 3511 1439 3677 1481; x_wconf 84' lang='lat' dir='ltr'><strong>semen</strong></span> <span class='ocrx_word' id='word_1_224' title='bbox 3703 1440 3790 1480; x_wconf 86' lang='lat' dir='ltr'><strong>ne-</strong></span> 
     </span>
    </p>
   </div>
   <div class='ocr_carea' id='block_1_30' title="bbox 2197 1516 3792 1589">
    <p class='ocr_par' dir='ltr' id='par_1_30' title="bbox 2197 1516 3792 1589">
     <span class='ocr_line' id='line_1_30' title="bbox 2197 1516 3792 1589; baseline 0.003 -19"><span class='ocrx_word' id='word_1_225' title='bbox 2197 1516 2537 1587; x_wconf 84' lang='lat' dir='ltr'><strong>gotiatorum,</strong></span> <span class='ocrx_word' id='word_1_226' title='bbox 2565 1518 2616 1572; x_wconf 92' lang='lat' dir='ltr'><strong>in</strong></span> <span class='ocrx_word' id='word_1_227' title='bbox 2638 1517 2871 1573; x_wconf 67' lang='lat' dir='ltr'><strong>Iiebrteo</strong></span> <span class='ocrx_word' id='word_1_228' title='bbox 2902 1522 3163 1589; x_wconf 88' lang='lat' dir='ltr'><strong>scriptum</strong></span> <span class='ocrx_word' id='word_1_229' title='bbox 3187 1527 3291 1587; x_wconf 84' lang='lat' dir='ltr'><strong>est,</strong></span> <span class='ocrx_word' id='word_1_230' title='bbox 3318 1532 3492 1574; x_wconf 78' lang='lat' dir='ltr'><strong>semen</strong></span> <span class='ocrx_word' id='word_1_231' title='bbox 3510 1519 3641 1586; x_wconf 84' lang='lat' dir='ltr'><strong>sior,</strong></span> <span class='ocrx_word' id='word_1_232' title='bbox 3662 1518 3792 1589; x_wconf 84' lang='lat' dir='ltr'><strong>quod</strong></span> 
     </span>
    </p>
   </div>
   <div class='ocr_carea' id='block_1_31' title="bbox 2198 1610 3793 1687">
    <p class='ocr_par' dir='ltr' id='par_1_31' title="bbox 2198 1610 3793 1687">
     <span class='ocr_line' id='line_1_31' title="bbox 2198 1610 3793 1687; baseline 0.002 -20"><span class='ocrx_word' id='word_1_233' title='bbox 2198 1610 2517 1669; x_wconf 86' lang='lat' dir='ltr'><strong>subauditur</strong></span> <span class='ocrx_word' id='word_1_234' title='bbox 2545 1612 2674 1682; x_wconf 92' lang='lat' dir='ltr'><strong>Nili,</strong></span> <span class='ocrx_word' id='word_1_235' title='bbox 2704 1627 2772 1670; x_wconf 89' lang='lat' dir='ltr'><strong>eo</strong></span> <span class='ocrx_word' id='word_1_236' title='bbox 2799 1613 2943 1684; x_wconf 90' lang='lat' dir='ltr'><strong>quod</strong></span> <span class='ocrx_word' id='word_1_237' title='bbox 2972 1628 3142 1684; x_wconf 86' lang='lat' dir='ltr'><strong>aquas</strong></span> <span class='ocrx_word' id='word_1_238' title='bbox 3172 1613 3417 1671; x_wconf 89' lang='lat' dir='ltr'><strong>turbidas</strong></span> <span class='ocrx_word' id='word_1_239' title='bbox 3458 1613 3657 1672; x_wconf 74' lang='lat' dir='ltr'><strong>habent</strong></span> <span class='ocrx_word' id='word_1_240' title='bbox 3686 1615 3793 1687; x_wconf 87' lang='lat' dir='ltr'><strong>qui-</strong></span> 
     </span>
    </p>
   </div>
   <div class='ocr_carea' id='block_1_32' title="bbox 2200 1707 3136 1781">
    <p class='ocr_par' dir='ltr' id='par_1_32' title="bbox 2200 1707 3136 1781">
     <span class='ocr_line' id='line_1_32' title="bbox 2200 1707 3136 1781; baseline -0.002 -17"><span class='ocrx_word' id='word_1_241' title='bbox 2200 1710 2298 1764; x_wconf 90' lang='lat' dir='ltr'><strong>bus</strong></span> <span class='ocrx_word' id='word_1_242' title='bbox 2328 1707 2547 1781; x_wconf 65' lang='lat' dir='ltr'><strong>Egypti</strong></span> <span class='ocrx_word' id='word_1_243' title='bbox 2579 1716 2794 1779; x_wconf 75' lang='lat' dir='ltr'><strong>segetes</strong></span> <span class='ocrx_word' id='word_1_244' title='bbox 2821 1707 3136 1780; x_wconf 78' lang='lat' dir='ltr'><strong>irrigantur.</strong></span> 
     </span>
    </p>
   </div>
   <div class='ocr_carea' id='block_1_33' title="bbox 494 1793 3795 1872">
    <p class='ocr_par' dir='ltr' id='par_1_33' title="bbox 494 1793 3795 1872">
     <span class='ocr_line' id='line_1_33' title="bbox 494 1793 3795 1872; baseline 0.001 -20"><span class='ocrx_word' id='word_1_245' title='bbox 494 1797 941 1865; x_wconf 80' lang='lat' dir='ltr'><strong>busnovissimis,</strong></span> <span class='ocrx_word' id='word_1_246' title='bbox 960 1798 1085 1867; x_wconf 86' lang='lat' dir='ltr'><strong>quia</strong></span> <span class='ocrx_word' id='word_1_247' title='bbox 1109 1797 1590 1854; x_wconf 88' lang='lat' dir='ltr'><strong>Dmninuslocutus</strong></span> <span class='ocrx_word' id='word_1_248' title='bbox 1608 1799 1834 1854; x_wconf 86' lang='lat' dir='ltr'><strong>est.Pro</strong></span> <span class='ocrx_word' id='word_1_249' title='bbox 1857 1800 2085 1869; x_wconf 79' lang='lat' dir='ltr'><strong>paxillo,</strong></span> <span class='ocrx_word' id='word_1_250' title='bbox 2120 1793 2167 1853; x_wconf 89' lang='lat' dir='ltr'><strong>B</strong></span> <span class='ocrx_word' id='word_1_251' title='bbox 2265 1799 2447 1869; x_wconf 78' lang='lat' dir='ltr'><strong>(Vers.</strong></span> <span class='ocrx_word' id='word_1_252' title='bbox 2471 1798 2622 1869; x_wconf 74' lang='grc'><strong>4-5.)</strong></span> <span class='ocrx_word' id='word_1_253' title='bbox 2655 1797 2936 1868; x_wconf 78' lang='lat' dir='ltr'><strong>Erubesce,</strong></span> <span class='ocrx_word' id='word_1_254' title='bbox 2978 1798 3168 1864; x_wconf 81' lang='lat' dir='ltr'><strong>Sidon,</strong></span> <span class='ocrx_word' id='word_1_255' title='bbox 3194 1799 3329 1854; x_wconf 64' lang='lat' dir='ltr'><strong>dixit</strong></span> <span class='ocrx_word' id='word_1_256' title='bbox 3347 1816 3526 1867; x_wconf 85' lang='lat' dir='ltr'><strong>mare;</strong></span> <span class='ocrx_word' id='word_1_257' title='bbox 3550 1799 3795 1872; x_wconf 78' lang='lat' dir='ltr'><strong>fortitudo</strong></span> 
     </span>
    </p>
   </div>
   <div class='ocr_carea' id='block_1_34' title="bbox 494 1889 2097 1964">
    <p class='ocr_par' dir='ltr' id='par_1_34' title="bbox 494 1889 2097 1964">
     <span class='ocr_line' id='line_1_34' title="bbox 494 1889 2097 1964; baseline 0.003 -20"><span class='ocrx_word' id='word_1_258' title='bbox 494 1891 585 1959; x_wconf 89' lang='lat' dir='ltr'><strong>qui</strong></span> <span class='ocrx_word' id='word_1_259' title='bbox 614 1889 884 1946; x_wconf 77' lang='lat' dir='ltr'><strong>Debraice</strong></span> <span class='ocrx_word' id='word_1_260' title='bbox 906 1892 1103 1946; x_wconf 85' lang='lat' dir='ltr'><strong>dicitur</strong></span> <span class='ocrx_word' id='word_1_261' title='bbox 1130 1906 1335 1946; x_wconf 77' lang='lat' dir='ltr'><strong>JA&#39;I&#39;IIED</strong></span> <span class='ocrx_word' id='word_1_262' title='bbox 1367 1890 1543 1964; x_wconf 64' lang='lat' dir='ltr'><strong>(ant),</strong></span> <span class='ocrx_word' id='word_1_263' title='bbox 1572 1901 1629 1948; x_wconf 86' lang='lat' dir='ltr'><strong>et</strong></span> <span class='ocrx_word' id='word_1_264' title='bbox 1655 1894 1724 1948; x_wconf 84' lang='lat' dir='ltr'><strong>ab</strong></span> <span class='ocrx_word' id='word_1_265' title='bbox 1754 1895 2009 1948; x_wconf 91' lang='lat' dir='ltr'><strong>omnibus</strong></span> <span class='ocrx_word' id='word_1_266' title='bbox 2024 1893 2097 1949; x_wconf 86' lang='lat' dir='ltr'><strong>si-</strong></span> 
     </span>
    </p>
   </div>
   <div class='ocr_carea' id='block_1_35' title="bbox 495 1982 2098 2057">
    <p class='ocr_par' dir='ltr' id='par_1_35' title="bbox 495 1982 2098 2057">
     <span class='ocr_line' id='line_1_35' title="bbox 495 1982 2098 2057; baseline 0.004 -20"><span class='ocrx_word' id='word_1_267' title='bbox 495 1984 700 2038; x_wconf 89' lang='lat' dir='ltr'><strong>militer</strong></span> <span class='ocrx_word' id='word_1_268' title='bbox 725 1982 972 2049; x_wconf 72' lang='lat' dir='ltr'><strong>eﬂertur,</strong></span> <span class='ocrx_word' id='word_1_269' title='bbox 1003 1984 1104 2040; x_wconf 89' lang='lat' dir='ltr'><strong>soli</strong></span> <span class='ocrx_word' id='word_1_270' title='bbox 1132 1984 1278 2040; x_wconf 83' lang='lat' dir='ltr'><strong>LXX</strong></span> <span class='ocrx_word' id='word_1_271' title='bbox 1325 1999 1483 2055; x_wconf 86' lang='lat' dir='ltr'><strong>supra</strong></span> <span class='ocrx_word' id='word_1_272' title='bbox 1535 1986 1854 2057; x_wconf 82' lang='lat' dir='ltr'><strong>principem,</strong></span> <span class='ocrx_word' id='word_1_273' title='bbox 1888 1988 1975 2043; x_wconf 91' lang='lat' dir='ltr'><strong>hic</strong></span> <span class='ocrx_word' id='word_1_274' title='bbox 2004 1989 2098 2043; x_wconf 84' lang='lat' dir='ltr'><strong>Ito-</strong></span> 
     </span>
    </p>
   </div>
   <div class='ocr_carea' id='block_1_36' title="bbox 496 2078 2099 2152">
    <p class='ocr_par' dir='ltr' id='par_1_36' title="bbox 496 2078 2099 2152">
     <span class='ocr_line' id='line_1_36' title="bbox 496 2078 2099 2152; baseline 0.004 -20"><span class='ocrx_word' id='word_1_275' title='bbox 496 2079 687 2133; x_wconf 79' lang='lat' dir='ltr'><strong>ntinem</strong></span> <span class='ocrx_word' id='word_1_276' title='bbox 714 2078 1058 2149; x_wconf 88' lang='lat' dir='ltr'><strong>interpretati</strong></span> <span class='ocrx_word' id='word_1_277' title='bbox 1090 2090 1237 2135; x_wconf 90' lang='lat' dir='ltr'><strong>sunt.</strong></span> <span class='ocrx_word' id='word_1_278' title='bbox 1270 2078 1531 2152; x_wconf 82' lang='lat' dir='ltr'><strong>Quodque</strong></span> <span class='ocrx_word' id='word_1_279' title='bbox 1562 2095 1661 2136; x_wconf 89' lang='lat' dir='ltr'><strong>nos</strong></span> <span class='ocrx_word' id='word_1_280' title='bbox 1684 2081 1961 2137; x_wconf 87' lang='lat' dir='ltr'><strong>celeritate</strong></span> <span class='ocrx_word' id='word_1_281' title='bbox 1984 2081 2099 2138; x_wconf 81' lang='lat' dir='ltr'><strong>dic-</strong></span> 
     </span>
    </p>
   </div>
   <div class='ocr_carea' id='block_1_37' title="bbox 498 2171 2099 2244">
    <p class='ocr_par' dir='ltr' id='par_1_37' title="bbox 498 2171 2099 2244">
     <span class='ocr_line' id='line_1_37' title="bbox 498 2171 2099 2244; baseline 0.002 -18"><span class='ocrx_word' id='word_1_282' title='bbox 498 2172 647 2226; x_wconf 89' lang='lat' dir='ltr'><strong>tamli</strong></span> <span class='ocrx_word' id='word_1_283' title='bbox 679 2186 817 2243; x_wconf 90' lang='lat' dir='ltr'><strong>pene</strong></span> <span class='ocrx_word' id='word_1_284' title='bbox 846 2171 1133 2243; x_wconf 74' lang='lat' dir='ltr'><strong>prmteriit,</strong></span> <span class='ocrx_word' id='word_1_285' title='bbox 1164 2171 1366 2230; x_wconf 89' lang='lat' dir='ltr'><strong>Sobnas</strong></span> <span class='ocrx_word' id='word_1_286' title='bbox 1396 2174 1784 2244; x_wconf 86' lang='lat' dir='ltr'><strong>interpretatur</strong></span> <span class='ocrx_word' id='word_1_287' title='bbox 1808 2185 2099 2230; x_wconf 76' lang='lat' dir='ltr'><strong>convertere</strong></span> 
     </span>
    </p>
   </div>
   <div class='ocr_carea' id='block_1_38' title="bbox 500 2264 2097 2339">
    <p class='ocr_par' dir='ltr' id='par_1_38' title="bbox 500 2264 2097 2339">
     <span class='ocr_line' id='line_1_38' title="bbox 500 2264 2097 2339; baseline 0.004 -23"><span class='ocrx_word' id='word_1_288' title='bbox 500 2280 657 2329; x_wconf 87' lang='lat' dir='ltr'><strong>nunc,</strong></span> <span class='ocrx_word' id='word_1_289' title='bbox 687 2264 801 2319; x_wconf 86' lang='lat' dir='ltr'><strong>sive</strong></span> <span class='ocrx_word' id='word_1_290' title='bbox 831 2264 1113 2319; x_wconf 83' lang='lat' dir='ltr'><strong>conversio.</strong></span> <span class='ocrx_word' id='word_1_291' title='bbox 1164 2264 1367 2321; x_wconf 89' lang='lat' dir='ltr'><strong>Dicitur</strong></span> <span class='ocrx_word' id='word_1_292' title='bbox 1409 2280 1541 2336; x_wconf 82' lang='lat' dir='ltr'><strong>ergo</strong></span> <span class='ocrx_word' id='word_1_293' title='bbox 1578 2265 1643 2322; x_wconf 90' lang='lat' dir='ltr'><strong>ad</strong></span> <span class='ocrx_word' id='word_1_294' title='bbox 1672 2266 1971 2339; x_wconf 90' lang='lat' dir='ltr'><strong>principem</strong></span> <span class='ocrx_word' id='word_1_295' title='bbox 2004 2267 2097 2324; x_wconf 62' lang='lat' dir='ltr'><strong>.In.</strong></span> 
     </span>
    </p>
   </div>
   <div class='ocr_carea' id='block_1_39' title="bbox 497 2357 2098 2432">
    <p class='ocr_par' dir='ltr' id='par_1_39' title="bbox 497 2357 2098 2432">
     <span class='ocr_line' id='line_1_39' title="bbox 497 2357 2098 2432; baseline 0.002 -19"><span class='ocrx_word' id='word_1_296' title='bbox 497 2357 738 2416; x_wconf 70' lang='lat' dir='ltr'><strong>dmornm</strong></span> <span class='ocrx_word' id='word_1_297' title='bbox 768 2366 827 2413; x_wconf 92' lang='lat' dir='ltr'><strong>ut</strong></span> <span class='ocrx_word' id='word_1_298' title='bbox 855 2367 1206 2414; x_wconf 89' lang='lat' dir='ltr'><strong>convertatur</strong></span> <span class='ocrx_word' id='word_1_299' title='bbox 1234 2359 1301 2414; x_wconf 87' lang='lat' dir='ltr'><strong>de</strong></span> <span class='ocrx_word' id='word_1_300' title='bbox 1330 2358 1472 2431; x_wconf 81' lang='lat' dir='ltr'><strong>Lege</strong></span> <span class='ocrx_word' id='word_1_301' title='bbox 1502 2359 1569 2416; x_wconf 86' lang='lat' dir='ltr'><strong>ad</strong></span> <span class='ocrx_word' id='word_1_302' title='bbox 1600 2360 1950 2432; x_wconf 87' lang='lat' dir='ltr'><strong>Evangelinm</strong></span> <span class='ocrx_word' id='word_1_303' title='bbox 1986 2380 1999 2416; x_wconf 93' lang='lat'>:</span> <span class='ocrx_word' id='word_1_304' title='bbox 2044 2369 2098 2417; x_wconf 90' lang='lat' dir='ltr'><strong>et</strong></span> 
     </span>
    </p>
   </div>
   <div class='ocr_carea' id='block_1_40' title="bbox 496 2450 2095 2522">
    <p class='ocr_par' dir='ltr' id='par_1_40' title="bbox 496 2450 2095 2522">
     <span class='ocr_line' id='line_1_40' title="bbox 496 2450 2095 2522; baseline 0.003 -19"><span class='ocrx_word' id='word_1_305' title='bbox 496 2452 835 2507; x_wconf 89' lang='lat' dir='ltr'><strong>victimarum</strong></span> <span class='ocrx_word' id='word_1_306' title='bbox 876 2451 1203 2522; x_wconf 82' lang='lat' dir='ltr'><strong>imaginibus</strong></span> <span class='ocrx_word' id='word_1_307' title='bbox 1233 2451 1545 2519; x_wconf 88' lang='lat' dir='ltr'><strong>derelictis,</strong></span> <span class='ocrx_word' id='word_1_308' title='bbox 1592 2452 1885 2510; x_wconf 80' lang='lat' dir='ltr'><strong>transferat</strong></span> <span class='ocrx_word' id='word_1_309' title='bbox 1931 2469 1991 2510; x_wconf 91' lang='lat' dir='ltr'><strong>se</strong></span> <span class='ocrx_word' id='word_1_310' title='bbox 2028 2450 2095 2509; x_wconf 86' lang='lat' dir='ltr'><strong>ad</strong></span> 
     </span>
    </p>
   </div>
   <div class='ocr_carea' id='block_1_41' title="bbox 496 2545 1869 2617">
    <p class='ocr_par' dir='ltr' id='par_1_41' title="bbox 496 2545 1869 2617">
     <span class='ocr_line' id='line_1_41' title="bbox 496 2545 1869 2617; baseline -0.001 -17"><span class='ocrx_word' id='word_1_311' title='bbox 496 2546 792 2617; x_wconf 88' lang='lat' dir='ltr'><strong>spiritualis</strong></span> <span class='ocrx_word' id='word_1_312' title='bbox 821 2545 1073 2601; x_wconf 82' lang='lat' dir='ltr'><strong>sacrificii</strong></span> <span class='ocrx_word' id='word_1_313' title='bbox 1104 2545 1417 2601; x_wconf 85' lang='lat' dir='ltr'><strong>veritatem.</strong></span> <span class='ocrx_word' id='word_1_314' title='bbox 1866 2576 1869 2577; x_wconf 52' lang='grc' dir='ltr'><em>ν</em></span> 
     </span>
    </p>
   </div>
   <div class='ocr_carea' id='block_1_42' title="bbox 569 2636 2098 2711">
    <p class='ocr_par' dir='ltr' id='par_1_42' title="bbox 569 2636 2098 2711">
     <span class='ocr_line' id='line_1_42' title="bbox 569 2636 2098 2711; baseline 0.001 -16"><span class='ocrx_word' id='word_1_315' title='bbox 569 2638 727 2711; x_wconf 89' lang='lat' dir='ltr'><strong>(Cap.</strong></span> <span class='ocrx_word' id='word_1_316' title='bbox 762 2636 953 2694; x_wconf 81' lang='lat' dir='ltr'><strong>XXIII.</strong></span> <span class='ocrx_word' id='word_1_317' title='bbox 980 2668 1050 2678; x_wconf 88' lang='lat'><strong>—-</strong></span> <span class='ocrx_word' id='word_1_318' title='bbox 1072 2636 1226 2693; x_wconf 82' lang='lat' dir='ltr'><strong>Vers.</strong></span> <span class='ocrx_word' id='word_1_319' title='bbox 1254 2639 1331 2708; x_wconf 78' lang='grc'><strong>1.)</strong></span> <span class='ocrx_word' id='word_1_320' title='bbox 1362 2637 1584 2693; x_wconf 80' lang='lat' dir='ltr'><strong>Verbum</strong></span> <span class='ocrx_word' id='word_1_321' title='bbox 1602 2638 1748 2710; x_wconf 83' lang='lat' dir='ltr'><strong>Tyri.</strong></span> <span class='ocrx_word' id='word_1_322' title='bbox 1776 2638 1915 2709; x_wconf 80' lang='lat' dir='ltr'><strong>Quid</strong></span> <span class='ocrx_word' id='word_1_323' title='bbox 1942 2641 2098 2697; x_wconf 86' lang='lat' dir='ltr'><strong>nobis</strong></span> 
     </span>
    </p>
   </div>
   <div class='ocr_carea' id='block_1_43' title="bbox 497 2729 2097 2805">
    <p class='ocr_par' dir='ltr' id='par_1_43' title="bbox 497 2729 2097 2805">
     <span class='ocr_line' id='line_1_43' title="bbox 497 2729 2097 2805; baseline 0.003 -20"><span class='ocrx_word' id='word_1_324' title='bbox 497 2732 777 2787; x_wconf 78' lang='lat' dir='ltr'><strong>videretur</strong></span> <span class='ocrx_word' id='word_1_325' title='bbox 803 2746 967 2803; x_wconf 89' lang='lat' dir='ltr'><strong>super</strong></span> <span class='ocrx_word' id='word_1_326' title='bbox 992 2745 1161 2786; x_wconf 90' lang='lat' dir='ltr'><strong>onere</strong></span> <span class='ocrx_word' id='word_1_327' title='bbox 1189 2729 1279 2785; x_wconf 86' lang='lat' dir='ltr'><strong>vel</strong></span> <span class='ocrx_word' id='word_1_328' title='bbox 1306 2730 1474 2786; x_wconf 89' lang='lat' dir='ltr'><strong>verbo</strong></span> <span class='ocrx_word' id='word_1_329' title='bbox 1500 2740 1553 2786; x_wconf 90' lang='lat' dir='ltr'><strong>et</strong></span> <span class='ocrx_word' id='word_1_330' title='bbox 1582 2732 1953 2802; x_wconf 74' lang='lat' dir='ltr'><strong>assumptione</strong></span> <span class='ocrx_word' id='word_1_331' title='bbox 1967 2732 2097 2805; x_wconf 82' lang='lat' dir='ltr'><strong>Tyri</strong></span> 
     </span>
    </p>
   </div>
   <div class='ocr_carea' id='block_1_44' title="bbox 434 2822 2098 2895">
    <p class='ocr_par' dir='ltr' id='par_1_44' title="bbox 434 2822 2098 2895">
     <span class='ocr_line' id='line_1_44' title="bbox 434 2822 2098 2895; baseline 0.002 -17"><span class='ocrx_word' id='word_1_332' title='bbox 434 2832 440 2841; x_wconf 85' lang='lat'><em>&#39;</em></span> <span class='ocrx_word' id='word_1_333' title='bbox 495 2827 656 2895; x_wconf 81' lang='lat' dir='ltr'><strong>juxta</strong></span> <span class='ocrx_word' id='word_1_334' title='bbox 690 2823 970 2890; x_wconf 74' lang='lat' dir='ltr'><strong>ilebrzcos,</strong></span> <span class='ocrx_word' id='word_1_335' title='bbox 1000 2837 1162 2892; x_wconf 89' lang='lat' dir='ltr'><strong>supra</strong></span> <span class='ocrx_word' id='word_1_336' title='bbox 1191 2822 1244 2877; x_wconf 94' lang='lat' dir='ltr'><strong>in</strong></span> <span class='ocrx_word' id='word_1_337' title='bbox 1275 2822 1417 2878; x_wconf 86' lang='lat' dir='ltr'><strong>libro</strong></span> <span class='ocrx_word' id='word_1_338' title='bbox 1456 2823 1644 2879; x_wconf 86' lang='lat' dir='ltr'><strong>decem</strong></span> <span class='ocrx_word' id='word_1_339' title='bbox 1679 2822 1957 2879; x_wconf 84' lang='lat' dir='ltr'><strong>Visionum</strong></span> <span class='ocrx_word' id='word_1_340' title='bbox 1989 2825 2098 2881; x_wconf 87' lang='lat' dir='ltr'><strong>his-</strong></span> 
     </span>
    </p>
   </div>
   <div class='ocr_carea' id='block_1_45' title="bbox 500 2915 2097 2989">
    <p class='ocr_par' dir='ltr' id='par_1_45' title="bbox 500 2915 2097 2989">
     <span class='ocr_line' id='line_1_45' title="bbox 500 2915 2097 2989; baseline 0.001 -15"><span class='ocrx_word' id='word_1_341' title='bbox 500 2920 686 2974; x_wconf 70' lang='lat' dir='ltr'><strong>torica:</strong></span> <span class='ocrx_word' id='word_1_342' title='bbox 731 2916 1130 2989; x_wconf 70' lang='lat' dir='ltr'><strong>explanationis</strong></span> <span class='ocrx_word' id='word_1_343' title='bbox 1158 2915 1412 2973; x_wconf 83' lang='lat' dir='ltr'><strong>diximus.</strong></span> <span class='ocrx_word' id='word_1_344' title='bbox 1446 2916 1601 2973; x_wconf 91' lang='lat' dir='ltr'><strong>Nunc</strong></span> <span class='ocrx_word' id='word_1_345' title='bbox 1645 2934 1860 2974; x_wconf 91' lang='lat' dir='ltr'><strong>omnem</strong></span> <span class='ocrx_word' id='word_1_346' title='bbox 1910 2928 2097 2975; x_wconf 77' lang='lat' dir='ltr'><strong>contra</strong></span> 
     </span>
    </p>
   </div>
   <div class='ocr_carea' id='block_1_46' title="bbox 497 3010 2101 3087">
    <p class='ocr_par' dir='ltr' id='par_1_46' title="bbox 497 3010 2101 3087">
     <span class='ocr_line' id='line_1_46' title="bbox 497 3010 2101 3087; baseline -0.001 -18"><span class='ocrx_word' id='word_1_347' title='bbox 497 3013 702 3084; x_wconf 89' lang='lat' dir='ltr'><strong>Tyrum</strong></span> <span class='ocrx_word' id='word_1_348' title='bbox 748 3010 1090 3083; x_wconf 86' lang='lat' dir='ltr'><strong>prophetiam</strong></span> <span class='ocrx_word' id='word_1_349' title='bbox 1139 3011 1436 3068; x_wconf 89' lang='lat' dir='ltr'><strong>secundum</strong></span> <span class='ocrx_word' id='word_1_350' title='bbox 1487 3014 1769 3087; x_wconf 74' lang='grc' dir='ltr'><strong>ἀναγωγήν,</strong></span> <span class='ocrx_word' id='word_1_351' title='bbox 1803 3021 1854 3068; x_wconf 89' lang='lat' dir='ltr'><strong>et</strong></span> <span class='ocrx_word' id='word_1_352' title='bbox 1903 3013 2101 3068; x_wconf 83' lang='lat' dir='ltr'><strong>editio-</strong></span> 
     </span>
    </p>
   </div>
   <div class='ocr_carea' id='block_1_47' title="bbox 501 3104 2099 3178">
    <p class='ocr_par' dir='ltr' id='par_1_47' title="bbox 501 3104 2099 3178">
     <span class='ocr_line' id='line_1_47' title="bbox 501 3104 2099 3178; baseline 0 -15"><span class='ocrx_word' id='word_1_353' title='bbox 501 3124 622 3163; x_wconf 88' lang='lat' dir='ltr'><strong>nem</strong></span> <span class='ocrx_word' id='word_1_354' title='bbox 650 3105 797 3162; x_wconf 80' lang='lat' dir='ltr'><strong>LXX</strong></span> <span class='ocrx_word' id='word_1_355' title='bbox 839 3105 1080 3162; x_wconf 82' lang='lat' dir='ltr'><strong>breviter</strong></span> <span class='ocrx_word' id='word_1_356' title='bbox 1124 3121 1528 3174; x_wconf 84' lang='lat' dir='ltr'><strong>percnrremns.</strong></span> <span class='ocrx_word' id='word_1_357' title='bbox 1558 3104 1729 3177; x_wconf 84' lang='lat' dir='ltr'><strong>Tyrus</strong></span> <span class='ocrx_word' id='word_1_358' title='bbox 1772 3106 1953 3178; x_wconf 87' lang='lat' dir='ltr'><strong>lingua</strong></span> <span class='ocrx_word' id='word_1_359' title='bbox 1995 3106 2099 3163; x_wconf 83' lang='lat' dir='ltr'><strong>Ile-</strong></span> 
     </span>
    </p>
   </div>
   <div class='ocr_carea' id='block_1_48' title="bbox 2199 1891 3799 1968">
    <p class='ocr_par' dir='ltr' id='par_1_48' title="bbox 2199 1891 3799 1968">
     <span class='ocr_line' id='line_1_48' title="bbox 2199 1891 3799 1968; baseline 0.001 -20"><span class='ocrx_word' id='word_1_360' title='bbox 2199 1903 2372 1949; x_wconf 87' lang='lat' dir='ltr'><strong>autem</strong></span> <span class='ocrx_word' id='word_1_361' title='bbox 2395 1895 2556 1950; x_wconf 86' lang='lat' dir='ltr'><strong>maris</strong></span> <span class='ocrx_word' id='word_1_362' title='bbox 2582 1895 2678 1961; x_wconf 93' lang='lat' dir='ltr'><strong>ait,</strong></span> <span class='ocrx_word' id='word_1_363' title='bbox 2726 1891 2850 1948; x_wconf 85' lang='lat' dir='ltr'><strong>Non</strong></span> <span class='ocrx_word' id='word_1_364' title='bbox 2893 1894 3170 1964; x_wconf 85' lang='lat' dir='ltr'><strong>parturivi,</strong></span> <span class='ocrx_word' id='word_1_365' title='bbox 3219 1909 3382 1966; x_wconf 86' lang='lat' dir='ltr'><strong>neque</strong></span> <span class='ocrx_word' id='word_1_366' title='bbox 3413 1896 3609 1968; x_wconf 83' lang='lat' dir='ltr'><strong>peperi,</strong></span> <span class='ocrx_word' id='word_1_367' title='bbox 3649 1910 3799 1967; x_wconf 81' lang='lat' dir='ltr'><strong>neque</strong></span> 
     </span>
    </p>
   </div>
   <div class='ocr_carea' id='block_1_49' title="bbox 2199 1989 3800 2064">
    <p class='ocr_par' dir='ltr' id='par_1_49' title="bbox 2199 1989 3800 2064">
     <span class='ocr_line' id='line_1_49' title="bbox 2199 1989 3800 2064; baseline -0.002 -17"><span class='ocrx_word' id='word_1_368' title='bbox 2199 1993 2420 2047; x_wconf 78' lang='lat' dir='ltr'><strong>enutrivi</strong></span> <span class='ocrx_word' id='word_1_369' title='bbox 2463 1993 2704 2064; x_wconf 79' lang='lat' dir='ltr'><strong>juvenes,</strong></span> <span class='ocrx_word' id='word_1_370' title='bbox 2759 2006 2921 2062; x_wconf 86' lang='lat' dir='ltr'><strong>neque</strong></span> <span class='ocrx_word' id='word_1_371' title='bbox 2947 1990 3165 2045; x_wconf 71' lang='lat' dir='ltr'><strong>excitavi</strong></span> <span class='ocrx_word' id='word_1_372' title='bbox 3196 1990 3443 2062; x_wconf 81' lang='lat' dir='ltr'><strong>virgines.</strong></span> <span class='ocrx_word' id='word_1_373' title='bbox 3469 1989 3600 2044; x_wconf 82' lang='lat' dir='ltr'><strong>Cum</strong></span> <span class='ocrx_word' id='word_1_374' title='bbox 3642 2000 3800 2044; x_wconf 81' lang='lat' dir='ltr'><strong>autem</strong></span> 
     </span>
    </p>
   </div>
   <div class='ocr_carea' id='block_1_50' title="bbox 2198 2082 3801 2157">
    <p class='ocr_par' dir='ltr' id='par_1_50' title="bbox 2198 2082 3801 2157">
     <span class='ocr_line' id='line_1_50' title="bbox 2198 2082 3801 2157; baseline 0 -18"><span class='ocrx_word' id='word_1_375' title='bbox 2198 2086 2434 2140; x_wconf 84' lang='lat' dir='ltr'><strong>auditum</strong></span> <span class='ocrx_word' id='word_1_376' title='bbox 2456 2086 2611 2157; x_wconf 81' lang='lat' dir='ltr'><strong>fuerit</strong></span> <span class='ocrx_word' id='word_1_377' title='bbox 2657 2084 2710 2139; x_wconf 92' lang='lat' dir='ltr'><strong>in</strong></span> <span class='ocrx_word' id='word_1_378' title='bbox 2740 2082 3001 2156; x_wconf 64' lang='lat' dir='ltr'><strong>Afgypto,</strong></span> <span class='ocrx_word' id='word_1_379' title='bbox 3040 2084 3392 2155; x_wconf 78' lang='lat' dir='ltr'><strong>apprehendet</strong></span> <span class='ocrx_word' id='word_1_380' title='bbox 3440 2100 3527 2139; x_wconf 79' lang='lat' dir='ltr'><strong>eos</strong></span> <span class='ocrx_word' id='word_1_381' title='bbox 3555 2084 3801 2140; x_wconf 80' lang='lat' dir='ltr'><strong>detersu-</strong></span> 
     </span>
    </p>
   </div>
   <div class='ocr_carea' id='block_1_51' title="bbox 2202 2175 3803 2250">
    <p class='ocr_par' dir='ltr' id='par_1_51' title="bbox 2202 2175 3803 2250">
     <span class='ocr_line' id='line_1_51' title="bbox 2202 2175 3803 2250; baseline -0.001 -17"><span class='ocrx_word' id='word_1_382' title='bbox 2202 2193 2291 2248; x_wconf 81' lang='lat' dir='ltr'><strong>per</strong></span> <span class='ocrx_word' id='word_1_383' title='bbox 2318 2176 2478 2250; x_wconf 80' lang='lat' dir='ltr'><strong>Tyro.</strong></span> <span class='ocrx_word' id='word_1_384' title='bbox 2510 2175 2707 2234; x_wconf 71' lang='lat' dir='ltr'><strong>Sreculi</strong></span> <span class='ocrx_word' id='word_1_385' title='bbox 2756 2175 2917 2244; x_wconf 88' lang='lat' dir='ltr'><strong>lmjus</strong></span> <span class='ocrx_word' id='word_1_386' title='bbox 2967 2191 3136 2245; x_wconf 83' lang='lat' dir='ltr'><strong>mare,</strong></span> <span class='ocrx_word' id='word_1_387' title='bbox 3173 2176 3227 2231; x_wconf 92' lang='lat' dir='ltr'><strong>in</strong></span> <span class='ocrx_word' id='word_1_388' title='bbox 3279 2192 3389 2246; x_wconf 87' lang='lat' dir='ltr'><strong>quo</strong></span> <span class='ocrx_word' id='word_1_389' title='bbox 3421 2175 3671 2234; x_wconf 85' lang='lat' dir='ltr'><strong>habitant</strong></span> <span class='ocrx_word' id='word_1_390' title='bbox 3696 2175 3803 2232; x_wconf 84' lang='lat' dir='ltr'><strong>ani-</strong></span> 
     </span>
    </p>
   </div>
   <div class='ocr_carea' id='block_1_52' title="bbox 2201 2269 3803 2343">
    <p class='ocr_par' dir='ltr' id='par_1_52' title="bbox 2201 2269 3803 2343">
     <span class='ocr_line' id='line_1_52' title="bbox 2201 2269 3803 2343; baseline -0.001 -16"><span class='ocrx_word' id='word_1_391' title='bbox 2201 2271 2362 2327; x_wconf 88' lang='lat' dir='ltr'><strong>malia</strong></span> <span class='ocrx_word' id='word_1_392' title='bbox 2393 2287 2556 2343; x_wconf 86' lang='lat' dir='ltr'><strong>parva</strong></span> <span class='ocrx_word' id='word_1_393' title='bbox 2608 2286 2731 2326; x_wconf 90' lang='lat' dir='ltr'><strong>cum</strong></span> <span class='ocrx_word' id='word_1_394' title='bbox 2769 2270 3005 2342; x_wconf 86' lang='lat' dir='ltr'><strong>magnis,</strong></span> <span class='ocrx_word' id='word_1_395' title='bbox 3052 2280 3109 2325; x_wconf 85' lang='lat' dir='ltr'><strong>et</strong></span> <span class='ocrx_word' id='word_1_396' title='bbox 3138 2269 3308 2326; x_wconf 89' lang='lat' dir='ltr'><strong>draco</strong></span> <span class='ocrx_word' id='word_1_397' title='bbox 3329 2286 3494 2342; x_wconf 88' lang='lat' dir='ltr'><strong>quem</strong></span> <span class='ocrx_word' id='word_1_398' title='bbox 3526 2269 3803 2341; x_wconf 79' lang='lat' dir='ltr'><strong>plasmavit</strong></span> 
     </span>
    </p>
   </div>
   <div class='ocr_carea' id='block_1_53' title="bbox 2204 2363 3798 2439">
    <p class='ocr_par' dir='ltr' id='par_1_53' title="bbox 2204 2363 3798 2439">
     <span class='ocr_line' id='line_1_53' title="bbox 2204 2363 3798 2439; baseline -0.001 -18"><span class='ocrx_word' id='word_1_399' title='bbox 2204 2366 2343 2422; x_wconf 90' lang='lat' dir='ltr'><strong>Dens</strong></span> <span class='ocrx_word' id='word_1_400' title='bbox 2374 2366 2439 2421; x_wconf 91' lang='lat' dir='ltr'><strong>ad</strong></span> <span class='ocrx_word' id='word_1_401' title='bbox 2471 2364 2805 2421; x_wconf 91' lang='lat' dir='ltr'><strong>illudendum</strong></span> <span class='ocrx_word' id='word_1_402' title='bbox 2829 2365 2903 2429; x_wconf 90' lang='lat' dir='ltr'><strong>ei,</strong></span> <span class='ocrx_word' id='word_1_403' title='bbox 2925 2364 3118 2421; x_wconf 90' lang='lat' dir='ltr'><strong>videns</strong></span> <span class='ocrx_word' id='word_1_404' title='bbox 3140 2379 3169 2419; x_wconf 91' lang='lat' dir='ltr'><strong>a</strong></span> <span class='ocrx_word' id='word_1_405' title='bbox 3201 2366 3551 2439; x_wconf 72' lang='lat' dir='ltr'><strong>venatoribus</strong></span> <span class='ocrx_word' id='word_1_406' title='bbox 3578 2363 3798 2434; x_wconf 84' lang='lat' dir='ltr'><strong>Christi,</strong></span> 
     </span>
    </p>
   </div>
   <div class='ocr_carea' id='block_1_54' title="bbox 2199 2450 3805 2532">
    <p class='ocr_par' dir='ltr' id='par_1_54' title="bbox 2199 2450 3805 2532">
     <span class='ocr_line' id='line_1_54' title="bbox 2199 2450 3805 2532; baseline -0.002 -18"><span class='ocrx_word' id='word_1_407' title='bbox 2199 2461 2291 2532; x_wconf 88' lang='lat' dir='ltr'><strong>qui</strong></span> <span class='ocrx_word' id='word_1_408' title='bbox 2332 2459 2399 2516; x_wconf 90' lang='lat' dir='ltr'><strong>de</strong></span> <span class='ocrx_word' id='word_1_409' title='bbox 2431 2460 2577 2515; x_wconf 90' lang='lat' dir='ltr'><strong>omni</strong></span> <span class='ocrx_word' id='word_1_410' title='bbox 2621 2469 2808 2516; x_wconf 89' lang='lat' dir='ltr'><strong>monte</strong></span> <span class='ocrx_word' id='word_1_411' title='bbox 2839 2467 3110 2514; x_wconf 89' lang='lat' dir='ltr'><strong>venantur</strong></span> <span class='ocrx_word' id='word_1_412' title='bbox 3138 2469 3193 2514; x_wconf 91' lang='lat' dir='ltr'><strong>et</strong></span> <span class='ocrx_word' id='word_1_413' title='bbox 3254 2458 3420 2527; x_wconf 90' lang='lat' dir='ltr'><strong>colle,</strong></span> <span class='ocrx_word' id='word_1_414' title='bbox 3476 2468 3685 2529; x_wconf 85' lang='lat' dir='ltr'><strong>captos,</strong></span> <span class='ocrx_word' id='word_1_415' title='bbox 3716 2450 3805 2529; x_wconf 85' lang='lat' dir='ltr'><strong>qui</strong></span> 
     </span>
    </p>
   </div>
   <div class='ocr_carea' id='block_1_55' title="bbox 2200 2550 3804 2626">
    <p class='ocr_par' dir='ltr' id='par_1_55' title="bbox 2200 2550 3804 2626">
     <span class='ocr_line' id='line_1_55' title="bbox 2200 2550 3804 2626; baseline -0.002 -17"><span class='ocrx_word' id='word_1_416' title='bbox 2200 2553 2351 2626; x_wconf 89' lang='lat' dir='ltr'><strong>prius</strong></span> <span class='ocrx_word' id='word_1_417' title='bbox 2381 2568 2411 2608; x_wconf 91' lang='lat' dir='ltr'><strong>a</strong></span> <span class='ocrx_word' id='word_1_418' title='bbox 2439 2552 2779 2608; x_wconf 73' lang='lat' dir='ltr'><strong>dmmonibns</strong></span> <span class='ocrx_word' id='word_1_419' title='bbox 2809 2553 2956 2623; x_wconf 90' lang='lat' dir='ltr'><strong>capti</strong></span> <span class='ocrx_word' id='word_1_420' title='bbox 3002 2550 3243 2622; x_wconf 88' lang='lat' dir='ltr'><strong>fuerant,</strong></span> <span class='ocrx_word' id='word_1_421' title='bbox 3289 2552 3531 2623; x_wconf 90' lang='lat' dir='ltr'><strong>loquitur</strong></span> <span class='ocrx_word' id='word_1_422' title='bbox 3563 2551 3632 2607; x_wconf 85' lang='lat' dir='ltr'><strong>ad</strong></span> <span class='ocrx_word' id='word_1_423' title='bbox 3672 2566 3804 2606; x_wconf 88' lang='lat' dir='ltr'><strong>con-</strong></span> 
     </span>
    </p>
   </div>
   <div class='ocr_carea' id='block_1_56' title="bbox 2203 2646 3809 2719">
    <p class='ocr_par' dir='ltr' id='par_1_56' title="bbox 2203 2646 3809 2719">
     <span class='ocr_line' id='line_1_56' title="bbox 2203 2646 3809 2719; baseline -0.001 -17"><span class='ocrx_word' id='word_1_424' title='bbox 2203 2648 2425 2702; x_wconf 89' lang='lat' dir='ltr'><strong>trariam</strong></span> <span class='ocrx_word' id='word_1_425' title='bbox 2458 2646 2833 2703; x_wconf 71' lang='lat' dir='ltr'><strong>fortitudinem</strong></span> <span class='ocrx_word' id='word_1_426' title='bbox 2875 2655 3220 2713; x_wconf 90' lang='lat' dir='ltr'><strong>venatorum,</strong></span> <span class='ocrx_word' id='word_1_427' title='bbox 3258 2663 3379 2718; x_wconf 72' lang='lat' dir='ltr'><strong>qua:</strong></span> <span class='ocrx_word' id='word_1_428' title='bbox 3424 2647 3809 2719; x_wconf 85' lang='lat' dir='ltr'><strong>interpretatur</strong></span> 
     </span>
    </p>
   </div>
   <div class='ocr_carea' id='block_1_57' title="bbox 2201 2738 3807 2813">
    <p class='ocr_par' dir='ltr' id='par_1_57' title="bbox 2201 2738 3807 2813">
     <span class='ocr_line' id='line_1_57' title="bbox 2201 2738 3807 2813; baseline -0.002 -16"><span class='ocrx_word' id='word_1_429' title='bbox 2201 2741 2362 2813; x_wconf 73' lang='lat'><strong>322</strong></span> <span class='ocrx_word' id='word_1_430' title='bbox 2391 2740 2585 2805; x_wconf 90' lang='lat' dir='ltr'><strong>Sidon,</strong></span> <span class='ocrx_word' id='word_1_431' title='bbox 2619 2749 2673 2796; x_wconf 87' lang='lat' dir='ltr'><strong>et</strong></span> <span class='ocrx_word' id='word_1_432' title='bbox 2705 2739 2835 2794; x_wconf 89' lang='lat' dir='ltr'><strong>dicit</strong></span> <span class='ocrx_word' id='word_1_433' title='bbox 2865 2739 2917 2796; x_wconf 88' lang='lat' dir='ltr'><strong>ei</strong></span> <span class='ocrx_word' id='word_1_434' title='bbox 2949 2760 2961 2796; x_wconf 93' lang='lat'><strong>:</strong></span> <span class='ocrx_word' id='word_1_435' title='bbox 2991 2739 3267 2813; x_wconf 75' lang='lat' dir='ltr'><strong>Erubesce,</strong></span> <span class='ocrx_word' id='word_1_436' title='bbox 3292 2738 3493 2810; x_wconf 81' lang='lat' dir='ltr'><strong>Sidon;</strong></span> <span class='ocrx_word' id='word_1_437' title='bbox 3527 2756 3638 2795; x_wconf 90' lang='lat' dir='ltr'><strong>non</strong></span> <span class='ocrx_word' id='word_1_438' title='bbox 3670 2738 3807 2795; x_wconf 89' lang='lat' dir='ltr'><strong>cnim</strong></span> 
     </span>
    </p>
   </div>
   <div class='ocr_carea' id='block_1_58' title="bbox 2205 2830 3802 2903">
    <p class='ocr_par' dir='ltr' id='par_1_58' title="bbox 2205 2830 3802 2903">
     <span class='ocr_line' id='line_1_58' title="bbox 2205 2830 3802 2903; baseline 0.002 -20"><span class='ocrx_word' id='word_1_439' title='bbox 2205 2833 2487 2902; x_wconf 86' lang='lat' dir='ltr'><strong>parturivi,</strong></span> <span class='ocrx_word' id='word_1_440' title='bbox 2537 2847 2712 2903; x_wconf 80' lang='lat' dir='ltr'><strong>neque</strong></span> <span class='ocrx_word' id='word_1_441' title='bbox 2753 2832 2961 2903; x_wconf 86' lang='lat' dir='ltr'><strong>peperi,</strong></span> <span class='ocrx_word' id='word_1_442' title='bbox 3011 2846 3109 2886; x_wconf 83' lang='lat' dir='ltr'><strong>nec</strong></span> <span class='ocrx_word' id='word_1_443' title='bbox 3130 2840 3320 2902; x_wconf 78' lang='lat' dir='ltr'><strong>captes</strong></span> <span class='ocrx_word' id='word_1_444' title='bbox 3348 2847 3378 2886; x_wconf 90' lang='lat' dir='ltr'><strong>a</strong></span> <span class='ocrx_word' id='word_1_445' title='bbox 3415 2842 3464 2887; x_wconf 89' lang='lat' dir='ltr'><strong>te</strong></span> <span class='ocrx_word' id='word_1_446' title='bbox 3493 2830 3698 2888; x_wconf 89' lang='lat' dir='ltr'><strong>nutrivi</strong></span> <span class='ocrx_word' id='word_1_447' title='bbox 3718 2830 3802 2903; x_wconf 88' lang='lat' dir='ltr'><strong>ju-</strong></span> 
     </span>
    </p>
   </div>
   <div class='ocr_carea' id='block_1_59' title="bbox 2202 2924 3807 2996">
    <p class='ocr_par' dir='ltr' id='par_1_59' title="bbox 2202 2924 3807 2996">
     <span class='ocr_line' id='line_1_59' title="bbox 2202 2924 3807 2996; baseline 0 -16"><span class='ocrx_word' id='word_1_448' title='bbox 2202 2938 2389 2991; x_wconf 89' lang='lat' dir='ltr'><strong>venes,</strong></span> <span class='ocrx_word' id='word_1_449' title='bbox 2421 2939 2523 2980; x_wconf 79' lang='lat' dir='ltr'><strong>nec</strong></span> <span class='ocrx_word' id='word_1_450' title='bbox 2545 2924 2750 2981; x_wconf 88' lang='lat' dir='ltr'><strong>elevavi</strong></span> <span class='ocrx_word' id='word_1_451' title='bbox 2775 2925 3015 2996; x_wconf 77' lang='lat' dir='ltr'><strong>virgines</strong></span> <span class='ocrx_word' id='word_1_452' title='bbox 3042 2940 3271 2996; x_wconf 88' lang='lat' dir='ltr'><strong>quarum</strong></span> <span class='ocrx_word' id='word_1_453' title='bbox 3294 2925 3530 2980; x_wconf 89' lang='lat' dir='ltr'><strong>stultitia</strong></span> <span class='ocrx_word' id='word_1_454' title='bbox 3565 2924 3621 2980; x_wconf 91' lang='lat' dir='ltr'><strong>in</strong></span> <span class='ocrx_word' id='word_1_455' title='bbox 3647 2926 3807 2981; x_wconf 66' lang='lat' dir='ltr'><strong>Evam</strong></span> 
     </span>
    </p>
   </div>
   <div class='ocr_carea' id='block_1_60' title="bbox 2203 3016 3811 3091">
    <p class='ocr_par' dir='ltr' id='par_1_60' title="bbox 2203 3016 3811 3091">
     <span class='ocr_line' id='line_1_60' title="bbox 2203 3016 3811 3091; baseline 0 -17"><span class='ocrx_word' id='word_1_456' title='bbox 2203 3018 2348 3089; x_wconf 85' lang='lat' dir='ltr'><strong>gelio</strong></span> <span class='ocrx_word' id='word_1_457' title='bbox 2374 3018 2774 3075; x_wconf 91' lang='lat' dir='ltr'><strong>condemnatur</strong></span> <span class='ocrx_word' id='word_1_458' title='bbox 2807 3017 3022 3091; x_wconf 82' lang='lat' dir='ltr'><strong>(Matth.</strong></span> <span class='ocrx_word' id='word_1_459' title='bbox 3057 3016 3206 3090; x_wconf 78' lang='lat' dir='ltr'><strong>xxv).</strong></span> <span class='ocrx_word' id='word_1_460' title='bbox 3249 3016 3366 3074; x_wconf 83' lang='lat' dir='ltr'><strong>Mea</strong></span> <span class='ocrx_word' id='word_1_461' title='bbox 3399 3019 3545 3074; x_wconf 89' lang='lat' dir='ltr'><strong>enim</strong></span> <span class='ocrx_word' id='word_1_462' title='bbox 3589 3017 3811 3088; x_wconf 84' lang='lat' dir='ltr'><strong>parturi-</strong></span> 
     </span>
    </p>
   </div>
   <div class='ocr_carea' id='block_1_61' title="bbox 2207 3111 3809 3186">
    <p class='ocr_par' dir='ltr' id='par_1_61' title="bbox 2207 3111 3809 3186">
     <span class='ocr_line' id='line_1_61' title="bbox 2207 3111 3809 3186; baseline 0.001 -20"><span class='ocrx_word' id='word_1_463' title='bbox 2207 3113 2301 3179; x_wconf 89' lang='lat' dir='ltr'><strong>tio,</strong></span> <span class='ocrx_word' id='word_1_464' title='bbox 2331 3122 2387 3169; x_wconf 90' lang='lat' dir='ltr'><strong>et</strong></span> <span class='ocrx_word' id='word_1_465' title='bbox 2416 3124 2627 3186; x_wconf 90' lang='lat' dir='ltr'><strong>partus,</strong></span> <span class='ocrx_word' id='word_1_466' title='bbox 2653 3121 2706 3169; x_wconf 89' lang='lat' dir='ltr'><strong>et</strong></span> <span class='ocrx_word' id='word_1_467' title='bbox 2730 3113 3148 3179; x_wconf 87' lang='lat' dir='ltr'><strong>nutrimentum,</strong></span> <span class='ocrx_word' id='word_1_468' title='bbox 3173 3122 3227 3169; x_wconf 90' lang='lat' dir='ltr'><strong>et</strong></span> <span class='ocrx_word' id='word_1_469' title='bbox 3248 3111 3485 3169; x_wconf 90' lang='lat' dir='ltr'><strong>elevatio</strong></span> <span class='ocrx_word' id='word_1_470' title='bbox 3511 3114 3809 3184; x_wconf 85' lang='lat' dir='ltr'><strong>virginum,</strong></span> 
     </span>
    </p>
   </div>
   <div class='ocr_carea' id='block_1_62' title="bbox 504 3184 3811 3276">
    <p class='ocr_par' dir='ltr' id='par_1_62' title="bbox 504 3184 3811 3276">
     <span class='ocr_line' id='line_1_62' title="bbox 504 3184 3811 3276; baseline 0.002 -25"><span class='ocrx_word' id='word_1_471' title='bbox 504 3203 647 3255; x_wconf 65' lang='lat' dir='ltr'><strong>brara</strong></span> <span class='ocrx_word' id='word_1_472' title='bbox 697 3214 793 3255; x_wconf 80' lang='lat' dir='ltr'><strong>sou</strong></span> <span class='ocrx_word' id='word_1_473' title='bbox 853 3200 965 3270; x_wconf 63' lang='grc' dir='ltr'><strong>(ππ)</strong></span> <span class='ocrx_word' id='word_1_474' title='bbox 1010 3198 1229 3265; x_wconf 90' lang='lat' dir='ltr'><strong>dicitur,</strong></span> <span class='ocrx_word' id='word_1_475' title='bbox 1280 3208 1335 3253; x_wconf 92' lang='lat' dir='ltr'><strong>et</strong></span> <span class='ocrx_word' id='word_1_476' title='bbox 1384 3200 1436 3253; x_wconf 92' lang='lat' dir='ltr'><strong>in</strong></span> <span class='ocrx_word' id='word_1_477' title='bbox 1492 3210 1737 3254; x_wconf 86' lang='lat' dir='ltr'><strong>nostrum</strong></span> <span class='ocrx_word' id='word_1_478' title='bbox 1787 3214 2098 3256; x_wconf 89' lang='lat' dir='ltr'><strong>sermonem</strong></span> <span class='ocrx_word' id='word_1_479' title='bbox 2126 3184 2171 3246; x_wconf 68' lang='grc' dir='ltr'><strong>(ἶ</strong></span> <span class='ocrx_word' id='word_1_480' title='bbox 2206 3184 2588 3272; x_wconf 76' lang='lat' dir='ltr'><strong>Apostolorum</strong></span> <span class='ocrx_word' id='word_1_481' title='bbox 2619 3203 2821 3259; x_wconf 86' lang='lat' dir='ltr'><strong>Christi</strong></span> <span class='ocrx_word' id='word_1_482' title='bbox 2853 3203 3403 3274; x_wconf 88' lang='lat' dir='ltr'><strong>parturitionedeleta</strong></span> <span class='ocrx_word' id='word_1_483' title='bbox 3429 3213 3554 3271; x_wconf 88' lang='lat' dir='ltr'><strong>est;</strong></span> <span class='ocrx_word' id='word_1_484' title='bbox 3589 3216 3811 3276; x_wconf 83' lang='lat' dir='ltr'><strong>quorum</strong></span> 
     </span>
    </p>
   </div>
   <div class='ocr_carea' id='block_1_63' title="bbox 501 3292 2103 3367">
    <p class='ocr_par' dir='ltr' id='par_1_63' title="bbox 501 3292 2103 3367">
     <span class='ocr_line' id='line_1_63' title="bbox 501 3292 2103 3367; baseline 0.001 -20"><span class='ocrx_word' id='word_1_485' title='bbox 501 3295 846 3357; x_wconf 54' lang='lat' dir='ltr'><strong>transfertur,</strong></span> <span class='ocrx_word' id='word_1_486' title='bbox 880 3295 1144 3367; x_wconf 83' lang='lat' dir='ltr'><strong>angustia.</strong></span> <span class='ocrx_word' id='word_1_487' title='bbox 1189 3292 1379 3349; x_wconf 88' lang='lat' dir='ltr'><strong>Omnis</strong></span> <span class='ocrx_word' id='word_1_488' title='bbox 1407 3293 1566 3364; x_wconf 83' lang='lat' dir='ltr'><strong>igitur</strong></span> <span class='ocrx_word' id='word_1_489' title='bbox 1598 3295 1776 3348; x_wconf 86' lang='lat' dir='ltr'><strong>anima</strong></span> <span class='ocrx_word' id='word_1_490' title='bbox 1822 3294 1968 3349; x_wconf 85' lang='lat' dir='ltr'><strong>vitiis</strong></span> <span class='ocrx_word' id='word_1_491' title='bbox 2009 3309 2103 3349; x_wconf 85' lang='lat' dir='ltr'><strong>oc—</strong></span> 
     </span>
    </p>
   </div>
   <div class='ocr_carea' id='block_1_64' title="bbox 499 3386 2096 3459">
    <p class='ocr_par' dir='ltr' id='par_1_64' title="bbox 499 3386 2096 3459">
     <span class='ocr_line' id='line_1_64' title="bbox 499 3386 2096 3459; baseline 0.001 -17"><span class='ocrx_word' id='word_1_492' title='bbox 499 3400 712 3458; x_wconf 84' lang='lat' dir='ltr'><strong>cupata,</strong></span> <span class='ocrx_word' id='word_1_493' title='bbox 747 3398 799 3443; x_wconf 89' lang='lat' dir='ltr'><strong>et</strong></span> <span class='ocrx_word' id='word_1_494' title='bbox 822 3392 1000 3459; x_wconf 77' lang='lat' dir='ltr'><strong>pravis</strong></span> <span class='ocrx_word' id='word_1_495' title='bbox 1023 3386 1473 3458; x_wconf 78' lang='lat' dir='ltr'><strong>cogitationibus,</strong></span> <span class='ocrx_word' id='word_1_496' title='bbox 1500 3404 1587 3442; x_wconf 87' lang='lat' dir='ltr'><strong>sor</strong></span> <span class='ocrx_word' id='word_1_497' title='bbox 1604 3389 1866 3457; x_wconf 84' lang='lat' dir='ltr'><strong>appellari</strong></span> <span class='ocrx_word' id='word_1_498' title='bbox 1901 3397 2096 3457; x_wconf 84' lang='lat' dir='ltr'><strong>potest.</strong></span> 
     </span>
    </p>
   </div>
   <div class='ocr_carea' id='block_1_65' title="bbox 576 3472 2103 3552">
    <p class='ocr_par' dir='ltr' id='par_1_65' title="bbox 576 3472 2103 3552">
     <span class='ocr_line' id='line_1_65' title="bbox 576 3472 2103 3552; baseline 0.001 -17"><span class='ocrx_word' id='word_1_499' title='bbox 576 3472 785 3537; x_wconf 79' lang='lat' dir='ltr'><strong>Ululate</strong></span> <span class='ocrx_word' id='word_1_500' title='bbox 812 3497 961 3536; x_wconf 85' lang='lat' dir='ltr'><strong>naves</strong></span> <span class='ocrx_word' id='word_1_501' title='bbox 989 3478 1338 3552; x_wconf 85' lang='lat' dir='ltr'><strong>Carthaginis,</strong></span> <span class='ocrx_word' id='word_1_502' title='bbox 1362 3482 1483 3552; x_wconf 83' lang='lat' dir='ltr'><strong>quia</strong></span> <span class='ocrx_word' id='word_1_503' title='bbox 1530 3481 1823 3549; x_wconf 85' lang='lat' dir='ltr'><strong>perierunt,</strong></span> <span class='ocrx_word' id='word_1_504' title='bbox 1870 3491 1918 3535; x_wconf 90' lang='lat' dir='ltr'><strong>et</strong></span> <span class='ocrx_word' id='word_1_505' title='bbox 1960 3484 2103 3537; x_wconf 84' lang='lat' dir='ltr'><strong>ultra</strong></span> 
     </span>
    </p>
   </div>
   <div class='ocr_carea' id='block_1_66' title="bbox 500 3570 2102 3644">
    <p class='ocr_par' dir='ltr' id='par_1_66' title="bbox 500 3570 2102 3644">
     <span class='ocr_line' id='line_1_66' title="bbox 500 3570 2102 3644; baseline 0.002 -20"><span class='ocrx_word' id='word_1_506' title='bbox 500 3590 602 3627; x_wconf 85' lang='lat' dir='ltr'><strong>non</strong></span> <span class='ocrx_word' id='word_1_507' title='bbox 630 3576 851 3627; x_wconf 86' lang='lat' dir='ltr'><strong>venient.</strong></span> <span class='ocrx_word' id='word_1_508' title='bbox 887 3570 966 3624; x_wconf 85' lang='lat' dir='ltr'><strong>De</strong></span> <span class='ocrx_word' id='word_1_509' title='bbox 996 3584 1133 3626; x_wconf 86' lang='lat' dir='ltr'><strong>terra</strong></span> <span class='ocrx_word' id='word_1_510' title='bbox 1161 3570 1433 3639; x_wconf 88' lang='lat' dir='ltr'><strong>Citiorum,</strong></span> <span class='ocrx_word' id='word_1_511' title='bbox 1464 3575 1618 3626; x_wconf 85' lang='lat' dir='ltr'><strong>ducta</strong></span> <span class='ocrx_word' id='word_1_512' title='bbox 1644 3574 1845 3644; x_wconf 86' lang='lat' dir='ltr'><strong>captiva</strong></span> <span class='ocrx_word' id='word_1_513' title='bbox 1875 3583 1974 3627; x_wconf 88' lang='lat' dir='ltr'><strong>est.</strong></span> <span class='ocrx_word' id='word_1_514' title='bbox 2005 3573 2102 3628; x_wconf 87' lang='lat' dir='ltr'><strong>Cui</strong></span> 
     </span>
    </p>
   </div>
   <div class='ocr_carea' id='block_1_67' title="bbox 497 3664 2101 3736">
    <p class='ocr_par' dir='ltr' id='par_1_67' title="bbox 497 3664 2101 3736">
     <span class='ocr_line' id='line_1_67' title="bbox 497 3664 2101 3736; baseline 0.002 -18"><span class='ocrx_word' id='word_1_515' title='bbox 497 3667 693 3721; x_wconf 77' lang='lat' dir='ltr'><strong>similes</strong></span> <span class='ocrx_word' id='word_1_516' title='bbox 723 3666 848 3735; x_wconf 77' lang='lat' dir='ltr'><strong>facti</strong></span> <span class='ocrx_word' id='word_1_517' title='bbox 871 3674 986 3718; x_wconf 85' lang='lat' dir='ltr'><strong>sunt</strong></span> <span class='ocrx_word' id='word_1_518' title='bbox 1014 3665 1326 3719; x_wconf 84' lang='lat' dir='ltr'><strong>habitatores</strong></span> <span class='ocrx_word' id='word_1_519' title='bbox 1351 3666 1556 3731; x_wconf 75' lang='lat' dir='ltr'><strong>insulte,</strong></span> <span class='ocrx_word' id='word_1_520' title='bbox 1583 3666 1918 3736; x_wconf 85' lang='lat' dir='ltr'><strong>negotiatores</strong></span> <span class='ocrx_word' id='word_1_521' title='bbox 1945 3664 2101 3721; x_wconf 73' lang='lat' dir='ltr'><strong>Phae-</strong></span> 
     </span>
    </p>
   </div>
   <div class='ocr_carea' id='block_1_68' title="bbox 499 3756 2100 3829">
    <p class='ocr_par' dir='ltr' id='par_1_68' title="bbox 499 3756 2100 3829">
     <span class='ocr_line' id='line_1_68' title="bbox 499 3756 2100 3829; baseline 0.002 -19"><span class='ocrx_word' id='word_1_522' title='bbox 499 3759 648 3823; x_wconf 84' lang='lat' dir='ltr'><strong>nicis,</strong></span> <span class='ocrx_word' id='word_1_523' title='bbox 680 3763 1074 3826; x_wconf 70' lang='lat' dir='ltr'><strong>transfretantes</strong></span> <span class='ocrx_word' id='word_1_524' title='bbox 1117 3772 1261 3810; x_wconf 85' lang='lat' dir='ltr'><strong>mare</strong></span> <span class='ocrx_word' id='word_1_525' title='bbox 1304 3756 1358 3810; x_wconf 91' lang='lat' dir='ltr'><strong>in</strong></span> <span class='ocrx_word' id='word_1_526' title='bbox 1386 3757 1535 3829; x_wconf 85' lang='lat' dir='ltr'><strong>aquis</strong></span> <span class='ocrx_word' id='word_1_527' title='bbox 1577 3757 1774 3823; x_wconf 86' lang='lat' dir='ltr'><strong>multis,</strong></span> <span class='ocrx_word' id='word_1_528' title='bbox 1806 3774 1975 3812; x_wconf 89' lang='lat' dir='ltr'><strong>semen</strong></span> <span class='ocrx_word' id='word_1_529' title='bbox 2007 3775 2100 3813; x_wconf 85' lang='lat' dir='ltr'><strong>ne-</strong></span> 
     </span>
    </p>
   </div>
   <div class='ocr_carea' id='block_1_69' title="bbox 497 3847 2098 3922">
    <p class='ocr_par' dir='ltr' id='par_1_69' title="bbox 497 3847 2098 3922">
     <span class='ocr_line' id='line_1_69' title="bbox 497 3847 2098 3922; baseline 0.001 -18"><span class='ocrx_word' id='word_1_530' title='bbox 497 3853 809 3920; x_wconf 82' lang='lat' dir='ltr'><strong>gotiatorum</strong></span> <span class='ocrx_word' id='word_1_531' title='bbox 840 3849 988 3921; x_wconf 84' lang='lat' dir='ltr'><strong>quasi</strong></span> <span class='ocrx_word' id='word_1_532' title='bbox 1014 3849 1251 3902; x_wconf 84' lang='lat' dir='ltr'><strong>messium</strong></span> <span class='ocrx_word' id='word_1_533' title='bbox 1279 3847 1541 3903; x_wconf 81' lang='lat' dir='ltr'><strong>itiatarum</strong></span> <span class='ocrx_word' id='word_1_534' title='bbox 1560 3890 1576 3916; x_wconf 91' lang='lat'><strong>,</strong></span> <span class='ocrx_word' id='word_1_535' title='bbox 1605 3851 1948 3922; x_wconf 82' lang='lat' dir='ltr'><strong>negotiatores</strong></span> <span class='ocrx_word' id='word_1_536' title='bbox 1973 3868 2098 3922; x_wconf 87' lang='lat' dir='ltr'><strong>gen-</strong></span> 
     </span>
    </p>
   </div>
   <div class='ocr_carea' id='block_1_70' title="bbox 496 3940 2101 4012">
    <p class='ocr_par' dir='ltr' id='par_1_70' title="bbox 496 3940 2101 4012">
     <span class='ocr_line' id='line_1_70' title="bbox 496 3940 2101 4012; baseline 0.002 -15"><span class='ocrx_word' id='word_1_537' title='bbox 496 3944 647 3999; x_wconf 89' lang='lat' dir='ltr'><strong>tium.</strong></span> <span class='ocrx_word' id='word_1_538' title='bbox 682 3943 788 3998; x_wconf 80' lang='lat' dir='ltr'><strong>Pro</strong></span> <span class='ocrx_word' id='word_1_539' title='bbox 833 3940 1164 4012; x_wconf 84' lang='lat' dir='ltr'><strong>Carthagine</strong></span> <span class='ocrx_word' id='word_1_540' title='bbox 1208 3941 1260 3995; x_wconf 93' lang='lat' dir='ltr'><strong>in</strong></span> <span class='ocrx_word' id='word_1_541' title='bbox 1308 3940 1535 3997; x_wconf 70' lang='lat' dir='ltr'><strong>Hebrum</strong></span> <span class='ocrx_word' id='word_1_542' title='bbox 1581 3941 1840 3999; x_wconf 88' lang='lat' dir='ltr'><strong>scribitur</strong></span> <span class='ocrx_word' id='word_1_543' title='bbox 1880 3957 2101 4000; x_wconf 69' lang='lat' dir='ltr'><strong>vnansrs</strong></span> 
     </span>
    </p>
   </div>
   <div class='ocr_carea' id='block_1_71' title="bbox 495 4032 2098 4108">
    <p class='ocr_par' dir='ltr' id='par_1_71' title="bbox 495 4032 2098 4108">
     <span class='ocr_line' id='line_1_71' title="bbox 495 4032 2098 4108; baseline 0.005 -21"><span class='ocrx_word' id='word_1_544' title='bbox 495 4032 742 4107; x_wconf 61' lang='lat' dir='ltr'><strong>(arma)</strong></span> <span class='ocrx_word' id='word_1_545' title='bbox 771 4033 930 4108; x_wconf 72' lang='lat'><strong>321</strong></span> <span class='ocrx_word' id='word_1_546' title='bbox 979 4033 1123 4105; x_wconf 90' lang='lat' dir='ltr'><strong>quod</strong></span> <span class='ocrx_word' id='word_1_547' title='bbox 1168 4049 1359 4090; x_wconf 83' lang='lat' dir='ltr'><strong>omnes</strong></span> <span class='ocrx_word' id='word_1_548' title='bbox 1403 4034 1657 4090; x_wconf 88' lang='lat' dir='ltr'><strong>similiter</strong></span> <span class='ocrx_word' id='word_1_549' title='bbox 1684 4037 2098 4095; x_wconf 88' lang='lat' dir='ltr'><strong>transtulerunt.</strong></span> 
     </span>
    </p>
   </div>
   <div class='ocr_carea' id='block_1_72' title="bbox 496 4124 2101 4200">
    <p class='ocr_par' dir='ltr' id='par_1_72' title="bbox 496 4124 2101 4200">
     <span class='ocr_line' id='line_1_72' title="bbox 496 4124 2101 4200; baseline 0.002 -20"><span class='ocrx_word' id='word_1_550' title='bbox 496 4124 711 4182; x_wconf 84' lang='lat' dir='ltr'><strong>Tharsis</strong></span> <span class='ocrx_word' id='word_1_551' title='bbox 742 4141 922 4182; x_wconf 88' lang='lat' dir='ltr'><strong>autem</strong></span> <span class='ocrx_word' id='word_1_552' title='bbox 956 4128 1346 4198; x_wconf 86' lang='lat' dir='ltr'><strong>interpretatur</strong></span> <span class='ocrx_word' id='word_1_553' title='bbox 1385 4128 1749 4199; x_wconf 84' lang='lat' dir='ltr'><strong>contemplatio</strong></span> <span class='ocrx_word' id='word_1_554' title='bbox 1779 4129 1892 4184; x_wconf 79' lang='lat' dir='ltr'><strong>sive</strong></span> <span class='ocrx_word' id='word_1_555' title='bbox 1920 4129 2101 4200; x_wconf 78' lang='lat' dir='ltr'><strong>explo-</strong></span> 
     </span>
    </p>
   </div>
   <div class='ocr_carea' id='block_1_73' title="bbox 497 4218 2100 4292">
    <p class='ocr_par' dir='ltr' id='par_1_73' title="bbox 497 4218 2100 4292">
     <span class='ocr_line' id='line_1_73' title="bbox 497 4218 2100 4292; baseline 0.005 -22"><span class='ocrx_word' id='word_1_556' title='bbox 497 4218 634 4272; x_wconf 83' lang='lat' dir='ltr'><strong>ratio</strong></span> <span class='ocrx_word' id='word_1_557' title='bbox 680 4220 879 4289; x_wconf 84' lang='lat' dir='ltr'><strong>gaudii.</strong></span> <span class='ocrx_word' id='word_1_558' title='bbox 928 4220 1053 4275; x_wconf 80' lang='lat' dir='ltr'><strong>Citii</strong></span> <span class='ocrx_word' id='word_1_559' title='bbox 1110 4235 1327 4292; x_wconf 88' lang='lat' dir='ltr'><strong>quoqne</strong></span> <span class='ocrx_word' id='word_1_560' title='bbox 1377 4220 1520 4292; x_wconf 90' lang='lat' dir='ltr'><strong>quod</strong></span> <span class='ocrx_word' id='word_1_561' title='bbox 1575 4221 1842 4278; x_wconf 84' lang='lat' dir='ltr'><strong>llebraice</strong></span> <span class='ocrx_word' id='word_1_562' title='bbox 1899 4221 2100 4279; x_wconf 88' lang='lat' dir='ltr'><strong>dicitur</strong></span> 
     </span>
    </p>
   </div>
   <div class='ocr_carea' id='block_1_74' title="bbox 497 4308 2099 4386">
    <p class='ocr_par' dir='ltr' id='par_1_74' title="bbox 497 4308 2099 4386">
     <span class='ocr_line' id='line_1_74' title="bbox 497 4308 2099 4386; baseline 0.006 -21"><span class='ocrx_word' id='word_1_563' title='bbox 497 4323 701 4365; x_wconf 77' lang='lat' dir='ltr'><strong>CBETII</strong></span> <span class='ocrx_word' id='word_1_564' title='bbox 733 4308 941 4381; x_wconf 67' lang='lat' dir='ltr'><strong>(nuta),</strong></span> <span class='ocrx_word' id='word_1_565' title='bbox 992 4311 1382 4382; x_wconf 88' lang='lat' dir='ltr'><strong>interpretatur</strong></span> <span class='ocrx_word' id='word_1_566' title='bbox 1410 4329 1552 4368; x_wconf 91' lang='lat' dir='ltr'><strong>mare</strong></span> <span class='ocrx_word' id='word_1_567' title='bbox 1598 4313 1962 4386; x_wconf 84' lang='lat' dir='ltr'><strong>congelascens</strong></span> <span class='ocrx_word' id='word_1_568' title='bbox 1992 4333 2011 4372; x_wconf 93' lang='lat'><strong><em>:</em></strong></span> <span class='ocrx_word' id='word_1_569' title='bbox 2044 4327 2099 4374; x_wconf 87' lang='lat' dir='ltr'><strong>et</strong></span> 
     </span>
    </p>
   </div>
   <div class='ocr_carea' id='block_1_75' title="bbox 495 4400 2097 4479">
    <p class='ocr_par' dir='ltr' id='par_1_75' title="bbox 495 4400 2097 4479">
     <span class='ocr_line' id='line_1_75' title="bbox 495 4400 2097 4479; baseline 0.006 -21"><span class='ocrx_word' id='word_1_570' title='bbox 495 4417 598 4475; x_wconf 87' lang='lat' dir='ltr'><strong>pro</strong></span> <span class='ocrx_word' id='word_1_571' title='bbox 625 4400 883 4459; x_wconf 75' lang='lat' dir='ltr'><strong>Pltmuice</strong></span> <span class='ocrx_word' id='word_1_572' title='bbox 914 4402 1057 4475; x_wconf 89' lang='lat' dir='ltr'><strong>apud</strong></span> <span class='ocrx_word' id='word_1_573' title='bbox 1082 4420 1180 4461; x_wconf 89' lang='lat' dir='ltr'><strong>eos</strong></span> <span class='ocrx_word' id='word_1_574' title='bbox 1208 4404 1375 4462; x_wconf 91' lang='lat' dir='ltr'><strong>Sidon</strong></span> <span class='ocrx_word' id='word_1_575' title='bbox 1407 4406 1623 4478; x_wconf 88' lang='lat' dir='ltr'><strong>legitur.</strong></span> <span class='ocrx_word' id='word_1_576' title='bbox 1660 4409 1975 4479; x_wconf 84' lang='lat' dir='ltr'><strong>Argunntur</strong></span> <span class='ocrx_word' id='word_1_577' title='bbox 1997 4412 2097 4467; x_wconf 87' lang='lat' dir='ltr'><strong>ita-</strong></span> 
     </span>
    </p>
   </div>
   <div class='ocr_carea' id='block_1_76' title="bbox 493 4496 2092 4571">
    <p class='ocr_par' dir='ltr' id='par_1_76' title="bbox 493 4496 2092 4571">
     <span class='ocr_line' id='line_1_76' title="bbox 493 4496 2092 4571; baseline 0.008 -23"><span class='ocrx_word' id='word_1_578' title='bbox 493 4510 603 4565; x_wconf 90' lang='lat' dir='ltr'><strong>que</strong></span> <span class='ocrx_word' id='word_1_579' title='bbox 632 4496 684 4550; x_wconf 89' lang='lat' dir='ltr'><strong>hi</strong></span> <span class='ocrx_word' id='word_1_580' title='bbox 715 4510 852 4567; x_wconf 86' lang='lat' dir='ltr'><strong>quos</strong></span> <span class='ocrx_word' id='word_1_581' title='bbox 884 4496 1148 4552; x_wconf 88' lang='lat' dir='ltr'><strong>malarum</strong></span> <span class='ocrx_word' id='word_1_582' title='bbox 1171 4498 1560 4570; x_wconf 90' lang='lat' dir='ltr'><strong>c0gitationum</strong></span> <span class='ocrx_word' id='word_1_583' title='bbox 1587 4502 1747 4556; x_wconf 90' lang='lat' dir='ltr'><strong>turba</strong></span> <span class='ocrx_word' id='word_1_584' title='bbox 1768 4501 2092 4571; x_wconf 89' lang='lat' dir='ltr'><strong>circumdat,</strong></span> 
     </span>
    </p>
   </div>
   <div class='ocr_carea' id='block_1_77' title="bbox 2206 3295 3810 3370">
    <p class='ocr_par' dir='ltr' id='par_1_77' title="bbox 2206 3295 3810 3370">
     <span class='ocr_line' id='line_1_77' title="bbox 2206 3295 3810 3370; baseline 0.002 -21"><span class='ocrx_word' id='word_1_585' title='bbox 2206 3314 2344 3353; x_wconf 90' lang='lat' dir='ltr'><strong>unus</strong></span> <span class='ocrx_word' id='word_1_586' title='bbox 2367 3298 2724 3370; x_wconf 86' lang='lat' dir='ltr'><strong>loquebatur:</strong></span> <span class='ocrx_word' id='word_1_587' title='bbox 2754 3295 2804 3350; x_wconf 88' lang='lat' dir='ltr'><em>F</em></span> <span class='ocrx_word' id='word_1_588' title='bbox 2808 3298 2939 3352; x_wconf 87' lang='lat' dir='ltr'><strong>ilioli</strong></span> <span class='ocrx_word' id='word_1_589' title='bbox 2986 3298 3103 3364; x_wconf 87' lang='lat' dir='ltr'><strong>mei,</strong></span> <span class='ocrx_word' id='word_1_590' title='bbox 3149 3314 3275 3368; x_wconf 88' lang='lat' dir='ltr'><strong>quos</strong></span> <span class='ocrx_word' id='word_1_591' title='bbox 3327 3299 3514 3352; x_wconf 87' lang='lat' dir='ltr'><strong>iterum</strong></span> <span class='ocrx_word' id='word_1_592' title='bbox 3560 3297 3810 3369; x_wconf 77' lang='lat' dir='ltr'><strong>partutio,</strong></span> 
     </span>
    </p>
   </div>
   <div class='ocr_carea' id='block_1_78' title="bbox 2206 3391 3803 3466">
    <p class='ocr_par' dir='ltr' id='par_1_78' title="bbox 2206 3391 3803 3466">
     <span class='ocr_line' id='line_1_78' title="bbox 2206 3391 3803 3466; baseline 0 -20"><span class='ocrx_word' id='word_1_593' title='bbox 2206 3393 2370 3448; x_wconf 87' lang='lat' dir='ltr'><strong>donec</strong></span> <span class='ocrx_word' id='word_1_594' title='bbox 2424 3391 2662 3450; x_wconf 76' lang='lat' dir='ltr'><strong>Christus</strong></span> <span class='ocrx_word' id='word_1_595' title='bbox 2692 3392 2944 3463; x_wconf 78' lang='lat' dir='ltr'><strong>formetur</strong></span> <span class='ocrx_word' id='word_1_596' title='bbox 2988 3395 3044 3447; x_wconf 90' lang='lat' dir='ltr'><strong>in</strong></span> <span class='ocrx_word' id='word_1_597' title='bbox 3090 3393 3230 3447; x_wconf 88' lang='lat' dir='ltr'><strong>vobis</strong></span> <span class='ocrx_word' id='word_1_598' title='bbox 3258 3392 3402 3463; x_wconf 83' lang='lat' dir='ltr'><strong>(Gal.</strong></span> <span class='ocrx_word' id='word_1_599' title='bbox 3436 3409 3509 3460; x_wconf 85' lang='lat' dir='ltr'><strong>tv,</strong></span> <span class='ocrx_word' id='word_1_600' title='bbox 3547 3395 3663 3466; x_wconf 72' lang='grc'><strong>19).</strong></span> <span class='ocrx_word' id='word_1_601' title='bbox 3697 3394 3760 3449; x_wconf 84' lang='lat' dir='ltr'><strong>Et</strong></span> <span class='ocrx_word' id='word_1_602' title='bbox 3790 3409 3803 3446; x_wconf 90' lang='lat'><strong>:</strong></span> 
     </span>
    </p>
   </div>
   <div class='ocr_carea' id='block_1_79' title="bbox 2205 3484 3813 3561">
    <p class='ocr_par' dir='ltr' id='par_1_79' title="bbox 2205 3484 3813 3561">
     <span class='ocr_line' id='line_1_79' title="bbox 2205 3484 3813 3561; baseline 0.001 -21"><span class='ocrx_word' id='word_1_603' title='bbox 2205 3487 2315 3542; x_wconf 88' lang='lat' dir='ltr'><strong>Lac</strong></span> <span class='ocrx_word' id='word_1_604' title='bbox 2344 3489 2482 3543; x_wconf 89' lang='lat' dir='ltr'><strong>vobis</strong></span> <span class='ocrx_word' id='word_1_605' title='bbox 2507 3499 2686 3557; x_wconf 87' lang='lat' dir='ltr'><strong>potum</strong></span> <span class='ocrx_word' id='word_1_606' title='bbox 2732 3488 2874 3553; x_wconf 83' lang='lat' dir='ltr'><strong>dedi,</strong></span> <span class='ocrx_word' id='word_1_607' title='bbox 2909 3503 3012 3541; x_wconf 89' lang='lat' dir='ltr'><strong>non</strong></span> <span class='ocrx_word' id='word_1_608' title='bbox 3065 3500 3235 3542; x_wconf 80' lang='lat' dir='ltr'><strong>escam</strong></span> <span class='ocrx_word' id='word_1_609' title='bbox 3265 3486 3287 3561; x_wconf 92' lang='lat'><strong>(</strong></span> <span class='ocrx_word' id='word_1_610' title='bbox 3312 3486 3470 3543; x_wconf 90' lang='lat' dir='ltr'><strong>ICor.</strong></span> <span class='ocrx_word' id='word_1_611' title='bbox 3500 3502 3588 3557; x_wconf 83' lang='grc' dir='ltr'><strong>ιη,</strong></span> <span class='ocrx_word' id='word_1_612' title='bbox 3613 3487 3699 3560; x_wconf 72' lang='lat'><strong>2).</strong></span> <span class='ocrx_word' id='word_1_613' title='bbox 3750 3484 3813 3543; x_wconf 76' lang='lat' dir='ltr'><strong>Et</strong></span> 
     </span>
    </p>
   </div>
   <div class='ocr_carea' id='block_1_80' title="bbox 2206 3580 3814 3653">
    <p class='ocr_par' dir='ltr' id='par_1_80' title="bbox 2206 3580 3814 3653">
     <span class='ocr_line' id='line_1_80' title="bbox 2206 3580 3814 3653; baseline -0.001 -17"><span class='ocrx_word' id='word_1_614' title='bbox 2206 3596 2419 3636; x_wconf 87' lang='lat' dir='ltr'><strong>rursum</strong></span> <span class='ocrx_word' id='word_1_615' title='bbox 2446 3599 2460 3633; x_wconf 89' lang='lat'><strong>:</strong></span> <span class='ocrx_word' id='word_1_616' title='bbox 2497 3580 2630 3635; x_wconf 82' lang='lat' dir='ltr'><strong>Volo</strong></span> <span class='ocrx_word' id='word_1_617' title='bbox 2660 3590 2832 3635; x_wconf 89' lang='lat' dir='ltr'><strong>autem</strong></span> <span class='ocrx_word' id='word_1_618' title='bbox 2860 3598 2949 3637; x_wconf 90' lang='lat' dir='ltr'><strong>vos</strong></span> <span class='ocrx_word' id='word_1_619' title='bbox 2969 3597 3144 3636; x_wconf 84' lang='lat' dir='ltr'><strong>omnes</strong></span> <span class='ocrx_word' id='word_1_620' title='bbox 3170 3582 3424 3653; x_wconf 87' lang='lat' dir='ltr'><strong>virginem</strong></span> <span class='ocrx_word' id='word_1_621' title='bbox 3446 3593 3652 3637; x_wconf 86' lang='lat' dir='ltr'><strong>castam</strong></span> <span class='ocrx_word' id='word_1_622' title='bbox 3675 3581 3814 3637; x_wconf 71' lang='lat' dir='ltr'><strong>exhi-</strong></span> 
     </span>
    </p>
   </div>
   <div class='ocr_carea' id='block_1_81' title="bbox 2204 3671 3809 3747">
    <p class='ocr_par' dir='ltr' id='par_1_81' title="bbox 2204 3671 3809 3747">
     <span class='ocr_line' id='line_1_81' title="bbox 2204 3671 3809 3747; baseline 0.001 -20"><span class='ocrx_word' id='word_1_623' title='bbox 2204 3676 2320 3729; x_wconf 89' lang='lat' dir='ltr'><strong>bere</strong></span> <span class='ocrx_word' id='word_1_624' title='bbox 2347 3672 2554 3729; x_wconf 80' lang='lat' dir='ltr'><strong>Christo</strong></span> <span class='ocrx_word' id='word_1_625' title='bbox 2588 3673 2657 3745; x_wconf 91' lang='lat' dir='ltr'><strong>(ll</strong></span> <span class='ocrx_word' id='word_1_626' title='bbox 2686 3672 2807 3728; x_wconf 86' lang='lat' dir='ltr'><strong>Cor.</strong></span> <span class='ocrx_word' id='word_1_627' title='bbox 2842 3671 2939 3747; x_wconf 67' lang='grc' dir='ltr'><strong>χι).</strong></span> <span class='ocrx_word' id='word_1_628' title='bbox 2969 3672 3104 3730; x_wconf 87' lang='lat' dir='ltr'><strong>Cum</strong></span> <span class='ocrx_word' id='word_1_629' title='bbox 3123 3673 3227 3730; x_wconf 92' lang='lat' dir='ltr'><strong>hoc</strong></span> <span class='ocrx_word' id='word_1_630' title='bbox 3251 3674 3520 3747; x_wconf 72' lang='lat' dir='ltr'><strong>ASgyptus</strong></span> <span class='ocrx_word' id='word_1_631' title='bbox 3548 3674 3809 3738; x_wconf 82' lang='lat' dir='ltr'><strong>audierit,</strong></span> 
     </span>
    </p>
   </div>
   <div class='ocr_carea' id='block_1_82' title="bbox 2203 3766 3816 3840">
    <p class='ocr_par' dir='ltr' id='par_1_82' title="bbox 2203 3766 3816 3840">
     <span class='ocr_line' id='line_1_82' title="bbox 2203 3766 3816 3840; baseline 0 -18"><span class='ocrx_word' id='word_1_632' title='bbox 2203 3783 2324 3840; x_wconf 68' lang='lat' dir='ltr'><strong>quae</strong></span> <span class='ocrx_word' id='word_1_633' title='bbox 2363 3766 2627 3823; x_wconf 87' lang='lat' dir='ltr'><strong>IIebraice</strong></span> <span class='ocrx_word' id='word_1_634' title='bbox 2673 3766 2869 3823; x_wconf 88' lang='lat' dir='ltr'><strong>dicitur</strong></span> <span class='ocrx_word' id='word_1_635' title='bbox 2899 3783 3132 3824; x_wconf 70' lang='lat' dir='ltr'><strong>nestum</strong></span> <span class='ocrx_word' id='word_1_636' title='bbox 3159 3768 3417 3840; x_wconf 64' lang='lat' dir='ltr'><strong>(manu),</strong></span> <span class='ocrx_word' id='word_1_637' title='bbox 3468 3768 3623 3840; x_wconf 86' lang='lat' dir='ltr'><strong>quod</strong></span> <span class='ocrx_word' id='word_1_638' title='bbox 3654 3770 3816 3823; x_wconf 87' lang='lat' dir='ltr'><strong>inter-</strong></span> 
     </span>
    </p>
   </div>
   <div class='ocr_carea' id='block_1_83' title="bbox 2206 3859 3813 3928">
    <p class='ocr_par' dir='ltr' id='par_1_83' title="bbox 2206 3859 3813 3928">
     <span class='ocr_line' id='line_1_83' title="bbox 2206 3859 3813 3928; baseline 0.004 -18"><span class='ocrx_word' id='word_1_639' title='bbox 2206 3868 2451 3928; x_wconf 86' lang='lat' dir='ltr'><strong>pretatur</strong></span> <span class='ocrx_word' id='word_1_640' title='bbox 2480 3859 2794 3928; x_wconf 76' lang='grc' dir='ltr'><strong>ἐκθλίϐουσα,</strong></span> <span class='ocrx_word' id='word_1_641' title='bbox 2838 3859 2889 3914; x_wconf 89' lang='lat' dir='ltr'><strong>id</strong></span> <span class='ocrx_word' id='word_1_642' title='bbox 2943 3870 3048 3927; x_wconf 92' lang='lat' dir='ltr'><strong>est,</strong></span> <span class='ocrx_word' id='word_1_643' title='bbox 3098 3859 3379 3926; x_wconf 84' lang='lat' dir='ltr'><strong>tribulans,</strong></span> <span class='ocrx_word' id='word_1_644' title='bbox 3433 3867 3489 3915; x_wconf 90' lang='lat' dir='ltr'><strong>et</strong></span> <span class='ocrx_word' id='word_1_645' title='bbox 3518 3870 3813 3925; x_wconf 84' lang='lat' dir='ltr'><strong>coarctans,</strong></span> 
     </span>
    </p>
   </div>
   <div class='ocr_carea' id='block_1_84' title="bbox 2203 3951 3813 4024">
    <p class='ocr_par' dir='ltr' id='par_1_84' title="bbox 2203 3951 3813 4024">
     <span class='ocr_line' id='line_1_84' title="bbox 2203 3951 3813 4024; baseline 0 -17"><span class='ocrx_word' id='word_1_646' title='bbox 2203 3953 2366 4008; x_wconf 89' lang='lat' dir='ltr'><strong>etiam</strong></span> <span class='ocrx_word' id='word_1_647' title='bbox 2392 3952 2503 4022; x_wconf 89' lang='lat' dir='ltr'><strong>ipsa</strong></span> <span class='ocrx_word' id='word_1_648' title='bbox 2536 3952 2858 4021; x_wconf 88' lang='lat' dir='ltr'><strong>terrebitur,</strong></span> <span class='ocrx_word' id='word_1_649' title='bbox 2896 3968 2955 4008; x_wconf 90' lang='lat' dir='ltr'><strong>se</strong></span> <span class='ocrx_word' id='word_1_650' title='bbox 2999 3968 3214 4024; x_wconf 90' lang='lat' dir='ltr'><strong>quoque</strong></span> <span class='ocrx_word' id='word_1_651' title='bbox 3255 3951 3575 4024; x_wconf 86' lang='lat' dir='ltr'><strong>intelligens</strong></span> <span class='ocrx_word' id='word_1_652' title='bbox 3627 3954 3813 4011; x_wconf 86' lang='lat' dir='ltr'><strong>eadem</strong></span> 
     </span>
    </p>
   </div>
   <div class='ocr_carea' id='block_1_85' title="bbox 2202 4043 3814 4116">
    <p class='ocr_par' dir='ltr' id='par_1_85' title="bbox 2202 4043 3814 4116">
     <span class='ocr_line' id='line_1_85' title="bbox 2202 4043 3814 4116; baseline 0.001 -17"><span class='ocrx_word' id='word_1_653' title='bbox 2202 4060 2322 4115; x_wconf 62' lang='lat' dir='ltr'><strong>qua}</strong></span> <span class='ocrx_word' id='word_1_654' title='bbox 2353 4043 2529 4116; x_wconf 84' lang='lat' dir='ltr'><strong>Tyrus</strong></span> <span class='ocrx_word' id='word_1_655' title='bbox 2572 4058 2728 4113; x_wconf 87' lang='lat' dir='ltr'><strong>passa</strong></span> <span class='ocrx_word' id='word_1_656' title='bbox 2747 4052 2853 4111; x_wconf 92' lang='lat' dir='ltr'><strong>est,</strong></span> <span class='ocrx_word' id='word_1_657' title='bbox 2887 4059 3010 4100; x_wconf 88' lang='lat' dir='ltr'><strong>esse</strong></span> <span class='ocrx_word' id='word_1_658' title='bbox 3047 4058 3352 4115; x_wconf 87' lang='lat' dir='ltr'><strong>passuram.</strong></span> <span class='ocrx_word' id='word_1_659' title='bbox 3403 4044 3564 4113; x_wconf 84' lang='lat' dir='ltr'><strong>Quod</strong></span> <span class='ocrx_word' id='word_1_660' title='bbox 3594 4061 3722 4104; x_wconf 90' lang='lat' dir='ltr'><strong>cum</strong></span> <span class='ocrx_word' id='word_1_661' title='bbox 3750 4045 3814 4101; x_wconf 88' lang='lat' dir='ltr'><strong>ad</strong></span> 
     </span>
    </p>
   </div>
   <div class='ocr_carea' id='block_1_86' title="bbox 2200 4137 3817 4209">
    <p class='ocr_par' dir='ltr' id='par_1_86' title="bbox 2200 4137 3817 4209">
     <span class='ocr_line' id='line_1_86' title="bbox 2200 4137 3817 4209; baseline 0.001 -16"><span class='ocrx_word' id='word_1_662' title='bbox 2200 4139 2381 4194; x_wconf 89' lang='lat' dir='ltr'><strong>omnia</strong></span> <span class='ocrx_word' id='word_1_663' title='bbox 2406 4137 2531 4194; x_wconf 80' lang='lat' dir='ltr'><strong>vitia</strong></span> <span class='ocrx_word' id='word_1_664' title='bbox 2556 4140 2848 4207; x_wconf 86' lang='lat' dir='ltr'><strong>reieratur,</strong></span> <span class='ocrx_word' id='word_1_665' title='bbox 2882 4149 3058 4209; x_wconf 86' lang='lat' dir='ltr'><strong>potest</strong></span> <span class='ocrx_word' id='word_1_666' title='bbox 3086 4149 3139 4194; x_wconf 91' lang='lat' dir='ltr'><strong>et</strong></span> <span class='ocrx_word' id='word_1_667' title='bbox 3170 4139 3223 4195; x_wconf 93' lang='lat' dir='ltr'><strong>in</strong></span> <span class='ocrx_word' id='word_1_668' title='bbox 3265 4139 3551 4196; x_wconf 80' lang='lat' dir='ltr'><strong>htereseon</strong></span> <span class='ocrx_word' id='word_1_669' title='bbox 3588 4138 3817 4197; x_wconf 85' lang='lat' dir='ltr'><strong>diversi-</strong></span> 
     </span>
    </p>
   </div>
   <div class='ocr_carea' id='block_1_87' title="bbox 2202 4232 3815 4306">
    <p class='ocr_par' dir='ltr' id='par_1_87' title="bbox 2202 4232 3815 4306">
     <span class='ocr_line' id='line_1_87' title="bbox 2202 4232 3815 4306; baseline 0.001 -20"><span class='ocrx_word' id='word_1_670' title='bbox 2202 4241 2312 4287; x_wconf 89' lang='lat' dir='ltr'><strong>tate</strong></span> <span class='ocrx_word' id='word_1_671' title='bbox 2343 4232 2557 4299; x_wconf 85' lang='lat' dir='ltr'><strong>sentiri,</strong></span> <span class='ocrx_word' id='word_1_672' title='bbox 2588 4233 2807 4302; x_wconf 86' lang='lat' dir='ltr'><strong>quando</strong></span> <span class='ocrx_word' id='word_1_673' title='bbox 2846 4233 2950 4289; x_wconf 90' lang='lat' dir='ltr'><strong>alia</strong></span> <span class='ocrx_word' id='word_1_674' title='bbox 3005 4239 3164 4301; x_wconf 86' lang='lat' dir='ltr'><strong>capta</strong></span> <span class='ocrx_word' id='word_1_675' title='bbox 3199 4232 3419 4299; x_wconf 70' lang='lat' dir='ltr'><strong>haeresi,</strong></span> <span class='ocrx_word' id='word_1_676' title='bbox 3448 4232 3559 4289; x_wconf 89' lang='lat' dir='ltr'><strong>alia</strong></span> <span class='ocrx_word' id='word_1_677' title='bbox 3607 4246 3815 4306; x_wconf 84' lang='lat' dir='ltr'><strong>pertre-</strong></span> 
     </span>
    </p>
   </div>
   <div class='ocr_carea' id='block_1_88' title="bbox 2202 4324 3817 4398">
    <p class='ocr_par' dir='ltr' id='par_1_88' title="bbox 2202 4324 3817 4398">
     <span class='ocr_line' id='line_1_88' title="bbox 2202 4324 3817 4398; baseline 0.001 -19"><span class='ocrx_word' id='word_1_678' title='bbox 2202 4324 2402 4390; x_wconf 87' lang='lat' dir='ltr'><strong>miscit,</strong></span> <span class='ocrx_word' id='word_1_679' title='bbox 2442 4334 2492 4381; x_wconf 92' lang='lat' dir='ltr'><strong>et</strong></span> <span class='ocrx_word' id='word_1_680' title='bbox 2551 4325 2603 4380; x_wconf 91' lang='lat' dir='ltr'><strong>in</strong></span> <span class='ocrx_word' id='word_1_681' title='bbox 2632 4325 2854 4380; x_wconf 88' lang='lat' dir='ltr'><strong>alterius</strong></span> <span class='ocrx_word' id='word_1_682' title='bbox 2903 4324 3247 4393; x_wconf 87' lang='lat' dir='ltr'><strong>confusione,</strong></span> <span class='ocrx_word' id='word_1_683' title='bbox 3285 4327 3425 4381; x_wconf 89' lang='lat' dir='ltr'><strong>alter</strong></span> <span class='ocrx_word' id='word_1_684' title='bbox 3480 4342 3541 4381; x_wconf 88' lang='lat' dir='ltr'><strong>se</strong></span> <span class='ocrx_word' id='word_1_685' title='bbox 3602 4326 3817 4398; x_wconf 79' lang='lat' dir='ltr'><strong>capien-</strong></span> 
     </span>
    </p>
   </div>
   <div class='ocr_carea' id='block_1_89' title="bbox 2201 4415 3812 4485">
    <p class='ocr_par' dir='ltr' id='par_1_89' title="bbox 2201 4415 3812 4485">
     <span class='ocr_line' id='line_1_89' title="bbox 2201 4415 3812 4485; baseline 0.001 -15"><span class='ocrx_word' id='word_1_686' title='bbox 2201 4415 2327 4471; x_wconf 91' lang='lat' dir='ltr'><strong>dum</strong></span> <span class='ocrx_word' id='word_1_687' title='bbox 2349 4432 2468 4472; x_wconf 89' lang='lat' dir='ltr'><strong>esse</strong></span> <span class='ocrx_word' id='word_1_688' title='bbox 2497 4417 2680 4473; x_wconf 89' lang='lat' dir='ltr'><strong>sentit.</strong></span> <span class='ocrx_word' id='word_1_689' title='bbox 2696 4415 2982 4485; x_wconf 89' lang='lat' dir='ltr'><strong>Quomodo</strong></span> <span class='ocrx_word' id='word_1_690' title='bbox 3005 4426 3186 4474; x_wconf 88' lang='lat' dir='ltr'><strong>autem</strong></span> <span class='ocrx_word' id='word_1_691' title='bbox 3205 4417 3275 4475; x_wconf 91' lang='lat' dir='ltr'><strong>de</strong></span> <span class='ocrx_word' id='word_1_692' title='bbox 3299 4417 3556 4476; x_wconf 88' lang='lat' dir='ltr'><strong>Sodomis</strong></span> <span class='ocrx_word' id='word_1_693' title='bbox 3579 4418 3812 4475; x_wconf 86' lang='lat' dir='ltr'><strong>dicitur:</strong></span> 
     </span>
    </p>
   </div>
   <div class='ocr_carea' id='block_1_90' title="bbox 2203 4507 3820 4582">
    <p class='ocr_par' dir='ltr' id='par_1_90' title="bbox 2203 4507 3820 4582">
     <span class='ocr_line' id='line_1_90' title="bbox 2203 4507 3820 4582; baseline 0 -20"><span class='ocrx_word' id='word_1_694' title='bbox 2203 4507 2462 4575; x_wconf 81' lang='lat' dir='ltr'><strong>Quoniam</strong></span> <span class='ocrx_word' id='word_1_695' title='bbox 2482 4509 2525 4562; x_wconf 86' lang='lat' dir='ltr'><strong>si</strong></span> <span class='ocrx_word' id='word_1_696' title='bbox 2555 4508 2694 4580; x_wconf 75' lang='lat' dir='ltr'><strong>facta</strong></span> <span class='ocrx_word' id='word_1_697' title='bbox 2722 4508 2940 4579; x_wconf 76' lang='lat' dir='ltr'><strong>fuissent</strong></span> <span class='ocrx_word' id='word_1_698' title='bbox 2989 4508 3139 4582; x_wconf 88' lang='lat' dir='ltr'><strong>signa</strong></span> <span class='ocrx_word' id='word_1_699' title='bbox 3175 4509 3231 4563; x_wconf 88' lang='lat' dir='ltr'><strong>in</strong></span> <span class='ocrx_word' id='word_1_700' title='bbox 3273 4509 3350 4564; x_wconf 86' lang='lat' dir='ltr'><strong>eis</strong></span> <span class='ocrx_word' id='word_1_701' title='bbox 3378 4525 3496 4580; x_wconf 78' lang='lat' dir='ltr'><strong>qua:</strong></span> <span class='ocrx_word' id='word_1_702' title='bbox 3522 4509 3676 4580; x_wconf 79' lang='lat' dir='ltr'><strong>facta</strong></span> <span class='ocrx_word' id='word_1_703' title='bbox 3701 4515 3820 4564; x_wconf 83' lang='lat' dir='ltr'><strong>sunt</strong></span> 
     </span>
    </p>
   </div>
   <div class='ocr_carea' id='block_1_91' title="bbox 493 4575 3812 4673">
    <p class='ocr_par' dir='ltr' id='par_1_91' title="bbox 493 4575 3812 4673">
     <span class='ocr_line' id='line_1_91' title="bbox 493 4575 3812 4673; baseline 0.004 -30"><span class='ocrx_word' id='word_1_704' title='bbox 493 4596 551 4643; x_wconf 85' lang='lat' dir='ltr'><strong>et</strong></span> <span class='ocrx_word' id='word_1_705' title='bbox 592 4588 681 4659; x_wconf 87' lang='lat' dir='ltr'><strong>qui</strong></span> <span class='ocrx_word' id='word_1_706' title='bbox 713 4588 959 4646; x_wconf 88' lang='lat' dir='ltr'><strong>volentes</strong></span> <span class='ocrx_word' id='word_1_707' title='bbox 984 4590 1144 4661; x_wconf 86' lang='lat' dir='ltr'><strong>juxta</strong></span> <span class='ocrx_word' id='word_1_708' title='bbox 1189 4592 1506 4661; x_wconf 82' lang='lat' dir='ltr'><strong>Apostolum</strong></span> <span class='ocrx_word' id='word_1_709' title='bbox 1539 4594 1738 4650; x_wconf 88' lang='lat' dir='ltr'><strong>divites</strong></span> <span class='ocrx_word' id='word_1_710' title='bbox 1787 4596 1926 4664; x_wconf 82' lang='lat' dir='ltr'><strong>ﬂeri,</strong></span> <span class='ocrx_word' id='word_1_711' title='bbox 1962 4598 2094 4653; x_wconf 59' lang='lat' dir='ltr'><strong>inciv</strong></span> <span class='ocrx_word' id='word_1_712' title='bbox 2120 4575 2253 4656; x_wconf 81' lang='lat' dir='ltr'><strong>Din</strong></span> <span class='ocrx_word' id='word_1_713' title='bbox 2283 4575 2671 4673; x_wconf 73' lang='lat' dir='ltr'><strong>Capharmtum,</strong></span> <span class='ocrx_word' id='word_1_714' title='bbox 2704 4575 3014 4657; x_wconf 84' lang='lat' dir='ltr'><strong>mansissent</strong></span> <span class='ocrx_word' id='word_1_715' title='bbox 3034 4575 3219 4673; x_wconf 42' lang='lat' dir='ltr'><strong>vusque</strong></span> <span class='ocrx_word' id='word_1_716' title='bbox 3238 4575 3429 4668; x_wconf 75' lang='lat' dir='ltr'><strong>hodie;</strong></span> <span class='ocrx_word' id='word_1_717' title='bbox 3450 4575 3812 4659; x_wconf 32' lang='lat' dir='ltr'><strong>et&#39;infertur:</strong></span> 
     </span>
    </p>
   </div>
   <div class='ocr_carea' id='block_1_92' title="bbox 492 4681 2089 4755">
    <p class='ocr_par' dir='ltr' id='par_1_92' title="bbox 492 4681 2089 4755">
     <span class='ocr_line' id='line_1_92' title="bbox 492 4681 2089 4755; baseline 0.006 -18"><span class='ocrx_word' id='word_1_718' title='bbox 492 4681 627 4738; x_wconf 89' lang='lat' dir='ltr'><strong>dunt</strong></span> <span class='ocrx_word' id='word_1_719' title='bbox 660 4684 710 4738; x_wconf 86' lang='lat' dir='ltr'><strong>in</strong></span> <span class='ocrx_word' id='word_1_720' title='bbox 745 4682 1080 4739; x_wconf 88' lang='lat' dir='ltr'><strong>tentationes</strong></span> <span class='ocrx_word' id='word_1_721' title='bbox 1111 4692 1166 4740; x_wconf 90' lang='lat' dir='ltr'><strong>et</strong></span> <span class='ocrx_word' id='word_1_722' title='bbox 1195 4682 1418 4755; x_wconf 89' lang='lat' dir='ltr'><strong>laqueos</strong></span> <span class='ocrx_word' id='word_1_723' title='bbox 1445 4686 1682 4753; x_wconf 89' lang='lat' dir='ltr'><strong>diaboli,</strong></span> <span class='ocrx_word' id='word_1_724' title='bbox 1716 4697 1770 4743; x_wconf 91' lang='lat' dir='ltr'><strong>et</strong></span> <span class='ocrx_word' id='word_1_725' title='bbox 1813 4689 2089 4746; x_wconf 88' lang='lat' dir='ltr'><strong>desideria</strong></span> 
     </span>
    </p>
   </div>
   <div class='ocr_carea' id='block_1_93' title="bbox 491 4774 2089 4849">
    <p class='ocr_par' dir='ltr' id='par_1_93' title="bbox 491 4774 2089 4849">
     <span class='ocr_line' id='line_1_93' title="bbox 491 4774 2089 4849; baseline 0.005 -20"><span class='ocrx_word' id='word_1_726' title='bbox 491 4775 659 4830; x_wconf 86' lang='lat' dir='ltr'><strong>multa</strong></span> <span class='ocrx_word' id='word_1_727' title='bbox 686 4785 742 4831; x_wconf 91' lang='lat' dir='ltr'><strong>ct</strong></span> <span class='ocrx_word' id='word_1_728' title='bbox 762 4778 941 4841; x_wconf 87' lang='lat' dir='ltr'><strong>noxia,</strong></span> <span class='ocrx_word' id='word_1_729' title='bbox 961 4790 1083 4847; x_wconf 70' lang='lat' dir='ltr'><strong>qua:</strong></span> <span class='ocrx_word' id='word_1_730' title='bbox 1104 4774 1399 4832; x_wconf 85' lang='lat' dir='ltr'><strong>detrahunt</strong></span> <span class='ocrx_word' id='word_1_731' title='bbox 1421 4775 1670 4833; x_wconf 86' lang='lat' dir='ltr'><strong>homines</strong></span> <span class='ocrx_word' id='word_1_732' title='bbox 1687 4780 1740 4833; x_wconf 92' lang='lat' dir='ltr'><strong>in</strong></span> <span class='ocrx_word' id='word_1_733' title='bbox 1761 4777 2089 4849; x_wconf 79' lang='lat' dir='ltr'><strong>profundum</strong></span> 
     </span>
    </p>
   </div>
   <div class='ocr_carea' id='block_1_94' title="bbox 494 4865 2087 4940">
    <p class='ocr_par' dir='ltr' id='par_1_94' title="bbox 494 4865 2087 4940">
     <span class='ocr_line' id='line_1_94' title="bbox 494 4865 2087 4940; baseline 0.004 -20"><span class='ocrx_word' id='word_1_734' title='bbox 494 4865 559 4936; x_wconf 90' lang='grc' dir='ltr'><strong>(Ι.</strong></span> <span class='ocrx_word' id='word_1_735' title='bbox 592 4865 729 4920; x_wconf 87' lang='lat' dir='ltr'><strong>Tim.</strong></span> <span class='ocrx_word' id='word_1_736' title='bbox 778 4867 872 4938; x_wconf 83' lang='grc' dir='ltr'><strong>νι).</strong></span> <span class='ocrx_word' id='word_1_737' title='bbox 921 4865 989 4921; x_wconf 86' lang='lat' dir='ltr'><strong>Et</strong></span> <span class='ocrx_word' id='word_1_738' title='bbox 1035 4867 1234 4923; x_wconf 85' lang='lat' dir='ltr'><strong>dicitur</strong></span> <span class='ocrx_word' id='word_1_739' title='bbox 1273 4868 1355 4922; x_wconf 90' lang='lat' dir='ltr'><strong>eis</strong></span> <span class='ocrx_word' id='word_1_740' title='bbox 1401 4867 1543 4938; x_wconf 91' lang='lat' dir='ltr'><strong>quod</strong></span> <span class='ocrx_word' id='word_1_741' title='bbox 1587 4869 1795 4925; x_wconf 88' lang='lat' dir='ltr'><strong>ululare</strong></span> <span class='ocrx_word' id='word_1_742' title='bbox 1834 4871 2087 4940; x_wconf 89' lang='lat' dir='ltr'><strong>debeant,</strong></span> 
     </span>
    </p>
   </div>
   <div class='ocr_carea' id='block_1_95' title="bbox 487 4957 2088 5035">
    <p class='ocr_par' dir='ltr' id='par_1_95' title="bbox 487 4957 2088 5035">
     <span class='ocr_line' id='line_1_95' title="bbox 487 4957 2088 5035; baseline 0.006 -23"><span class='ocrx_word' id='word_1_743' title='bbox 487 4957 726 5012; x_wconf 84' lang='lat' dir='ltr'><strong>scientes</strong></span> <span class='ocrx_word' id='word_1_744' title='bbox 755 4971 947 5012; x_wconf 89' lang='lat' dir='ltr'><strong>omnes</strong></span> <span class='ocrx_word' id='word_1_745' title='bbox 979 4960 1376 5030; x_wconf 88' lang='lat' dir='ltr'><strong>negotiationes</strong></span> <span class='ocrx_word' id='word_1_746' title='bbox 1407 4960 1594 5016; x_wconf 89' lang='lat' dir='ltr'><strong>mundi</strong></span> <span class='ocrx_word' id='word_1_747' title='bbox 1627 4961 1788 5033; x_wconf 84' lang='lat' dir='ltr'><strong>hujus</strong></span> <span class='ocrx_word' id='word_1_748' title='bbox 1814 4979 1936 5019; x_wconf 88' lang='lat' dir='ltr'><strong>esse</strong></span> <span class='ocrx_word' id='word_1_749' title='bbox 1965 4980 2088 5035; x_wconf 86' lang='lat' dir='ltr'><strong>pcr-</strong></span> 
     </span>
    </p>
   </div>
   <div class='ocr_carea' id='block_1_96' title="bbox 484 5047 2080 5126">
    <p class='ocr_par' dir='ltr' id='par_1_96' title="bbox 484 5047 2080 5126">
     <span class='ocr_line' id='line_1_96' title="bbox 484 5047 2080 5126; baseline 0.008 -23"><span class='ocrx_word' id='word_1_750' title='bbox 484 5047 676 5116; x_wconf 87' lang='lat' dir='ltr'><strong>Ituras,</strong></span> <span class='ocrx_word' id='word_1_751' title='bbox 716 5054 772 5102; x_wconf 90' lang='lat' dir='ltr'><strong>et</strong></span> <span class='ocrx_word' id='word_1_752' title='bbox 798 5049 1311 5120; x_wconf 86' lang='lat' dir='ltr'><strong>contemplationem</strong></span> <span class='ocrx_word' id='word_1_753' title='bbox 1358 5051 1540 5124; x_wconf 87' lang='lat' dir='ltr'><strong>gaudii</strong></span> <span class='ocrx_word' id='word_1_754' title='bbox 1587 5064 1749 5126; x_wconf 89' lang='lat' dir='ltr'><strong>atque</strong></span> <span class='ocrx_word' id='word_1_755' title='bbox 1780 5054 1983 5112; x_wconf 65' lang='lat' dir='ltr'><strong>laetitiae</strong></span> <span class='ocrx_word' id='word_1_756' title='bbox 2028 5059 2080 5115; x_wconf 92' lang='lat' dir='ltr'><strong>in</strong></span> 
     </span>
    </p>
   </div>
   <div class='ocr_carea' id='block_1_97' title="bbox 483 5134 2079 5214">
    <p class='ocr_par' dir='ltr' id='par_1_97' title="bbox 483 5134 2079 5214">
     <span class='ocr_line' id='line_1_97' title="bbox 483 5134 2079 5214; baseline 0.005 -16"><span class='ocrx_word' id='word_1_757' title='bbox 483 5134 689 5198; x_wconf 81' lang='lat' dir='ltr'><strong>luctum</strong></span> <span class='ocrx_word' id='word_1_758' title='bbox 722 5141 1101 5214; x_wconf 87' lang='lat' dir='ltr'><strong>lacrymasque</strong></span> <span class='ocrx_word' id='word_1_759' title='bbox 1126 5146 1467 5201; x_wconf 86' lang='lat' dir='ltr'><strong>vertendam.</strong></span> <span class='ocrx_word' id='word_1_760' title='bbox 1499 5147 1645 5205; x_wconf 81' lang='lat' dir='ltr'><strong>Mare</strong></span> <span class='ocrx_word' id='word_1_761' title='bbox 1680 5151 1826 5206; x_wconf 88' lang='lat' dir='ltr'><strong>enim</strong></span> <span class='ocrx_word' id='word_1_762' title='bbox 1874 5152 1976 5208; x_wconf 86' lang='lat' dir='ltr'><strong>hoc</strong></span> <span class='ocrx_word' id='word_1_763' title='bbox 2003 5152 2079 5206; x_wconf 88' lang='lat' dir='ltr'><strong>ul-</strong></span> 
     </span>
    </p>
   </div>
   <div class='ocr_carea' id='block_1_98' title="bbox 484 5236 2080 5315">
    <p class='ocr_par' dir='ltr' id='par_1_98' title="bbox 484 5236 2080 5315">
     <span class='ocr_line' id='line_1_98' title="bbox 484 5236 2080 5315; baseline 0.007 -24"><span class='ocrx_word' id='word_1_764' title='bbox 484 5247 567 5291; x_wconf 86' lang='lat' dir='ltr'><strong>tra</strong></span> <span class='ocrx_word' id='word_1_765' title='bbox 597 5250 704 5291; x_wconf 88' lang='lat' dir='ltr'><strong>non</strong></span> <span class='ocrx_word' id='word_1_766' title='bbox 734 5237 938 5308; x_wconf 89' lang='lat' dir='ltr'><strong>poterit</strong></span> <span class='ocrx_word' id='word_1_767' title='bbox 964 5236 1236 5309; x_wconf 87' lang='lat' dir='ltr'><strong>navigari;</strong></span> <span class='ocrx_word' id='word_1_768' title='bbox 1267 5238 1363 5294; x_wconf 90' lang='lat' dir='ltr'><strong>sed</strong></span> <span class='ocrx_word' id='word_1_769' title='bbox 1409 5242 1590 5297; x_wconf 88' lang='lat' dir='ltr'><strong>omnia</strong></span> <span class='ocrx_word' id='word_1_770' title='bbox 1637 5245 2023 5315; x_wconf 84' lang='lat' dir='ltr'><strong>congelascent</strong></span> <span class='ocrx_word' id='word_1_771' title='bbox 2065 5264 2080 5302; x_wconf 93' lang='lat'><strong>:</strong></span> 
     </span>
    </p>
   </div>
   <div class='ocr_carea' id='block_1_99' title="bbox 483 5328 2078 5412">
    <p class='ocr_par' dir='ltr' id='par_1_99' title="bbox 483 5328 2078 5412">
     <span class='ocr_line' id='line_1_99' title="bbox 483 5328 2078 5412; baseline 0.007 -26"><span class='ocrx_word' id='word_1_772' title='bbox 483 5337 540 5386; x_wconf 81' lang='lat' dir='ltr'><strong>et</strong></span> <span class='ocrx_word' id='word_1_773' title='bbox 582 5329 809 5387; x_wconf 70' lang='lat' dir='ltr'><strong>colenite</strong></span> <span class='ocrx_word' id='word_1_774' title='bbox 848 5328 1139 5403; x_wconf 87' lang='lat' dir='ltr'><strong>Tyriorum</strong></span> <span class='ocrx_word' id='word_1_775' title='bbox 1181 5332 1410 5411; x_wconf 63' lang='lat' dir='ltr'><strong>captiva:</strong></span> <span class='ocrx_word' id='word_1_776' title='bbox 1452 5333 1718 5391; x_wconf 89' lang='lat' dir='ltr'><strong>ducentur</strong></span> <span class='ocrx_word' id='word_1_777' title='bbox 1763 5337 1817 5393; x_wconf 91' lang='lat' dir='ltr'><strong>ln</strong></span> <span class='ocrx_word' id='word_1_778' title='bbox 1865 5354 2078 5412; x_wconf 75' lang='lat' dir='ltr'><strong>poenas.</strong></span> 
     </span>
    </p>
   </div>
   <div class='ocr_carea' id='block_1_100' title="bbox 479 5419 2085 5499">
    <p class='ocr_par' dir='ltr' id='par_1_100' title="bbox 479 5419 2085 5499">
     <span class='ocr_line' id='line_1_100' title="bbox 479 5419 2085 5499; baseline 0.009 -24"><span class='ocrx_word' id='word_1_779' title='bbox 479 5419 625 5477; x_wconf 87' lang='lat' dir='ltr'><strong>Nulli</strong></span> <span class='ocrx_word' id='word_1_780' title='bbox 659 5422 804 5478; x_wconf 88' lang='lat' dir='ltr'><strong>enim</strong></span> <span class='ocrx_word' id='word_1_781' title='bbox 850 5421 940 5477; x_wconf 87' lang='lat' dir='ltr'><strong>alii</strong></span> <span class='ocrx_word' id='word_1_782' title='bbox 983 5420 1194 5480; x_wconf 88' lang='lat' dir='ltr'><strong>similes</strong></span> <span class='ocrx_word' id='word_1_783' title='bbox 1240 5434 1369 5481; x_wconf 88' lang='lat' dir='ltr'><strong>sunt</strong></span> <span class='ocrx_word' id='word_1_784' title='bbox 1402 5426 1497 5499; x_wconf 87' lang='lat' dir='ltr'><strong>qui</strong></span> <span class='ocrx_word' id='word_1_785' title='bbox 1537 5427 1781 5485; x_wconf 86' lang='lat' dir='ltr'><strong>habitant</strong></span> <span class='ocrx_word' id='word_1_786' title='bbox 1808 5433 1861 5487; x_wconf 92' lang='lat' dir='ltr'><strong>in</strong></span> <span class='ocrx_word' id='word_1_787' title='bbox 1907 5433 2085 5489; x_wconf 89' lang='lat' dir='ltr'><strong>insula</strong></span> 
     </span>
    </p>
   </div>
   <div class='ocr_carea' id='block_1_101' title="bbox 477 5514 2085 5598">
    <p class='ocr_par' dir='ltr' id='par_1_101' title="bbox 477 5514 2085 5598">
     <span class='ocr_line' id='line_1_101' title="bbox 477 5514 2085 5598; baseline 0.009 -31"><span class='ocrx_word' id='word_1_788' title='bbox 477 5515 606 5579; x_wconf 83' lang='lat' dir='ltr'><strong>ista,</strong></span> <span class='ocrx_word' id='word_1_789' title='bbox 643 5514 744 5570; x_wconf 86' lang='lat' dir='ltr'><strong>nisi</strong></span> <span class='ocrx_word' id='word_1_790' title='bbox 778 5518 1232 5587; x_wconf 87' lang='lat' dir='ltr'><strong>negotiatoribus,</strong></span> <span class='ocrx_word' id='word_1_791' title='bbox 1263 5520 1377 5576; x_wconf 87' lang='lat' dir='ltr'><strong>sive</strong></span> <span class='ocrx_word' id='word_1_792' title='bbox 1405 5521 1825 5581; x_wconf 85' lang='lat' dir='ltr'><strong>translatorihns</strong></span> <span class='ocrx_word' id='word_1_793' title='bbox 1851 5527 1944 5598; x_wconf 89' lang='lat' dir='ltr'><strong>qui</strong></span> <span class='ocrx_word' id='word_1_794' title='bbox 1976 5527 2085 5583; x_wconf 90' lang='lat' dir='ltr'><strong>cir-</strong></span> 
     </span>
    </p>
   </div>
   <div class='ocr_carea' id='block_1_102' title="bbox 481 5610 2079 5681">
    <p class='ocr_par' dir='ltr' id='par_1_102' title="bbox 481 5610 2079 5681">
     <span class='ocr_line' id='line_1_102' title="bbox 481 5610 2079 5681; baseline 0.009 -21"><span class='ocrx_word' id='word_1_795' title='bbox 481 5610 855 5663; x_wconf 72' lang='lat' dir='ltr'><strong>cumferuntur</strong></span> <span class='ocrx_word' id='word_1_796' title='bbox 882 5611 1030 5666; x_wconf 87' lang='lat' dir='ltr'><strong>omni</strong></span> <span class='ocrx_word' id='word_1_797' title='bbox 1057 5621 1217 5667; x_wconf 89' lang='lat' dir='ltr'><strong>vento</strong></span> <span class='ocrx_word' id='word_1_798' title='bbox 1242 5612 1503 5670; x_wconf 78' lang='lat' dir='ltr'><strong>doctrime</strong></span> <span class='ocrx_word' id='word_1_799' title='bbox 1522 5657 1535 5681; x_wconf 94' lang='lat'><strong>,</strong></span> <span class='ocrx_word' id='word_1_800' title='bbox 1567 5628 1622 5673; x_wconf 91' lang='lat' dir='ltr'><strong>et</strong></span> <span class='ocrx_word' id='word_1_801' title='bbox 1646 5617 1715 5672; x_wconf 89' lang='lat' dir='ltr'><strong>de</strong></span> <span class='ocrx_word' id='word_1_802' title='bbox 1740 5617 1865 5673; x_wconf 86' lang='lat' dir='ltr'><strong>aliis</strong></span> <span class='ocrx_word' id='word_1_803' title='bbox 1887 5620 1953 5674; x_wconf 89' lang='lat' dir='ltr'><strong>ad</strong></span> <span class='ocrx_word' id='word_1_804' title='bbox 1976 5620 2079 5676; x_wconf 88' lang='lat' dir='ltr'><strong>alia</strong></span> 
     </span>
    </p>
   </div>
   <div class='ocr_carea' id='block_1_103' title="bbox 477 5698 2075 5784">
    <p class='ocr_par' dir='ltr' id='par_1_103' title="bbox 477 5698 2075 5784">
     <span class='ocr_line' id='line_1_103' title="bbox 477 5698 2075 5784; baseline 0.013 -35"><span class='ocrx_word' id='word_1_805' title='bbox 477 5698 610 5752; x_wconf 77' lang='lat' dir='ltr'><strong>vitia</strong></span> <span class='ocrx_word' id='word_1_806' title='bbox 637 5707 939 5757; x_wconf 79' lang='lat' dir='ltr'><strong>transeunt.</strong></span> <span class='ocrx_word' id='word_1_807' title='bbox 966 5702 1285 5759; x_wconf 80' lang='lat' dir='ltr'><strong>Habitamus</strong></span> <span class='ocrx_word' id='word_1_808' title='bbox 1305 5716 1488 5763; x_wconf 86' lang='lat' dir='ltr'><strong>autem</strong></span> <span class='ocrx_word' id='word_1_809' title='bbox 1512 5711 1565 5765; x_wconf 91' lang='lat' dir='ltr'><strong>in</strong></span> <span class='ocrx_word' id='word_1_810' title='bbox 1594 5710 1796 5779; x_wconf 87' lang='lat' dir='ltr'><strong>insula,</strong></span> <span class='ocrx_word' id='word_1_811' title='bbox 1820 5713 2075 5784; x_wconf 81' lang='lat' dir='ltr'><strong>quamdiu</strong></span> 
     </span>
    </p>
   </div>
   <div class='ocr_carea' id='block_1_104' title="bbox 476 5791 2074 5872">
    <p class='ocr_par' dir='ltr' id='par_1_104' title="bbox 476 5791 2074 5872">
     <span class='ocr_line' id='line_1_104' title="bbox 476 5791 2074 5872; baseline 0.012 -27"><span class='ocrx_word' id='word_1_812' title='bbox 476 5791 864 5849; x_wconf 87' lang='lat' dir='ltr'><strong>tentationibus</strong></span> <span class='ocrx_word' id='word_1_813' title='bbox 910 5793 1073 5863; x_wconf 87' lang='lat' dir='ltr'><strong>hujus</strong></span> <span class='ocrx_word' id='word_1_814' title='bbox 1122 5801 1305 5856; x_wconf 76' lang='lat' dir='ltr'><strong>saeculi</strong></span> <span class='ocrx_word' id='word_1_815' title='bbox 1337 5802 1633 5872; x_wconf 30' lang='lat' dir='ltr'><strong>&quot;tundimur</strong></span> <span class='ocrx_word' id='word_1_816' title='bbox 1680 5824 1694 5861; x_wconf 90' lang='lat'>:</span> <span class='ocrx_word' id='word_1_817' title='bbox 1741 5813 1795 5863; x_wconf 88' lang='lat' dir='ltr'><strong>et</strong></span> <span class='ocrx_word' id='word_1_818' title='bbox 1824 5821 1889 5863; x_wconf 86' lang='lat' dir='ltr'><strong>ex</strong></span> <span class='ocrx_word' id='word_1_819' title='bbox 1926 5807 2074 5864; x_wconf 90' lang='lat' dir='ltr'><strong>omni</strong></span> 
     </span>
    </p>
   </div>
   <div class='ocr_carea' id='block_1_105' title="bbox 2208 4692 3819 4770">
    <p class='ocr_par' dir='ltr' id='par_1_105' title="bbox 2208 4692 3819 4770">
     <span class='ocr_line' id='line_1_105' title="bbox 2208 4692 3819 4770; baseline 0.001 -23"><span class='ocrx_word' id='word_1_820' title='bbox 2208 4692 2568 4750; x_wconf 84' lang='lat' dir='ltr'><strong>Verumtamen</strong></span> <span class='ocrx_word' id='word_1_821' title='bbox 2612 4693 2858 4750; x_wconf 82' lang='lat' dir='ltr'><strong>Sodomis</strong></span> <span class='ocrx_word' id='word_1_822' title='bbox 2898 4694 3219 4751; x_wconf 83' lang='lat' dir='ltr'><strong>tolerabilius</strong></span> <span class='ocrx_word' id='word_1_823' title='bbox 3257 4696 3359 4749; x_wconf 90' lang='lat' dir='ltr'><strong>erit</strong></span> <span class='ocrx_word' id='word_1_824' title='bbox 3398 4695 3453 4750; x_wconf 89' lang='lat' dir='ltr'><strong>in</strong></span> <span class='ocrx_word' id='word_1_825' title='bbox 3493 4695 3583 4750; x_wconf 82' lang='lat' dir='ltr'><strong>die</strong></span> <span class='ocrx_word' id='word_1_826' title='bbox 3620 4694 3819 4770; x_wconf 81' lang='lat' dir='ltr'><strong>judicis&#39;</strong></span> 
     </span>
    </p>
   </div>
   <div class='ocr_carea' id='block_1_106' title="bbox 2191 4785 3819 4860">
    <p class='ocr_par' dir='ltr' id='par_1_106' title="bbox 2191 4785 3819 4860">
     <span class='ocr_line' id='line_1_106' title="bbox 2191 4785 3819 4860; baseline 0 -17"><span class='ocrx_word' id='word_1_827' title='bbox 2191 4805 2345 4859; x_wconf 89' lang='lat' dir='ltr'><strong>quam</strong></span> <span class='ocrx_word' id='word_1_828' title='bbox 2366 4786 2505 4842; x_wconf 87' lang='lat' dir='ltr'><strong>vobis</strong></span> <span class='ocrx_word' id='word_1_829' title='bbox 2528 4804 2547 4842; x_wconf 91' lang='lat'><strong><em>:</em></strong></span> <span class='ocrx_word' id='word_1_830' title='bbox 2569 4787 2646 4844; x_wconf 92' lang='lat' dir='ltr'><strong>sic</strong></span> <span class='ocrx_word' id='word_1_831' title='bbox 2668 4785 2737 4844; x_wconf 91' lang='lat' dir='ltr'><strong>de</strong></span> <span class='ocrx_word' id='word_1_832' title='bbox 2757 4786 2902 4860; x_wconf 84' lang='lat' dir='ltr'><strong>Tyro</strong></span> <span class='ocrx_word' id='word_1_833' title='bbox 2929 4797 2985 4845; x_wconf 90' lang='lat' dir='ltr'><strong>et</strong></span> <span class='ocrx_word' id='word_1_834' title='bbox 3006 4788 3216 4844; x_wconf 83' lang='lat' dir='ltr'><strong>Sidene</strong></span> <span class='ocrx_word' id='word_1_835' title='bbox 3259 4788 3524 4843; x_wconf 87' lang='lat' dir='ltr'><strong>discimus</strong></span> <span class='ocrx_word' id='word_1_836' title='bbox 3548 4788 3819 4845; x_wconf 80' lang='lat' dir='ltr'><strong>Salvato-</strong></span> 
     </span>
    </p>
   </div>
   <div class='ocr_carea' id='block_1_107' title="bbox 2193 4879 3817 4954">
    <p class='ocr_par' dir='ltr' id='par_1_107' title="bbox 2193 4879 3817 4954">
     <span class='ocr_line' id='line_1_107' title="bbox 2193 4879 3817 4954; baseline -0.002 -16"><span class='ocrx_word' id='word_1_837' title='bbox 2193 4897 2255 4939; x_wconf 88' lang='lat' dir='ltr'><strong>re</strong></span> <span class='ocrx_word' id='word_1_838' title='bbox 2277 4882 2491 4938; x_wconf 88' lang='lat' dir='ltr'><strong>dicente</strong></span> <span class='ocrx_word' id='word_1_839' title='bbox 2523 4900 2536 4935; x_wconf 87' lang='lat'><strong>:</strong></span> <span class='ocrx_word' id='word_1_840' title='bbox 2574 4880 2939 4937; x_wconf 84' lang='lat' dir='ltr'><strong>Verumtamen</strong></span> <span class='ocrx_word' id='word_1_841' title='bbox 2966 4879 3129 4954; x_wconf 79' lang='lat' dir='ltr'><strong>Tyro,</strong></span> <span class='ocrx_word' id='word_1_842' title='bbox 3158 4891 3209 4936; x_wconf 88' lang='lat' dir='ltr'><strong>et</strong></span> <span class='ocrx_word' id='word_1_843' title='bbox 3240 4880 3431 4937; x_wconf 83' lang='lat' dir='ltr'><strong>Sidoni</strong></span> <span class='ocrx_word' id='word_1_844' title='bbox 3454 4881 3621 4937; x_wconf 85' lang='lat' dir='ltr'><strong>levius</strong></span> <span class='ocrx_word' id='word_1_845' title='bbox 3645 4882 3745 4936; x_wconf 88' lang='lat' dir='ltr'><strong>erit</strong></span> <span class='ocrx_word' id='word_1_846' title='bbox 3765 4881 3817 4935; x_wconf 80' lang='lat' dir='ltr'><strong>in</strong></span> 
     </span>
    </p>
   </div>
   <div class='ocr_carea' id='block_1_108' title="bbox 2192 4972 3813 5048">
    <p class='ocr_par' dir='ltr' id='par_1_108' title="bbox 2192 4972 3813 5048">
     <span class='ocr_line' id='line_1_108' title="bbox 2192 4972 3813 5048; baseline 0 -19"><span class='ocrx_word' id='word_1_847' title='bbox 2192 4973 2481 5048; x_wconf 76' lang='lat' dir='ltr'><strong>diejudicii</strong></span> <span class='ocrx_word' id='word_1_848' title='bbox 2499 4991 2651 5038; x_wconf 86' lang='lat' dir='ltr'><strong>quant</strong></span> <span class='ocrx_word' id='word_1_849' title='bbox 2673 4974 2868 5030; x_wconf 81' lang='lat' dir='ltr'><strong>civitati</strong></span> <span class='ocrx_word' id='word_1_850' title='bbox 2888 4975 2968 5028; x_wconf 83' lang='lat' dir='ltr'><strong>illi</strong></span> <span class='ocrx_word' id='word_1_851' title='bbox 2992 4972 3211 5046; x_wconf 82' lang='lat' dir='ltr'><strong>(Matth.</strong></span> <span class='ocrx_word' id='word_1_852' title='bbox 3240 4989 3315 5041; x_wconf 74' lang='lat' dir='ltr'><strong>Il,</strong></span> <span class='ocrx_word' id='word_1_853' title='bbox 3344 4972 3409 5028; x_wconf 73' lang='lat'><strong>2|</strong></span> <span class='ocrx_word' id='word_1_854' title='bbox 3428 4974 3630 5045; x_wconf 87' lang='lat' dir='ltr'><strong>seqq.).</strong></span> <span class='ocrx_word' id='word_1_855' title='bbox 3652 4972 3813 5031; x_wconf 77' lang='lat' dir='ltr'><strong>Unde</strong></span> 
     </span>
    </p>
   </div>
   <div class='ocr_carea' id='block_1_109' title="bbox 2193 5065 3814 5140">
    <p class='ocr_par' dir='ltr' id='par_1_109' title="bbox 2193 5065 3814 5140">
     <span class='ocr_line' id='line_1_109' title="bbox 2193 5065 3814 5140; baseline 0 -16"><span class='ocrx_word' id='word_1_856' title='bbox 2193 5077 2248 5124; x_wconf 90' lang='lat' dir='ltr'><strong>et</strong></span> <span class='ocrx_word' id='word_1_857' title='bbox 2276 5067 2585 5124; x_wconf 72' lang='lat' dir='ltr'><strong>Chananzea</strong></span> <span class='ocrx_word' id='word_1_858' title='bbox 2623 5084 2742 5140; x_wconf 85' lang='lat' dir='ltr'><strong>quae</strong></span> <span class='ocrx_word' id='word_1_859' title='bbox 2787 5067 2853 5123; x_wconf 90' lang='lat' dir='ltr'><strong>ad</strong></span> <span class='ocrx_word' id='word_1_860' title='bbox 2894 5069 3265 5139; x_wconf 73' lang='lat' dir='ltr'><strong>precationem</strong></span> <span class='ocrx_word' id='word_1_861' title='bbox 3320 5065 3554 5133; x_wconf 88' lang='lat' dir='ltr'><strong>Christi,</strong></span> <span class='ocrx_word' id='word_1_862' title='bbox 3618 5068 3814 5136; x_wconf 80' lang='lat' dir='ltr'><strong>filiam,</strong></span> 
     </span>
    </p>
   </div>
   <div class='ocr_carea' id='block_1_110' title="bbox 2192 5160 3816 5233">
    <p class='ocr_par' dir='ltr' id='par_1_110' title="bbox 2192 5160 3816 5233">
     <span class='ocr_line' id='line_1_110' title="bbox 2192 5160 3816 5233; baseline 0 -16"><span class='ocrx_word' id='word_1_863' title='bbox 2192 5160 2382 5230; x_wconf 88' lang='lat' dir='ltr'><strong>idest,</strong></span> <span class='ocrx_word' id='word_1_864' title='bbox 2441 5165 2675 5219; x_wconf 88' lang='lat' dir='ltr'><strong>animam</strong></span> <span class='ocrx_word' id='word_1_865' title='bbox 2729 5176 2881 5217; x_wconf 90' lang='lat' dir='ltr'><strong>suam</strong></span> <span class='ocrx_word' id='word_1_866' title='bbox 2911 5162 3234 5233; x_wconf 89' lang='lat' dir='ltr'><strong>gravissimo</strong></span> <span class='ocrx_word' id='word_1_867' title='bbox 3292 5160 3564 5217; x_wconf 77' lang='lat' dir='ltr'><strong>dtrmonin</strong></span> <span class='ocrx_word' id='word_1_868' title='bbox 3624 5161 3816 5218; x_wconf 82' lang='lat' dir='ltr'><strong>vexari</strong></span> 
     </span>
    </p>
   </div>
   <div class='ocr_carea' id='block_1_111' title="bbox 2195 5252 3813 5328">
    <p class='ocr_par' dir='ltr' id='par_1_111' title="bbox 2195 5252 3813 5328">
     <span class='ocr_line' id='line_1_111' title="bbox 2195 5252 3813 5328; baseline 0.001 -18"><span class='ocrx_word' id='word_1_869' title='bbox 2195 5257 2551 5328; x_wconf 85' lang='lat' dir='ltr'><strong>intelligebat,</strong></span> <span class='ocrx_word' id='word_1_870' title='bbox 2587 5256 2768 5311; x_wconf 77' lang='lat' dir='ltr'><strong>exisse</strong></span> <span class='ocrx_word' id='word_1_871' title='bbox 2809 5253 3011 5310; x_wconf 88' lang='lat' dir='ltr'><strong>dicitur</strong></span> <span class='ocrx_word' id='word_1_872' title='bbox 3039 5253 3107 5309; x_wconf 87' lang='lat' dir='ltr'><strong>de</strong></span> <span class='ocrx_word' id='word_1_873' title='bbox 3140 5253 3335 5309; x_wconf 87' lang='lat' dir='ltr'><strong>finibus</strong></span> <span class='ocrx_word' id='word_1_874' title='bbox 3365 5252 3494 5326; x_wconf 87' lang='lat' dir='ltr'><strong>Tyri</strong></span> <span class='ocrx_word' id='word_1_875' title='bbox 3552 5264 3616 5309; x_wconf 88' lang='lat' dir='ltr'><strong>et</strong></span> <span class='ocrx_word' id='word_1_876' title='bbox 3647 5252 3813 5311; x_wconf 86' lang='lat' dir='ltr'><strong>Sido-</strong></span> 
     </span>
    </p>
   </div>
   <div class='ocr_carea' id='block_1_112' title="bbox 2194 5346 3811 5420">
    <p class='ocr_par' dir='ltr' id='par_1_112' title="bbox 2194 5346 3811 5420">
     <span class='ocr_line' id='line_1_112' title="bbox 2194 5346 3811 5420; baseline 0 -14"><span class='ocrx_word' id='word_1_877' title='bbox 2194 5349 2303 5406; x_wconf 86' lang='lat' dir='ltr'><strong>nis.</strong></span> <span class='ocrx_word' id='word_1_878' title='bbox 2344 5350 2530 5420; x_wconf 84' lang='lat' dir='ltr'><strong>Neque</strong></span> <span class='ocrx_word' id='word_1_879' title='bbox 2554 5350 2698 5405; x_wconf 90' lang='lat' dir='ltr'><strong>enim</strong></span> <span class='ocrx_word' id='word_1_880' title='bbox 2742 5356 2956 5420; x_wconf 89' lang='lat' dir='ltr'><strong>poterat</strong></span> <span class='ocrx_word' id='word_1_881' title='bbox 2982 5348 3143 5404; x_wconf 88' lang='lat' dir='ltr'><strong>aliter</strong></span> <span class='ocrx_word' id='word_1_882' title='bbox 3184 5364 3476 5405; x_wconf 89' lang='lat' dir='ltr'><strong>occurrere</strong></span> <span class='ocrx_word' id='word_1_883' title='bbox 3500 5346 3811 5420; x_wconf 83' lang='lat' dir='ltr'><strong>Salvatori,</strong></span> 
     </span>
    </p>
   </div>
   <div class='ocr_carea' id='block_1_113' title="bbox 2194 5442 3430 5516">
    <p class='ocr_par' dir='ltr' id='par_1_113' title="bbox 2194 5442 3430 5516">
     <span class='ocr_line' id='line_1_113' title="bbox 2194 5442 3430 5516; baseline 0.001 -19"><span class='ocrx_word' id='word_1_884' title='bbox 2194 5443 2296 5498; x_wconf 89' lang='lat' dir='ltr'><strong>nisi</strong></span> <span class='ocrx_word' id='word_1_885' title='bbox 2328 5443 2457 5516; x_wconf 87' lang='lat' dir='ltr'><strong>Tyri</strong></span> <span class='ocrx_word' id='word_1_886' title='bbox 2487 5452 2543 5498; x_wconf 89' lang='lat' dir='ltr'><strong>et</strong></span> <span class='ocrx_word' id='word_1_887' title='bbox 2562 5442 2782 5499; x_wconf 90' lang='lat' dir='ltr'><strong>Sidonis</strong></span> <span class='ocrx_word' id='word_1_888' title='bbox 2810 5443 3073 5499; x_wconf 88' lang='lat' dir='ltr'><strong>terminos</strong></span> <span class='ocrx_word' id='word_1_889' title='bbox 3097 5443 3430 5514; x_wconf 88' lang='lat' dir='ltr'><strong>reliquisset.</strong></span> 
     </span>
    </p>
   </div>
   <div class='ocr_carea' id='block_1_114' title="bbox 2260 5530 3814 5605">
    <p class='ocr_par' dir='ltr' id='par_1_114' title="bbox 2260 5530 3814 5605">
     <span class='ocr_line' id='line_1_114' title="bbox 2260 5530 3814 5605; baseline -0.001 -16"><span class='ocrx_word' id='word_1_890' title='bbox 2260 5530 2439 5603; x_wconf 84' lang='lat' dir='ltr'><strong>(Vers.</strong></span> <span class='ocrx_word' id='word_1_891' title='bbox 2472 5535 2526 5598; x_wconf 86' lang='lat'><strong>6,</strong></span> <span class='ocrx_word' id='word_1_892' title='bbox 2560 5535 2638 5605; x_wconf 91' lang='lat'><strong>7.)</strong></span> <span class='ocrx_word' id='word_1_893' title='bbox 2672 5531 2754 5589; x_wconf 84' lang='lat' dir='ltr'><strong>Ite</strong></span> <span class='ocrx_word' id='word_1_894' title='bbox 2774 5530 3138 5605; x_wconf 84' lang='lat' dir='ltr'><strong>Carthaginem</strong></span> <span class='ocrx_word' id='word_1_895' title='bbox 3164 5533 3401 5588; x_wconf 79' lang='lat' dir='ltr'><strong>:ululate</strong></span> <span class='ocrx_word' id='word_1_896' title='bbox 3421 5532 3507 5604; x_wconf 85' lang='lat' dir='ltr'><strong>qui</strong></span> <span class='ocrx_word' id='word_1_897' title='bbox 3553 5533 3814 5590; x_wconf 81' lang='lat' dir='ltr'><strong>habitatis</strong></span> 
     </span>
    </p>
   </div>
   <div class='ocr_carea' id='block_1_115' title="bbox 2184 5626 3813 5701">
    <p class='ocr_par' dir='ltr' id='par_1_115' title="bbox 2184 5626 3813 5701">
     <span class='ocr_line' id='line_1_115' title="bbox 2184 5626 3813 5701; baseline 0.001 -19"><span class='ocrx_word' id='word_1_898' title='bbox 2184 5628 2427 5683; x_wconf 88' lang='lat' dir='ltr'><strong>ininsula</strong></span> <span class='ocrx_word' id='word_1_899' title='bbox 2447 5626 2565 5682; x_wconf 83' lang='lat' dir='ltr'><strong>hac.</strong></span> <span class='ocrx_word' id='word_1_900' title='bbox 2610 5626 2801 5681; x_wconf 84' lang='lat' dir='ltr'><strong>Nonne</strong></span> <span class='ocrx_word' id='word_1_901' title='bbox 2835 5628 2945 5681; x_wconf 64' lang='lat' dir='ltr'><strong>haec</strong></span> <span class='ocrx_word' id='word_1_902' title='bbox 2967 5639 3039 5681; x_wconf 89' lang='lat' dir='ltr'><strong>est</strong></span> <span class='ocrx_word' id='word_1_903' title='bbox 3061 5627 3373 5682; x_wconf 87' lang='lat' dir='ltr'><strong>contumelia</strong></span> <span class='ocrx_word' id='word_1_904' title='bbox 3391 5635 3566 5682; x_wconf 82' lang='lat' dir='ltr'><strong>vestra</strong></span> <span class='ocrx_word' id='word_1_905' title='bbox 3588 5644 3626 5681; x_wconf 82' lang='grc' dir='ltr'><em>α</em></span> <span class='ocrx_word' id='word_1_906' title='bbox 3658 5628 3813 5701; x_wconf 80' lang='lat' dir='ltr'><strong>prin-</strong></span> 
     </span>
    </p>
   </div>
   <div class='ocr_carea' id='block_1_116' title="bbox 2179 5719 3811 5792">
    <p class='ocr_par' dir='ltr' id='par_1_116' title="bbox 2179 5719 3811 5792">
     <span class='ocr_line' id='line_1_116' title="bbox 2179 5719 3811 5792; baseline 0 -18"><span class='ocrx_word' id='word_1_907' title='bbox 2179 5720 2317 5788; x_wconf 75' lang='lat' dir='ltr'><strong>cipio</strong></span> <span class='ocrx_word' id='word_1_908' title='bbox 2356 5728 2625 5790; x_wconf 74' lang='lat' dir='ltr'><strong>antequam</strong></span> <span class='ocrx_word' id='word_1_909' title='bbox 2663 5719 2996 5774; x_wconf 79' lang='lat' dir='ltr'><strong>traderetur?</strong></span> <span class='ocrx_word' id='word_1_910' title='bbox 3033 5719 3286 5774; x_wconf 77' lang='lat' dir='ltr'><strong>deducent</strong></span> <span class='ocrx_word' id='word_1_911' title='bbox 3325 5735 3439 5774; x_wconf 83' lang='lat' dir='ltr'><strong>eam</strong></span> <span class='ocrx_word' id='word_1_912' title='bbox 3479 5719 3651 5787; x_wconf 73' lang='lat' dir='ltr'><strong>pedes</strong></span> <span class='ocrx_word' id='word_1_913' title='bbox 3694 5722 3811 5792; x_wconf 75' lang='lat' dir='ltr'><strong>ejus</strong></span> 
     </span>
    </p>
   </div>
   <div class='ocr_carea' id='block_1_117' title="bbox 2179 5810 3811 5888">
    <p class='ocr_par' dir='ltr' id='par_1_117' title="bbox 2179 5810 3811 5888">
     <span class='ocr_line' id='line_1_117' title="bbox 2179 5810 3811 5888; baseline -0.001 -18"><span class='ocrx_word' id='word_1_914' title='bbox 2179 5815 2329 5887; x_wconf 84' lang='lat' dir='ltr'><strong>longe</strong></span> <span class='ocrx_word' id='word_1_915' title='bbox 2346 5814 2414 5869; x_wconf 87' lang='lat' dir='ltr'><strong>ad</strong></span> <span class='ocrx_word' id='word_1_916' title='bbox 2436 5813 2889 5887; x_wconf 84' lang='lat' dir='ltr'><strong>peregrinandum.</strong></span> <span class='ocrx_word' id='word_1_917' title='bbox 2910 5812 3065 5888; x_wconf 86' lang='lat' dir='ltr'><strong>Quod</strong></span> <span class='ocrx_word' id='word_1_918' title='bbox 3088 5812 3354 5885; x_wconf 87' lang='lat' dir='ltr'><strong>sequitur:</strong></span> <span class='ocrx_word' id='word_1_919' title='bbox 3384 5810 3670 5871; x_wconf 82' lang='lat' dir='ltr'><strong>Deducent</strong></span> <span class='ocrx_word' id='word_1_920' title='bbox 3691 5826 3811 5875; x_wconf 76' lang='lat' dir='ltr'><strong>eam</strong></span> 
     </span>
    </p>
   </div>
  </div>
