4010 6312
270 299 378 358 377

813 301 1448 362 COMMENTARIORUM
1485 303 1553 361 IN
1591 301 1822 362 ISAIAM
1863 302 2288 363 PROPHETAM
2319 305 2451 364 LIB.
2495 307 2610 365 VII.
2651 307 2806 368 CAP.
2847 309 3041 368 XXIII.

3464 315 3569 373 973

273 421 434 488 pedes
465 422 581 492 ejus
603 422 752 493 longe
772 421 840 477 ad
857 422 1381 492 peregrinandum,“
1428 422 1692 480 Hebraico
1716 423 1864 480 addi-
1890 427 1942 485 A
1968 439 2201 496 operare
2221 434 2422 484 terram
2443 438 2611 484 tuam.
2643 423 2851 484 Profuit
2875 429 3018 485 enim
3043 429 3190 502 Tyro
3217 445 3380 487 naves
3403 433 3571 488 inter-

273 522 388 567 tum
420 515 886 582 est,etasteriscu,
903 513 954 568 id
977 514 1709 581 est,stellisilluminautihus
1725 531 1866 585 prte-

273 613 512 661 nntatur.
533 606 578 660 0
608 604 743 677 Tyrii
772 605 860 676 qui
893 605 1148 661 habitatis
1179 608 1233 662 in
1258 608 1508 677 angustia
1523 620 1581 664 et
1606 609 1657 663 in
1685 609 1864 665 insula

271 698 803 768 connnoramini,qui
827 715 892 753 ex
916 703 1060 754 omni
1087 710 1239 768 parte
1254 703 1484 769 expositi
1506 701 1637 758 estis
1680 712 1862 759 tenta-

267 789 471 842 tionnm
502 788 778 854 ﬂuctibus,
808 789 1047 845 recedite
1069 791 1137 845 de
1157 807 1243 856 ea,
1269 801 1326 847 et
1366 793 1439 847 ite
1487 794 1553 847 ad
1582 791 1866 864 Carthagi-

263 896 412 951 nem,
449 883 502 938 id
529 892 636 950 est,
668 883 916 952 Tltarsie,
948 893 1106 955 atque
1153 885 1221 940 ad
1246 901 1431 941 verum
1463 885 1720 958 gaudium
1753 888 1862 943 fes-

263 973 458 1040 tinate,
490 976 735 1046 lugentes
758 976 981 1047 antiqua
1013 987 1252 1046 peccata,
1283 987 1338 1034 et
1385 987 1627 1035 veterem
1670 989 1865 1035 contu-

263 1068 514 1136 meliam,
569 1085 729 1137 quam
761 1081 855 1124 aut
885 1071 985 1140 ipsi
1030 1071 1152 1126 aliis
1183 1070 1522 1138 inferebatis,
1573 1082 1664 1130 aut
1689 1075 1865 1144 patie-

264 1162 472 1217 bamini
503 1163 571 1217 ab
601 1163 726 1220 illis.
773 1163 888 1220 Hoc
918 1172 1096 1220 autem
1136 1165 1260 1221 ideo
1287 1167 1568 1236 praccipio,
1600 1167 1725 1236 quia
1757 1165 1864 1238 Ty-

259 1268 384 1308 rum
438 1253 626 1309 urbem
667 1264 902 1310 vestram
959 1256 1026 1311 de
1067 1257 1178 1310 suis
1228 1257 1449 1312 sedibus
1485 1269 1535 1312 et
1583 1259 1865 1327 proposito

261 1343 489 1399 cernitis
511 1343 576 1400 ad
610 1345 870 1401 terminos
895 1345 1033 1402 alios
1060 1346 1436 1417 migraturam,
1463 1347 1626 1420 323
1648 1348 1865 1418 quando

258 1438 434 1493 veteri
487 1453 677 1494 errore
708 1438 977 1510 deposito,
1036 1439 1338 1510 Evangelia
1388 1429 1692 1495 Salvatoris
1721 1440 1863 1496 colla

259 1530 638 1600 submiserint,
672 1541 730 1588 ut
756 1533 844 1603 qui
873 1533 1025 1603 prius
1056 1531 1375 1588 habitabant
1406 1534 1458 1589 in
1480 1535 1751 1603 angustia,
1781 1549 1866 1588 re-

256 1626 460 1681 cedant
482 1626 715 1698 longius,
746 1637 802 1683 et
845 1628 1067 1682 advenae
1119 1628 1228 1682 sint
1250 1639 1411 1698 atque
1440 1626 1632 1682 incolae
1661 1627 1866 1682 doctri-

256 1734 342 1773 na:
378 1718 590 1772 Domitii
627 1718 922 1775 Salvatoris

1969 517 2050 574 ire
2107 521 2451 591 peregrinas,
2495 531 2552 575 ut
2611 531 2836 592 cngatur
2883 523 3101 592 operari
3148 533 3350 578 terram
3389 539 3564 580 suam.

1971 611 2046 666 De
2070 627 2172 682 qua
2227 613 2282 667 in
2333 613 2638 669 Proverbiis
2684 615 2880 669 dicitur
2915 615 3052 680 :Qui
3097 626 3338 686 operatur
3381 627 3569 672 terram

1966 719 2134 769 suam,
2180 705 2496 760 saturabitur
2522 707 2743 777 panibus
2774 706 2954 780 (Prov.
2990 724 3106 772 χχι,
3139 709 3251 779 ll),
3284 717 3342 762 ut
3371 724 3570 780 nequa-

1967 811 2126 866 quam
2149 797 2220 853 de
2274 799 2481 854 incerto
2533 798 2792 854 ﬂuctuum
2846 801 3340 873 naufragoruniqne
3378 799 3572 857 discri-

1967 889 2134 957 mine,
2186 890 2281 943 sed
2311 891 2498 958 cperis
2539 891 2623 946 sui
2670 891 2811 945 vivat
2852 892 3119 960 frugibus.
3175 893 3249 948 De
3278 893 3473 962 quibus
3515 893 3568 948 in

1967 981 2187 1050 psalmis
2209 983 2274 1036 ad
2294 983 2501 1053 justum
2531 984 2747 1038 canitur
2779 983 3043 1038 :Labores
3063 999 3314 1038 manuum
3357 993 3569 1038 tuarum

1966 1073 2300 1128 inanducabis
2341 1074 2460 1143 (Ps.
2496 1091 2706 1144 cxxvn,
2737 1074 2819 1147 '2).
2855 1077 3131 1145 Setiptum
3172 1086 3259 1131 est
3301 1076 3354 1130 in
3399 1076 3563 1141 Osee,

1968 1166 2271 1221 meretricis
2291 1169 2408 1223 vias
2439 1179 2622 1238 septas
2669 1185 2793 1226 esse
2821 1184 2850 1223 a
2890 1169 3119 1225 Domino
3149 1170 3346 1238 Spinis,
3382 1185 3453 1225 ne
3483 1185 3571 1224 se-

1967 1260 2055 1328 qui
2079 1261 2252 1329 possit
2280 1269 2551 1318 amatores
2569 1277 2721 1330 snos,
2744 1272 2808 1317 ut
2835 1264 2935 1318 hac
2963 1263 3286 1319 necessitate
3317 1261 3569 1334 compul-

1968 1363 2049 1419 sa,
2077 1359 2448 1408 reverteretur
2472 1354 2538 1408 ad
2587 1355 2765 1409 virum
2788 1369 2942 1410 suum
2981 1355 3291 1426 priStinnm.
3330 1354 3483 1421 Quod
3515 1364 3570 1410 et

1967 1441 2022 1496 in
2054 1443 2239 1498 stnculi
2271 1444 2435 1498 rebus
2478 1445 2795 1516 frequenter
2829 1447 3335 1515 animadvertimus,
3369 1447 3568 1500 multos

1968 1536 2056 1605 qui
2089 1551 2186 1606 per
2208 1551 2468 1606 prospera
2497 1545 2552 1593 et
2569 1539 2956 1593 abundantiam
2987 1539 3231 1594 omnium
3257 1554 3439 1594 rerum
3465 1539 3569 1592 Do-

1969 1628 2175 1682 minum
2224 1628 2432 1683 sentire
2481 1645 2588 1684 non
2635 1639 2910 1700 poterant,
2957 1631 3262 1701 intelligere
3308 1645 3403 1700 per
3449 1629 3570 1685 ino-

1968 1721 2130 1789 piam,
2163 1729 2221 1777 et
2257 1722 2502 1776 converti
2547 1721 2614 1777 ad
2639 1738 2805 1792 opera
2850 1723 3101 1793 jnstitlze,
3143 1732 3428 1793 postquam
3455 1737 3570 1776 nia-

331 1811 516 1883 (Vers.
567 1813 622 1878 8,
670 1813 769 1883 9.)
819 1813 949 1880 Quis
998 1812 1240 1884 cogitavit
1280 1811 1390 1867 haec
1427 1829 1581 1884 super
1623 1811 1866 1884 Tyrum?
1896 1821 1944 1883 Β
1973 1828 2072 1868 nus
2098 1827 2290 1868 eorum
2334 1829 2443 1868 non
2481 1813 2835 1885 praevalnerit
2874 1813 3133 1869 felicitate
3175 1811 3338 1882 hujus
3385 1813 3572 1867 szcculi

253 1906 534 1978 Numquid
562 1907 731 1962 minor
772 1918 867 1975 est,
903 1916 993 1962 aut
1022 1923 1124 1960 non
1162 1907 1406 1978 praevalet
1428 1908 1454 1961 ?
1498 1905 1862 1977 Negotiatores

249 2001 370 2071 ejus
399 2000 658 2072 principes
684 1998 955 2065 Chanaan,
1005 1999 1187 2070 inclyti
1234 2010 1405 2058 terra'.
1461 1996 1718 2052 Dominus
1758 1998 1861 2055 Sa-

248 2094 411 2148 baoth
443 2094 683 2164 cogitarit
713 2093 991 2149 dissolvere
1017 2111 1215 2162 omnem
1235 2096 1600 2150 contumeliam
1621 2093 1858 2167 gloriati-

247 2188 408 2251 tium,
446 2195 492 2238 et
532 2185 867 2242 dehonestare
915 2203 1065 2242 omne
1094 2189 1234 2260 quod
1285 2188 1538 2260 inclytum
1581 2198 1655 2244 est
1704 2203 1859 2257 super

247 2289 469 2334 terram.
506 2278 742 2335 Verbum
775 2277 1044 2346 Chanaan,
1099 2281 1168 2336 de
1204 2280 1598 2338 Tlieodotionis
1619 2280 1861 2337 editione

245 2369 500 2424 additum
534 2378 639 2435 est,
675 2386 771 2440 pro
801 2384 908 2440 quo
940 2370 1156 2441 Aquila,
1192 2371 1530 2442 negotiatores
1561 2369 1854 2426 transtulit.

245 2461 720 2532 lnterrogatergo
763 2461 998 2534 Spiritus
1046 2473 1300 2532 sanctus,
1354 2463 1524 2518 immo
1552 2465 1857 2534 interroga-

243 2557 404 2612 tione
446 2559 750 2620 conﬁrmat,
788 2558 928 2629 quod
961 2558 1220 2614 Dominus
1253 2559 1367 2613 haec
1409 2558 1696 2615 adversum
1729 2559 1856 2628 Tyri

244 2649 530 2719 principes
561 2649 832 2720 cogitarit,
867 2665 1098 2724 quorum
1146 2653 1326 2706 omnis
1355 2652 1616 2707 industria
1648 2660 1734 2708 est
1763 2666 1858 2708 ne—

238 2745 641 2815 gotiationibus
687 2761 818 2816 epes
855 2763 1124 2818 qnmrere.
1185 2747 1249 2801 Et
1279 2746 1550 2814 quomodo
1597 2747 1648 2802 in
1680 2747 1859 2802 Evan-

237 2837 402 2906 gelio
433 2838 664 2910 legimus
691 2839 968 2894 institores
1016 2838 1434 2909 margaritarum
1465 2837 1680 2907 (Matth.
1711 2838 1854 2910 xui),

239 2932 342 3001 qni
394 2933 651 2990 omnibus
682 2932 916 2988 venditis
954 2949 1115 2986 unam
1171 2930 1394 3000 cupiunt
1437 2945 1620 2985 emere
1650 2944 1860 3000 marga-

238 3023 440 3090 ritam,
469 3032 523 3080 et
551 3025 736 3095 utique
758 3023 1061 3094 appellandi
1103 3031 1231 3078 sunt
1259 3021 1448 3093 inclyti
1495 3019 1860 3092 negotiatores

240 3133 366 3172 non
414 3129 597 3185 terrae,
627 3117 723 3172 sed
751 3119 872 3174 caeli
901 3135 912 3171 :
946 3118 1024 3171 sic
1063 3125 1284 3173 econtra
1313 3114 1680 3184 negoxiatores
1703 3113 1854 3184 Tyri,

238 3210 362 3264 hoc
385 3218 494 3270 est,
526 3208 871 3264 tribulationis
900 3217 956 3262 et
999 3207 1271 3280 angustias,
1301 3205 1610 3277 appellandi
1633 3213 1758 3260 sunt
1779 3205 1858 3258 in-
1887 3206 1934 3270 C

234 3299 391 3370 clyti
428 3307 609 3360 terrai,
657 3299 778 3366 quia
818 3298 1073 3370 quidquid
1122 3307 1312 3368 agunt,
1346 3307 1546 3352 terram
1597 3295 1855 3365 reSpicit:

235 3400 307 3448 et
343 3388 626 3460 principes
647 3387 900 3444 Chanaan
933 3432 946 3454 ,
972 3389 1117 3460 quod
1166 3389 1552 3459 interpretatur
1601 3389 1862 3457 ﬂuctuan-

244 3494 330 3539 tes
355 3492 524 3554 atque
546 3482 806 3537 commoti.
835 3481 950 3538 Non
998 3482 1140 3538 cnim
1173 3490 1417 3536 statuunt
1464 3495 1624 3550 SUpra
1653 3487 1858 3552 petram

247 3575 429 3646 pedes
452 3590 600 3638 suos,
660 3590 760 3630 nec
784 3585 964 3646 potest
1011 3575 1078 3630 de
1109 3577 1186 3630 eis
1205 3574 1312 3629 dici
1345 3591 1358 3626 :
1394 3573 1554 3628 Petra
1601 3574 1860 3645 refugium

246 3665 540 3722 herinaci’s
590 3666 608 3738 (
640 3665 786 3720 Psal.
840 3683 1028 3731 xxxix;
1079 3682 1208 3730 cm,
1241 3668 1307 3722 l8
1336 3667 1379 3739 ),
1410 3668 1525 3724 sive
1564 3668 1853 3740 leporibus;

249 3760 354 3817 sed
407 3759 542 3816 illud
585 3761 764 3831 potius
805 3761 946 3824 quod
981 3762 1162 3831 justus
1202 3776 1340 3831 pene
1363 3776 1552 3831 passus
1573 3771 1677 3828 est,
1703 3763 1859 3818 susti-

252 3862 434 3908 nent:
469 3851 575 3908 Mei
614 3862 781 3908 autem
811 3870 939 3922 pene
984 3854 1108 3908 moti
1146 3863 1265 3908 sunt
1307 3854 1496 3921 pedes:
1548 3869 1676 3925 pene
1706 3851 1857 3922 emisi

246 3956 380 4002 sunt
405 3961 606 4018 gressus
629 3948 726 4000 mei
748 3945 863 4017 (Ps.
892 3962 1054 4012 Lxxn,
1074 3947 1154 4017 2).
1188 3947 1443 4004 Dominus
1470 3964 1600 4016 ergo
1648 3947 1855 4002 exerci-

253 4053 417 4096 tuum
443 4039 544 4096 hoc
567 4041 854 4097 consilium
885 4042 1162 4111 cogitavit,
1204 4055 1256 4094 ut
1281 4042 1604 4098 dissolveret
1627 4043 1855 4111 pessima

253 4133 661 4204 negotiatorum
719 4135 929 4190 vincula
955 4175 972 4201 ,
1023 4134 1190 4190 immo
1227 4143 1564 4202 compactam
1606 4133 1857 4203 iujuriam

251 4228 578 4297 dissiparet,
611 4243 893 4300 perquam
936 4227 1114 4282 cuncti
1162 4227 1251 4296 qui
1299 4225 1446 4296 Tyro
1495 4224 1692 4278 subditi
1737 4233 1862 4280 sunt

252 4318 610 4390 superhiuut.
650 4320 914 4389 Quodque
961 4318 1184 4383 intulit,
1239 4326 1285 4372 et
1332 4315 1667 4370 dehonestare
1717 4330 1864 4370 omne

252 4413 404 4485 quod
427 4414 706 4486 gloriosum
755 4424 828 4469 est
859 4430 1014 4484 super
1039 4423 1246 4472 terram,
1278 4427 1383 4466 non
1411 4407 1674 4464 Dominus
1694 4407 1864 4462 dolio-

255 4506 592 4562 nestamenti
623 4515 812 4564 auctor
858 4515 964 4573 est,
993 4505 1086 4560 sed
1109 4503 1250 4576 quod
1300 4518 1395 4573 per
1445 4517 1506 4555 se
1555 4500 1865 4570 ignominiae

1965 1905 2191 1973 perfrui,
2221 1920 2340 1973 quae
2385 1906 2538 1975 prius
2568 1907 2620 1960 in
2656 1906 2791 1960 mari
2845 1905 3172 1975 provocabat
3225 1919 3406 1975 reges,
3453 1906 3572 1962 sive

1957 1994 2108 2064 juxta
2139 1995 2526 2069 Symmachum
2555 1997 2917 2063 conturbabat;
2941 2011 3172 2068 quorum
3200 2013 3298 2054 eor
3327 1998 3378 2052 in
3409 2011 3572 2052 manu

1963 2090 2078 2145 Dei
2116 2101 2218 2146 est.
2270 2094 2445 2162 Atque
2503 2093 2707 2148 utinam
2761 2102 2818 2147 et
2869 2107 2968 2147 nos
3024 2092 3193 2146 maris
3252 2091 3413 2161 hujus
3472 2105 3568 2146 ne-

1961 2184 2260 2253 gotiatione
2292 2196 2631 2257 contempta,
2661 2199 2956 2257 operemur
2986 2196 3186 2241 terram
3219 2197 3482 2252 nostram,
3514 2197 3571 2240 et

1963 2291 2302 2346 nequaquam
2355 2287 2738 2348 exspectemus
2796 2294 2961 2334 naves
3015 2277 3379 2349 Carthaginis,
3455 2281 3570 2335 sive

1963 2383 2129 2423 naves
2155 2369 2310 2441 Tyri,
2336 2385 2459 2441 qua:
2509 2369 2901 2441 Carthaginem
2929 2371 3008 2425 ire
3039 2380 3468 2435 consueverant,
3499 2387 3569 2426 ne

1960 2463 2317 2534 subjiciamnr
2367 2465 2626 2535 potestati
2672 2465 2950 2530 draconis,
3007 2465 3096 2534 qui
3152 2464 3466 2519 dominatur
3513 2466 3568 2521 in

1960 2558 2121 2612 mari!
2150 2557 2254 2614 Sed
2280 2560 2530 2614 stabilem
2559 2558 2786 2628 gradum
2813 2557 3044 2629 ﬁgamus
3068 2558 3118 2612 in
3146 2570 3372 2627 terram,
3401 2559 3566 2614 immo

1958 2650 2026 2704 ad
2053 2652 2293 2707 cmlestia
2351 2651 2696 2716 feSIinantes,
2725 2666 3021 2721 operemur
3048 2659 3253 2706 terram
3295 2658 3563 2719 nostram,

1961 2750 2018 2796 ut
2041 2741 2126 2796 hic
2151 2744 2509 2810 seminantes,
2556 2744 2626 2799 ibi
2653 2753 2942 2798 metamus.
2972 2741 3162 2797 Manus
3184 2758 3400 2812 quoque
3424 2757 3569 2797 ,nos-

1960 2844 2061 2903 tra,
2095 2853 2212 2906 qua:
2244 2838 2391 2907 prius
2420 2840 2472 2893 in
2504 2838 2688 2893 mundi
2734 2839 2970 2908 negotiis
2998 2837 3342 2903 versabatur,
3388 2843 3444 2891 et
3467 2851 3566 2908 pro

1960 2930 2200 2998 potentia
2228 2945 2291 2986 ac
2320 2932 2581 2986 felicitate
2609 2931 2770 2986 etiam
2801 2945 2982 3002 reges,
3015 2931 3067 2986 id
3095 2940 3201 2994 est,
3257 2941 3474 2986 sanctos
3494 2929 3566 2986 do

1961 3028 2106 3074 statu
2136 3035 2236 3075 suo
2265 3031 2477 3090 peierat
2501 3038 2873 3091 commovere,
2929 3024 3024 3078 ﬁat
3053 3025 3331 3080 imbecilla
3383 3026 3438 3080 in
3481 3039 3568 3080 re-

1961 3111 2063 3166 bus
2095 3115 2281 3178 maris,
2336 3121 2393 3166 ut
2415 3112 2572 3168 fortis
2597 3114 2666 3168 sit
2698 3114 2752 3167 in
2797 3129 2964 3184 opere
2994 3124 3153 3170 terrm
3178 3130 3310 3170 suae.

2039 3202 2218 3276 (Vers.
2257 3203 2370 3274 12.)
2398 3204 2654 3260 Dominus
2691 3204 2924 3261 Sabaoth
2947 3209 3188 3278 praecepit
3234 3208 3296 3264 de
3315 3207 3567 3264 Chanaan

1964 3297 2178 3366 perdere
2221 3296 2378 3351 robur
2422 3298 2557 3363 eius,
2604 3307 2653 3352 et
2700 3296 2868 3353 dicent
2909 3315 3271 3371 :nequaquant
3307 3304 3568 3374 adjicictis

1965 3389 2402 3461 injuriamfacere
2447 3401 2494 3445 et
2546 3392 2871 3461 iniquitatem
2917 3393 3109 3465 uirgini
3152 3395 3280 3462 ﬁlia:
3327 3395 3563 3451 Sidonis.

1963 3481 2165 3552 Tyrum
2189 3492 2242 3537 et
2272 3482 2533 3538 Sidonem
2585 3498 2708 3538 esse
2738 3484 2788 3538 in
2825 3496 2970 3541 terra
2999 3485 3280 3553 Chanaan,
3330 3496 3384 3542 et
3405 3502 3568 3557 supra

1962 3575 2320 3637 ostendimus.
2357 3577 2629 3647 Evangelii
2661 3578 3038 3634 testimonium
3087 3589 3476 3650 proponentes,
3507 3583 3564 3637 in

1960 3684 2067 3738 quo
2089 3669 2300 3741 legitur,
2328 3670 2694 3727 Chananaram
2719 3671 3000 3729 mulierem
3028 3673 3150 3730 sive
3175 3673 3564 3746 Syrophmnis-

1957 3777 2072 3817 sam
2102 3763 2280 3819 exisse
2301 3765 2368 3819 de
2407 3765 2604 3820 finibus
2621 3765 2750 3837 Tyri
2798 3777 2854 3821 et
2889 3767 3127 3835 Sidonis,
3177 3777 3232 3824 et
3255 3771 3563 3826 occurrisse

1961 3855 2192 3910 Domino
2221 3857 2520 3914 Salvatori.
2550 3859 2742 3914 Omnis
2762 3871 2942 3916 autem
2970 3863 3150 3918 anima
3199 3877 3321 3931 qua:
3379 3865 3432 3916 in
3473 3876 3568 3916 sae-

1959 3949 2065 4001 culi
2094 3947 2350 4005 ﬂuctibus
2381 3949 2552 4020 posita
2603 3963 2710 4017 est,
2735 3961 2788 4006 et
2831 3952 3210 4007 circumfertur
3229 3951 3376 4005 omni
3402 3963 3566 4005 vento

1960 4041 2242 4108 doctrinae,
2276 4041 2532 4096 Chanaan
2565 4043 2887 4112 appellanda
2919 4053 3004 4096 est
3025 4085 3039 4109 ,
3093 4057 3215 4110 qua}
3244 4043 3568 4110 interpreta-

1964 4141 2049 4184 tur
2077 4133 2224 4201 quasi
2245 4133 2542 4201 ﬂuctuatio,
2576 4132 2695 4187 sive
2724 4133 3017 4186 commotio.
3071 4131 3245 4198 Unde,
3281 4141 3338 4188 et
3369 4132 3433 4185 ad
3475 4146 3565 4188 se-

1964 4237 2085 4275 nem
2133 4223 2438 4278 adulterum
2486 4225 2686 4278 dicitur
2717 4239 2730 4275 :
2764 4222 2953 4278 Semen
2992 4223 3242 4278 Chanaan
3264 4233 3312 4280 et
3336 4240 3436 4278 non
3457 4225 3563 4280 Ju-

1965 4314 2054 4379 da,
2083 4316 2276 4382 species
2296 4317 2492 4387 decepit
2515 4326 2562 4370 te
2593 4315 2755 4387 (Dan.
2786 4316 2929 4386 XIII).
2959 4316 3186 4372 Prodest
3227 4319 3390 4389 igitur
3420 4318 3571 4392 Tyro

1967 4403 2128 4479 325
2155 4414 2208 4458 et
2239 4405 2354 4473 cjns
2382 4408 2651 4474 angustiis
2687 4408 2854 4462 robur
2883 4409 3062 4477 perire
3089 4409 3481 4477 Chananaeum,
3511 4422 3572 4466 ut

1971 4496 2184 4548 dicatur
2209 4494 2606 4553 habitatoribus
2627 4499 2744 4568 ejus
2785 4499 2927 4568 quod
2945 4500 3082 4556 ultra
3106 4517 3210 4555 non
3241 4503 3458 4557 valeant
3485 4503 3568 4558 in-

258 4608 445 4676 putet,
489 4601 723 4656 ostendit
764 4615 886 4656 esse
910 4599 1348 4670 ignominiosum.
1384 4595 1538 4665 Quod
1562 4594 1784 4666 quidem
1813 4602 1867 4649 et
1893 4589 2142 4659 Djurias
2167 4588 2364 4651 facere,
2416 4598 2473 4643 et
2511 4592 2822 4660 opprimere
2879 4607 2975 4658 per
3011 4592 3351 4662 iniquitatem
3400 4596 3569 4666 virgi-

258 4695 333 4749 dc
377 4691 759 4750 Sacerdotibus
782 4694 834 4748 in
867 4691 1108 4747 Levitico
1156 4691 1424 4760 legimus:
1458 4687 1867 4742 Contaminatia-

261 4803 331 4842 ne
354 4786 722 4842 contaminavit
765 4800 880 4840 eum
910 4783 1095 4855 (Levit.
1133 4781 1279 4853 ut),
1311 4779 1450 4834 haud
1483 4779 1703 4850 dubium
1737 4780 1867 4850 quin

260 4877 528 4938 sacerdos
553 4895 565 4932 :
590 4894 694 4932 non
736 4893 844 4949 quo
883 4875 1357 4930 contaniiuationis
1398 4883 1584 4928 auctor
1621 4873 1714 4935 sit,
1768 4872 1866 4927 sed

263 4987 384 5046 quo
407 4972 651 5028 oSIendat
679 4988 799 5028 eum
832 4971 1278 5042 contaminatum,
1327 4970 1413 5038 qui
1460 4969 1605 5036 prius
1637 4966 1868 5024 mundus

265 5065 526 5140 plurimis
545 5065 854 5122 videbatur.

347 5158 530 5228 (Veis.
558 5161 646 5226 ll),
680 5155 792 5228 ll.)
817 5159 1041 5230 Uperare
1071 5166 1258 5212 terram
1297 5163 1436 5224 tuam
1461 5169 1478 5208 :
1505 5154 1686 5208 etenim
1717 5169 1868 5208 naves

269 5269 598 5323 nequaquam
628 5254 834 5307 veniunt
873 5253 934 5308 de
975 5249 1300 5322 Carthagine,
1354 5259 1398 5303 et
1430 5264 1609 5302 manus
1656 5255 1744 5300 tua
1784 5263 1872 5302 ne-

268 5363 537 5422 quaquam
566 5349 830 5420 prtevulet.
857 5363 972 5420 qua:
1015 5348 1068 5400 in
1107 5347 1236 5400 mari
1262 5354 1499 5415 provocat
1542 5359 1708 5413 reges.
1737 5342 1868 5397 Mul-

271 5453 392 5498 tnin
419 5453 448 5492 a
487 5444 706 5495 caneris
745 5439 1157 5508 interpretibus,
1200 5449 1252 5491 et
1276 5439 1342 5490 ab
1373 5452 1486 5507 ipso
1523 5435 1788 5490 lleliraico
1817 5435 1872 5491 in

274 5532 386 5588 hoc
417 5530 534 5587 loco
565 5529 709 5585 LXX
731 5529 1003 5584 discordat
1026 5528 1209 5590 editio,
1256 5527 1349 5584 sed
1391 5527 1722 5597 propositum
1753 5541 1874 5597 pro-

276 5640 597 5696 sequamur.
629 5624 802 5692 Supra
824 5623 1035 5680 dixerat
1068 5641 1081 5677 :
1117 5621 1198 5684 Ite
1241 5621 1626 5694 Carthaginem,
1683 5621 1880 5677 ululate

275 5715 636 5790 qui/tribuatis
677 5715 842 5788 324
887 5719 940 5772 in
979 5716 1171 5771 insula.
1223 5717 1374 5770 hunc
1418 5713 1750 5770 contrarium
1800 5714 1881 5770 lo-

281 5812 492 5889 quitur,
518 5810 643 5882 quia
668 5825 830 5866 naves
853 5808 918 5868 de
939 5808 1265 5880 Carthagine
1319 5809 1458 5864 ultra
1484 5822 1590 5862 non
1631 5808 1876 5874 veniunt,

1973 4699 2094 4738 nem
2123 4681 2285 4738 tiliam
2315 4682 2555 4740 Sidonis.
2587 4683 2924 4754 Quicumque
2954 4699 2985 4739 ιι
3011 4684 3230 4740 diabolo
3272 4686 3486 4754 capitur
3515 4687 3570 4741 in

1968 4778 2311 4832 diversorum
2357 4775 2769 4847 perturbatione
2819 4776 3095 4842 vitiorum,
3137 4786 3191 4832 et
3242 4776 3477 4832 traditur
3511 4779 3566 4834 in

1969 4871 2328 4929 contumelias
2365 4872 2692 4944 ignominiae,
2717 4883 2774 4927 ut
2806 4871 3228 4942 pollnatcorpus
3275 4873 3571 4944 voluptati-

1971 4971 2094 5033 bns,
2128 4977 2182 5022 et
2228 4967 2588 5036 turpitudine,
2638 4966 2738 5022 iste
2763 4967 2906 5024 lilins
2936 4967 3020 5023 vel
3057 4966 3163 5023 ﬁlia
3191 4976 3274 5024 est
3303 4966 3523 5026 Sidonis
3555 4985 3570 5022 ι

1974 5062 2169 5119 Etlioc
2189 5059 2472 5116 sciendum
2500 5059 2642 5130 quod
2672 5059 2882 5114 sabaoth
2926 5060 2980 5118 in
3021 5061 3289 5119 Hebraico
3336 5076 3442 5116 nou
3478 5062 3576 5117 htt-

1977 5156 2154 5222 betur,
2181 5162 2237 5208 et
2257 5155 2568 5209 econtrario
2597 5153 2742 5223 virgo
2765 5153 2834 5208 de
2877 5153 3144 5210 llrbraico
3169 5154 3354 5210 addita
3381 5156 3472 5210 sit.

2049 5247 2230 5314 (Vcrs.
2278 5246 2391 5316 15.)
2425 5245 2484 5301 Si
2514 5246 2634 5300 ieris
2661 5248 2715 5302 in
2745 5247 2938 5313 Citios,
2965 5263 3129 5318 neque
3153 5246 3221 5302 ibi
3249 5249 3346 5301 erit
3378 5245 3578 5314 requies

1978 5341 2094 5406 tibi;
2125 5349 2173 5394 et
2191 5340 2236 5393 si
2260 5339 2329 5392 ad
2353 5350 2539 5394 terram
2568 5338 2947 5396 Chaldaeorum.
2978 5349 3024 5392 et
3049 5340 3164 5404 ipsa
3187 5338 3385 5390 vastata
3409 5344 3482 5387 est
3510 5335 3576 5388 ab

1979 5431 2223 5502 Assyriis.
2261 5430 2518 5486 Fundatn't
2546 5449 2656 5486 eam
2685 5431 2840 5493 Siim,
2863 5436 3154 5482 statuerunt
3190 5426 3580 5497 propugnacula

1979 5529 2128 5600 ejus,
2167 5527 2539 5583 suscitaverunt
2571 5537 2764 5580 turrem
2803 5523 2917 5591 ejus
2959 5537 2977 5576 :
3018 5521 3188 5591 paries
3217 5521 3330 5590 ejus
3371 5519 3577 5577 cecidit.

1980 5622 2246 5692 Quodque
2265 5623 2508 5691 sequitur
2529 5621 2596 5674 de
2625 5615 3009 5672 Theodotionis
3031 5613 3294 5676 editione,
3312 5611 3415 5667 sub
3435 5622 3594 5668 asto-‘

1983 5715 2142 5771 riscis
2182 5714 2428 5774 additum
2456 5721 2543 5767 est
2584 5729 2599 5766 :
2637 5707 2904 5766 Fundarit
2945 5721 3057 5762 eam
3087 5703 3220 5759 Siim
3241 5745 3255 5768 ,
3285 5712 3575 5757 statuerunt

1983 5807 2374 5879 pronugnacula
2403 5808 2518 5878 ejus
2547 5821 2564 5859 :
2595 5803 2965 5859 suscitaverunt
2997 5809 3188 5855 turrem
3212 5801 3344 5870 ejus,
3372 5805 3425 5850 et
3456 5793 3578 5845 abs-
