4010 6300
514 230 617 288 Ξ79

512 363 619 420 que
639 353 917 409 asteriscis
935 354 1180 425 jungitur
1202 374 1215 412 :
1243 359 1413 425 paries
1438 362 1552 433 ejus
1573 363 1775 423 cecidit.
1791 364 1915 423 Citii
1944 368 2115 426 inter-

510 452 794 513 pretantur
820 444 978 516 plaga
1018 462 1376 507 consummata
1417 454 1532 511 sive
1571 458 2109 529 perfecta‘:Cbalda2i

511 534 568 589 in
603 536 703 590 bot:
736 538 877 603 loco,
908 540 1056 609 quasi
1101 542 1259 596 ubera
1300 560 1319 598 :
1362 548 1569 617 Assyrii
1598 592 1612 616 ,
1647 564 1941 623 arguentes.
1973 555 2108 612 Siim

513 628 892 699 etymol0giam
928 646 1031 687 nec
1070 649 1171 689 nos
1203 637 1480 705 potuimus
1524 641 1801 709 invenire,
1843 658 1899 702 et
1929 650 2111 705 cmteri

510 722 843 791 interpretes
866 725 986 794 ipso
1005 742 1113 798 quo
1143 731 1285 800 apud
1313 731 1573 790 Hebraeos
1600 737 1860 795 scribitur
1891 728 2112 799 nomine

512 816 930 873 transtulerunt.
970 821 1171 877 Dicitur
1203 840 1337 896 ergo
1363 828 1433 883 ad
1467 829 1690 901 Tyrum,
1720 835 1863 904 quod
1893 835 2023 893 licet
2042 839 2110 895 ad

508 903 677 963 Citio;
706 909 785 965 ire
811 912 1128 981 contendat,
1161 924 1215 971 et
1242 921 1616 990 angustiarum
1645 940 1866 982 suarum
1896 930 2111 1001 plagam

511 1001 715 1069 vitare,
748 1006 1048 1073 perfectam
1096 1011 1261 1066 etiam
1310 1013 1384 1069 ibi
1429 1018 1671 1088 requiem
1716 1021 1963 1080 invenire
2002 1040 2110 1081 non

510 1094 709 1150 valeat.
744 1097 1085 1172 Rursumque
1129 1104 1176 1158 si
1227 1107 1410 1178 cupiat
1459 1109 1542 1167 ire
1590 1112 1658 1167 ad
1706 1112 2030 1185 Chaldmos,
2059 1128 2113 1173 et

513 1185 760 1241 ubertate
801 1204 989 1247 eorum
1020 1208 1083 1249 ac
1119 1210 1303 1251 rerum
1348 1201 1591 1258 omnium
1625 1205 1953 1262 abundantia
1988 1224 2110 1279 per-

510 1275 636 1343 frui,
663 1279 827 1334 ctiam
861 1282 985 1340 illos
1016 1285 1255 1343 inveniat
1282 1290 1559 1350 desolatos
1579 1337 1594 1361 ,
1622 1275 2111 1369 arguentibus-As-

507 1370 674 1439 syriis
714 1386 900 1429 eorum
948 1379 1292 1437 sterilitatem
1318 1424 1334 1450 ,
1369 1385 1524 1454 juxta
1556 1389 1701 1459 quod
1727 1403 1783 1447 et
1812 1395 2108 1463 Apostolus

512 1462 729 1517 tradidit
778 1479 1098 1535 peccatores
1145 1472 1365 1531 Satanae
1412 1476 1465 1549 (l
1493 1477 1630 1535 Tim.
1664 1481 1715 1555 ι)
1743 1525 1757 1549 ,
1791 1462 2111 1543 υινάἱεείιηι

510 1569 616 1610 non
655 1556 1039 1627 blasphemare
1086 1582 1099 1617 :
1142 1567 1233 1636 qui
1269 1568 1561 1626 traduntur
1591 1574 1643 1629 in
1676 1575 1954 1633 interitum
1985 1594 2110 1635 car-

473 1692 478 1697 .
513 1647 618 1711 nis,
650 1660 705 1703 ut
735 1652 958 1720 Spiritus
984 1656 1172 1713 salvus
1204 1659 1315 1714 fiat.
1348 1661 1730 1723 Chaldzeorum
1762 1679 1939 1726 autem
1970 1672 2104 1728 Siim

509 1738 867 1797 Fundamenta
889 1745 1163 1817 jecerunt,
1188 1768 1326 1823 quos
1356 1754 1601 1829 intelligo
1630 1760 1908 1821 daemones
1939 1769 2106 1837 pessi-
2137 1773 2185 1834 B

510 1847 647 1900 mos,
692 1836 781 1905 qui
825 1845 883 1894 et
912 1845 1319 1911 pr0pugnacula
1366 1858 1421 1903 et
1453 1859 1636 1908 turres
1684 1836 2106 1925 superbissimas

464 1934 467 1935 '
509 1926 661 1982 urbis
689 1926 964 1987 Chaldzme
990 1946 1181 1992 contra
1211 1941 1495 1999 scientiam
1541 1946 1755 2004 Domini
1803 1952 2105 2011 suscitave-

510 2028 657 2073 runt.
684 2019 791 2076 Sed
814 2028 993 2080 omnis
1020 2042 1209 2085 eorum
1232 2032 1525 2093 aediﬁcatio
1546 2038 1601 2093 in
1625 2042 1812 2099 ruinas
1834 2048 2102 2115 concidit;

507 2112 755 2181 sequitur
783 2118 953 2185 enim,
977 2123 1146 2191 paries
1173 2128 1287 2199 ejus
1310 2129 1513 2186 cecidit.
1539 2130 1656 2189 Nisi
1673 2136 1820 2192 enim
1845 2139 2107 2198 Dominus

511 2203 869 2264 :edificaverit
927 2211 1184 2283 domum,
1231 2219 1282 2272 in
1329 2236 1526 2277 vanum
1576 2224 1965 2288 laboraverunt
2014 2237 2106 2306 qui

507 2296 780 2353 aediﬁcant
803 2316 924 2357 eam
964 2303 1080 2375 (Ps.
1105 2322 1286 2379 cxxvr,
1334 2314 1413 2384 1).
1445 2315 1603 2386 S:epe
1637 2320 1888 2379 videmus
1919 2325 1973 2381 in
2006 2296 2108 2383 sie—

506 2388 630 2445 culo
673 2394 936 2460 quosdam
974 2397 1044 2454 de
1080 2401 1196 2457 alio
1226 2407 1510 2475 proposito
1554 2414 1791 2469 transire
1820 2416 1887 2471 ad
1931 2418 2101 2475 aliud.

506 2479 672 2539 Verbi
720 2489 916 2556 gratia,
952 2502 1008 2546 ut
1057 2495 1146 2563 qui
1197 2498 1446 2554 militiam
1497 2504 1639 2561 male
1685 2512 1897 2577 experti
1952 2524 2100 2583 sunt,

506 2583 788 2633 transeant
818 2582 885 2637 ad
910 2587 1365 2654 negotiationem.
1401 2593 1749 2669 Rursumque
1798 2607 2108 2665 causidicos

504 2668 827 2727 bellatorum
876 2691 1026 2731 arma
1075 2682 1377 2753 corripere.
1409 2686 1619 2745 Mutant
1664 2693 2017 2768 industriam,
2048 2715 2107 2758 ut

504 2770 718 2817 mutent
745 2765 1154 2838 infelicitatem;
1186 2784 1240 2830 et
1286 2777 1644 2839 nihilominus
1688 2786 2106 2859 dispensatione

506 2853 671 2928 326
703 2857 794 2913 Dei
837 2860 921 2916 his
962 2880 1101 2934 quos
1126 2869 1341 2928 salvare
1365 2873 1643 2945 dignatur,
1671 2884 1853 2938 omnia
1882 2888 2105 2946 nitenti-

505 2946 606 3003 bus
634 2953 856 3009 evenire
885 2960 1193 3016 contraria:
1216 2968 1648 3039 utperinOpiam
1671 2989 1735 3030 ac
1753 2978 2105 3039 miseriasco-

504 3053 701 3110 gantur
723 3063 828 3103 non
851 3050 905 3105 in
932 3054 1123 3119 se,sed
1147 3056 1201 3112 in
1213 3057 1477 3119 Creatore
1500 3065 1814 3126 suoltabere
1828 3072 2100 3135 fiduciam.

576 3163 760 3233 (Vers.
814 3170 932 3241 Η.)
980 3172 1192 3233 Ululate
1234 3196 1385 3236 naves
1428 3182 1757 3260 Carthaginis
1800 3208 1819 3246 :
1856 3197 2102 3265 quoniam
2129 3160 2175 3226 Ο

502 3258 652 3325 periit
676 3261 922 3331 fortitudo
942 3277 1128 3323 vestra.
1153 3269 1331 3330 Naves
1357 3258 1725 3351 Carthaginis,
1747 3283 1800 3339 id
1824 3258 1909 3342 est
1931 3288 2103 3346 Thar-

500 3348 576 3403 sis
619 3350 884 3419 jnbentur
932 3358 1147 3417 ululare
1178 3382 1191 3417 :
1222 3348 1743 3439 nequaquamvenim
1769 3417 1783 3439 ,
1813 3387 1872 3432 ut
1912 3396 2098 3453 supra,

503 3443 822 3514 perierunt,
874 3450 986 3507 sive
1034 3469 1140 3509 non
1183 3459 1443 3527 venient;
1485 3464 1581 3520 sed
1632 3469 1788 3536 periit
1837 3470 2100 3532 fortitudo

501 3548 709 3594 earmn.
742 3541 957 3600 Tharsis
984 3549 1126 3602 enim
1155 3554 1456 3610 secundum
1492 3558 1656 3617 aliam
1686 3564 2099 3633 interpretatio-

502 3641 625 3682 nem
655 3629 708 3685 in
741 3632 975 3702 linguam
1025 3650 1271 3697 nostram
1308 3646 1542 3703 vertitur
1571 3660 1949 3713 consummatio
1976 3678 2095 3729 sete,

500 3718 617 3773 sive
664 3722 879 3779 latitite.
932 3725 989 3781 In
1035 3745 1132 3787 sex
1175 3743 1355 3791 autem
1404 3738 1596 3797 diebus
1626 3747 1886 3804 mundum
1934 3752 2097 3809 istum

496 3806 699 3867 factum
730 3813 957 3883 legimus
981 3862 996 3885 ,
1027 3823 1117 3893 qui
1147 3824 1302 3893 juxta
1344 3830 1666 3891 traditiones
1695 3840 2100 3903 ecclesiasticas

501 3914 688 3969 postea
734 3914 1221 3973 consummabitur.
1283 3919 1475 3977 Omnia
1526 3934 1659 3999 ergo
1720 3930 1861 3990 bona
1910 3939 2095 3995 saeculi

496 3996 677 4068 hujus,
701 4010 755 4056 et
780 4004 1063 4063 universus
1092 4013 1404 4077 mortalium
1435 4018 1614 4089 labor,
1645 4024 1857 4082 incerto
1881 4032 2096 4088 navium

497 4094 678 4148 cursui
710 4110 1076 4169 comparatur.
1104 4106 1250 4175 quod
1283 4110 1395 4164 cito
1438 4113 1679 4183 peritura
1708 4122 1819 4175 sint
1840 4163 1855 4189 ,
1884 4135 1933 4178 et
1965 4140 2097 4182 cun-

495 4191 582 4237 cta
616 4187 984 4257 navigantium
1018 4195 1276 4255 fortitudo
1305 4203 1570 4260 solvatur.
1619 4208 1772 4267 Unde
1814 4187 1868 4268 et
1913 4215 1967 4271 in
1998 4219 2094 4275 Sa-

496 4269 722 4329 lomone
765 4280 1028 4348 scriptum
1072 4298 1158 4340 est
1184 4306 1197 4341 :
1222 4288 1462 4349 Civitates
1508 4297 1688 4366 ﬁrmas
1737 4308 1971 4362 ascendit
2011 4327 2097 4365 sa-

491 4364 640 4436 piens
662 4381 682 4420 :
703 4379 750 4423 et
785 4368 1041 4429 destruxit
1069 4382 1379 4439 munitiones
1406 4403 1585 4444 earum
1616 4391 1801 4460 (Prov.
1834 4414 1947 4465 χχι,
1974 4401 2089 4476 22).

492 4457 769 4533 Quidquid
799 4468 945 4524 enim
975 4470 1359 4533 ltzereticorum
1391 4493 1446 4537 et
1472 4486 1757 4555 sapientiae
1782 4457 2090 4565 stecularis,

490 4556 1004 4631 contrariorumque
1052 4564 1365 4637 dogmatum
1425 4584 1545 4633 arte
1592 4584 1960 4653 componitur,
2011 4589 2093 4645 vir
2125 4558 2172 4618 ί)

490 4646 903 4710 ecclesiasticus
950 4657 1216 4731 destruit,
1246 4675 1302 4723 et
1341 4670 1457 4726 suis
1500 4672 1663 4731 docet
1709 4646 1937 4749 pedibus
1966 4699 2090 4743 esse

484 4738 812 4808 subjectum.

558 4829 579 4889 l
590 4830 745 4890 Vers.
783 4838 852 4894 15
877 4849 933 4895 et
951 4846 1132 4919 seqq.)
1163 4849 1233 4903 Et
1255 4853 1353 4907 erit
1378 4854 1432 4909 in
1454 4856 1539 4913 die
1566 4860 1679 4925 illa,
1704 4863 2088 4938 derelinquetur

484 4919 653 4995 Tyrus
696 4935 1025 5003 septuaginta
1070 4942 1250 5009 annis,
1280 4946 1416 5001 sicut
1462 4958 1665 5021 tempus
1712 4957 1847 5027 regis
1892 4964 2087 5031 unius;

483 5018 618 5071 sicut
657 5028 852 5093 tempus
891 5024 1136 5087 hominis.
1185 5034 1252 5088 Et
1280 5051 1394 5109 post
1422 5018 1753 5117 septuaginta
1782 5068 1947 5109 annos
1991 5058 2088 5111 erit

487 5104 658 5179 Tyrus
696 5117 848 5182 quasi
889 5121 1150 5179 canticum
1178 5135 1478 5189 meretricis.
1511 5139 1671 5194 Sume
1690 5143 1965 5211 citharam,
1997 5163 2084 5202 va-

482 5216 627 5271 gare,
658 5206 837 5260 civitas
863 5216 1126 5281 meretrix,
1152 5217 1399 5277 oblivioni
1425 5229 1636 5286 tradita.
1655 5231 1794 5289 Bene
1809 5238 2082 5307 citharista,

482 5294 767 5363 plurimum
792 5313 969 5371 canta,
1000 5316 1059 5360 ut
1095 5310 1163 5364 sit
1194 5316 1272 5367 tui
1300 5322 1566 5379 memoria.
1604 5323 1732 5381 Post
1757 5335 2085 5406 septuaginta

476 5398 645 5442 autem
674 5408 851 5457 annos,
887 5398 1231 5459 visitationem
1262 5406 1418 5477 faciet
1446 5410 1586 5470 Deus
1628 5416 1751 5490 Tyri
1774 5438 1793 5476 :
1812 5398 1867 5477 et
1895 5398 2081 5482 iterum

478 5481 778 5537 restituetur
812 5488 869 5541 in
895 5494 1208 5565 antiquum;
1248 5504 1447 5572 eritque
1476 5512 1755 5581 negotiatio
1776 5518 1889 5587 ejus
1914 5522 2080 5573 omni-

481 5566 538 5587 L.
724 5576 736 5587 .
872 5582 882 5587 η
906 5585 915 5587 ξ

475 5566 566 5623 bus
591 5576 761 5643 regnis
800 5582 942 5636 orbis
970 5595 1223 5643 terrarum
1269 5610 1422 5665 super
1463 5566 1649 5670 [aciem
1680 5566 1848 5661 teme.
1882 5608 1951 5661 Et
1978 5612 2076 5665 erit

473 5665 749 5729 negotiatio
796 5674 930 5739 ejus,
973 5687 1020 5730 et
1062 5696 1259 5737 merces
1304 5702 1486 5745 sancta
1532 5691 1792 5762 Domino;
1836 5698 1927 5754 sed
1967 5719 2069 5758 non

468 5756 598 5826 ipsis
642 5772 1068 5842 congregabitur,
1104 5782 1195 5834 sed
1232 5782 1309 5836 his
1339 5787 1428 5854 qui
1455 5786 1691 5847 habitant
1740 5756 1913 5851 eorum
1963 5799 2067 5858 Ilo-‘-

1757 249 1816 308 S.
1858 250 2131 311 EUSEBII
2171 254 2552 316 HIERONYMI

3707 282 3801 342 230

2138 378 2186 438 Α
2216 394 2379 452 mino.
2443 395 2625 453 Omnis
2676 402 2957 473 negotiatio
3001 410 3116 480 ejus
3155 413 3420 469 comedere
3457 426 3506 471 et
3554 417 3720 475 bibere
3760 433 3804 477 et

2212 486 2421 559 impleri
2444 489 2496 543 in
2519 492 2870 561 collationem,
2900 501 3197 557 memoriale
3219 521 3393 560 coram
3424 505 3673 565 Domino.
3705 511 3803 569 Hoc

2212 580 2357 650 qttod
2403 580 2969 647 dicitur:memoriale
3011 610 3185 650 coram
3230 596 3458 657 Domino
3502 618 3523 658 :
3561 613 3616 659 et
3669 621 3807 677 super

2214 673 2399 743 faciem
2448 686 2618 743 terras,
2643 690 2698 736 et
2739 683 2870 737 sicut
2916 697 3115 753 tempus
3161 689 3406 761 hominis,
3452 695 3503 750 in
3553 697 3805 756 llebraico

2216 781 2321 821 non
2355 768 2605 837 habetur,
2632 773 2727 828 sed
2753 775 2804 830 in
2830 775 3027 833 Graco
3055 780 3294 836 additum
3323 794 3427 839 est.
3462 787 3804 861 Septuaginta

2212 870 2392 917 autem
2422 867 2581 920 annis
2603 866 2779 939 Tyrus
2805 872 3078 941 quondam
3110 889 3463 949 coangustata
3495 881 3803 952 dimittitur,

2213 964 2272 1009 ut
2319 957 2541 1027 expleto
2588 961 2901 1019 solitudinis
2950 973 3234 1037 tempore,
3272 984 3492 1029 carmen
3542 976 3802 1046 quondam

2212 1052 2581 1108 meretricium
2632 1063 2808 1112 vertat
2839 1058 2890 1113 in
2922 1059 3113 1117 laudes
3150 1063 3280 1133 Dei,
3318 1081 3713 1143 assumensque
3736 1074 3805 1129 ci-

2214 1141 2423 1197 tbaram
2450 1159 2641 1202 omnes
2662 1147 2899 1206 chordas
2928 1151 3125 1209 habeat
3154 1158 3511 1217 concinentes
3536 1180 3550 1217 :
3580 1141 3639 1218 ut
3670 1174 3805 1235 post-

2212 1250 2372 1304 quam
2402 1236 2541 1294 bene
2571 1241 2911 1299 conciouerit
2939 1254 2995 1301 et
3022 1248 3194 1304 multa
3227 1255 3547 1324 cantavcrit,
3583 1257 3675 1312 fiat
3695 1258 3802 1329 ejus

2210 1328 2354 1394 apud
2403 1330 2576 1388 Deum
2622 1338 2917 1406 memOria,
2949 1355 3073 1411 qua:
3124 1352 3348 1414 propter
3396 1328 3800 1408 fornicationem

2212 1421 2471 1479 oblivioni
2522 1427 2715 1483 tradita
2759 1440 2876 1486 erat
2918 1450 2930 1485 :
2971 1444 3025 1488 et
3056 1437 3376 1493 restituatur
3420 1440 3473 1495 in
3518 1442 3800 1513 pristinum

2211 1522 2450 1585 statum,
2484 1516 2788 1591 habeatque
2834 1523 3052 1581 divitias
3097 1527 3260 1600 327
3300 1546 3594 1602 regnorum
3648 1542 3803 1593 totius

2212 1610 2381 1678 orbis,
2417 1624 2471 1669 et
2500 1617 2780 1673 mercedes
2823 1619 3026 1677 laboris
3072 1623 3221 1680 illius
3260 1643 3599 1701 nequaquam
3633 1632 3800 1707 Tyriis

2210 1719 2647 1777 congregemur;
2693 1710 2790 1767 sed
2840 1712 2924 1767 bis
2974 1716 3064 1775 nui
3119 1716 3367 1775 habitant
3411 1721 3463 1776 in
3514 1738 3804 1794 conspectu

2212 1795 2464 1866 Domini,
2498 1804 2898 1876 comedantque
2928 1816 2983 1862 et
3014 1808 3225 1877 bibant,
3257 1823 3311 1868 et
3342 1814 3671 1885 impleantur
3698 1834 3806 1875 om-

2211 1890 2371 1946 nibus
2395 1893 2551 1949 bonis
2578 1913 2698 1966 qum
2720 1897 2774 1952 in
2800 1901 3033 1955 convivii
3067 1903 3308 1959 laetitiam
3338 1918 3664 1966 cunctorum
3697 1912 3805 1970 fue-

2209 1983 2320 2038 rint
2342 1983 2529 2041 labore
2552 1988 2775 2044 collata.
2798 1991 3057 2047 Sidonem
3074 2009 3139 2050 ac
3162 1996 3366 2069 Tyrum
3388 2015 3574 2057 sermo
3596 2002 3805 2061 divinus

2208 2076 2275 2132 ad
2311 2080 2689 2145 ptenitentiam
2733 2083 3084 2153 cohortatur,
3113 2098 3167 2143 et
3218 2089 3434 2147 labores
3476 2094 3599 2162 ejus
3652 2106 3805 2167 atque

2208 2172 2489 2229 mercedes
2519 2173 2750 2231 Domino
2782 2178 3205 2236 sanctiﬁcandas
3225 2198 3347 2238 esse
3365 2188 3660 2256 promittit.
3684 2188 3807 2258 Quis

2209 2282 2314 2320 non
2348 2278 2696 2337 peccatorum
2724 2285 2875 2342 spem
2906 2273 3098 2330 salutis
3132 2278 3353 2344 habeat,
3384 2279 3430 2334 si
3464 2289 3649 2337 tamen
3679 2284 3806 2339 bene

2206 2360 2505 2428 cecinerit,
2535 2374 2589 2416 et
2620 2365 2891 2421 universat-
2921 2369 3143 2425 cbordte
3175 2372 3457 2437 virtutum,
3485 2391 3609 2446 qua:
3640 2392 3808 2447 quon-

2207 2451 2330 2506 dam
2364 2453 2579 2509 fuerant
2609 2457 2890 2524 relaxatze,
2918 2461 2971 2515 in
3004 2462 3194 2518 Iaudes
3222 2463 3436 2521 Domini
3465 2481 3800 2537 componan-

2211 2543 2340 2599 tur?
2370 2544 2625 2616 Legimus
2653 2548 2706 2603 in
2738 2551 3156 2623 quadragesimo
3197 2566 3397 2625 quarto
3445 2558 3680 2629 psalmo,
3710 2562 3799 2633 qui

2208 2637 2533 2717 specialiter,
2557 2640 2624 2696 ad
2670 2643 3114 2712 conjunctionem
3156 2649 3344 2718 sponsi
3386 2660 3442 2706 et
3482 2667 3723 2723 sponsae,
3752 2654 3801 2709 id

2207 2740 2312 2795 est,
2345 2732 2411 2786 ad
2443 2714 2611 2789 Deum
2655 2735 2998 2794 Salvatorem
3045 2750 3099 2795 et
3141 2741 3406 2799 Ecclesiae
3449 2747 3693 2815 pertinet
3722 2762 3803 2802 sa-

2207 2836 2505 2893 cramenta,
2538 2827 2645 2884 dici
2683 2829 2823 2885 inter
2860 2842 3062 2888 caztera
3091 2852 3103 2888 :
3130 2831 3287 2890 Filia:
3332 2835 3459 2908 Tyri
3493 2839 3547 2894 in
3580 2841 3806 2895 muneri!

2208 2917 2322 2983 bus,
2348 2920 2537 2990 faciem
2562 2931 2704 2976 tuam
2734 2925 3084 2996 precabantur
3109 2928 3295 2985 divites
3322 2931 3484 3000 plebis
3508 2930 3637 3004 (Ps.
3670 2949 3806 3003 sur,

2210 3012 2318 3083 15).
2370 3015 2435 3069 Et
2479 3014 2595 3085 ipse
2641 3032 2858 3073 rursum
2909 3036 3146 3089 sponsus
3188 3023 3254 3077 ad
3297 3039 3555 3093 sponsam
3590 3026 3805 3100 Tyriam

2208 3103 2490 3176 loquitur:
2520 3109 2677 3174 Audi,
2709 3110 2843 3179 lilia,
2876 3122 2924 3165 et
2951 3113 3091 3175 vide,
3116 3124 3162 3167 et
3192 3114 3388 3170 inclina
3424 3133 3610 3172 aurem
3639 3129 3807 3186 tuam;

2208 3206 2257 3252 et
2287 3198 2582 3255 obliviscere
2622 3204 2802 3273 populi
2835 3206 2942 3270 tui,
2984 3215 3031 3260 et
3076 3206 3286 3262 domum
3333 3211 3501 3277 patris
3547 3214 3664 3279 tui,
3695 3214 3808 3287 quia

2207 3293 2531 3355 concupiscet
2556 3309 2650 3349 rea:
2673 3296 2908 3351 decorem
2933 3312 3077 3351 tuum
3111 3297 3275 3367 (Ibid.
3308 3300 3395 3365 ll,
3427 3301 3542 3374 η).
3575 3305 3738 3362 Unde
3758 3313 3810 3362 et

2209 3382 2260 3438 in
2304 3384 2677 3457 descriptione
2724 3390 3149 3459 pulchritudinis
3178 3394 3299 3462 ejus
3332 3394 3566 3451 infertur
3595 3414 3613 3453 :
3642 3399 3807 3453 Astitit

2205 3478 2384 3548 regina
2418 3494 2449 3531 a
2476 3480 2670 3534 dextris
2715 3482 2843 3548 tuis,
2880 3483 2933 3536 in
2963 3485 3149 3538 vestitu
3187 3486 3460 3551 deaurato,
3486 3492 3809 3546 circumdata

2204 3572 2669 3645 varietate(1bid.,
2706 3575 2814 3647 10).
2864 3576 2931 3633 Et
2960 3578 3161 3634 iterum
3202 3597 3216 3634 :
3265 3579 3449 3637 Omnis
3477 3583 3656 3653 gloria
3690 3585 3810 3657 ﬁlitc

2203 3665 2338 3735 regis
2372 3666 2680 3723 intrinsecus
2702 3668 2895 3740 (Ibid.,
2923 3673 3038 3746 Μ).
3065 3673 3120 3728 Si
3152 3684 3334 3729 autem
3366 3681 3691 3749 concupivit
3722 3693 3810 3734 rex

2206 3757 2663 3824 pulchritudinem
2696 3761 2877 3832 Tyriae
2919 3767 3235 3833 ptenitentis
3261 3809 3274 3829 .
3303 3778 3356 3822 et
3402 3770 3688 3825 variarum
3720 3770 3809 3825 Ita-

2205 3848 2384 3905 bentis
2429 3864 2750 3909 ornamenta
2794 3856 3089 3925 virtutum,
3122 3869 3327 3930 quanto
3375 3864 3549 3935 magis
3602 3877 3807 3921 merces

2203 3942 2321 4011 ejus
2356 3955 2411 4000 et
2450 3949 2743 4017 negotiatio
2764 3993 2779 4016 ,
2816 3968 2921 4007 non
2952 3953 3005 4008 in
3039 3953 3184 4026 Tyro
3214 3958 3689 4024 permanentinm.
3717 3959 3805 4015 sed

2202 4049 2393 4091 eorum
2436 4040 2539 4093 erit
2586 4041 2679 4111 qui
2723 4042 3051 4100 habitantia
3084 4059 3383 4117 cormpectu
3415 4048 3676 4107 Domini!
3711 4052 3805 4119 Qui

2203 4140 2486 4202 postquam
2538 4137 2752 4201 egerint
2801 4138 3180 4208 paenitentiam
3206 4184 3220 4207 ,
3260 4142 3485 4198 audient
3512 4159 3543 4200 a
3575 4145 3808 4201 Domino

2198 4219 2482 4280 Salvatore
2514 4242 2527 4278 :
2558 4225 2724 4299 328
2758 4228 3041 4297 Comedite,
3088 4234 3243 4287 amici
3273 4234 3409 4299 mei,
3443 4244 3491 4289 et
3533 4237 3722 4303 bibite,
3764 4246 3807 4290 et

2200 4313 2547 4382 inebriamini,
2576 4320 2876 4374 charissimi
2910 4321 3093 4390 (Cant.
3128 4340 3180 4391 v,
3216 4324 3293 4398 l).
3341 4325 3482 4393 Quid
3513 4328 3585 4384 sit
3622 4339 3805 4386 autem

2200 4410 2491 4465 comedere
2526 4420 2582 4467 et
2628 4412 2834 4480 bibere,
2863 4424 2919 4470 et
2946 4419 3187 4474 saturari
3215 4422 3459 4477 otnnium
3506 4425 3809 4481 collatione

2198 4502 2491 4571 virtutum,
2527 4505 2704 4560 fidelis
2734 4509 2910 4565 lector
2940 4512 3221 4583 intelligit.
3257 4513 3618 4587 Septuaginta
3652 4521 3809 4576 annis

2197 4594 2503 4652 desolatum
2533 4598 2699 4655 fuisse
2731 4603 2994 4673 templum
3014 4648 3028 4668 .
3061 4616 3117 4661 et
3144 4606 3413 4664 Jeremias
3444 4608 3609 4681 (Cap.
3648 4611 3807 4685 uls)

2192 4695 2249 4741 et
2277 4687 2465 4743 Daniel
2510 4688 2667 4761 (Cap.
2700 4694 2776 4765 tv)
2806 4706 2861 4749 et
2905 4695 3204 4754 Zacharias
3234 4699 3391 4774 (Cap.
3427 4702 3524 4775 vtt)
3574 4705 3802 4762 docent.

2190 4778 2256 4833 Et
2283 4779 2335 4834 in
2367 4780 2647 4839 Ezechiele
2679 4785 2829 4860 (Cap.
2859 4786 2972 4861 xvr)
2998 4790 3069 4846 de
3095 4793 3328 4848 Sodoma
3359 4794 3622 4865 legimus,
3655 4797 3804 4870 quod

2192 4873 2519 4929 restituatur
2550 4875 2602 4930 in
2632 4880 2916 4951 antiquum
2941 4924 2955 4947 ,
2987 4892 3042 4938 et
3069 4883 3139 4940 de
3167 4884 3409 4959 Egypto
3434 4928 3448 4951 ,
3477 4889 3628 4959 quod
3683 4900 3810 4961 post

2189 4966 2585 5025 desolationem
2637 4982 2798 5030 terra:
2850 4975 3071 5048 Egypti
3121 4989 3175 5034 et
3219 4980 3534 5037 ariditatem
3585 4995 3804 5053 septem

2191 5057 2497 5131 ﬂuminum,
2530 5074 2771 5121 veterem
2808 5070 3035 5140 recipiat
3065 5071 3400 5129 ubertatem.
3434 5075 3808 5146 Septenarius

2191 5165 2369 5209 autem
2398 5167 2449 5212 et
2478 5162 2911 5232 septuagesimus
2943 5179 3237 5233 numerus,
3266 5170 3356 5237 qui
3388 5170 3472 5225 vel
3506 5171 3576 5227 de
3610 5172 3805 5244 singu-

2189 5246 2258 5301 lis
2286 5248 2502 5316 diebus,
2532 5253 2616 5306 vel
2651 5253 2719 5307 de
2748 5265 2957 5324 septem
2990 5260 3285 5316 conficitur
3312 5262 3640 5333 decadibns,
3678 5284 3805 5339 pero

2189 5340 2387 5398 feetam
2415 5344 2682 5415 significat
2709 5358 2764 5402 et
2795 5364 3231 5413 consummatam
3277 5361 3665 5427 paenitentiam
3701 5382 3716 5420 :
3745 5374 3801 5420 ut

2185 5433 2331 5503 juste
2359 5435 2566 5508 Tyrus,
2592 5440 2812 5510 expleto
2865 5447 3199 5513 poenitentia;
3247 5460 3514 5521 tempore,
3549 5454 3610 5511 in
3653 5458 3803 5514 anti-

2186 5540 2352 5595 quum
2398 5531 2591 5586 redeat
2634 5540 2855 5589 statum.
2908 5536 2986 5593 De
3015 5537 3116 5594 hac
3147 5541 3390 5598 arbitror
3417 5550 3720 5604 meretrice
3745 5559 3799 5604 et

2183 5618 2318 5675 illud
2346 5622 2397 5676 in
2425 5622 2739 5683 Proverbiis
2768 5627 3080 5686 Salomonis
3124 5634 3356 5705 mystico
3383 5650 3649 5696 sermone
3688 5642 3801 5713 sig-

2181 5712 2298 5767 nari
2325 5730 2339 5767 :
2368 5712 2451 5768 Ne
2480 5717 2723 5773 attendas
2756 5722 3030 5789 pessimam
3061 5724 3368 5794 mulierem;
3408 5728 3509 5784 mel
3533 5732 3685 5787 enim
3714 5736 3800 5787 di-

2174 5802 2338 5863 stillat
2369 5808 2435 5865 de
2467 5810 2621 5867 labiis
2654 5814 2889 5875 mulieris
2915 5818 3231 5887 meretricis,
3260 5837 3379 5894 qua:
3401 5826 3471 5880 ad
3497 5818 3663 5883 breve
3690 5827 3796 5885 im~
