4010 6290
181 289 271 349 281
661 292 1286 352 COMMENTARIORUM
1323 294 1389 352 IN
1428 297 1662 355 ISAIAM
1701 297 2127 358 PROPHETAM
2169 303 2298 359 LIB.
2347 304 2482 361 VIII.
2529 305 2684 363 CAP.
2729 307 2921 367 XXIV.
3324 311 3432 370 282

181 410 388 498 pinguat
431 413 598 480 fauces
635 420 761 476 tuas,
801 420 846 464 et
874 419 1049 480 postea
1087 413 1316 468 amarius
1353 413 1474 484 felle
1502 418 1726 487 reperies
1752 429 1802 489 Α
1831 419 2030 476 lineam
2081 423 2436 491 perdiderunt
2479 445 2492 481 :
2536 425 2778 498 loquitur
2823 431 2872 485 ei
2927 431 2981 488 in
3024 434 3264 490 tenebris
3295 445 3352 492 et
3379 436 3431 494 in

179 497 359 572 (Prov.
389 516 454 565 v,
483 500 611 571 2-4).
659 501 756 557 Per
798 501 1087 558 fenestram
1130 506 1274 561 enim
1303 505 1497 562 domus
1529 523 1642 565 suae
1674 511 1728 566 iu
1830 517 2088 586 caligine,
2117 528 2168 573 et
2217 519 2319 573 sub
2362 520 2546 589 Specie
2584 523 2926 595 voluptatum
2965 528 3121 599 quasi
3161 531 3431 586 victimam

179 595 379 664 plateas
402 597 642 665 prospicit
671 595 870 667 (Matth.
921 600 1023 668 γη)
1062 615 1078 654 :
1121 600 1244 670 quia
1278 600 1385 656 lata
1417 611 1500 659 est
1524 613 1582 660 et
1605 620 1731 675 spa-
1831 607 2074 666 ducitad
2105 626 2356 669 mortem.
2400 613 2526 669 Htec
2573 616 2618 671 si
2665 633 2928 676 conversa
2979 595 3164 684 luerit.
3209 633 3266 678 et
3295 628 3434 683 bene

179 689 306 743 tiosa
330 689 406 744 via
432 705 543 760 quze
567 691 705 745 ducit
727 692 789 745 ad
819 703 1072 761 mortem,
1097 705 1152 750 et
1175 712 1569 772 quemcumque
1597 702 1732 758 insi-
1830 703 2113 764 cecinerit.
2147 716 2200 760 et
2243 710 2497 778 perlecta)
2532 712 2865 781 prenitentite
2905 729 3176 770 annorum
3219 724 3434 787 tempus

174 779 394 850 pientem
422 781 611 839 viderit
635 782 884 854 juvenem
905 826 919 851 ,
953 787 1226 858 sapientes
1265 791 1468 863 quippe
1514 802 1728 852 tentare
1832 795 2162 866 impleverit,
2187 801 2441 858 comedet
2465 779 2724 872 etibibet,
2753 815 2810 861 et
2836 809 3197 864 saturabitur.
3234 779 3435 866 Audiat

170 888 266 928 non
303 872 477 942 audet,
504 885 556 929 et
602 875 828 933 transire
870 881 1028 948 juxta
1072 883 1302 952 angulos
1327 925 1341 947 ,
1375 886 1469 955 qui
1520 898 1726 943 rectam
1827 888 2187 960 Novatianus,
2214 905 2269 950 et
2298 903 2496 953 taceat.

268 1016 484 1030 ’.υ-σν..

1259 1029 1528 1038 —...___._._

1078 1131 1567 1244 LIBER
1653 1139 2426 1256 OCTAVUS.

208 1482 533 1557 327-328
569 1482 778 1541 Sextus
818 1495 871 1542 et
917 1487 1186 1557 septimus
1234 1485 1550 1557 superiores
1596 1483 1717 1541 libri

151 1575 430 1646 allegoriam
472 1577 639 1648 quinti
682 1576 994 1632 voluminis
1035 1577 1361 1645 continent,
1395 1576 1536 1646 quod
1584 1576 1714 1631 olim

2390 1039 2538 1048 -ι-ι--.ρ
2550 1041 2764 1052 εα--υ-

1826 1489 2091 1558 qualitate
2114 1498 2431 1554 meritorum
2455 1501 2636 1558 multa:
2666 1513 2792 1560 sunt
2823 1509 3137 1566 mansiones
3158 1509 3300 1580 apud
3334 1527 3429 1582 pa-

1825 1592 1994 1654 trem,
2023 1586 2051 1626 b
2082 1587 2280 1646 dicitur
2303 1595 2576 1662 quomodo
2608 1599 2780 1652 sancti
2805 1600 3087 1670 rapiantur
3111 1603 3162 1656 in
3197 1605 3433 1662 nubibus

151 1666 377 1724 Ιιίειοτίεπ
407 1669 794 1740 explanatione
815 1669 1036 1726 dictavi.
1069 1669 1315 1725 Praesens
1343 1684 1501 1738 Opus,
1527 1669 1579 1724 id
1606 1677 1706 1731 est.
1742 1667 1789 1727 B
1818 1679 2034 1735 obviam
2061 1681 2294 1738 Domino
2317 1684 2372 1740 in
2395 1703 2542 1755 aera,
2570 1701 2624 1744 et
2655 1666 3013 1763 ςειηρριίειιηι
3036 1709 3104 1750 eo
3128 1695 3293 1750 futuri
3317 1699 3430 1754 sim

149 1772 344 1817 octavus
373 1762 529 1827 liber,
561 1763 626 1818 ad
654 1773 899 1833 coeptam
933 1763 1440 1832 interpretationem
1475 1763 1710 1817 reverti-

150 1865 249 1921 tur,
282 1866 333 1912 ut
359 1868 412 1913 et
438 1857 728 1914 historiam
771 1869 825 1915 et
855 1859 1216 1930 lropologiam
1243 1858 1398 1929 justa
1428 1870 1711 1928 utramque

147 1949 408 2006 editionem
441 1952 642 2021 pariter
672 1952 931 2008 disserat.
958 1951 1094 2019 Quae
1123 1951 1169 2006 si
1199 1951 1359 2023 longa
1379 1951 1475 2006 tibi
1506 1950 1713 2005 videbi-

147 2055 233 2110 tur,
254 2061 284 2102 ο
312 2047 458 2117 virgo
485 2046 699 2102 Christi
744 2046 1121 2112 EustOehium,
1153 2063 1258 2100 non
1286 2045 1419 2099 mihi
1454 2046 1710 2113 imputes,

144 2142 222 2198 sed
247 2142 531 2214 Scriptum
561 2158 771 2199 sanctae
798 2144 1128 2207 difﬁcultati,
1157 2143 1534 2215 praecipueque
1563 2142 1716 2197 Isaiae

141 2236 412 2308 prophctze,
446 2238 537 2310 qui
573 2239 745 2294 tantis
775 2239 1204 2296 obscuritatibus
1229 2239 1505 2294 involutus
1533 2246 1637 2300 est,
1659 2243 1716 2290 ιιι

141 2343 233 2396 pra:
259 2331 630 2401 magnitudine
656 2332 757 2398 rei,
781 2331 1002 2388 brevem
1032 2334 1476 2406 explanationem
1507 2343 1713 2404 putem,

141 2435 239 2492 qua:
260 2439 352 2494 per
384 2440 442 2480 se
469 2425 635 2496 longa
660 2434 766 2480 est.
794 2423 953 2482 Certe
986 2443 1083 2482 tios
1107 2428 1370 2484 Studiosis
1401 2429 1712 2496 scribimus,

139 2523 182 2569 et
205 2526 434 2573 sanctam
480 2517 822 2590 Scripturam
845 2521 987 2578 scire
1021 2522 1389 2592 cupientibus.
1423 2541 1528 2580 non
1561 2523 1709 2578 lasti-

137 2607 302 2678 diosis,
326 2623 380 2667 et
403 2612 472 2668 ad
499 2613 711 2684 singula
745 2617 1162 2671 nauseantibus.
1185 2618 1288 2684 Qui
1309 2619 1353 2672 si
1377 2619 1580 2674 ﬂumen
1601 2620 1712 2675 elo-

133 2707 365 2772 quentia).
403 2716 458 2762 et
480 2707 780 2761 eoncinnas
807 2707 1243 2764 declamationes
1271 2693 1606 2774 desiderant,
1635 2712 1713 2766 le-

129 2797 1709 2871 gant'l‘ullium,Quintilianum,"G:illionem,Gabiniaoum,

127 2897 173 2944 et
198 2899 250 2945 ttt
274 2891 340 2946 ad
375 2904 604 2948 nosnos
632 2893 871 2958 veniam,
896 2893 1319 2961 Tertullianum,
1353 2894 1711 2967 Cyprianum,

127 2979 420 3049 Minatium,
455 2985 790 3052 Arnobium,
824 2985 1192 3057 Lactantiurn,
1229 2989 1513 3044 Hilarium.
1553 2988 1714 3044 Nobis

1815 1771 1993 1842 (Joau.
2032 1791 2156 1842 XIV;
2192 1775 2214 1832 l
2239 1776 2416 1836 Thess.
2443 1780 2536 1852 tv).
2585 1782 2688 1837 Pro
2720 1784 2977 1854 dissipata
3007 1796 3176 1852 terra,
3207 1798 3428 1858 septua-

1813 1865 1962 1936 ginta
1999 1879 2301 1936 corruptum
2330 1872 2500 1927 orbem
2532 1875 2875 1946 interpretati
2907 1888 3034 1934 sunt
3075 1898 3090 1934 :
3126 1887 3183 1935 et
3222 1895 3319 1950 pro
3347 1883 3430 1954 af-

1812 1959 1953 2028 ﬂicta
1974 1959 2109 2030 facie
2135 1961 2278 2019 illius
2299 2006 2313 2030 ,
2342 1965 2394 2020 id
2424 1977 2506 2021 est
2525 2007 2540 2032 ,
2574 1978 2731 2023 terrm
2751 2010 2764 2035 ,
2804 1969 2965 2026 iidem
3000 1972 3422 2041 transtulerunt,

1814 2060 1861 2105 et
1882 2055 2121 2109 reuelabit
2144 2057 2328 2127 facient
2351 2061 2498 2132 ejus;
2528 2070 2586 2115 ut
2611 2062 2905 2131 procedant
2931 2066 3128 2120 mortui
3151 2065 3220 2121 de
3241 2067 3426 2138 sepnl.

1814 2147 1922 2201 cris
1947 2149 2058 2202 suis
2085 2167 2098 2202 :
2123 2152 2237 2206 sive
2267 2154 2480 2207 nudabit
2505 2171 2637 2218 eatis,
2667 2163 2725 2209 ut
2751 2159 2927 2211 omnia
2957 2173 3121 2228 opera
3145 2161 3264 2228 ejus
3296 2174 3424 2230 pro-

1816 2236 2062 2294 ferantur
2082 2239 2134 2294 in
2157 2243 2456 2312 publicum,
2473 2255 2528 2298 ct
2549 2247 2930 2316 disperguntur
2953 2247 3290 2306 habitatores
3310 2252 3428 2321 ejus

1816 2331 1869 2386 in
1894 2331 2106 2388 diverso
2129 2334 2267 2399 loca,
2292 2337 2532 2405 prrcmiis
2553 2339 2635 2391 vel
2664 2340 2952 2407 suppliciis
2973 2341 3250 2395 destinati.
3273 2341 3428 2398 Tune

1797 2426 1962 2481 nulla
1986 2428 2090 2482 erit
2122 2427 2414 2484 diversitas
2450 2431 2594 2486 inter
2626 2432 2869 2487 nobilem
2903 2442 2958 2488 et
2990 2434 3306 2504 ignobilem,
3339 2450 3428 2491 sa-

1814 2520 2090 2576 cerdotem
2117 2532 2173 2578 et
2211 2523 2404 2579 laicurn
2430 2568 2443 2590 ,
2476 2540 2690 2582 servum
2737 2539 2788 2582 et
2825 2527 3142 2594 dominum,
3175 2530 3427 2586 ancillam

1814 2623 1866 2669 et
1894 2615 2164 2672 dominam
2193 2658 2207 2684 ,
2244 2617 2470 2674 divitem
2509 2629 2564 2674 et
2609 2636 2903 2690 pauperem
2928 2661 2944 2689 ,
2981 2621 3348 2678 feneratorem
3375 2631 3430 2679 et

1814 2720 1938 2761 eum
1970 2710 2060 2778 qui
2091 2725 2200 2765 a-re
2229 2710 2392 2783 33o
2429 2713 2610 2768 alieno
2639 2716 2906 2783 premitur
2925 2756 2938 2779 ,
2963 2722 3238 2771 ementem
3263 2723 3429 2787 atque

1815 2800 2164 2857 vendentem.
2204 2803 2408 2858 Omnes
2443 2805 2586 2859 enim
2626 2821 2690 2861 ex
2731 2822 2888 2877 aequo
2919 2807 3141 2864 stabunt
3167 2816 3296 2864 ante
3328 2809 3427 2864 tri-

1815 2891 1978 2947 bunal
2021 2893 2226 2949 Clu-isti
2254 2937 2266 2959 .
2301 2912 2402 2952 nec
2430 2899 2534 2952 erit
2582 2900 2830 2967 acceptio
2871 2915 3228 2968 persimarum
3276 2900 3426 2972 apud

1822 2983 1989 3036 Deum
2035 2983 2214 3053 (Rom.
2242 3001 2359 3052 xrv;
2407 2986 2607 3041 Coloss.
2635 2990 2734 3060 ιιι).
2777 2991 2851 3044 De
2885 3007 2992 3061 quo
3015 3004 3069 3046 et
3097 2991 3198 3047 Job
3217 2994 3426 3049 eisdem

123 3079 457 3146 prepositnm
490 3087 574 3133 est
606 3078 796 3134 Isaiam
842 3095 941 3150 per
970 3095 1072 3135 nos
1115 3081 1383 3150 intelligi,
1415 3092 1464 3136 et
1509 3096 1709 3151 nequa-
1742 3049 1787 3111 Ο
1822 3076 2213 3143 propemodum
2257 3079 2434 3132 verbis
2467 3079 2709 3148 loquitur
2742 3099 2755 3135 :
2791 3080 2991 3136 Parvus
3019 3097 3067 3138 et
3104 3103 3324 3155 magnus
3358 3086 3430 3142 ibi

120 3182 265 3237 quam
301 3169 405 3222 sub
431 3167 588 3224 Isaiae
619 3173 905 3226 occasiOne
935 3182 1118 3227 nOstra
1154 3171 1319 3224 verba
1354 3171 1588 3226 laudari.

179 3262 353 3336 329
397 3261 552 3332 (Cap.
584 3262 778 3319 XXIV.
805 3295 876 3304 —
906 3265 1064 3318 Vcrs.
1097 3265 1122 3318 1
1157 3274 1214 3319 et
1235 3263 1412 3337 seqq.)
1446 3263 1578 3318 Ecce
1610 3263 1716 3318 Do.

119 3357 286 3410 mirus
320 3354 601 3424 dissipabit
641 3367 870 3420 terram,
912 3367 959 3410 et
1003 3357 1216 3410 nudabit
1246 3373 1396 3423 eam,
1437 3367 1485 3412 et
1522 3358 1722 3428 afﬂiget

121 3451 299 3521 {aciem
331 3454 468 3523 ejus,
502 3461 548 3505 et
580 3450 841 3522 disperget
870 3450 1181 3506 habitatores
1208 3455 1320 3524 ejus
1348 3470 1367 3508 :
1394 3464 1443 3508 et
1466 3454 1560 3508 erit
1588 3453 1722 3507 sicut

125 3542 338 3613 papulas
361 3582 376 3606 ,
419 3541 495 3594 sic
531 3540 775 3596 sacerdos
812 3559 830 3596 :
871 3553 916 3597 et
946 3543 1077 3597 sicut
1111 3561 1314 3608 servus,
1349 3545 1426 3598 sic
1466 3544 1720 3600 Dominus

127 3639 226 3708 ejus
253 3653 270 3690 :
303 3637 437 3690 sicut
463 3633 692 3700 ancilla,
725 3636 801 3688 sic
829 3636 1041 3690 domina
1069 3640 1181 3710 ejus
1213 3654 1232 3690 :
1259 3637 1389 3692 sicut
1424 3654 1615 3705 emeus,
1645 3638 1720 3692 sic

127 3725 206 3780 ille
225 3728 312 3799 qui
334 3727 508 3783 vendit
547 3743 566 3781 :
595 3728 726 3780 sicut
753 3730 1014 3798 fenerator
1034 3770 1047 3791 ,
1079 3730 1154 3782 sic
1181 3730 1224 3783 is
1253 3731 1340 3798 qui
1370 3745 1604 3786 mutuum
1629 3749 1716 3787 ac-

128 3821 235 3890 cipit
259 3837 278 3876 :
300 3821 434 3875 sicut
454 3821 543 3891 qui
569 3821 772 3893 repetit,
802 3822 879 3874 sic
911 3822 1001 3887 qui
1031 3821 1176 3877 debet
1204 3841 1223 3877 :
1246 3825 1582 3896 dissipatione
1610 3827 1717 3879 dis-

127 3913 365 3982 sipabitur
407 3925 544 3969 terra
568 3955 585 3982 ,
626 3923 674 3968 et
716 3914 1008 3987 direptione
1048 3917 1363 3988 prwdabimr
1402 3935 1420 3972 :
1460 3919 1715 3973 Dominus

129 4007 248 4061 enim
273 4006 474 4062 locutus
498 4017 576 4062 est
603 4009 805 4062 verbum
831 4007 949 4063 hoc.
993 4009 1120 4064 Post
1151 4011 1443 4080 specialem
1477 4013 1718 4081 singula-

130 4111 233 4153 rum
255 4099 499 4171 gentium
531 4102 960 4171 correptioncm,
987 4099 1191 4156 Judtea:
1209 4146 1221 4168 ,
1256 4102 1569 4173 Babylonis,
1593 4103 1718 4158 Phi-

132 4191 321 4264 listiim,
338 4195 523 4263 Moab,
551 4194 819 4259 Damasci,
844 4193 1029 4257 Israel,
1047 4193 1288 4265 lEgypti,
1307 4195 1508 4250 deserti
1531 4197 1716 4260 maris,

133 4284 368 4344 ldtnnaxe
398 4298 453 4343 et
481 4287 716 4354 Arabiae,
744 4287 903 4342 vallis
933 4286 1188 4353 visi0nis,
1226 4296 1280 4340 ct
1317 4285 1382 4340 ad
1417 4295 1717 4340 extremum

1821 3176 1974 3232 sunt,
2007 3176 2054 3220 et
2091 3183 2268 3221 servus
2301 3186 2403 3222 non
2432 3171 2616 3223 timens
2651 3169 2930 3226 Dominum
2970 3193 3124 3230 suum
3171 3175 3320 3249 (Job.
3345 3193 3426 3245 tu,

1828 3259 1937 3330 19).
1981 3261 2042 3316 Et
2077 3261 2325 3317 Salvator
2359 3263 2413 3318 in
2449 3263 2750 3334 Evangelio
2774 3307 2788 3331 ,
2829 3267 2914 3320 cui
2964 3284 3124 3323 omne
3161 3270 3427 3339 judicium

1824 3355 2082 3411 traditum
2115 3367 2232 3424 cst,
2274 3359 2433 3428 pleno
2473 3374 2728 3414 sermone
2772 3368 3020 3416 testatur.
3068 3362 3431 3432 DiSsipabitur

1823 3463 1954 3517 ergo
2006 3458 2190 3516 terra,
2230 3458 2284 3504 et
2323 3451 2502 3505 omnia
2547 3460 2762 3506 terrena
2803 3466 2966 3521 opera
3012 3453 3328 3521 redigentur
3362 3454 3428 3508 ad

1822 3544 2077 3612 nihilum,
2104 3556 2160 3600 ut
2183 3546 2384 3601 abolita
2417 3546 2648 3616 imagine
2671 3554 2879 3618 χοϊκοῦ,
2913 3556 3230 3618 permaneat
3252 3548 3429 3620 imago

1819 3639 2249 3709 superrmlestis.
2286 3638 2494 3694 Primus
2515 3641 2653 3695 enim
2679 3641 2830 3696 homo
2854 3641 2918 3698 de
2939 3653 3074 3698 terra
3099 3654 3356 3708 terrenus,
3382 3653 3430 3696 et

1818 3733 2075 3789 secundus
2102 3737 2165 3788 de
2181 3736 2306 3790 caelo
2324 3736 2543 3791 caelestis
2568 3752 2585 3790 :
2608 3738 2779 3807 qualis
2810 3747 3064 3803 terrenus,
3087 3739 3215 3793 tales
3240 3748 3290 3792 et
3320 3748 3425 3793 ter-

1817 3826 1929 3880 reni
1946 3842 1966 3891 ,°
1995 3836 2040 3879 et
2060 3830 2229 3898 qualis
2255 3829 2659 3898 supercrelestis,
2689 3830 2817 3883 tales
2845 3840 2892 3884 et
2916 3831 3300 3899 supercwlestes
3329 3843 3348 3881 :
3372 3837 3428 3880 ut

1817 3921 1949 3974 sicut
1975 3922 2290 3990 portavimus
2317 3923 2593 3994 imaginem
2621 3924 2813 3976 terreni
2836 3965 2849 3986 ,
2880 3934 3144 3988 portemus
3171 3929 3218 3974 et
3245 3920 3430 3988 integi-

1820 4029 1933 4067 nem
1955 4013 2328 4086 superraalestis
2361 4014 2404 4083 (l
2428 4012 2550 4068 Cor.
2575 4029 2667 4078 xv,
2692 4012 2905 4083 47-59).
2939 4012 3092 4067 Unde
3121 4010 3262 4065 idem
3281 4009 3427 4078 Apo-

1819 4105 1990 4159 stolus
2018 4106 2254 4176 loquitur
2289 4124 2301 4159 :
2332 4105 2466 4160 Caro
2493 4116 2538 4160 et
2570 4104 2782 4174 sanguis
2807 4119 3024 4174 regnum
3055 4101 3152 4154 Dei
3174 4117 3276 4155 non
3304 4116 3429 4169 pos-

1819 4195 2056 4250 sidebunt
2088 4195 2251 4264 (Ibid.
2276 4238 2290 4261 ,
2328 4195 2440 4267 50).
2489 4195 2606 4250 Non
2639 4194 2780 4264 quod
2811 4194 3108 4248 secundum
3142 4191 3427 4247 luerelicos

1821 4287 2090 4356 dispereat
2130 4300 2316 4344 natura
2363 4304 2687 4357 corporum,
2732 4285 2826 4342 sed
2860 4287 3005 4358 quod
3050 4287 3424 4359 corruptivum

135 4374 287 4449 Tyri:
322 4381 375 4435 in
405 4397 632 4452 quarum
678 4381 1064 4449 explanatione
1108 4395 1227 4450 quae
1278 4379 1548 4450 potuimus
1577 4377 1718 4432 dixi-
1748 4419 1801 4479 υ
1828 4379 1931 4434 hoc
1974 4380 2161 4434 induat
2194 4384 2696 4451 incorruptionem,
2737 4389 2791 4435 et
2831 4384 3058 4435 mortale
3101 4383 3202 4436 hoc
3243 4380 3430 4436 induat

137 4483 240 4526 lllttS
266 4491 278 4527 :
309 4489 456 4529 nunc
485 4474 612 4544 quid
645 4483 791 4529 totus
821 4474 975 4529 orbis
1007 4475 1056 4528 in
1093 4469 1566 4527 consummatione
1597 4487 1717 4542 pas-

136 4574 277 4620 surus
300 4567 390 4632 sit,
417 4568 768 4639 propheticus
791 4581 974 4623 sermo
1003 4567 1283 4633 describit,
1305 4576 1359 4621 et
1381 4581 1718 4638 nequaquam

137 4653 195 4711 de
220 4661 442 4732 singulis
471 4663 759 4734 gentibus,
791 4661 885 4717 sed
919 4663 984 4716 de
1012 4664 1222 4717 cunctis
1250 4661 1453 4732 pariter
1489 4660 1722 4732 prophe-

140 4756 288 4808 lalur.
315 4755 374 4810 Et
400 4755 631 4825 primum
653 4755 875 4827 quidem
904 4771 1023 4818 qum
1049 4754 1197 4824 impii
1223 4764 1484 4811 tormenta
1509 4753 1716 4825 passuri

140 4843 235 4901 sint
265 4866 278 4900 :
305 4857 357 4904 et
399 4849 674 4920 quomodo
699 4849 854 4919 juxta
892 4847 1242 4918 Evangelium
1279 4856 1336 4903 et
1373 4849 1715 4919 Apostolum,
1766 4881 1772 4887 -

141 4949 461 5006 pertranseat
499 4944 698 5001 cm'um
744 4953 801 4999 et
844 4953 1017 5010 terra,
1056 4951 1112 4998 et
1143 4943 1307 5013 ﬁgura
1339 4944 1524 4998 mundi
1565 4945 1723 4998 iSIius

144 5029 338 5101 (Matth.
369 5053 528 5103 xxtv;
572 5035 594 5092 l
627 5036 750 5092 Cor.
785 5035 912 5109 vrt),
956 5047 1010 5091 et
1041 5035 1382 5120 deducantur
1414 5046 1724 5104 peccatores

144 5120 188 5178 iu
210 5126 469 5187 infernum
497 5131 618 5200 (Ps.
636 5132 787 5202 xxx),
810 5131 878 5187 de
900 5131 1094 5202 quibus
1114 5130 1372 5199 scriptum
1395 5138 1481 5184 est
1503 5148 1514 5183 :
1541 5128 1724 5201 Ingre-

145 5213 328 5275 dientur
355 5224 424 5278 ad
467 5236 698 5279 extrema
737 5234 906 5288 terras,
940 5223 1206 5278 tradentur
1246 5223 1298 5276 in
1329 5237 1512 5276 manus
1538 5220 1719 5290 gladii,

143 5320 292 5373 partes
326 5314 556 5386 vulpium
585 5327 733 5370 erunt
766 5313 886 5388 (Ps.
912 5331 1053 5383 tht,
1080 5313 1192 5386 10).
1234 5313 1438 5369 Deinde
1473 5314 1597 5384 quia
1625 5327 1724 5384 pro

203 5469 226 5498 ⁸
263 5470 465 5539 Vatic.,
507 5473 922 5540 Quintilianum,
952 5469 1319 5532 Gabiniauum,
1360 5469 1567 5523 omissi)
1599 5468 1728 5524 Gal-

145 5534 278 5612 lionis
309 5534 550 5601 nomine:
585 5545 704 5600 Mox
735 5556 789 5598 et
815 5544 1256 5612 conjunctionem
1282 5557 1348 5595 ex
1379 5540 1572 5612 eodem
1600 5557 1727 5609 sup-

178 5611 356 5685 lemus.
390 5615 563 5672 Porro
608 5617 748 5670 iatud
780 5611 997 5685 quoque
1034 5611 1631 5685 animadvertendum,
1652 5627 1721 5666 ex

189 5691 236 5737 to
258 5684 570 5760 Hieronymi
593 5688 643 5741 in
668 5681 858 5760 Isaiam
881 5681 1018 5739 libro
1038 5684 1325 5760 conﬂatam
1357 5698 1477 5760 esse
1491 5681 1723 5760 totidem

145 5748 272 5822 sirpe
307 5748 488 5814 verbis
517 5767 722 5826 partem
777 5756 1025 5822 alteram,
1081 5759 1238 5809 nonze
1287 5753 1557 5825 Origenis,
1610 5753 1726 5809 sive

142 5825 249 5888 ltua:
272 5827 493 5900 Origeni
520 5825 866 5894 adscribitur,
899 5826 1142 5882 Humilia:
1171 5829 1225 5882 in
1256 5826 1502 5883 diuersos.

1832 4471 2320 4526 immortalitatem.
2355 4472 2418 4524 Et
2449 4473 2563 4525 lnec
2597 4473 2774 4526 omnia
2811 4472 2939 4525 ﬁent
2975 4490 2988 4524 :
3015 4472 3143 4541 quia
3173 4473 3317 4542 quod
3348 4473 3430 4528 lu-

1830 4571 2011 4618 tururn
2041 4572 2146 4628 est,
2180 4579 2276 4632 per
2307 4565 2595 4630 prophetas
2628 4562 2887 4616 Dominus
2917 4563 3129 4620 locutus
3159 4575 3264 4620 est.

1899 4659 2078 4731 (Vers.
2099 4657 2156 4722 4,
2181 4658 2260 4729 5.)
2291 4656 2446 4710 Lua‘il
2475 4665 2522 4710 et
2545 4655 2760 4726 deﬂuxit
2788 4665 2945 4722 terra,
2962 4665 3011 4710 et
3035 4657 3300 4726 infirmata
3321 4665 3428 4712 est:

1827 4752 2043 4823 deﬂuxit
2075 4750 2212 4804 orbis
2231 4791 2247 4817 ,
2287 4749 2549 4816 inﬁrmata
2579 4757 2653 4801 est
2684 4747 2903 4802 altitudo
2933 4749 3114 4818 pepuli
3159 4761 3308 4803 terra:
3329 4789 3345 4812 ,
3383 4760 3432 4804 et

1830 4857 1964 4902 terra
1987 4845 2252 4915 interfecta
2277 4853 2350 4897 est
2377 4843 2441 4894 ab
2476 4839 2855 4895 habitatoribus
2884 4840 3009 4894 suis.
3052 4839 3194 4896 LXX
3226 4857 3239 4894 :
3271 4839 3430 4896 Luxit

1829 4949 1982 5002 terra,
2012 4946 2284 5004 corruptus
2310 4944 2385 4988 est
2417 4933 2576 4996 orbis,
2611 4936 2848 4988 luxerunt
2878 4935 3067 4989 excelsi
3093 4946 3264 5004 terrae,
3294 4944 3430 5006 terra

1827 5043 1996 5087 autem
2025 5031 2125 5103 egit
2155 5029 2310 5098 impie
2335 5036 2544 5100 propter
2565 5027 2877 5082 habitatores
2898 5045 3036 5084 suos.
3075 5028 3218 5085 Dens
3238 5045 3430 5100 super-

1828 5127 1910 5183 bis
1950 5125 2192 5190 resistit,
2225 5134 2279 5178 et
2311 5121 2603 5177 humilibus
2649 5121 2736 5177 dat
2765 5124 2995 5194 gratiam
3030 5123 3213 5194 (Iacob
3242 5140 3316 5190 tv,
3349 5125 3427 5196 6).

1828 5218 1983 5275 Unde
2030 5216 2204 5288 prima
2248 5215 2517 5270 sententia
2566 5223 2649 5270 est
2689 5224 2877 5271 contra
2926 5232 3044 5282 eos,
3087 5217 3176 5287 qui
3224 5217 3426 5272 excelsi

1828 5323 1953 5368 sunt
1985 5309 2165 5373 terrt'e.
2202 5321 2259 5365 ut
2287 5307 2632 5364 inlirtnentur
2661 5308 2913 5363 universa
2944 5325 3062 5376 qum
3097 5321 3242 5360 nunc
3269 5305 3428 5361 fortia

1903 5467 1930 5504 ι’
1963 5465 2112 5522 Hune
2137 5467 2310 5520 locum
2369 5467 2628 5523 Sor-vatus
2679 5464 2858 5530 Lupus
2901 5463 2954 5516 in
3009 5461 3341 5517 Collectaueo
3367 5467 3429 5518 de

1827 5539 1988 5593 tribus
2013 5537 2392 5602 Qutestiombus
2421 5553 2540 5591 cum
2563 5536 2684 5588 aliis
2705 5547 2768 5587 ex
2800 5532 3131 5606 Hieronymo
3159 5537 3428 5606 excerptis

1829 5611 2126 5676 componit,
2157 5616 2413 5677 aptatque
2443 5603 3057 5677 Prmtli-stirtzttititiis,_de
3088 5619 3192 5673 qua
3239 5603 3424 5677 disp...

1831 5690 1928 5745 tat,
1955 5674 2386 5735 Sensui.Cool‘er
2429 5681 2486 5734 ὃ.
2517 5677 2694 5732 Patris
2747 5677 2914 5729 nostri
2961 5674 3156 5730 librum
3192 5675 3425 5746 primttm

1829 5753 2091 5806 adversus
2129 5751 2448 5818 Pelagianos
2500 5759 2619 5819 post
2665 5747 2926 5813 medium,
2980 5756 3034 5804 et
3092 5747 3310 5806 tertium
3373 5753 3424 5807 in

1832 5822 1956 5880 line:
