4010 6308
560 302 670 358 283

1797 297 1857 354 5.
1902 295 2173 355 EUSEBII
2210 292 2591 353 HIERONYMI

3737 296 3834 353 28!

562 430 691 475 sunt
715 425 932 489 propter
951 430 1048 471 eos
1065 414 1157 485 qui
1179 413 1495 484 sanguinem
1523 412 1773 483 sanguini
1797 412 2155 481 mi;cnerunt,
2185 412 2238 475 Î‘
2265 409 2466 482 patitur
2486 451 2501 477 ,
2531 405 2897 464 amaritudine
2917 406 3342 465 commutabitur
3362 450 3376 473 ,
3405 421 3527 479 quae
3553 406 3619 464 ad
3648 417 3839 480 tempus

561 524 617 567 et
648 512 701 567 in
731 525 937 566 morem
968 509 1247 580 sanguinis
1274 507 1433 575 Abel,
1467 506 1874 563 interfectorum
1909 520 2157 563 cruorem

559 603 627 661 ad
655 604 821 660 Deum
846 602 1085 659 clamare
1112 601 1354 656 iecerunt
1383 599 1594 670 (Cenes.
1625 598 1725 671 tv).

631 698 810 769 (Vers.
842 698 923 769 6.)
965 696 1103 762 Quia
1123 695 1430 766 transgressi
1459 692 1623 767 legem
1651 703 1793 762 sunt,
1837 702 2163 749 mutaverunt

548 794 679 865 jus,
727 790 1105 863 dissipaverunt
1145 788 1311 861 [tedas
1350 788 1737 857 sernpiternuns.
1802 785 2026 859 Propter
2067 787 2163 841 hoc

558 882 851 938 maledictio
874 882 1069 936 vorabit
1092 890 1304 946 terram,
1321 890 1368 935 et
1391 881 1664 950 peccabunt
1683 878 1999 937 habitatores
2016 882 2128 952 ejus
2142 893 2162 934 :

558 977 679 1033 ideo
713 977 974 1032 insanicnt
1012 974 1234 1030 cultores
1260 978 1405 1048 ejus,
1446 985 1494 1030 et
1540 974 1896 1046 relinquentur
1930 972 2161 1027 homines

561 1069 740 1142 pauci.
774 1068 915 1123 LXX
947 1087 959 1122 :
995 1069 1131 1135 Quia
1162 1068 1483 1138 pravaricati
1508 1067 1667 1149 331
1698 1076 1817 1121 sunt
1838 1067 2019 1138 legem,
2048 1082 2163 1120 mu-

560 1168 798 1215 taverunt
826 1169 1104 1233 prmcepta,
1139 1169 1494 1213 testamentum
1521 1144 1793 1215 wtei'nuttt.
1828 1152 2048 1229 Propter
2067 1154 2163 1213 hoc

565 1254 858 1309 maledictio
884 1253 1081 1308 vorabit
1107 1264 1316 1322 terram,
1343 1254 1464 1325 quia
1495 1260 1826 1321 peccaverunt
1852 1249 2164 1304 habitatores

562 1351 675 1421 ejus
706 1362 724 1401 :
754 1345 867 1401 ideo
898 1363 1139 1419 pauperes
1172 1356 1319 1401 erant
1359 1344 1667 1400 habitatores
1704 1355 1880 1409 terrae,
1915 1352 1962 1397 et
1992 1343 2165 1397 dimit-

563 1448 735 1495 tentur
760 1438 995 1498 homines
1037 1440 1210 1510 pauci.
1257 1437 1491 1494 Audiant
1535 1436 1744 1504 Judaei,
1786 1435 1878 1507 qui
1917 1451 1976 1491 se
2013 1435 2163 1491 solos

560 1529 736 1602 legem
779 1531 1055 1600 accepisse
1100 1529 1313 1584 Domini
1346 1530 1675 1600 gloriantur,
1714 1527 1857 1598 quod
1892 1525 2161 1582 universa:

564 1624 800 1693 primum
847 1632 1033 1695 gentes
1073 1631 1322 1693 totusque
1360 1622 1506 1677 orbis
1554 1620 1851 1676 naturalem
1894 1619 2164 1691 acceperit

564 1715 739 1785 legem
767 1756 782 1781 ,
829 1723 885 1769 et
930 1713 1131 1770 ideirco
1176 1724 1361 1785 postea
1402 1714 1486 1770 lex
1523 1713 1643 1769 data
1677 1714 1748 1770 sit
1777 1727 1872 1784 per
1915 1712 2160 1784 Moysen,

2264 500 2537 556 utentibus
2557 515 2618 555 se
2648 499 2809 556 melis
2841 499 3124 566 mentitur,
3148 508 3207 555 et
3231 500 3282 553 in
3311 500 3604 556 novissimo
3628 503 3839 558 amarior

2264 590 2391 648 felle
2436 590 2763 661 reperietur.
2815 590 2969 647 Tunc
3010 591 3191 647 omnis
3226 591 3459 648 dulcedo
3488 594 3767 649 latentium
3794 604 3841 650 et

2264 696 2641 757 tympanorum
2665 698 2729 740 ac
2756 682 2987 738 citharas
3005 682 3217 740 sonitus
3241 684 3296 739 in
3329 684 3601 753 planctum
3624 695 3840 742 vertetur

2262 794 2325 835 ac
2355 779 2634 850 gemitum.
2675 776 2989 848 lngersmus
3025 777 3129 837 ltoc
3169 777 3538 834 testimonium
3580 777 3662 832 bis
3685 778 3769 845 qui
3794 779 3839 836 itt

2261 872 2530 928 cenviviis
2559 888 2665 928 non
2694 873 2867 927 solum
2895 870 3022 941 gula
3046 878 3103 927 et
3126 870 3426 938 ebrietate,
3453 868 3550 927 sed
3577 879 3631 926 et
3648 871 3842 927 auribus

2264 964 2565 1029 luxuriant,
2592 976 2645 1018 ut
2672 978 2769 1034 per
2790 978 2984 1018 omnes
3015 976 3210 1017 sensus
3236 962 3431 1017 anima:
3460 961 3710 1016 fortitudo
3730 962 3844 1017 mal-

2263 1058 2452 1114 lescat.
2476 1057 2758 1112 Atteretnr
2783 1057 2978 1111 civitas
3002 1058 3281 1132 vanitatis,
3311 1055 3425 1111 sive
3451 1056 3627 1111 omnis
3654 1056 3839 1120 civitas,

2264 1150 2351 1215 vel
2382 1150 2682 1222 spiritualis
2721 1149 2986 1225 Babylon,
3018 1166 3140 1221 qua:
3168 1150 3321 1207 sedet
3349 1149 3401 1205 in
3431 1162 3639 1221 septem
3671 1149 3843 1205 monti-

2265 1245 2364 1300 bus
2397 1253 2709 1315 purpurata,
2735 1244 2891 1314 cujus
2917 1244 3179 1314 supplicia
3211 1243 3264 1298 in
3294 1244 3617 1316 Apocalypsi
3645 1242 3844 1299 Joannis

2265 1338 2490 1408 ligimus
2533 1337 2718 1410 (Apoc.
2751 1335 2927 1408 xvttt).
2969 1336 3311 1407 PuIt-ltreque
3337 1337 3475 1391 dixit
3505 1336 3689 1391 urbem
3714 1335 3844 1390 vani-

2266 1432 2409 1487 tatis.
2438 1429 2495 1485 Si
2522 1433 2667 1486 enim
2694 1429 2762 1485 de
2792 1430 2937 1486 ccelo
2973 1439 3028 1484 et
3059 1438 3202 1485 terra
3232 1471 3248 1496 ,
3282 1437 3340 1485 et
3377 1429 3443 1483 de
3467 1430 3715 1484 omnibus
3742 1444 3842 1500 qua.

2267 1530 2483 1578 terrena
2502 1532 2628 1577 sunt
2651 1522 2849 1578 dicitur
2879 1540 2892 1577 :
2919 1520 3140 1577 Vanitas
3165 1521 3473 1590 vanitatum,
3504 1530 3552 1576 et
3582 1522 3746 1575 omnia
3768 1536 3843 1575 va-

2265 1616 2401 1670 nitas
2423 1614 2591 1690 (Eccl.
2626 1631 2665 1682 t,
2692 1614 2775 1687 2);
2805 1623 3008 1687 quanto
3054 1614 3223 1687 magis
3249 1613 3353 1668 hoc
3380 1614 3448 1670 de
3479 1629 3587 1670 una
3624 1614 3748 1669 urbe
3773 1612 3843 1670 di-

2266 1706 2497 1763 cendum
2554 1717 2659 1771 est,
2691 1723 2812 1780 quin
2872 1708 3042 1763 totius
3094 1706 3244 1763 orbis
3298 1722 3426 1779 pars
3484 1706 3698 1762 modica
3743 1705 3842 1761 est!

563 1805 688 1876 quia
730 1803 898 1874 prima
931 1804 1016 1859 lex
1062 1804 1318 1876 dissipata
1348 1811 1451 1859 est.
1486 1804 1561 1860 De
1606 1820 1708 1872 qua
1751 1802 2044 1876 Apostolus
2084 1803 2171 1858 lo-
2204 1800 2246 1861 B
2274 1800 2426 1855 Tunc
2450 1798 2647 1855 domus
2678 1814 2904 1871 quarum
2938 1814 3081 1854 nunc
3112 1808 3452 1854 suntaurata
3486 1798 3774 1873 laquearia,
3800 1806 3847 1853 et

563 1898 747 1966 quitur
780 1914 793 1948 :
828 1894 957 1950 Cum
984 1898 1118 1950 enim
1140 1906 1311 1968 gentes
1332 1938 1349 1962 ,
1381 1912 1495 1964 qua:
1523 1912 1624 1951 non
1650 1895 1835 1951 habent
1862 1896 2042 1967 legem,
2074 1911 2169 1949 na-

564 1988 799 2041 turaliter
816 2004 875 2042 ea
898 2004 1012 2059 qua:
1028 1990 1153 2060 legis
1175 2000 1292 2042 sunt
1308 1989 1525 2060 faciunt,
1551 1988 1638 2042 isti
1658 1987 1823 2059 legem
1845 2004 1947 2042 non
1972 1988 2161 2042 haben-

565 2090 660 2147 tes,
684 2083 784 2150 ipsi
803 2082 900 2136 sibi
922 2093 1040 2136 sunt
1067 2081 1151 2136 lea:
1174 2098 1193 2137 :
1213 2082 1300 2153 qui
1325 2083 1596 2136 ostendunt
1617 2098 1743 2155 opus
1766 2082 1893 2157 legis
1919 2083 2168 2152 scriptum

567 2176 621 2229 in
643 2174 885 2231 cordibus
922 2178 1031 2231 suis
1075 2176 1253 2250 (Rom.
1290 2192 1361 2243 tt,
1398 2174 1513 2249 14).
1559 2176 1660 2246 Qui
1695 2177 1858 2249 igitur
1900 2176 1996 2233 ltas
2022 2175 2169 2248 leges

568 2268 1012 2336 observaverint,
1069 2269 1291 2347 przemia
1346 2278 1797 2339 consequentur:
1841 2268 1930 2337 qui
1985 2276 2166 2323 autem

568 2362 911 2433 neglexerint
948 2378 1041 2418 eas
1065 2404 1081 2430 ,
1121 2363 1464 2419 sustinebunt
1494 2380 1614 2434 qua:
1653 2377 1799 2418 nunc
1829 2376 2011 2418 sermo
2042 2376 2170 2433 pro-

546 2457 812 2527 pheticus
835 2459 1219 2512 comminatur.
1247 2457 1311 2512 Et
1328 2456 1601 2527 quomodo
1624 2457 1678 2510 in
1705 2454 1971 2525 principio
1996 2454 2167 2510 bene-

566 2550 704 2607 dixit
733 2549 878 2606 Deus
914 2552 1061 2606 omni
1094 2559 1361 2606 creaturae
1397 2565 1560 2621 quam
1587 2548 1791 2605 fecerat
1834 2547 2047 2620 (Genes.
2081 2547 2122 2620 Î¹)
2151 2566 2165 2603 :

567 2645 648 2699 sic
682 2644 734 2698 in
766 2644 1242 2700 consummatione
1280 2643 1465 2698 mundi
1496 2642 1783 2699 maledicet
1819 2642 1903 2698 bis
1937 2644 2029 2713 qui
2060 2653 2169 2699 terâ€”

567 2738 687 2792 reni
715 2747 862 2803 sunt,
893 2750 950 2793 et
993 2754 1097 2793 non
1140 2738 1337 2794 fuerint
1379 2740 1677 2810 peregrini,
1708 2737 1805 2795 sed
1834 2738 2167 2795 habitatores

569 2839 733 2886 terrae
759 2874 773 2897 ,
816 2840 872 2887 et
900 2833 954 2887 in
994 2846 1060 2888 ea
1099 2832 1478 2902 peccaverint;
1512 2832 1602 2904 qui
1636 2830 1789 2887 obliti
1832 2830 2168 2888 conditionis

565 2938 700 2990 suzr,
728 2933 916 2979 contra
943 2938 1001 2979 se
1033 2933 1219 2979 mutuo
1250 2924 1433 2980 furore
1456 2923 1699 2981 baccltati
1725 2931 1871 2979 sunt.
1910 2921 1982 2981 Et
2009 2923 2165 2992 pauci

566 3016 927 3073 remanebunt
954 3019 1042 3088 qui
1077 3018 1310 3073 habeant
1339 3017 1626 3093 imaginem
1669 3016 2111 3087 supercaalestem
2149 3035 2164 3073 :

564 3112 709 3177 sive,
746 3111 898 3183 juxta
938 3112 1112 3183 LXX,
1158 3129 1408 3184 pauperes
1448 3121 1601 3168 erunt
1635 3111 1953 3168 habitatores
1993 3120 2164 3178 terra,

565 3203 692 3274 quia
717 3205 1033 3276 spirituales
1068 3205 1283 3262 divitias
1320 3205 1700 3277 perdiderunt.

634 3298 823 3370 (Vers.
880 3298 911 3351 7
968 3296 1160 3371 seqq.)
1210 3298 1369 3353 Luxit
1415 3298 1674 3352 vindemia
1706 3339 1722 3366 ,
1770 3297 2038 3367 inï¬rmata
2089 3304 2163 3352 est

561 3392 696 3458 vitis,
724 3392 1080 3465 ingemuerunt
1103 3409 1275 3447 omnes
1300 3394 1389 3465 qui
1409 3391 1713 3447 (relabantur
1740 3392 1911 3447 corde.
1940 3390 2163 3446 Cessavit

562 3484 810 3557 gaudium
832 3495 1227 3557 tympanorum,
1259 3487 1443 3554 quievit
1467 3487 1665 3540 sonitus
1699 3484 2009 3550 ltetantium,
2041 3499 2165 3538 con-

561 3578 704 3629 ticuit
740 3575 956 3631 dulcedo
987 3564 1227 3640 citbarm,
1265 3594 1383 3632 cum
1419 3579 1616 3631 cantico
1643 3594 1743 3631 non
1773 3576 1937 3630 bibent
1964 3576 2158 3643 vinum,

564 3683 744 3720 amara
784 3670 879 3722 erit
916 3671 1054 3741 potio
1092 3669 1372 3724 bibentibus
1411 3668 1577 3724 illam.
1633 3671 1825 3725 Attrita
1866 3679 1940 3725 est
1985 3669 2164 3724 civitas

567 3760 840 3831 vanitatis,
882 3761 1060 3816 clausa
1107 3773 1180 3816 est
1226 3766 1392 3818 omnis
1439 3766 1620 3818 domus
1662 3762 1805 3817 nullo
1850 3764 2161 3818 introeunte.

566 3851 777 3908 Clamor
804 3854 901 3908 erit
937 3871 1092 3926 super
1130 3857 1249 3910 vino
1276 3856 1328 3929 in
1362 3857 1544 3931 plateis
1565 3900 1579 3923 ,
1624 3857 1826 3911 deserta
1875 3865 1950 3911 est
1997 3857 2165 3913 omnis

563 3945 762 4009 ltztitia,
792 3947 1098 4003 translatum
1127 3956 1202 4003 est
1220 3947 1469 4019 gaudium
1499 3957 1667 4006 terrm.
1713 3948 1778 4002 Et
1804 3949 1983 4003 relicta
2012 3955 2085 4003 est
2110 3949 2164 4002 in

562 4040 686 4095 urbe
721 4040 974 4103 solitudo,
1003 4050 1050 4097 et
1078 4040 1347 4097 calamitas
1375 4043 1625 4116 apprimet
1657 4052 1833 4117 portas
1862 4043 2025 4115 :quia
2057 4043 2166 4097 hcec

562 4142 711 4185 erunt
736 4133 787 4186 in
813 4132 982 4187 medio
1008 4144 1174 4197 terra,
1203 4136 1257 4188 in
1278 4135 1445 4189 medio
1464 4134 1794 4206 populorum.
1826 4134 1881 4191 ln
1910 4150 2164 4190 consum-

567 4222 804 4277 matione
836 4224 1060 4290 mundi,
1092 4226 1485 4295 praeteritarum
1509 4226 1827 4282 deliciarum
1859 4226 2165 4283 recordatio

566 4312 673 4367 erit
700 4316 923 4369 materia
955 4318 1312 4372 cruciatuum.
1343 4317 1497 4375 Unde
1526 4328 1583 4374 et
1606 4318 1759 4374 dives
1782 4319 1872 4375 ille
1902 4320 1952 4374 in
1978 4319 2167 4376 convi-

564 4402 652 4458 vio
682 4418 1010 4477 purpuratus
1031 4450 1047 4477 ,
1075 4410 1165 4480 qui
1196 4422 1472 4480 receperat
1509 4412 1645 4467 bona
1685 4426 1779 4467 sua
1819 4415 1869 4467 in
1903 4414 2009 4469 vita
2041 4429 2163 4483 sua,

562 4498 784 4553 elevans
813 4500 999 4556 oculos
1040 4517 1167 4558 suos
1196 4502 1264 4560 de
1296 4503 1505 4559 inferno
1534 4546 1548 4571 ,
1596 4505 1856 4561 Lazarum
1896 4507 2071 4564 cernit
2110 4508 2163 4563 in

2272 1894 2603 1965 pauperibus
2641 1893 2848 1962 absque
2876 1902 3019 1948 tecto
3041 1902 3094 1949 et
3121 1893 3337 1965 tugurio
3362 1892 3565 1965 frigore
3595 1891 3847 1948 morienti-

2270 1986 2390 2052 bus,
2426 1986 2663 2057 parietcs
2707 1999 2895 2041 earum
2922 1984 3234 2041 vestiuntur
3263 2000 3599 2041 marmorum
3646 1984 3847 2049 crustis,

2269 2089 2321 2134 et
2347 2079 2479 2134 secti
2513 2077 2695 2135 eboris
2725 2078 2906 2135 nitore
2927 2079 3304 2150 resplendent,
3365 2079 3726 2135 remanebunt
3767 2092 3848 2131 ra-

2268 2189 2405 2229 cuar.
2437 2172 2654 2229 Clamor
2678 2172 2783 2229 erit
2806 2172 2859 2228 in
2888 2173 3088 2245 plateis
3124 2189 3291 2246 super
3319 2174 3470 2241 vino,
3496 2188 3609 2230 non
3638 2174 3689 2230 in
3725 2180 3851 2228 arcta

2244 2277 2326 2335 _et
2351 2280 2577 2338 angusta
2609 2269 2691 2322 via
2723 2284 2844 2340 qua)
2876 2267 3027 2323 ducit
3066 2267 3133 2322 ad
3167 2269 3333 2323 vitam
3366 2286 3379 2323 :
3412 2267 3511 2324 sed
3561 2269 3621 2325 in
3672 2268 3768 2323 lata
3807 2272 3855 2323 et

2269 2363 2536 2431 spatiosa,
2562 2379 2681 2433 qua:
2713 2364 2861 2419 ducit
2899 2362 2965 2418 ad
3009 2372 3238 2419 mortero
3288 2362 3506 2436 (Matth.
3531 2362 3654 2435 vn).
3700 2363 3856 2430 Super

2270 2454 2395 2508 vino
2450 2463 2506 2509 et
2553 2455 2822 2511 ebrietate
2876 2456 3080 2511 erroris
3121 2469 3344 2519 eorum,
3399 2456 3491 2527 qui
3536 2455 3857 2510 dormierunt

2270 2560 2522 2601 somnum
2545 2561 2732 2617 suum,
2758 2556 2814 2602 et
2852 2548 2983 2604 nihil
3017 2548 3350 2604 invenerunt
3380 2564 3579 2606 omnes
3607 2550 3703 2604 viri
3730 2546 3857 2603 divi-

2272 2641 2462 2696 tiarum
2488 2641 2805 2697 inmanibus
2834 2644 2946 2698 suis
2971 2642 3092 2713 (Ps.
3134 2642 3322 2717 Lxxv).
3384 2643 3738 2701 Translatum
3782 2650 3856 2698 est

2269 2733 2466 2804 quippe
2496 2733 2546 2787 ln
2579 2734 2750 2789 etelos
2771 2734 3028 2806 gaudium
3070 2744 3251 2803 terrte,
3287 2746 3339 2792 et
3370 2738 3566 2792 relicta
3596 2747 3678 2793 est
3706 2739 3753 2792 in
3778 2751 3856 2792 ur-

2270 2828 2335 2882 be
2358 2827 2629 2898 quondam
2657 2828 3018 2885 celeberrima
3072 2829 3333 2895 solitudo,
3361 2839 3417 2886 ct
3456 2841 3645 2901 portas
3668 2831 3851 2886 viarum

2266 2919 2629 2994 frequentium
2660 2938 2755 2991 per
2783 2938 2920 2993 quas
2942 2923 3265 2994 populorum
3308 2923 3617 2981 induebant
3637 2926 3850 2995 agmina,

2268 3017 2542 3087 opprimet
2592 3015 2958 3073 habitatorum
3003 3018 3310 3073 calamitas.
3361 3020 3426 3073 Et
3500 3027 3559 3075 ut
3612 3020 3854 3075 sciremus

2269 3108 2561 3178 perstricue
2612 3109 2681 3163 de
2712 3110 2881 3164 totius
2915 3109 3066 3165 orbis
3109 3110 3334 3167 interitu
3374 3112 3643 3182 nuntiari,
3675 3109 3853 3177 intulit,

2194 3190 2240 3254 C
2277 3199 2401 3255 lltec
2430 3210 2582 3256 erant
2605 3202 2661 3256 in
2690 3202 2859 3257 medio
2890 3211 3041 3258 terrae
3062 3220 3081 3259 :
3109 3203 3162 3258 in
3189 3203 3361 3258 medio
3382 3206 3620 3278 gentium
3644 3206 3753 3261 sive
3770 3218 3853 3278 po.

2266 3294 2531 3368 palorum.

2337 3388 2517 3461 (Vers.
2544 3389 2757 3461 15-15.)
2808 3390 3078 3459 Quomodo
3123 3394 3170 3446 st
3216 3406 3398 3464 pauere
3446 3391 3623 3457 oliva,
3654 3405 3764 3463 qua:
3784 3403 3854 3443 rev

2264 3491 2585 3545 manserunt,
2628 3483 2955 3536 excutiantur
2983 3497 3046 3537 ea:
3094 3480 3228 3550 olea,
3274 3493 3322 3535 et
3349 3483 3542 3537 racemi
3572 3501 3691 3538 cum
3719 3479 3853 3555 fuerit

2266 3576 2414 3646 [inita
2442 3577 2715 3631 vindemia.
2756 3577 2827 3632 lli
2856 3579 3097 3634 levabant
3130 3596 3301 3633 vocem
3348 3597 3496 3635 suam
3555 3592 3713 3654 atque
3751 3581 3852 3635 lau-

2265 3668 2482 3733 dabunt,
2525 3685 2641 3723 cum
2669 3671 3002 3741 glorificatus
3031 3673 3189 3740 fuerit
3220 3670 3475 3729 Dominus
3494 3715 3509 3739 ,
3537 3675 3772 3730 ltinnient
3798 3670 3854 3726 de

2266 3762 2397 3815 mari
2429 3778 2447 3815 :
2473 3770 2680 3835 prapter
2699 3762 2795 3818 hoc
2841 3766 2895 3818 in
2920 3766 3167 3820 doctrinis
3219 3766 3513 3839 gloriï¬cate
3544 3766 3853 3822 Dominum:

2266 3854 2523 3908 in-insulis
2562 3857 2723 3911 maris
2770 3872 2955 3911 nomen
2988 3857 3196 3912 Domini
3224 3857 3325 3913 Dei
3373 3857 3564 3915 Israel.
3602 3863 3853 3928 Quantum

2264 3946 2336 3999 ab
2371 3945 2635 4002 llebraica
2679 3950 2909 4005 veritate
2938 3951 2988 4005 in
3023 3949 3123 4005 boc
3151 3950 3313 4024 333
3359 3951 3479 4007 loco
3521 3951 3673 4009 LXX
3712 3953 3857 4008 distet

2268 4041 2586 4108 translatio,
2648 4044 2929 4115 sequentia
2987 4044 3151 4100 verba
3205 4045 3614 4103 monstrabunt.
3663 4042 3851 4103 LXX:

2270 4131 2542 4199 Quomodo
2564 4133 2611 4187 si
2634 4134 2749 4205 quis
2769 4135 2994 4189 excutiat
3034 4133 3245 4199 olivam,
3274 4137 3352 4191 sic
3367 4140 3632 4193 excutient
3661 4154 3746 4193 eos
3774 4142 3854 4191 :et

2266 4226 2313 4279 si
2333 4226 2562 4297 quiescat
2598 4228 2889 4297 vindemia,
2922 4229 3009 4284 isti
3039 4232 3265 4285 clamore
3294 4232 3736 4301 vociferabantur.
3763 4228 3855 4299 Qui

2268 4328 2435 4373 autem
2466 4319 2637 4375 relicti
2683 4323 2876 4391 fuerint
2900 4337 3055 4395 super
3100 4332 3311 4392 terram,
3344 4321 3668 4380 (relabuntur
3711 4320 3854 4380 simul

2269 4430 2386 4467 cum
2413 4412 2583 4485 gloria
2629 4413 2867 4478 Domini,
2919 4415 3304 4470 conturbabitur
3331 4433 3469 4489 aqua
3497 4420 3683 4485 maris,
3709 4431 3855 4490 prop-

2268 4516 2407 4560 terea
2452 4505 2620 4577 gloria
2689 4505 2902 4560 Domini
2941 4508 2995 4561 in
3050 4509 3238 4564 insulis
3292 4510 3390 4565 erit
3437 4513 3623 4581 maris,
3683 4525 3856 4566 nomen

561 4593 749 4663 requie
785 4590 933 4665 (Luc.
976 4597 1110 4667 xvr).
1154 4594 1220 4652 Et
1258 4597 1516 4654 Dominus
1555 4599 1843 4669 increpans
1886 4598 2081 4656 divites
2109 4612 2165 4657 et
2191 4577 2245 4638 D
2272 4598 2481 4653 Domini
2509 4599 2793 4671 gloriosum
2842 4602 2961 4666 erit,
2995 4602 3201 4657 Domini
3252 4603 3349 4658 Dei
3396 4601 3587 4659 Israel.
3612 4577 3847 4673 vlielictis

562 4686 866 4744 luxuriosos
888 4698 1048 4761 atque
1073 4689 1331 4757 ridentes,
1357 4692 1595 4762 laquitur
1616 4693 1668 4747 in
1700 4693 1997 4765 Evangelia
2024 4712 2037 4747 :
2070 4694 2164 4750 Va:

562 4780 700 4835 vobis
762 4781 1000 4837 divitibus
1035 4824 1050 4849 ,
1115 4784 1360 4855 quoniam
1434 4786 1692 4852 recepistis
1757 4785 2160 4842 consolationem

561 4880 796 4925 vestram.
852 4872 941 4929 Î½Ï‰
976 4875 1117 4929 vobis
1155 4875 1247 4946 qui
1282 4892 1418 4930 nunc
1459 4876 1680 4931 saturati
1725 4878 1880 4945 estis,
1921 4881 2160 4949 quoniam

562 4962 813 5018 esurietis.
863 4963 954 5020 Va:
987 4968 1125 5021 vobis
1150 4970 1238 5039 qui
1273 4986 1409 5023 nunc
1432 4967 1611 5024 ridetis
1632 5011 1650 5037 ,
1688 4970 1814 5040 quia
1850 4968 2089 5044 lugebitis
2116 4983 2164 5029 et

562 5054 749 5123 ï¬‚ebitis
776 5054 968 5129 (Ibid.,
990 5059 1081 5127 2i,
1110 5059 1227 5131 25).
1261 5064 1490 5130 Quando
1517 5064 1678 5135 igitur
1704 5063 1863 5121 fuerit
1888 5080 2162 5123 resurrec-

562 5151 639 5206 tiu
668 5163 1037 5220 mortuorum,
1071 5165 1125 5209 et
1148 5155 1334 5224 judicii
1367 5156 1647 5214 advenerit
1671 5158 1817 5223 dies,
1850 5159 2010 5233 332
2035 5154 2167 5229 tunc

563 5243 765 5317 lugebit
789 5243 973 5300 vinum
1004 5255 1165 5317 atque
1189 5245 1476 5314 vindemia,
1508 5249 1577 5304 de
1606 5265 1709 5321 qua
1742 5250 1959 5323 Moyses
1988 5252 2163 5322 loqui-

560 5348 646 5395 tur
678 5356 690 5391 :
722 5337 797 5395 De
824 5339 969 5394 vinea
996 5338 1341 5395 Sodomorum
1358 5343 1503 5395 vinea
1522 5358 1717 5409 eorum,
1737 5361 1966 5417 propago
1985 5362 2162 5401 eorum

561 5431 625 5485 de
654 5429 965 5487 Gomoâ€™rrlta.
1000 5429 1111 5486 Uva
1142 5447 1317 5489 eorum
1347 5448 1445 5490 uva
1472 5431 1626 5503 fellis,
1657 5432 1830 5497 botrus
1853 5438 2163 5495 amaritudi-

560 5523 641 5576 nis
678 5539 876 5577 eorum.
924 5522 1099 5579 Furor
1147 5526 1430 5581 draconum
1470 5527 1645 5583 vinum
1679 5543 1881 5594 eorum,
1930 5539 1978 5584 et
2015 5534 2163 5600 furor

562 5616 800 5687 aspidum
843 5619 1148 5673 insanabilis
1194 5618 1376 5689 (Deut.
1410 5638 1589 5689 xxx",
1623 5622 1739 5692 55).
1791 5624 1945 5679 Tunc
1986 5625 2165 5680 omnis

562 5710 736 5778 patio,
755 5711 871 5767 sive
894 5722 954 5766 ut
978 5712 1242 5771 llebraice
1263 5715 1480 5786 dicitur,
1504 5720 1690 5785 sicera,
1721 5717 1771 5777 id
1798 5726 1902 5785 est,
1924 5717 2163 5788 ebrietas,

566 5819 688 5877 qum
718 5812 916 5861 statum
951 5806 1148 5868 mentis
1175 5808 1406 5881 evertit,
1447 5820 1501 5868 et
1537 5811 1788 5878 homines
1809 5812 2034 5893 vigilare
2059 5827 2166 5877 non

2268 4693 2578 4749 hominibus
2606 4696 2819 4764 paucis,
2844 4697 3063 4766 quando
3083 4698 3392 4753 maledictio
3421 4700 3702 4756 voraverit
3751 4708 3856 4754 ter-

2264 4801 2403 4855 ram,
2430 4796 2483 4840 et
2506 4787 2558 4841 in
2591 4787 2725 4844 urbe
2756 4786 2919 4844 fuerit
2949 4789 3207 4856 solitudo,
3233 4799 3287 4845 et
3310 4789 3427 4846 haec
3443 4792 3704 4848 universa
3731 4805 3859 4846 con-

2261 4881 2478 4951 tigerint
2503 4880 2556 4935 ltt
2581 4881 2964 4951 medioterrm,
3000 4883 3052 4938 in
3083 4884 3261 4939 medio
3291 4886 3617 4956 populorum
3650 4896 3707 4942 et
3728 4901 3855 4955 gen-

2262 4975 2422 5040 tium,
2449 4984 2594 5030 tanta
2626 4977 2731 5030 erit
2774 4989 3087 5032 sanctorum
3123 4980 3398 5049 paucitas,
3442 4978 3510 5035 de
3535 4980 3731 5051 quibus
3759 4978 3859 5033 Do-

2269 5068 2448 5121 minus
2480 5066 2721 5139 loquitur
2749 5069 2799 5123 in
2833 5068 3134 5145 Evangelio
3165 5087 3179 5123 :
3211 5069 3369 5125 Multi
3414 5074 3601 5137 vocati,
3629 5083 3680 5127 et
3711 5070 3862 5147 pauci

2266 5160 2413 5215 electi
2432 5158 2591 5232 (Mat.
2616 5177 2706 5223 xx,
2741 5161 2828 5232 16)
2859 5177 2875 5220 :
2904 5171 2958 5216 et
2983 5172 3089 5218 tam
3118 5162 3414 5220 vehemens
3465 5181 3723 5235 pressura
3747 5164 3858 5235 jus-

2268 5263 2465 5319 torum,
2499 5262 2555 5309 ttt
2583 5261 2881 5320 tententttr,
2909 5256 2956 5311 si
2987 5255 3100 5311 fieri
3128 5265 3327 5326 potest,
3352 5258 3517 5313 etiam
3541 5257 3701 5329 electi
3731 5255 3856 5312 Dei:

2267 5356 2323 5403 et
2367 5348 2605 5418 paucitas
2627 5363 2815 5404 eorum
2846 5348 3031 5405 baccis
3068 5351 3336 5407 olivarum
3385 5353 3682 5409 rarissimis
3707 5367 3857 5408 com-

2268 5450 2510 5512 paretur,
2543 5456 2665 5513 qnte
2693 5455 2816 5499 cum
2856 5457 3103 5505 excussa:
3137 5444 3337 5507 fuerint
3378 5456 3543 5517 atque
3569 5446 3854 5509 deitiessaz,

2268 5534 2354 5589 vix
2385 5549 2567 5603 lienem
2590 5545 2875 5595 remanent
2903 5537 2956 5594 in
2987 5552 3263 5599 rapturum
3305 5542 3618 5601 cacumine;
3649 5550 3706 5597 et
3727 5553 3860 5609 quoa

2268 5627 2431 5681 modo
2478 5642 2602 5683 eum
2637 5628 2797 5683 fuerit
2843 5628 2993 5683 lluita
3026 5629 3319 5705 vindemia,
3351 5633 3535 5687 solent
3563 5643 3859 5703 pauperes,

2268 5729 2509 5791 egestate
2548 5730 2801 5792 cogente,
2849 5736 3043 5779 vacuas
3091 5723 3324 5779 circuire
3364 5724 3527 5799 vites,
3578 5731 3636 5779 et
3690 5735 3860 5794 pauca

2271 5828 2495 5873 uvarum
2529 5829 2697 5887 grana
2725 5815 3005 5888 colligere.
3041 5814 3107 5883 Hi
3145 5815 3309 5890 igitur
3333 5817 3427 5893 qui
3455 5816 3861 5885 remanserint,l
