  <div class='ocr_page' id='page_1' title='image "/cluster/home/n/w/nwhite01/storage/ocr_20150623/24/uva.x000826571/150.png"; bbox 0 0 4010 6322; ppageno 0'>
   <div class='ocr_carea' id='block_1_1' title="bbox 186 294 284 352">
    <p class='ocr_par' dir='ltr' id='par_1_1' title="bbox 186 294 284 352">
     <span class='ocr_line' id='line_1_1' title="bbox 186 294 284 352; baseline -0.01 0"><span class='ocrx_word' id='word_1_1' title='bbox 186 294 284 352; x_wconf 69' lang='grc' dir='ltr'><strong>9.ὶό</strong></span> 
     </span>
    </p>
   </div>
   <div class='ocr_carea' id='block_1_2' title="bbox 683 278 2923 352">
    <p class='ocr_par' dir='ltr' id='par_1_2' title="bbox 683 278 2923 352">
     <span class='ocr_line' id='line_1_2' title="bbox 683 278 2923 352; baseline -0.003 1"><span class='ocrx_word' id='word_1_2' title='bbox 683 287 1316 352; x_wconf 73' lang='lat' dir='ltr'><strong>COIIMENTARIORL&#39;M</strong></span> <span class='ocrx_word' id='word_1_3' title='bbox 1352 283 1416 342; x_wconf 75' lang='lat' dir='ltr'><strong>IN</strong></span> <span class='ocrx_word' id='word_1_4' title='bbox 1457 280 1688 341; x_wconf 72' lang='lat' dir='ltr'><strong>ISAIAM</strong></span> <span class='ocrx_word' id='word_1_5' title='bbox 1731 278 2148 340; x_wconf 66' lang='lat' dir='ltr'><strong>PROPHETAM</strong></span> <span class='ocrx_word' id='word_1_6' title='bbox 2180 284 2313 341; x_wconf 84' lang='lat' dir='ltr'><strong>LIB.</strong></span> <span class='ocrx_word' id='word_1_7' title='bbox 2356 285 2493 344; x_wconf 81' lang='lat' dir='ltr'><strong>VIII.</strong></span> <span class='ocrx_word' id='word_1_8' title='bbox 2534 285 2687 344; x_wconf 82' lang='lat' dir='ltr'><strong>CAP.</strong></span> <span class='ocrx_word' id='word_1_9' title='bbox 2732 286 2923 347; x_wconf 80' lang='lat' dir='ltr'><strong>XXIV.</strong></span> 
     </span>
    </p>
   </div>
   <div class='ocr_carea' id='block_1_3' title="bbox 3314 290 3422 349">
    <p class='ocr_par' dir='ltr' id='par_1_3' title="bbox 3314 290 3422 349">
     <span class='ocr_line' id='line_1_3' title="bbox 3314 290 3422 349; baseline 0.019 -2"><span class='ocrx_word' id='word_1_10' title='bbox 3314 290 3422 349; x_wconf 67' lang='lat'><strong>986</strong></span> 
     </span>
    </p>
   </div>
   <div class='ocr_carea' id='block_1_4' title="bbox 182 402 3423 484">
    <p class='ocr_par' dir='ltr' id='par_1_4' title="bbox 182 402 3423 484">
     <span class='ocr_line' id='line_1_4' title="bbox 182 402 3423 484; baseline -0.001 -17"><span class='ocrx_word' id='word_1_11' title='bbox 182 423 232 468; x_wconf 87' lang='lat' dir='ltr'><strong>et</strong></span> <span class='ocrx_word' id='word_1_12' title='bbox 273 420 394 484; x_wconf 89' lang='lat' dir='ltr'><strong>post</strong></span> <span class='ocrx_word' id='word_1_13' title='bbox 445 409 751 468; x_wconf 85' lang='lat' dir='ltr'><strong>vindemiam</strong></span> <span class='ocrx_word' id='word_1_14' title='bbox 795 407 972 466; x_wconf 87' lang='lat' dir='ltr'><strong>mundi</strong></span> <span class='ocrx_word' id='word_1_15' title='bbox 1013 415 1174 476; x_wconf 88' lang='lat' dir='ltr'><strong>atque</strong></span> <span class='ocrx_word' id='word_1_16' title='bbox 1216 418 1565 475; x_wconf 82' lang='lat' dir='ltr'><strong>pressuram,</strong></span> <span class='ocrx_word' id='word_1_17' title='bbox 1611 405 1798 463; x_wconf 78' lang='lat' dir='ltr'><strong>nta-A</strong></span> <span class='ocrx_word' id='word_1_18' title='bbox 1831 416 2064 473; x_wconf 84' lang='lat' dir='ltr'><strong>persona</strong></span> <span class='ocrx_word' id='word_1_19' title='bbox 2093 403 2188 459; x_wconf 87' lang='lat' dir='ltr'><strong>Dei</strong></span> <span class='ocrx_word' id='word_1_20' title='bbox 2216 402 2421 461; x_wconf 84' lang='lat' dir='ltr'><strong>debere</strong></span> <span class='ocrx_word' id='word_1_21' title='bbox 2476 406 2736 478; x_wconf 86' lang='lat' dir='ltr'><strong>intelligi,</strong></span> <span class='ocrx_word' id='word_1_22' title='bbox 2793 423 2973 464; x_wconf 90' lang='lat' dir='ltr'><strong>rerum</strong></span> <span class='ocrx_word' id='word_1_23' title='bbox 3019 410 3265 468; x_wconf 86' lang='lat' dir='ltr'><strong>ordinem</strong></span> <span class='ocrx_word' id='word_1_24' title='bbox 3314 427 3423 466; x_wconf 89' lang='lat' dir='ltr'><strong>non</strong></span> 
     </span>
    </p>
   </div>
   <div class='ocr_carea' id='block_1_5' title="bbox 179 495 1718 575">
    <p class='ocr_par' dir='ltr' id='par_1_5' title="bbox 179 495 1718 575">
     <span class='ocr_line' id='line_1_5' title="bbox 179 495 1718 575; baseline -0.005 -15"><span class='ocrx_word' id='word_1_25' title='bbox 179 520 285 560; x_wconf 87' lang='lat' dir='ltr'><strong>ttus</strong></span> <span class='ocrx_word' id='word_1_26' title='bbox 351 503 613 575; x_wconf 87' lang='lat' dir='ltr'><strong>quiverint</strong></span> <span class='ocrx_word' id='word_1_27' title='bbox 667 501 973 560; x_wconf 83' lang='lat' dir='ltr'><strong>Antichristi</strong></span> <span class='ocrx_word' id='word_1_28' title='bbox 1038 498 1418 571; x_wconf 86' lang='lat' dir='ltr'><strong>persequentis</strong></span> <span class='ocrx_word' id='word_1_29' title='bbox 1460 495 1718 569; x_wconf 60' lang='lat' dir='ltr'><strong>cingere,</strong></span> 
     </span>
    </p>
   </div>
   <div class='ocr_carea' id='block_1_6' title="bbox 1828 498 3425 573">
    <p class='ocr_par' dir='ltr' id='par_1_6' title="bbox 1828 498 3425 573">
     <span class='ocr_line' id='line_1_6' title="bbox 1828 498 3425 573; baseline 0.006 -22"><span class='ocrx_word' id='word_1_30' title='bbox 1828 506 2145 566; x_wconf 77' lang='lat' dir='ltr'><strong>sequentes.</strong></span> <span class='ocrx_word' id='word_1_31' title='bbox 2175 498 2452 570; x_wconf 75' lang='lat' dir='ltr'><strong>Mirorque</strong></span> <span class='ocrx_word' id='word_1_32' title='bbox 2472 517 2580 572; x_wconf 90' lang='lat' dir='ltr'><strong>quo</strong></span> <span class='ocrx_word' id='word_1_33' title='bbox 2612 517 2776 557; x_wconf 90' lang='lat' dir='ltr'><strong>sensu</strong></span> <span class='ocrx_word' id='word_1_34' title='bbox 2820 517 2920 573; x_wconf 88' lang='lat' dir='ltr'><strong>pro</strong></span> <span class='ocrx_word' id='word_1_35' title='bbox 2944 503 3185 573; x_wconf 87' lang='lat' dir='ltr'><strong>psalmis,</strong></span> <span class='ocrx_word' id='word_1_36' title='bbox 3216 513 3272 559; x_wconf 87' lang='lat' dir='ltr'><strong>et</strong></span> <span class='ocrx_word' id='word_1_37' title='bbox 3309 504 3425 561; x_wconf 89' lang='lat' dir='ltr'><strong>latt-</strong></span> 
     </span>
    </p>
   </div>
   <div class='ocr_carea' id='block_1_7' title="bbox 177 588 3423 671">
    <p class='ocr_par' dir='ltr' id='par_1_7' title="bbox 177 588 3423 671">
     <span class='ocr_line' id='line_1_7' title="bbox 177 588 3423 671; baseline -0.001 -16"><span class='ocrx_word' id='word_1_38' title='bbox 177 600 294 656; x_wconf 76' lang='lat' dir='ltr'><strong>sire</strong></span> <span class='ocrx_word' id='word_1_39' title='bbox 355 614 514 671; x_wconf 65' lang='lat' dir='ltr'><strong>plena:</strong></span> <span class='ocrx_word' id='word_1_40' title='bbox 566 594 885 653; x_wconf 72' lang='lat' dir='ltr'><strong>imminentis</strong></span> <span class='ocrx_word' id='word_1_41' title='bbox 936 593 1163 649; x_wconf 85' lang='lat' dir='ltr'><strong>ardores</strong></span> <span class='ocrx_word' id='word_1_42' title='bbox 1192 634 1209 659; x_wconf 93' lang='lat'><strong>,</strong></span> <span class='ocrx_word' id='word_1_43' title='bbox 1260 591 1519 649; x_wconf 88' lang='lat' dir='ltr'><strong>levabunt</strong></span> <span class='ocrx_word' id='word_1_44' title='bbox 1562 603 1725 646; x_wconf 82' lang='lat' dir='ltr'><strong>voces</strong></span> <span class='ocrx_word' id='word_1_45' title='bbox 1828 588 2011 656; x_wconf 88' lang='lat' dir='ltr'><strong>dibus,</strong></span> <span class='ocrx_word' id='word_1_46' title='bbox 2055 592 2198 660; x_wconf 88' lang='lat' dir='ltr'><strong>quod</strong></span> <span class='ocrx_word' id='word_1_47' title='bbox 2240 593 2292 647; x_wconf 92' lang='lat' dir='ltr'><strong>in</strong></span> <span class='ocrx_word' id='word_1_48' title='bbox 2330 592 2606 649; x_wconf 82' lang='lat' dir='ltr'><strong>Hebraico</strong></span> <span class='ocrx_word' id='word_1_49' title='bbox 2649 594 2893 665; x_wconf 54' lang='lat' dir='ltr'><strong>legitur”</strong></span> <span class='ocrx_word' id='word_1_50' title='bbox 2924 610 3177 652; x_wconf 75' lang='lat' dir='ltr'><strong>zslno&#39;rn</strong></span> <span class='ocrx_word' id='word_1_51' title='bbox 3216 596 3423 667; x_wconf 66' lang='lat' dir='ltr'><strong>(nui),</strong></span> 
     </span>
    </p>
   </div>
   <div class='ocr_carea' id='block_1_8' title="bbox 174 682 1727 759">
    <p class='ocr_par' dir='ltr' id='par_1_8' title="bbox 174 682 1727 759">
     <span class='ocr_line' id='line_1_8' title="bbox 174 682 1727 759; baseline -0.005 -12"><span class='ocrx_word' id='word_1_52' title='bbox 174 706 296 747; x_wconf 87' lang='lat' dir='ltr'><strong>suas</strong></span> <span class='ocrx_word' id='word_1_53' title='bbox 350 692 399 745; x_wconf 91' lang='lat' dir='ltr'><strong>in</strong></span> <span class='ocrx_word' id='word_1_54' title='bbox 450 689 716 755; x_wconf 82' lang='lat' dir='ltr'><strong>sublime,</strong></span> <span class='ocrx_word' id='word_1_55' title='bbox 773 689 1051 759; x_wconf 85' lang='lat' dir='ltr'><strong>Deumque</strong></span> <span class='ocrx_word' id='word_1_56' title='bbox 1109 685 1429 741; x_wconf 83' lang='lat' dir='ltr'><strong>laudabunt.</strong></span> <span class='ocrx_word' id='word_1_57' title='bbox 1494 682 1727 754; x_wconf 85' lang='lat' dir='ltr'><strong>Quando</strong></span> 
     </span>
    </p>
   </div>
   <div class='ocr_carea' id='block_1_9' title="bbox 169 778 1728 853">
    <p class='ocr_par' dir='ltr' id='par_1_9' title="bbox 169 778 1728 853">
     <span class='ocr_line' id='line_1_9' title="bbox 169 778 1728 853; baseline -0.004 -15"><span class='ocrx_word' id='word_1_58' title='bbox 169 783 362 840; x_wconf 89' lang='lat' dir='ltr'><strong>venerit</strong></span> <span class='ocrx_word' id='word_1_59' title='bbox 386 782 636 838; x_wconf 86' lang='lat' dir='ltr'><strong>Dominus</strong></span> <span class='ocrx_word' id='word_1_60' title='bbox 688 783 741 838; x_wconf 90' lang='lat' dir='ltr'><strong>in</strong></span> <span class='ocrx_word' id='word_1_61' title='bbox 783 781 963 853; x_wconf 78' lang='lat' dir='ltr'><strong>gloria</strong></span> <span class='ocrx_word' id='word_1_62' title='bbox 1005 779 1183 837; x_wconf 83' lang='lat' dir='ltr'><strong>Patris</strong></span> <span class='ocrx_word' id='word_1_63' title='bbox 1224 780 1331 849; x_wconf 89' lang='lat' dir='ltr'><strong>sui,</strong></span> <span class='ocrx_word' id='word_1_64' title='bbox 1373 794 1496 835; x_wconf 88' lang='lat' dir='ltr'><strong>cum</strong></span> <span class='ocrx_word' id='word_1_65' title='bbox 1545 778 1728 850; x_wconf 83' lang='lat' dir='ltr'><strong>Ange-</strong></span> 
     </span>
    </p>
   </div>
   <div class='ocr_carea' id='block_1_10' title="bbox 165 872 1729 949">
    <p class='ocr_par' dir='ltr' id='par_1_10' title="bbox 165 872 1729 949">
     <span class='ocr_line' id='line_1_10' title="bbox 165 872 1729 949; baseline 0.001 -20"><span class='ocrx_word' id='word_1_66' title='bbox 165 874 226 930; x_wconf 91' lang='lat' dir='ltr'><strong>lis</strong></span> <span class='ocrx_word' id='word_1_67' title='bbox 252 874 462 940; x_wconf 81' lang='lat' dir='ltr'><strong>sanctis,</strong></span> <span class='ocrx_word' id='word_1_68' title='bbox 491 881 546 931; x_wconf 89' lang='lat' dir='ltr'><strong>et</strong></span> <span class='ocrx_word' id='word_1_69' title='bbox 573 890 692 931; x_wconf 91' lang='lat' dir='ltr'><strong>enm</strong></span> <span class='ocrx_word' id='word_1_70' title='bbox 723 873 827 948; x_wconf 79' lang='grc' dir='ltr'><strong>[ΑΙ.</strong></span> <span class='ocrx_word' id='word_1_71' title='bbox 876 873 1024 949; x_wconf 89' lang='lat' dir='ltr'><strong>cum]</strong></span> <span class='ocrx_word' id='word_1_72' title='bbox 1064 872 1303 931; x_wconf 77' lang='lat' dir='ltr'><strong>viderint</strong></span> <span class='ocrx_word' id='word_1_73' title='bbox 1345 874 1398 929; x_wconf 90' lang='lat' dir='ltr'><strong>in</strong></span> <span class='ocrx_word' id='word_1_74' title='bbox 1439 873 1729 944; x_wconf 81' lang='lat' dir='ltr'><strong>majestate</strong></span> 
     </span>
    </p>
   </div>
   <div class='ocr_carea' id='block_1_11' title="bbox 162 966 1726 1041">
    <p class='ocr_par' dir='ltr' id='par_1_11' title="bbox 162 966 1726 1041">
     <span class='ocr_line' id='line_1_11' title="bbox 162 966 1726 1041; baseline -0.002 -17"><span class='ocrx_word' id='word_1_75' title='bbox 162 978 483 1041; x_wconf 88' lang='lat' dir='ltr'><strong>regnantem,</strong></span> <span class='ocrx_word' id='word_1_76' title='bbox 532 977 659 1025; x_wconf 90' lang='lat' dir='ltr'><strong>tunc</strong></span> <span class='ocrx_word' id='word_1_77' title='bbox 695 968 943 1026; x_wconf 85' lang='lat' dir='ltr'><strong>hiunient</strong></span> <span class='ocrx_word' id='word_1_78' title='bbox 988 969 1046 1023; x_wconf 88' lang='lat' dir='ltr'><strong>in</strong></span> <span class='ocrx_word' id='word_1_79' title='bbox 1097 983 1366 1039; x_wconf 88' lang='lat' dir='ltr'><strong>equorum</strong></span> <span class='ocrx_word' id='word_1_80' title='bbox 1413 966 1726 1023; x_wconf 87' lang='lat' dir='ltr'><strong>similitudi-</strong></span> 
     </span>
    </p>
   </div>
   <div class='ocr_carea' id='block_1_12' title="bbox 162 1058 1727 1136">
    <p class='ocr_par' dir='ltr' id='par_1_12' title="bbox 162 1058 1727 1136">
     <span class='ocr_line' id='line_1_12' title="bbox 162 1058 1727 1136; baseline -0.003 -16"><span class='ocrx_word' id='word_1_81' title='bbox 162 1078 304 1128; x_wconf 89' lang='lat' dir='ltr'><strong>nem,</strong></span> <span class='ocrx_word' id='word_1_82' title='bbox 328 1063 524 1119; x_wconf 62' lang='lat' dir='ltr'><strong>laetitia:</strong></span> <span class='ocrx_word' id='word_1_83' title='bbox 552 1058 915 1126; x_wconf 74' lang='lat' dir='ltr'><strong>magnitudine</strong></span> <span class='ocrx_word' id='word_1_84' title='bbox 940 1064 1257 1136; x_wconf 77' lang='lat' dir='ltr'><strong>gestientes,</strong></span> <span class='ocrx_word' id='word_1_85' title='bbox 1287 1075 1340 1118; x_wconf 87' lang='lat' dir='ltr'><strong>et</strong></span> <span class='ocrx_word' id='word_1_86' title='bbox 1376 1061 1630 1117; x_wconf 88' lang='lat' dir='ltr'><strong>hinnient</strong></span> <span class='ocrx_word' id='word_1_87' title='bbox 1657 1059 1727 1116; x_wconf 89' lang='lat' dir='ltr'><strong>de</strong></span> 
     </span>
    </p>
   </div>
   <div class='ocr_carea' id='block_1_13' title="bbox 158 1152 1729 1228">
    <p class='ocr_par' dir='ltr' id='par_1_13' title="bbox 158 1152 1729 1228">
     <span class='ocr_line' id='line_1_13' title="bbox 158 1152 1729 1228; baseline -0.003 -16"><span class='ocrx_word' id='word_1_88' title='bbox 158 1158 284 1212; x_wconf 90' lang='lat' dir='ltr'><strong>mari</strong></span> <span class='ocrx_word' id='word_1_89' title='bbox 311 1156 463 1227; x_wconf 90' lang='lat' dir='ltr'><strong>hujus</strong></span> <span class='ocrx_word' id='word_1_90' title='bbox 490 1156 683 1212; x_wconf 63' lang='lat' dir='ltr'><strong>screnti.</strong></span> <span class='ocrx_word' id='word_1_91' title='bbox 711 1155 1008 1227; x_wconf 88' lang='lat' dir='ltr'><strong>Pr0pterea</strong></span> <span class='ocrx_word' id='word_1_92' title='bbox 1038 1156 1128 1228; x_wconf 81' lang='lat' dir='ltr'><strong>qui</strong></span> <span class='ocrx_word' id='word_1_93' title='bbox 1159 1169 1303 1211; x_wconf 89' lang='lat' dir='ltr'><strong>nunc</strong></span> <span class='ocrx_word' id='word_1_94' title='bbox 1344 1156 1397 1210; x_wconf 90' lang='lat' dir='ltr'><strong>in</strong></span> <span class='ocrx_word' id='word_1_95' title='bbox 1427 1152 1729 1224; x_wconf 85' lang='lat' dir='ltr'><strong>Scripturis</strong></span> 
     </span>
    </p>
   </div>
   <div class='ocr_carea' id='block_1_14' title="bbox 156 1246 1724 1321">
    <p class='ocr_par' dir='ltr' id='par_1_14' title="bbox 156 1246 1724 1321">
     <span class='ocr_line' id='line_1_14' title="bbox 156 1246 1724 1321; baseline -0.005 -14"><span class='ocrx_word' id='word_1_96' title='bbox 156 1252 343 1307; x_wconf 77' lang='lat' dir='ltr'><strong>sanctis</strong></span> <span class='ocrx_word' id='word_1_97' title='bbox 369 1250 555 1307; x_wconf 87' lang='lat' dir='ltr'><strong>eruditi</strong></span> <span class='ocrx_word' id='word_1_98' title='bbox 579 1252 729 1321; x_wconf 87' lang='lat' dir='ltr'><strong>estis,</strong></span> <span class='ocrx_word' id='word_1_99' title='bbox 764 1260 825 1308; x_wconf 88' lang='lat' dir='ltr'><strong>et</strong></span> <span class='ocrx_word' id='word_1_100' title='bbox 862 1250 1015 1307; x_wconf 84' lang='lat' dir='ltr'><strong>scitis</strong></span> <span class='ocrx_word' id='word_1_101' title='bbox 1041 1249 1194 1307; x_wconf 87' lang='lat' dir='ltr'><strong>vobis</strong></span> <span class='ocrx_word' id='word_1_102' title='bbox 1221 1258 1432 1304; x_wconf 90' lang='lat' dir='ltr'><strong>tantum</strong></span> <span class='ocrx_word' id='word_1_103' title='bbox 1467 1246 1724 1319; x_wconf 81' lang='lat' dir='ltr'><strong>gaudium</strong></span> 
     </span>
    </p>
   </div>
   <div class='ocr_carea' id='block_1_15' title="bbox 153 1340 1727 1415">
    <p class='ocr_par' dir='ltr' id='par_1_15' title="bbox 153 1340 1727 1415">
     <span class='ocr_line' id='line_1_15' title="bbox 153 1340 1727 1415; baseline -0.003 -16"><span class='ocrx_word' id='word_1_104' title='bbox 153 1353 391 1414; x_wconf 88' lang='lat' dir='ltr'><strong>tantaque</strong></span> <span class='ocrx_word' id='word_1_105' title='bbox 416 1342 626 1415; x_wconf 68' lang='lat' dir='ltr'><strong>praemia</strong></span> <span class='ocrx_word' id='word_1_106' title='bbox 670 1345 971 1412; x_wconf 85' lang='lat' dir='ltr'><strong>reservari,</strong></span> <span class='ocrx_word' id='word_1_107' title='bbox 1014 1345 1069 1399; x_wconf 93' lang='lat' dir='ltr'><strong>in</strong></span> <span class='ocrx_word' id='word_1_108' title='bbox 1114 1341 1381 1399; x_wconf 85' lang='lat' dir='ltr'><strong>doctrinis</strong></span> <span class='ocrx_word' id='word_1_109' title='bbox 1425 1340 1727 1412; x_wconf 88' lang='lat' dir='ltr'><strong>glorificate</strong></span> 
     </span>
    </p>
   </div>
   <div class='ocr_carea' id='block_1_16' title="bbox 150 1431 1726 1509">
    <p class='ocr_par' dir='ltr' id='par_1_16' title="bbox 150 1431 1726 1509">
     <span class='ocr_line' id='line_1_16' title="bbox 150 1431 1726 1509; baseline -0.005 -16"><span class='ocrx_word' id='word_1_110' title='bbox 150 1438 439 1503; x_wconf 88' lang='lat' dir='ltr'><strong>Dominum,</strong></span> <span class='ocrx_word' id='word_1_111' title='bbox 466 1438 758 1495; x_wconf 87' lang='lat' dir='ltr'><strong>audientes</strong></span> <span class='ocrx_word' id='word_1_112' title='bbox 801 1437 936 1494; x_wconf 86' lang='lat' dir='ltr'><strong>illud</strong></span> <span class='ocrx_word' id='word_1_113' title='bbox 981 1435 1127 1509; x_wconf 89' lang='lat' dir='ltr'><strong>quod</strong></span> <span class='ocrx_word' id='word_1_114' title='bbox 1155 1434 1417 1505; x_wconf 85' lang='lat' dir='ltr'><strong>scriptum</strong></span> <span class='ocrx_word' id='word_1_115' title='bbox 1459 1441 1543 1489; x_wconf 90' lang='lat' dir='ltr'><strong>est</strong></span> <span class='ocrx_word' id='word_1_116' title='bbox 1575 1449 1589 1486; x_wconf 91' lang='lat'><strong>:</strong></span> <span class='ocrx_word' id='word_1_117' title='bbox 1622 1431 1726 1500; x_wconf 82' lang='lat' dir='ltr'><strong>Qui</strong></span> 
     </span>
    </p>
   </div>
   <div class='ocr_carea' id='block_1_17' title="bbox 145 1524 1725 1605">
    <p class='ocr_par' dir='ltr' id='par_1_17' title="bbox 145 1524 1725 1605">
     <span class='ocr_line' id='line_1_17' title="bbox 145 1524 1725 1605; baseline -0.001 -22"><span class='ocrx_word' id='word_1_118' title='bbox 145 1528 393 1604; x_wconf 74' lang='lat' dir='ltr'><strong>gloriatur,</strong></span> <span class='ocrx_word' id='word_1_119' title='bbox 421 1529 471 1584; x_wconf 85' lang='lat' dir='ltr'><strong>in</strong></span> <span class='ocrx_word' id='word_1_120' title='bbox 502 1527 740 1585; x_wconf 80' lang='lat' dir='ltr'><strong>Domino</strong></span> <span class='ocrx_word' id='word_1_121' title='bbox 766 1529 1018 1605; x_wconf 80' lang='lat' dir='ltr'><strong>glorietur</strong></span> <span class='ocrx_word' id='word_1_122' title='bbox 1064 1526 1128 1601; x_wconf 91' lang='lat' dir='ltr'><strong>(Il</strong></span> <span class='ocrx_word' id='word_1_123' title='bbox 1176 1527 1299 1584; x_wconf 83' lang='lat' dir='ltr'><strong>Cor.</strong></span> <span class='ocrx_word' id='word_1_124' title='bbox 1350 1542 1406 1593; x_wconf 71' lang='grc' dir='ltr'><strong>κ,</strong></span> <span class='ocrx_word' id='word_1_125' title='bbox 1458 1524 1567 1598; x_wconf 84' lang='grc'><strong>17).</strong></span> <span class='ocrx_word' id='word_1_126' title='bbox 1615 1524 1725 1581; x_wconf 79' lang='lat' dir='ltr'><strong>Ne-</strong></span> 
     </span>
    </p>
   </div>
   <div class='ocr_carea' id='block_1_18' title="bbox 145 1616 1724 1691">
    <p class='ocr_par' dir='ltr' id='par_1_18' title="bbox 145 1616 1724 1691">
     <span class='ocr_line' id='line_1_18' title="bbox 145 1616 1724 1691; baseline -0.002 -17"><span class='ocrx_word' id='word_1_127' title='bbox 145 1635 389 1691; x_wconf 79' lang='lat' dir='ltr'><strong>quaquam</strong></span> <span class='ocrx_word' id='word_1_128' title='bbox 418 1620 471 1675; x_wconf 89' lang='lat' dir='ltr'><strong>in</strong></span> <span class='ocrx_word' id='word_1_129' title='bbox 499 1628 644 1676; x_wconf 87' lang='lat' dir='ltr'><strong>terra</strong></span> <span class='ocrx_word' id='word_1_130' title='bbox 674 1619 913 1687; x_wconf 63' lang='lat' dir='ltr'><strong>Iudaeae,</strong></span> <span class='ocrx_word' id='word_1_131' title='bbox 960 1618 1055 1676; x_wconf 83' lang='lat' dir='ltr'><strong>sed</strong></span> <span class='ocrx_word' id='word_1_132' title='bbox 1083 1618 1139 1674; x_wconf 89' lang='lat' dir='ltr'><strong>in</strong></span> <span class='ocrx_word' id='word_1_133' title='bbox 1171 1616 1387 1684; x_wconf 89' lang='lat' dir='ltr'><strong>insulis,</strong></span> <span class='ocrx_word' id='word_1_134' title='bbox 1440 1616 1493 1672; x_wconf 90' lang='lat' dir='ltr'><strong>id</strong></span> <span class='ocrx_word' id='word_1_135' title='bbox 1535 1624 1642 1682; x_wconf 89' lang='lat' dir='ltr'><strong>est,</strong></span> <span class='ocrx_word' id='word_1_136' title='bbox 1672 1616 1724 1671; x_wconf 92' lang='lat' dir='ltr'><strong>in</strong></span> 
     </span>
    </p>
   </div>
   <div class='ocr_carea' id='block_1_19' title="bbox 144 1708 1725 1785">
    <p class='ocr_par' dir='ltr' id='par_1_19' title="bbox 144 1708 1725 1785">
     <span class='ocr_line' id='line_1_19' title="bbox 144 1708 1725 1785; baseline -0.002 -17"><span class='ocrx_word' id='word_1_137' title='bbox 144 1712 377 1770; x_wconf 79' lang='lat' dir='ltr'><strong>Ecclesiis</strong></span> <span class='ocrx_word' id='word_1_138' title='bbox 405 1713 566 1785; x_wconf 86' lang='lat' dir='ltr'><strong>hujus</strong></span> <span class='ocrx_word' id='word_1_139' title='bbox 596 1714 779 1770; x_wconf 86' lang='lat' dir='ltr'><strong>maris</strong></span> <span class='ocrx_word' id='word_1_140' title='bbox 803 1721 861 1769; x_wconf 87' lang='lat' dir='ltr'><strong>et</strong></span> <span class='ocrx_word' id='word_1_141' title='bbox 887 1712 1095 1781; x_wconf 65' lang='lat' dir='ltr'><strong>saeculi,</strong></span> <span class='ocrx_word' id='word_1_142' title='bbox 1130 1713 1184 1767; x_wconf 92' lang='lat' dir='ltr'><strong>in</strong></span> <span class='ocrx_word' id='word_1_143' title='bbox 1206 1710 1406 1782; x_wconf 84' lang='lat' dir='ltr'><strong>quibus</strong></span> <span class='ocrx_word' id='word_1_144' title='bbox 1440 1708 1725 1767; x_wconf 84' lang='lat' dir='ltr'><strong>benedici-</strong></span> 
     </span>
    </p>
   </div>
   <div class='ocr_carea' id='block_1_20' title="bbox 1825 681 3423 757">
    <p class='ocr_par' dir='ltr' id='par_1_20' title="bbox 1825 681 3423 757">
     <span class='ocr_line' id='line_1_20' title="bbox 1825 681 3423 757; baseline 0.004 -19"><span class='ocrx_word' id='word_1_145' title='bbox 1825 681 1972 738; x_wconf 77' lang='lat' dir='ltr'><strong>LXX</strong></span> <span class='ocrx_word' id='word_1_146' title='bbox 2018 693 2257 754; x_wconf 86' lang='lat' dir='ltr'><strong>portenta</strong></span> <span class='ocrx_word' id='word_1_147' title='bbox 2309 686 2648 756; x_wconf 80' lang='lat' dir='ltr'><strong>interpretati</strong></span> <span class='ocrx_word' id='word_1_148' title='bbox 2695 697 2839 756; x_wconf 87' lang='lat' dir='ltr'><strong>sunt,</strong></span> <span class='ocrx_word' id='word_1_149' title='bbox 2876 688 2979 743; x_wconf 90' lang='lat' dir='ltr'><strong>nisi</strong></span> <span class='ocrx_word' id='word_1_150' title='bbox 3030 686 3172 743; x_wconf 89' lang='lat' dir='ltr'><strong>forte</strong></span> <span class='ocrx_word' id='word_1_151' title='bbox 3213 691 3423 757; x_wconf 88' lang='lat' dir='ltr'><strong>signum</strong></span> 
     </span>
    </p>
   </div>
   <div class='ocr_carea' id='block_1_21' title="bbox 1825 781 3423 854">
    <p class='ocr_par' dir='ltr' id='par_1_21' title="bbox 1825 781 3423 854">
     <span class='ocr_line' id='line_1_21' title="bbox 1825 781 3423 854; baseline 0.002 -22"><span class='ocrx_word' id='word_1_152' title='bbox 1825 787 1910 832; x_wconf 88' lang='lat' dir='ltr'><strong>est</strong></span> <span class='ocrx_word' id='word_1_153' title='bbox 1939 787 2103 848; x_wconf 88' lang='lat' dir='ltr'><strong>atque</strong></span> <span class='ocrx_word' id='word_1_154' title='bbox 2128 788 2461 850; x_wconf 88' lang='lat' dir='ltr'><strong>portentum,</strong></span> <span class='ocrx_word' id='word_1_155' title='bbox 2494 789 2553 836; x_wconf 90' lang='lat' dir='ltr'><strong>ut</strong></span> <span class='ocrx_word' id='word_1_156' title='bbox 2578 781 2805 837; x_wconf 75' lang='lat' dir='ltr'><strong>excluso</strong></span> <span class='ocrx_word' id='word_1_157' title='bbox 2832 781 3041 854; x_wconf 86' lang='lat' dir='ltr'><strong>populo</strong></span> <span class='ocrx_word' id='word_1_158' title='bbox 3083 781 3423 847; x_wconf 71' lang='lat' dir='ltr'><strong>Judtcorum,</strong></span> 
     </span>
    </p>
   </div>
   <div class='ocr_carea' id='block_1_22' title="bbox 1826 871 3029 944">
    <p class='ocr_par' dir='ltr' id='par_1_22' title="bbox 1826 871 3029 944">
     <span class='ocr_line' id='line_1_22' title="bbox 1826 871 3029 944; baseline 0.002 -18"><span class='ocrx_word' id='word_1_159' title='bbox 1826 871 2100 928; x_wconf 84' lang='lat' dir='ltr'><strong>incredula</strong></span> <span class='ocrx_word' id='word_1_160' title='bbox 2133 873 2283 942; x_wconf 85' lang='lat' dir='ltr'><strong>prius</strong></span> <span class='ocrx_word' id='word_1_161' title='bbox 2311 877 2553 944; x_wconf 85' lang='lat' dir='ltr'><strong>gentium</strong></span> <span class='ocrx_word' id='word_1_162' title='bbox 2578 876 2735 931; x_wconf 87' lang='lat' dir='ltr'><strong>turba</strong></span> <span class='ocrx_word' id='word_1_163' title='bbox 2766 876 3029 931; x_wconf 86' lang='lat' dir='ltr'><strong>salvetur.</strong></span> 
     </span>
    </p>
   </div>
   <div class='ocr_carea' id='block_1_23' title="bbox 1897 964 3427 1039">
    <p class='ocr_par' dir='ltr' id='par_1_23' title="bbox 1897 964 3427 1039">
     <span class='ocr_line' id='line_1_23' title="bbox 1897 964 3427 1039; baseline 0.003 -20"><span class='ocrx_word' id='word_1_164' title='bbox 1897 964 2080 1037; x_wconf 85' lang='lat' dir='ltr'><strong>(Vers.</strong></span> <span class='ocrx_word' id='word_1_165' title='bbox 2116 967 2203 1033; x_wconf 86' lang='lat' dir='ltr'><strong>I7,</strong></span> <span class='ocrx_word' id='word_1_166' title='bbox 2247 966 2360 1037; x_wconf 79' lang='grc'><strong>18.)</strong></span> <span class='ocrx_word' id='word_1_167' title='bbox 2397 966 2809 1024; x_wconf 73' lang='lat' dir='ltr'><strong>Pt&#39;tevaricantes</strong></span> <span class='ocrx_word' id='word_1_168' title='bbox 2836 968 3170 1039; x_wconf 74' lang='lat' dir='ltr'><strong>prtevat&#39;icati</strong></span> <span class='ocrx_word' id='word_1_169' title='bbox 3208 976 3348 1034; x_wconf 86' lang='lat' dir='ltr'><strong>sunt,</strong></span> <span class='ocrx_word' id='word_1_170' title='bbox 3378 973 3427 1023; x_wconf 81' lang='lat' dir='ltr'><strong>et</strong></span> 
     </span>
    </p>
   </div>
   <div class='ocr_carea' id='block_1_24' title="bbox 1828 1057 3425 1135">
    <p class='ocr_par' dir='ltr' id='par_1_24' title="bbox 1828 1057 3425 1135">
     <span class='ocr_line' id='line_1_24' title="bbox 1828 1057 3425 1135; baseline 0.001 -24"><span class='ocrx_word' id='word_1_171' title='bbox 1828 1060 2248 1129; x_wconf 64' lang='lat' dir='ltr'><strong>praevaricatione</strong></span> <span class='ocrx_word' id='word_1_172' title='bbox 2275 1069 2716 1135; x_wconf 77' lang='lat' dir='ltr'><strong>trausgressorum</strong></span> <span class='ocrx_word' id='word_1_173' title='bbox 2750 1061 3073 1131; x_wconf 68' lang='lat' dir='ltr'><strong>praavaricati</strong></span> <span class='ocrx_word' id='word_1_174' title='bbox 3113 1069 3248 1115; x_wconf 82' lang='lat' dir='ltr'><strong>sunt.</strong></span> <span class='ocrx_word' id='word_1_175' title='bbox 3283 1057 3425 1114; x_wconf 84' lang='lat' dir='ltr'><strong>For-</strong></span> 
     </span>
    </p>
   </div>
   <div class='ocr_carea' id='block_1_25' title="bbox 1827 1152 3428 1228">
    <p class='ocr_par' dir='ltr' id='par_1_25' title="bbox 1827 1152 3428 1228">
     <span class='ocr_line' id='line_1_25' title="bbox 1827 1152 3428 1228; baseline 0.001 -23"><span class='ocrx_word' id='word_1_176' title='bbox 1827 1153 1966 1207; x_wconf 84' lang='lat' dir='ltr'><strong>mido</strong></span> <span class='ocrx_word' id='word_1_177' title='bbox 1993 1164 2043 1208; x_wconf 90' lang='lat' dir='ltr'><strong>et</strong></span> <span class='ocrx_word' id='word_1_178' title='bbox 2071 1156 2219 1225; x_wconf 76' lang='lat' dir='ltr'><strong>fovea</strong></span> <span class='ocrx_word' id='word_1_179' title='bbox 2257 1164 2305 1208; x_wconf 89' lang='lat' dir='ltr'><strong>et</strong></span> <span class='ocrx_word' id='word_1_180' title='bbox 2332 1152 2547 1225; x_wconf 85' lang='lat' dir='ltr'><strong>laqueus</strong></span> <span class='ocrx_word' id='word_1_181' title='bbox 2575 1172 2733 1227; x_wconf 87' lang='lat' dir='ltr'><strong>super</strong></span> <span class='ocrx_word' id='word_1_182' title='bbox 2761 1165 2839 1220; x_wconf 86' lang='lat' dir='ltr'><strong>le,</strong></span> <span class='ocrx_word' id='word_1_183' title='bbox 2868 1155 3031 1228; x_wconf 76' lang='lat'><strong>335</strong></span> <span class='ocrx_word' id='word_1_184' title='bbox 3053 1155 3142 1225; x_wconf 85' lang='lat' dir='ltr'><strong>qui</strong></span> <span class='ocrx_word' id='word_1_185' title='bbox 3168 1154 3428 1209; x_wconf 79' lang='lat' dir='ltr'><strong>habitator</strong></span> 
     </span>
    </p>
   </div>
   <div class='ocr_carea' id='block_1_26' title="bbox 1828 1246 3424 1321">
    <p class='ocr_par' dir='ltr' id='par_1_26' title="bbox 1828 1246 3424 1321">
     <span class='ocr_line' id='line_1_26' title="bbox 1828 1246 3424 1321; baseline 0.002 -23"><span class='ocrx_word' id='word_1_186' title='bbox 1828 1257 1881 1298; x_wconf 85' lang='lat' dir='ltr'><strong>es</strong></span> <span class='ocrx_word' id='word_1_187' title='bbox 1918 1254 2101 1310; x_wconf 69' lang='lat' dir='ltr'><strong>terrm;</strong></span> <span class='ocrx_word' id='word_1_188' title='bbox 2125 1253 2174 1299; x_wconf 90' lang='lat' dir='ltr'><strong>et</strong></span> <span class='ocrx_word' id='word_1_189' title='bbox 2203 1246 2323 1318; x_wconf 73' lang='lat' dir='ltr'><strong>erit,</strong></span> <span class='ocrx_word' id='word_1_190' title='bbox 2344 1247 2432 1316; x_wconf 86' lang='lat' dir='ltr'><strong>qui</strong></span> <span class='ocrx_word' id='word_1_191' title='bbox 2462 1249 2652 1321; x_wconf 77' lang='lat' dir='ltr'><strong>fugerit</strong></span> <span class='ocrx_word' id='word_1_192' title='bbox 2670 1264 2703 1300; x_wconf 91' lang='lat' dir='ltr'><strong>a</strong></span> <span class='ocrx_word' id='word_1_193' title='bbox 2732 1263 2852 1302; x_wconf 84' lang='lat' dir='ltr'><strong>uoce</strong></span> <span class='ocrx_word' id='word_1_194' title='bbox 2882 1248 3178 1319; x_wconf 74' lang='lat' dir='ltr'><strong>formidinis</strong></span> <span class='ocrx_word' id='word_1_195' title='bbox 3200 1246 3350 1302; x_wconf 83' lang='lat' dir='ltr'><strong>cadet</strong></span> <span class='ocrx_word' id='word_1_196' title='bbox 3370 1248 3424 1301; x_wconf 83' lang='lat' dir='ltr'><strong>in</strong></span> 
     </span>
    </p>
   </div>
   <div class='ocr_carea' id='block_1_27' title="bbox 1829 1340 3426 1413">
    <p class='ocr_par' dir='ltr' id='par_1_27' title="bbox 1829 1340 3426 1413">
     <span class='ocr_line' id='line_1_27' title="bbox 1829 1340 3426 1413; baseline 0.001 -21"><span class='ocrx_word' id='word_1_197' title='bbox 1829 1342 2048 1409; x_wconf 81' lang='lat' dir='ltr'><strong>foueam,</strong></span> <span class='ocrx_word' id='word_1_198' title='bbox 2081 1348 2130 1392; x_wconf 81' lang='lat' dir='ltr'><strong>et</strong></span> <span class='ocrx_word' id='word_1_199' title='bbox 2156 1342 2249 1411; x_wconf 84' lang='lat' dir='ltr'><strong>qui</strong></span> <span class='ocrx_word' id='word_1_200' title='bbox 2290 1356 2345 1393; x_wconf 88' lang='lat' dir='ltr'><strong>se</strong></span> <span class='ocrx_word' id='word_1_201' title='bbox 2379 1341 2683 1409; x_wconf 71' lang='lat' dir='ltr'><strong>explicuerit</strong></span> <span class='ocrx_word' id='word_1_202' title='bbox 2710 1341 2773 1395; x_wconf 81' lang='lat' dir='ltr'><strong>de</strong></span> <span class='ocrx_word' id='word_1_203' title='bbox 2796 1344 2963 1413; x_wconf 81' lang='lat' dir='ltr'><strong>fovea,</strong></span> <span class='ocrx_word' id='word_1_204' title='bbox 2992 1342 3249 1413; x_wconf 56' lang='lat' dir='ltr'><strong>“nebitur</strong></span> <span class='ocrx_word' id='word_1_205' title='bbox 3278 1359 3309 1393; x_wconf 90' lang='lat' dir='ltr'><strong>a</strong></span> <span class='ocrx_word' id='word_1_206' title='bbox 3340 1340 3426 1394; x_wconf 89' lang='lat' dir='ltr'><strong>la-</strong></span> 
     </span>
    </p>
   </div>
   <div class='ocr_carea' id='block_1_28' title="bbox 1827 1434 3426 1508">
    <p class='ocr_par' dir='ltr' id='par_1_28' title="bbox 1827 1434 3426 1508">
     <span class='ocr_line' id='line_1_28' title="bbox 1827 1434 3426 1508; baseline 0.001 -19"><span class='ocrx_word' id='word_1_207' title='bbox 1827 1450 1978 1507; x_wconf 83' lang='lat' dir='ltr'><strong>queo.</strong></span> <span class='ocrx_word' id='word_1_208' title='bbox 2020 1434 2165 1490; x_wconf 78' lang='lat' dir='ltr'><strong>LXX</strong></span> <span class='ocrx_word' id='word_1_209' title='bbox 2196 1453 2210 1487; x_wconf 86' lang='lat'><strong>:</strong></span> <span class='ocrx_word' id='word_1_210' title='bbox 2248 1435 2338 1490; x_wconf 61' lang='grc' dir='ltr'><strong>γαν</strong></span> <span class='ocrx_word' id='word_1_211' title='bbox 2381 1436 2864 1508; x_wconf 73' lang='lat' dir='ltr'><strong>prwuaricatoribus</strong></span> <span class='ocrx_word' id='word_1_212' title='bbox 2894 1439 2981 1506; x_wconf 88' lang='lat' dir='ltr'><strong>qui</strong></span> <span class='ocrx_word' id='word_1_213' title='bbox 3010 1440 3426 1508; x_wconf 75' lang='lat' dir='ltr'><strong>prwoaricantur</strong></span> 
     </span>
    </p>
   </div>
   <div class='ocr_carea' id='block_1_29' title="bbox 1831 1524 3426 1601">
    <p class='ocr_par' dir='ltr' id='par_1_29' title="bbox 1831 1524 3426 1601">
     <span class='ocr_line' id='line_1_29' title="bbox 1831 1524 3426 1601; baseline 0.003 -20"><span class='ocrx_word' id='word_1_214' title='bbox 1831 1524 2013 1598; x_wconf 82' lang='lat' dir='ltr'><strong>legem.</strong></span> <span class='ocrx_word' id='word_1_215' title='bbox 2046 1525 2221 1581; x_wconf 82' lang='lat' dir='ltr'><strong>Timor</strong></span> <span class='ocrx_word' id='word_1_216' title='bbox 2248 1535 2299 1581; x_wconf 87' lang='lat' dir='ltr'><strong>et</strong></span> <span class='ocrx_word' id='word_1_217' title='bbox 2327 1529 2475 1597; x_wconf 74' lang='lat' dir='ltr'><strong>fovea</strong></span> <span class='ocrx_word' id='word_1_218' title='bbox 2503 1539 2548 1583; x_wconf 86' lang='lat' dir='ltr'><strong>et</strong></span> <span class='ocrx_word' id='word_1_219' title='bbox 2571 1529 2786 1599; x_wconf 85' lang='lat' dir='ltr'><strong>laqueus</strong></span> <span class='ocrx_word' id='word_1_220' title='bbox 2813 1546 2971 1601; x_wconf 82' lang='lat' dir='ltr'><strong>super</strong></span> <span class='ocrx_word' id='word_1_221' title='bbox 2994 1547 3084 1585; x_wconf 84' lang='lat' dir='ltr'><strong>vos</strong></span> <span class='ocrx_word' id='word_1_222' title='bbox 3110 1531 3200 1600; x_wconf 87' lang='lat' dir='ltr'><strong>qui</strong></span> <span class='ocrx_word' id='word_1_223' title='bbox 3220 1530 3426 1585; x_wconf 86' lang='lat' dir='ltr'><strong>habita-</strong></span> 
     </span>
    </p>
   </div>
   <div class='ocr_carea' id='block_1_30' title="bbox 1831 1624 3428 1700">
    <p class='ocr_par' dir='ltr' id='par_1_30' title="bbox 1831 1624 3428 1700">
     <span class='ocr_line' id='line_1_30' title="bbox 1831 1624 3428 1700; baseline 0 -17"><span class='ocrx_word' id='word_1_224' title='bbox 1831 1628 1895 1683; x_wconf 85' lang='lat' dir='ltr'><strong>tis</strong></span> <span class='ocrx_word' id='word_1_225' title='bbox 1925 1637 2136 1683; x_wconf 87' lang='lat' dir='ltr'><strong>terram.</strong></span> <span class='ocrx_word' id='word_1_226' title='bbox 2168 1624 2239 1683; x_wconf 82' lang='lat' dir='ltr'><strong>Et</strong></span> <span class='ocrx_word' id='word_1_227' title='bbox 2265 1627 2385 1693; x_wconf 88' lang='lat' dir='ltr'><strong>erit,</strong></span> <span class='ocrx_word' id='word_1_228' title='bbox 2429 1628 2520 1699; x_wconf 89' lang='lat' dir='ltr'><strong>qui</strong></span> <span class='ocrx_word' id='word_1_229' title='bbox 2559 1630 2744 1700; x_wconf 76' lang='lat' dir='ltr'><strong>fugerit</strong></span> <span class='ocrx_word' id='word_1_230' title='bbox 2773 1630 3033 1692; x_wconf 84' lang='lat' dir='ltr'><strong>timorem,</strong></span> <span class='ocrx_word' id='word_1_231' title='bbox 3068 1629 3214 1684; x_wconf 84' lang='lat' dir='ltr'><strong>cadet</strong></span> <span class='ocrx_word' id='word_1_232' title='bbox 3251 1629 3304 1683; x_wconf 87' lang='lat' dir='ltr'><strong>in</strong></span> <span class='ocrx_word' id='word_1_233' title='bbox 3347 1630 3428 1699; x_wconf 77' lang='lat' dir='ltr'><strong>{o-</strong></span> 
     </span>
    </p>
   </div>
   <div class='ocr_carea' id='block_1_31' title="bbox 1829 1719 3429 1793">
    <p class='ocr_par' dir='ltr' id='par_1_31' title="bbox 1829 1719 3429 1793">
     <span class='ocr_line' id='line_1_31' title="bbox 1829 1719 3429 1793; baseline 0 -18"><span class='ocrx_word' id='word_1_234' title='bbox 1829 1736 1993 1787; x_wconf 81' lang='lat' dir='ltr'><strong>veam,</strong></span> <span class='ocrx_word' id='word_1_235' title='bbox 2016 1731 2062 1776; x_wconf 88' lang='lat' dir='ltr'><strong>et</strong></span> <span class='ocrx_word' id='word_1_236' title='bbox 2081 1721 2170 1793; x_wconf 88' lang='lat' dir='ltr'><strong>qui</strong></span> <span class='ocrx_word' id='word_1_237' title='bbox 2189 1720 2373 1775; x_wconf 66' lang='lat' dir='ltr'><strong>exierit</strong></span> <span class='ocrx_word' id='word_1_238' title='bbox 2410 1721 2476 1774; x_wconf 86' lang='lat' dir='ltr'><strong>de</strong></span> <span class='ocrx_word' id='word_1_239' title='bbox 2496 1721 2664 1790; x_wconf 79' lang='lat' dir='ltr'><strong>fouea,</strong></span> <span class='ocrx_word' id='word_1_240' title='bbox 2689 1721 2925 1791; x_wconf 83' lang='lat' dir='ltr'><strong>capietur</strong></span> <span class='ocrx_word' id='word_1_241' title='bbox 2948 1721 3154 1791; x_wconf 86' lang='lat' dir='ltr'><strong>laqueo.</strong></span> <span class='ocrx_word' id='word_1_242' title='bbox 3194 1719 3322 1775; x_wconf 66' lang='lat' dir='ltr'><strong>llarc</strong></span> <span class='ocrx_word' id='word_1_243' title='bbox 3342 1728 3429 1776; x_wconf 86' lang='lat' dir='ltr'><strong>est</strong></span> 
     </span>
    </p>
   </div>
   <div class='ocr_carea' id='block_1_32' title="bbox 146 1794 3428 1885">
    <p class='ocr_par' dir='ltr' id='par_1_32' title="bbox 146 1794 3428 1885">
     <span class='ocr_line' id='line_1_32' title="bbox 146 1794 3428 1885; baseline -0.004 -7"><span class='ocrx_word' id='word_1_244' title='bbox 146 1814 221 1861; x_wconf 68' lang='grc' dir='ltr'><strong>ων</strong></span> <span class='ocrx_word' id='word_1_245' title='bbox 256 1815 407 1877; x_wconf 67' lang='lat' dir='ltr'><strong>anlue</strong></span> <span class='ocrx_word' id='word_1_246' title='bbox 436 1806 690 1862; x_wconf 53' lang='lat' dir='ltr'><strong>laudat“?</strong></span> <span class='ocrx_word' id='word_1_247' title='bbox 723 1820 924 1862; x_wconf 69' lang='lat' dir='ltr'><strong>nomen</strong></span> <span class='ocrx_word' id='word_1_248' title='bbox 954 1803 1165 1860; x_wconf 65' lang='lat' dir='ltr'><strong>Domini</strong></span> <span class='ocrx_word' id='word_1_249' title='bbox 1200 1803 1297 1859; x_wconf 71' lang='lat' dir='ltr'><strong>Dei</strong></span> <span class='ocrx_word' id='word_1_250' title='bbox 1328 1803 1603 1875; x_wconf 68' lang='lat' dir='ltr'><strong>quondam</strong></span> <span class='ocrx_word' id='word_1_251' title='bbox 1650 1802 1728 1858; x_wconf 74' lang='grc'><strong>18·</strong></span> <span class='ocrx_word' id='word_1_252' title='bbox 1755 1794 1805 1857; x_wconf 76' lang='grc' dir='ltr'>Β</span> <span class='ocrx_word' id='word_1_253' title='bbox 1833 1828 1993 1869; x_wconf 83' lang='lat' dir='ltr'><strong>causa</strong></span> <span class='ocrx_word' id='word_1_254' title='bbox 2018 1813 2195 1869; x_wconf 89' lang='lat' dir='ltr'><strong>luctus</strong></span> <span class='ocrx_word' id='word_1_255' title='bbox 2226 1824 2279 1868; x_wconf 86' lang='lat' dir='ltr'><strong>et</strong></span> <span class='ocrx_word' id='word_1_256' title='bbox 2306 1813 2542 1885; x_wconf 78' lang='lat' dir='ltr'><strong>gemitus</strong></span> <span class='ocrx_word' id='word_1_257' title='bbox 2584 1814 2714 1880; x_wconf 90' lang='lat' dir='ltr'><strong>mei,</strong></span> <span class='ocrx_word' id='word_1_258' title='bbox 2748 1821 2967 1884; x_wconf 82' lang='lat' dir='ltr'><strong>propter</strong></span> <span class='ocrx_word' id='word_1_259' title='bbox 2997 1829 3158 1881; x_wconf 88' lang='lat' dir='ltr'><strong>quam</strong></span> <span class='ocrx_word' id='word_1_260' title='bbox 3189 1826 3332 1867; x_wconf 85' lang='lat' dir='ltr'><strong>seem</strong></span> <span class='ocrx_word' id='word_1_261' title='bbox 3358 1812 3428 1866; x_wconf 89' lang='lat' dir='ltr'><strong>do</strong></span> 
     </span>
    </p>
   </div>
   <div class='ocr_carea' id='block_1_33' title="bbox 143 1895 1724 1968">
    <p class='ocr_par' dir='ltr' id='par_1_33' title="bbox 143 1895 1724 1968">
     <span class='ocr_line' id='line_1_33' title="bbox 143 1895 1724 1968; baseline -0.003 -14"><span class='ocrx_word' id='word_1_262' title='bbox 143 1898 261 1966; x_wconf 85' lang='lat' dir='ltr'><strong>racl,</strong></span> <span class='ocrx_word' id='word_1_263' title='bbox 288 1900 418 1968; x_wconf 85' lang='lat' dir='ltr'><strong>sive,</strong></span> <span class='ocrx_word' id='word_1_264' title='bbox 447 1899 677 1956; x_wconf 81' lang='lat' dir='ltr'><strong>hominis</strong></span> <span class='ocrx_word' id='word_1_265' title='bbox 702 1898 932 1955; x_wconf 76' lang='lat' dir='ltr'><strong>videntis</strong></span> <span class='ocrx_word' id='word_1_266' title='bbox 949 1897 1137 1954; x_wconf 87' lang='lat' dir='ltr'><strong>Deum.</strong></span> <span class='ocrx_word' id='word_1_267' title='bbox 1162 1896 1323 1953; x_wconf 77' lang='lat' dir='ltr'><strong>Juxta</strong></span> <span class='ocrx_word' id='word_1_268' title='bbox 1351 1895 1517 1962; x_wconf 75' lang='lat' dir='ltr'><strong>LXX,</strong></span> <span class='ocrx_word' id='word_1_269' title='bbox 1542 1900 1724 1951; x_wconf 84' lang='lat' dir='ltr'><strong>omnia</strong></span> 
     </span>
    </p>
   </div>
   <div class='ocr_carea' id='block_1_34' title="bbox 142 1989 1728 2062">
    <p class='ocr_par' dir='ltr' id='par_1_34' title="bbox 142 1989 1728 2062">
     <span class='ocr_line' id='line_1_34' title="bbox 142 1989 1728 2062; baseline -0.001 -15"><span class='ocrx_word' id='word_1_270' title='bbox 142 2008 245 2062; x_wconf 70' lang='lat' dir='ltr'><strong>qua:</strong></span> <span class='ocrx_word' id='word_1_271' title='bbox 275 1993 339 2050; x_wconf 88' lang='lat' dir='ltr'><strong>de</strong></span> <span class='ocrx_word' id='word_1_272' title='bbox 370 1993 581 2050; x_wconf 85' lang='lat' dir='ltr'><strong>sanctis</strong></span> <span class='ocrx_word' id='word_1_273' title='bbox 609 1992 1023 2059; x_wconf 77' lang='lat' dir='ltr'><strong>intelleximus,</strong></span> <span class='ocrx_word' id='word_1_274' title='bbox 1054 1992 1246 2047; x_wconf 84' lang='lat' dir='ltr'><strong>referri</strong></span> <span class='ocrx_word' id='word_1_275' title='bbox 1278 1999 1505 2060; x_wconf 85' lang='lat' dir='ltr'><strong>possunt</strong></span> <span class='ocrx_word' id='word_1_276' title='bbox 1533 1989 1601 2046; x_wconf 90' lang='lat' dir='ltr'><strong>ad</strong></span> <span class='ocrx_word' id='word_1_277' title='bbox 1624 1991 1728 2045; x_wconf 83' lang='lat' dir='ltr'><strong>im-</strong></span> 
     </span>
    </p>
   </div>
   <div class='ocr_carea' id='block_1_35' title="bbox 141 2082 1724 2155">
    <p class='ocr_par' dir='ltr' id='par_1_35' title="bbox 141 2082 1724 2155">
     <span class='ocr_line' id='line_1_35' title="bbox 141 2082 1724 2155; baseline -0.001 -18"><span class='ocrx_word' id='word_1_278' title='bbox 141 2084 261 2154; x_wconf 89' lang='lat' dir='ltr'><strong>pios,</strong></span> <span class='ocrx_word' id='word_1_279' title='bbox 290 2087 432 2155; x_wconf 86' lang='lat' dir='ltr'><strong>quod</strong></span> <span class='ocrx_word' id='word_1_280' title='bbox 460 2100 589 2141; x_wconf 90' lang='lat' dir='ltr'><strong>cum</strong></span> <span class='ocrx_word' id='word_1_281' title='bbox 623 2085 792 2141; x_wconf 79' lang='lat' dir='ltr'><strong>fuerit</strong></span> <span class='ocrx_word' id='word_1_282' title='bbox 820 2083 967 2139; x_wconf 84' lang='lat' dir='ltr'><strong>llnita</strong></span> <span class='ocrx_word' id='word_1_283' title='bbox 1001 2082 1271 2139; x_wconf 80' lang='lat' dir='ltr'><strong>vindemia</strong></span> <span class='ocrx_word' id='word_1_284' title='bbox 1293 2125 1308 2148; x_wconf 91' lang='lat'><strong>,</strong></span> <span class='ocrx_word' id='word_1_285' title='bbox 1340 2092 1467 2138; x_wconf 88' lang='lat' dir='ltr'><strong>tunc</strong></span> <span class='ocrx_word' id='word_1_286' title='bbox 1497 2082 1578 2137; x_wconf 89' lang='lat' dir='ltr'><strong>illi</strong></span> <span class='ocrx_word' id='word_1_287' title='bbox 1605 2082 1724 2137; x_wconf 90' lang='lat' dir='ltr'><strong>cla-</strong></span> 
     </span>
    </p>
   </div>
   <div class='ocr_carea' id='block_1_36' title="bbox 140 2174 1726 2253">
    <p class='ocr_par' dir='ltr' id='par_1_36' title="bbox 140 2174 1726 2253">
     <span class='ocr_line' id='line_1_36' title="bbox 140 2174 1726 2253; baseline -0.002 -21"><span class='ocrx_word' id='word_1_288' title='bbox 140 2186 271 2233; x_wconf 88' lang='lat' dir='ltr'><strong>ment</strong></span> <span class='ocrx_word' id='word_1_289' title='bbox 285 2178 334 2234; x_wconf 91' lang='lat' dir='ltr'><strong>in</strong></span> <span class='ocrx_word' id='word_1_290' title='bbox 350 2179 646 2251; x_wconf 81' lang='lat' dir='ltr'><strong>suppliciis</strong></span> <span class='ocrx_word' id='word_1_291' title='bbox 666 2174 1091 2246; x_wconf 83' lang='lat' dir='ltr'><strong>constituti.Qni</strong></span> <span class='ocrx_word' id='word_1_292' title='bbox 1120 2188 1298 2233; x_wconf 89' lang='lat' dir='ltr'><strong>autem</strong></span> <span class='ocrx_word' id='word_1_293' title='bbox 1319 2177 1599 2253; x_wconf 87' lang='lat' dir='ltr'><strong>evaserint</strong></span> <span class='ocrx_word' id='word_1_294' title='bbox 1626 2176 1726 2230; x_wconf 85' lang='grc'><strong>1111-</strong></span> 
     </span>
    </p>
   </div>
   <div class='ocr_carea' id='block_1_37' title="bbox 138 2269 1726 2345">
    <p class='ocr_par' dir='ltr' id='par_1_37' title="bbox 138 2269 1726 2345">
     <span class='ocr_line' id='line_1_37' title="bbox 138 2269 1726 2345; baseline -0.001 -19"><span class='ocrx_word' id='word_1_295' title='bbox 138 2269 327 2342; x_wconf 81' lang='lat' dir='ltr'><strong>piorum</strong></span> <span class='ocrx_word' id='word_1_296' title='bbox 368 2289 665 2330; x_wconf 76' lang='lat' dir='ltr'><strong>numerum</strong></span> <span class='ocrx_word' id='word_1_297' title='bbox 693 2274 946 2330; x_wconf 67' lang='lat' dir='ltr'><strong>laetentur</strong></span> <span class='ocrx_word' id='word_1_298' title='bbox 970 2273 1020 2328; x_wconf 92' lang='lat' dir='ltr'><strong>in</strong></span> <span class='ocrx_word' id='word_1_299' title='bbox 1052 2272 1223 2345; x_wconf 79' lang='lat' dir='ltr'><strong>gloria</strong></span> <span class='ocrx_word' id='word_1_300' title='bbox 1246 2271 1484 2340; x_wconf 88' lang='lat' dir='ltr'><strong>Domini,</strong></span> <span class='ocrx_word' id='word_1_301' title='bbox 1516 2280 1571 2329; x_wconf 91' lang='lat' dir='ltr'><strong>et</strong></span> <span class='ocrx_word' id='word_1_302' title='bbox 1593 2287 1726 2327; x_wconf 82' lang='lat' dir='ltr'><strong>cou-</strong></span> 
     </span>
    </p>
   </div>
   <div class='ocr_carea' id='block_1_38' title="bbox 138 2365 1720 2442">
    <p class='ocr_par' dir='ltr' id='par_1_38' title="bbox 138 2365 1720 2442">
     <span class='ocr_line' id='line_1_38' title="bbox 138 2365 1720 2442; baseline 0.002 -24"><span class='ocrx_word' id='word_1_303' title='bbox 138 2367 402 2424; x_wconf 87' lang='lat' dir='ltr'><strong>turbentur</strong></span> <span class='ocrx_word' id='word_1_304' title='bbox 441 2384 605 2441; x_wconf 69' lang='lat' dir='ltr'><strong>aqua:</strong></span> <span class='ocrx_word' id='word_1_305' title='bbox 638 2367 966 2440; x_wconf 89' lang='lat' dir='ltr'><strong>populorttm</strong></span> <span class='ocrx_word' id='word_1_306' title='bbox 1002 2367 1159 2441; x_wconf 89' lang='lat' dir='ltr'><strong>hujus</strong></span> <span class='ocrx_word' id='word_1_307' title='bbox 1187 2365 1296 2442; x_wconf 75' lang='lat' dir='ltr'><strong>[AL</strong></span> <span class='ocrx_word' id='word_1_308' title='bbox 1329 2365 1471 2441; x_wconf 83' lang='lat' dir='ltr'><strong>ejus]</strong></span> <span class='ocrx_word' id='word_1_309' title='bbox 1511 2365 1720 2423; x_wconf 69' lang='lat' dir='ltr'><strong>saeculi.</strong></span> 
     </span>
    </p>
   </div>
   <div class='ocr_carea' id='block_1_39' title="bbox 191 2454 1722 2541">
    <p class='ocr_par' dir='ltr' id='par_1_39' title="bbox 191 2454 1722 2541">
     <span class='ocr_line' id='line_1_39' title="bbox 191 2454 1722 2541; baseline -0.005 -21"><span class='ocrx_word' id='word_1_310' title='bbox 191 2454 346 2541; x_wconf 68' lang='lat'><strong>334</strong></span> <span class='ocrx_word' id='word_1_311' title='bbox 374 2461 565 2536; x_wconf 85' lang='lat' dir='ltr'><strong>(Vers.</strong></span> <span class='ocrx_word' id='word_1_312' title='bbox 594 2460 714 2533; x_wconf 77' lang='grc'><strong>16.)</strong></span> <span class='ocrx_word' id='word_1_313' title='bbox 739 2461 779 2517; x_wconf 84' lang='grc' dir='ltr'><em>Α</em></span> <span class='ocrx_word' id='word_1_314' title='bbox 803 2460 999 2535; x_wconf 77' lang='lat' dir='ltr'><strong>ﬁnibus</strong></span> <span class='ocrx_word' id='word_1_315' title='bbox 1027 2469 1177 2517; x_wconf 78' lang='lat' dir='ltr'><strong>terra:</strong></span> <span class='ocrx_word' id='word_1_316' title='bbox 1199 2461 1379 2516; x_wconf 81' lang='lat' dir='ltr'><strong>laudes</strong></span> <span class='ocrx_word' id='word_1_317' title='bbox 1401 2460 1722 2527; x_wconf 82' lang='lat' dir='ltr'><strong>audirimus,</strong></span> 
     </span>
    </p>
   </div>
   <div class='ocr_carea' id='block_1_40' title="bbox 129 2552 1723 2625">
    <p class='ocr_par' dir='ltr' id='par_1_40' title="bbox 129 2552 1723 2625">
     <span class='ocr_line' id='line_1_40' title="bbox 129 2552 1723 2625; baseline 0.002 -21"><span class='ocrx_word' id='word_1_318' title='bbox 129 2553 329 2625; x_wconf 80' lang='lat' dir='ltr'><strong>gloriam</strong></span> <span class='ocrx_word' id='word_1_319' title='bbox 348 2556 524 2623; x_wconf 73' lang='lat' dir='ltr'><strong>Iusti,</strong></span> <span class='ocrx_word' id='word_1_320' title='bbox 549 2564 601 2610; x_wconf 89' lang='lat' dir='ltr'><strong>et</strong></span> <span class='ocrx_word' id='word_1_321' title='bbox 623 2555 772 2611; x_wconf 70' lang='lat' dir='ltr'><strong>dixi:</strong></span> <span class='ocrx_word' id='word_1_322' title='bbox 796 2555 1070 2612; x_wconf 82' lang='lat' dir='ltr'><strong>Secretum</strong></span> <span class='ocrx_word' id='word_1_323' title='bbox 1098 2570 1266 2609; x_wconf 87' lang='lat' dir='ltr'><strong>meum</strong></span> <span class='ocrx_word' id='word_1_324' title='bbox 1286 2552 1439 2621; x_wconf 81' lang='lat' dir='ltr'><strong>mihi,</strong></span> <span class='ocrx_word' id='word_1_325' title='bbox 1471 2561 1723 2609; x_wconf 86' lang='lat' dir='ltr'><strong>secretum</strong></span> 
     </span>
    </p>
   </div>
   <div class='ocr_carea' id='block_1_41' title="bbox 130 2647 1726 2718">
    <p class='ocr_par' dir='ltr' id='par_1_41' title="bbox 130 2647 1726 2718">
     <span class='ocr_line' id='line_1_41' title="bbox 130 2647 1726 2718; baseline 0 -18"><span class='ocrx_word' id='word_1_326' title='bbox 130 2661 278 2703; x_wconf 85' lang='lat' dir='ltr'><strong>meum</strong></span> <span class='ocrx_word' id='word_1_327' title='bbox 324 2649 458 2704; x_wconf 78' lang='lat' dir='ltr'><strong>mihi</strong></span> <span class='ocrx_word' id='word_1_328' title='bbox 484 2665 505 2705; x_wconf 90' lang='lat'><strong><em>:</em></strong></span> <span class='ocrx_word' id='word_1_329' title='bbox 538 2647 569 2679; x_wconf 77' lang='grc'><strong>⁸</strong></span> <span class='ocrx_word' id='word_1_330' title='bbox 600 2666 677 2706; x_wconf 77' lang='lat' dir='ltr'><strong>ore</strong></span> <span class='ocrx_word' id='word_1_331' title='bbox 716 2650 863 2706; x_wconf 85' lang='lat' dir='ltr'><strong>mihi.</strong></span> <span class='ocrx_word' id='word_1_332' title='bbox 898 2647 1045 2705; x_wconf 75' lang='lat' dir='ltr'><strong>LXX</strong></span> <span class='ocrx_word' id='word_1_333' title='bbox 1074 2666 1087 2703; x_wconf 93' lang='lat'>:</span> <span class='ocrx_word' id='word_1_334' title='bbox 1119 2649 1193 2704; x_wconf 81' lang='lat' dir='ltr'><strong>Ab</strong></span> <span class='ocrx_word' id='word_1_335' title='bbox 1238 2648 1356 2706; x_wconf 89' lang='lat' dir='ltr'><strong>aliis</strong></span> <span class='ocrx_word' id='word_1_336' title='bbox 1407 2658 1563 2704; x_wconf 76' lang='lat' dir='ltr'><strong>terrte</strong></span> <span class='ocrx_word' id='word_1_337' title='bbox 1601 2662 1726 2718; x_wconf 88' lang='lat' dir='ltr'><strong>por-</strong></span> 
     </span>
    </p>
   </div>
   <div class='ocr_carea' id='block_1_42' title="bbox 123 2755 1722 2899">
    <p class='ocr_par' dir='ltr' id='par_1_42' title="bbox 123 2755 1722 2899">
     <span class='ocr_line' id='line_1_42' title="bbox 123 2755 1722 2899; baseline 0.002 -56"><span class='ocrx_word' id='word_1_338' title='bbox 123 2798 250 2849; x_wconf 64' lang='lat' dir='ltr'><strong>tentu</strong></span> <span class='ocrx_word' id='word_1_339' title='bbox 290 2792 601 2853; x_wconf 73' lang='lat' dir='ltr'><strong>audivimus</strong></span> <span class='ocrx_word' id='word_1_340' title='bbox 629 2812 648 2851; x_wconf 81' lang='lat'><strong>.&#39;</strong></span> <span class='ocrx_word' id='word_1_341' title='bbox 676 2810 797 2867; x_wconf 77' lang='lat' dir='ltr'><strong>spes</strong></span> <span class='ocrx_word' id='word_1_342' title='bbox 831 2795 1004 2865; x_wconf 84' lang='lat' dir='ltr'><strong>justo,</strong></span> <span class='ocrx_word' id='word_1_343' title='bbox 1035 2800 1081 2845; x_wconf 88' lang='lat' dir='ltr'><strong>et</strong></span> <span class='ocrx_word' id='word_1_344' title='bbox 1119 2790 1291 2847; x_wconf 81' lang='lat' dir='ltr'><strong>dicent</strong></span> <span class='ocrx_word' id='word_1_345' title='bbox 1582 2806 1722 2861; x_wconf 77' lang='lat' dir='ltr'><strong>mys-</strong></span> 
     </span>
    </p>
   </div>
   <div class='ocr_carea' id='block_1_43' title="bbox 118 2940 1727 3014">
    <p class='ocr_par' dir='ltr' id='par_1_43' title="bbox 118 2940 1727 3014">
     <span class='ocr_line' id='line_1_43' title="bbox 118 2940 1727 3014; baseline -0.004 -19"><span class='ocrx_word' id='word_1_346' title='bbox 118 2943 290 2999; x_wconf 76' lang='lat' dir='ltr'><strong>(crium</strong></span> <span class='ocrx_word' id='word_1_347' title='bbox 307 2961 485 3000; x_wconf 83' lang='lat' dir='ltr'><strong>meum</strong></span> <span class='ocrx_word' id='word_1_348' title='bbox 506 2942 636 2999; x_wconf 80' lang='lat' dir='ltr'><strong>mihi</strong></span> <span class='ocrx_word' id='word_1_349' title='bbox 651 2949 714 3013; x_wconf 81' lang='grc'><strong>⁸,.</strong></span> <span class='ocrx_word' id='word_1_350' title='bbox 738 2944 853 3000; x_wconf 90' lang='lat' dir='ltr'><strong>Iloc</strong></span> <span class='ocrx_word' id='word_1_351' title='bbox 878 2940 1024 3014; x_wconf 85' lang='lat' dir='ltr'><strong>quod</strong></span> <span class='ocrx_word' id='word_1_352' title='bbox 1038 2941 1231 2997; x_wconf 87' lang='lat' dir='ltr'><strong>dicitur</strong></span> <span class='ocrx_word' id='word_1_353' title='bbox 1247 2940 1455 3011; x_wconf 80' lang='lat' dir='ltr'><strong>mqsteri</strong></span> <span class='ocrx_word' id='word_1_354' title='bbox 1466 2957 1546 2993; x_wconf 64' lang='lat' dir='ltr'><strong>um</strong></span> <span class='ocrx_word' id='word_1_355' title='bbox 1560 2954 1727 2997; x_wconf 87' lang='lat' dir='ltr'><strong>meum</strong></span> 
     </span>
    </p>
   </div>
   <div class='ocr_carea' id='block_1_44' title="bbox 116 3029 1727 3106">
    <p class='ocr_par' dir='ltr' id='par_1_44' title="bbox 116 3029 1727 3106">
     <span class='ocr_line' id='line_1_44' title="bbox 116 3029 1727 3106; baseline -0.003 -17"><span class='ocrx_word' id='word_1_356' title='bbox 116 3037 262 3106; x_wconf 78' lang='lat' dir='ltr'><strong>mihi,</strong></span> <span class='ocrx_word' id='word_1_357' title='bbox 318 3038 374 3092; x_wconf 87' lang='lat' dir='ltr'><strong>in</strong></span> <span class='ocrx_word' id='word_1_358' title='bbox 433 3034 586 3090; x_wconf 77' lang='lat' dir='ltr'><strong>LXX</strong></span> <span class='ocrx_word' id='word_1_359' title='bbox 626 3054 735 3094; x_wconf 92' lang='lat' dir='ltr'><strong>non</strong></span> <span class='ocrx_word' id='word_1_360' title='bbox 785 3035 1047 3099; x_wconf 87' lang='lat' dir='ltr'><strong>habetur,</strong></span> <span class='ocrx_word' id='word_1_361' title='bbox 1099 3033 1193 3093; x_wconf 84' lang='lat' dir='ltr'><strong>sed</strong></span> <span class='ocrx_word' id='word_1_362' title='bbox 1235 3033 1303 3088; x_wconf 88' lang='lat' dir='ltr'><strong>de</strong></span> <span class='ocrx_word' id='word_1_363' title='bbox 1330 3029 1727 3088; x_wconf 78' lang='lat' dir='ltr'><strong>Theodotioois</strong></span> 
     </span>
    </p>
   </div>
   <div class='ocr_carea' id='block_1_45' title="bbox 110 3127 1729 3197">
    <p class='ocr_par' dir='ltr' id='par_1_45' title="bbox 110 3127 1729 3197">
     <span class='ocr_line' id='line_1_45' title="bbox 110 3127 1729 3197; baseline -0.004 -10"><span class='ocrx_word' id='word_1_364' title='bbox 110 3134 485 3191; x_wconf 76' lang='lat' dir='ltr'><strong>translatione</strong></span> <span class='ocrx_word' id='word_1_365' title='bbox 539 3130 592 3187; x_wconf 91' lang='lat' dir='ltr'><strong>in</strong></span> <span class='ocrx_word' id='word_1_366' title='bbox 631 3131 824 3189; x_wconf 72' lang='lat' dir='ltr'><strong>Graeco</strong></span> <span class='ocrx_word' id='word_1_367' title='bbox 855 3129 1095 3184; x_wconf 77' lang='lat' dir='ltr'><strong>additum</strong></span> <span class='ocrx_word' id='word_1_368' title='bbox 1124 3138 1227 3184; x_wconf 91' lang='lat' dir='ltr'><strong>est.</strong></span> <span class='ocrx_word' id='word_1_369' title='bbox 1260 3127 1498 3185; x_wconf 69' lang='lat' dir='ltr'><strong>Rursum</strong></span> <span class='ocrx_word' id='word_1_370' title='bbox 1531 3141 1631 3197; x_wconf 88' lang='lat' dir='ltr'><strong>pro</strong></span> <span class='ocrx_word' id='word_1_371' title='bbox 1663 3139 1729 3181; x_wconf 93' lang='lat' dir='ltr'><strong>co</strong></span> 
     </span>
    </p>
   </div>
   <div class='ocr_carea' id='block_1_46' title="bbox 104 3218 1730 3297">
    <p class='ocr_par' dir='ltr' id='par_1_46' title="bbox 104 3218 1730 3297">
     <span class='ocr_line' id='line_1_46' title="bbox 104 3218 1730 3297; baseline -0.004 -17"><span class='ocrx_word' id='word_1_372' title='bbox 104 3226 245 3297; x_wconf 88' lang='lat' dir='ltr'><strong>quod</strong></span> <span class='ocrx_word' id='word_1_373' title='bbox 270 3226 358 3280; x_wconf 90' lang='lat' dir='ltr'><strong>illi</strong></span> <span class='ocrx_word' id='word_1_374' title='bbox 394 3235 703 3294; x_wconf 86' lang='lat' dir='ltr'><strong>posuerunt</strong></span> <span class='ocrx_word' id='word_1_375' title='bbox 736 3241 832 3289; x_wconf 75' lang='lat' dir='ltr'><strong>rte,</strong></span> <span class='ocrx_word' id='word_1_376' title='bbox 863 3231 926 3280; x_wconf 88' lang='lat' dir='ltr'><strong>ut</strong></span> <span class='ocrx_word' id='word_1_377' title='bbox 951 3224 1198 3297; x_wconf 77' lang='lat' dir='ltr'><strong>sequenti</strong></span> <span class='ocrx_word' id='word_1_378' title='bbox 1230 3220 1504 3276; x_wconf 78' lang='lat' dir='ltr'><strong>versiculo</strong></span> <span class='ocrx_word' id='word_1_379' title='bbox 1536 3218 1730 3288; x_wconf 75' lang='lat' dir='ltr'><strong>junge-</strong></span> 
     </span>
    </p>
   </div>
   <div class='ocr_carea' id='block_1_47' title="bbox 103 3287 1731 3387">
    <p class='ocr_par' dir='ltr' id='par_1_47' title="bbox 103 3287 1731 3387">
     <span class='ocr_line' id='line_1_47' title="bbox 103 3287 1731 3387; baseline -0.006 -12"><span class='ocrx_word' id='word_1_380' title='bbox 103 3287 286 3385; x_wconf 64' lang='lat' dir='ltr'><strong>rctur,</strong></span> <span class='ocrx_word' id='word_1_381' title='bbox 320 3316 379 3371; x_wconf 90' lang='lat' dir='ltr'><strong>in</strong></span> <span class='ocrx_word' id='word_1_382' title='bbox 394 3287 692 3372; x_wconf 62' lang='lat' dir='ltr'><strong>llebraico</strong></span> <span class='ocrx_word' id='word_1_383' title='bbox 714 3287 913 3371; x_wconf 80' lang='lat' dir='ltr'><strong>dicitur</strong></span> <span class='ocrx_word' id='word_1_384' title='bbox 935 3328 989 3367; x_wconf 85' lang='lat' dir='ltr'><strong>ut</strong></span> <span class='ocrx_word' id='word_1_385' title='bbox 1012 3287 1061 3367; x_wconf 67' lang='lat' dir='ltr'><strong>ut</strong></span> <span class='ocrx_word' id='word_1_386' title='bbox 1085 3287 1155 3387; x_wconf 54' lang='grc' dir='ltr'><strong>υ.)</strong></span> <span class='ocrx_word' id='word_1_387' title='bbox 1181 3317 1316 3384; x_wconf 60' lang='lat' dir='ltr'><strong>tua),</strong></span> <span class='ocrx_word' id='word_1_388' title='bbox 1341 3310 1482 3380; x_wconf 85' lang='lat' dir='ltr'><strong>quod</strong></span> <span class='ocrx_word' id='word_1_389' title='bbox 1511 3287 1731 3380; x_wconf 82' lang='lat' dir='ltr'><strong>pmprie</strong></span> 
     </span>
    </p>
   </div>
   <div class='ocr_carea' id='block_1_48' title="bbox 109 3402 1732 3481">
    <p class='ocr_par' dir='ltr' id='par_1_48' title="bbox 109 3402 1732 3481">
     <span class='ocr_line' id='line_1_48' title="bbox 109 3402 1732 3481; baseline -0.01 -12"><span class='ocrx_word' id='word_1_390' title='bbox 109 3420 296 3477; x_wconf 86' lang='lat' dir='ltr'><strong>sonat,</strong></span> <span class='ocrx_word' id='word_1_391' title='bbox 328 3423 411 3464; x_wconf 78' lang='lat' dir='ltr'><strong>va:</strong></span> <span class='ocrx_word' id='word_1_392' title='bbox 434 3406 589 3464; x_wconf 78' lang='lat' dir='ltr'><strong>mihi.</strong></span> <span class='ocrx_word' id='word_1_393' title='bbox 622 3407 729 3464; x_wconf 87' lang='lat' dir='ltr'><strong>Pro</strong></span> <span class='ocrx_word' id='word_1_394' title='bbox 756 3407 955 3461; x_wconf 86' lang='lat' dir='ltr'><strong>linibus</strong></span> <span class='ocrx_word' id='word_1_395' title='bbox 978 3421 1191 3477; x_wconf 82' lang='lat' dir='ltr'><strong>quoque</strong></span> <span class='ocrx_word' id='word_1_396' title='bbox 1212 3402 1356 3481; x_wconf 89' lang='lat' dir='ltr'><strong>quod</strong></span> <span class='ocrx_word' id='word_1_397' title='bbox 1386 3418 1483 3458; x_wconf 89' lang='lat' dir='ltr'><strong>nos</strong></span> <span class='ocrx_word' id='word_1_398' title='bbox 1512 3410 1732 3473; x_wconf 76' lang='lat' dir='ltr'><strong>propter</strong></span> 
     </span>
    </p>
   </div>
   <div class='ocr_carea' id='block_1_49' title="bbox 113 3492 1729 3575">
    <p class='ocr_par' dir='ltr' id='par_1_49' title="bbox 113 3492 1729 3575">
     <span class='ocr_line' id='line_1_49' title="bbox 113 3492 1729 3575; baseline -0.008 -15"><span class='ocrx_word' id='word_1_399' title='bbox 113 3501 575 3575; x_wconf 71' lang='lat' dir='ltr'><strong>citplanationem</strong></span> <span class='ocrx_word' id='word_1_400' title='bbox 623 3515 818 3555; x_wconf 82' lang='lat' dir='ltr'><strong>sensus</strong></span> <span class='ocrx_word' id='word_1_401' title='bbox 865 3497 1107 3569; x_wconf 81' lang='lat' dir='ltr'><strong>apertius</strong></span> <span class='ocrx_word' id='word_1_402' title='bbox 1148 3495 1466 3571; x_wconf 75' lang='lat' dir='ltr'><strong>posititnus,</strong></span> <span class='ocrx_word' id='word_1_403' title='bbox 1521 3492 1573 3548; x_wconf 87' lang='grc'><strong>111</strong></span> <span class='ocrx_word' id='word_1_404' title='bbox 1626 3492 1729 3548; x_wconf 86' lang='lat' dir='ltr'><strong>lle-</strong></span> 
     </span>
    </p>
   </div>
   <div class='ocr_carea' id='block_1_50' title="bbox 118 3587 1722 3673">
    <p class='ocr_par' dir='ltr' id='par_1_50' title="bbox 118 3587 1722 3673">
     <span class='ocr_line' id='line_1_50' title="bbox 118 3587 1722 3673; baseline -0.007 -21"><span class='ocrx_word' id='word_1_405' title='bbox 118 3598 299 3654; x_wconf 89' lang='lat' dir='ltr'><strong>braico</strong></span> <span class='ocrx_word' id='word_1_406' title='bbox 348 3595 588 3650; x_wconf 84' lang='lat' dir='ltr'><strong>habetur</strong></span> <span class='ocrx_word' id='word_1_407' title='bbox 615 3606 973 3649; x_wconf 72' lang='lat' dir='ltr'><strong>usccusnsrn</strong></span> <span class='ocrx_word' id='word_1_408' title='bbox 1003 3590 1219 3673; x_wconf 61' lang='lat' dir='ltr'><strong>(quin),</strong></span> <span class='ocrx_word' id='word_1_409' title='bbox 1248 3587 1391 3661; x_wconf 90' lang='lat' dir='ltr'><strong>quod</strong></span> <span class='ocrx_word' id='word_1_410' title='bbox 1424 3588 1584 3651; x_wconf 89' lang='lat' dir='ltr'><strong>alam,</strong></span> <span class='ocrx_word' id='word_1_411' title='bbox 1618 3601 1722 3641; x_wconf 90' lang='lat' dir='ltr'><strong>non</strong></span> 
     </span>
    </p>
   </div>
   <div class='ocr_carea' id='block_1_51' title="bbox 122 3682 1719 3759">
    <p class='ocr_par' dir='ltr' id='par_1_51' title="bbox 122 3682 1719 3759">
     <span class='ocr_line' id='line_1_51' title="bbox 122 3682 1719 3759; baseline -0.006 -14"><span class='ocrx_word' id='word_1_412' title='bbox 122 3692 292 3759; x_wconf 81' lang='lat' dir='ltr'><strong>ﬁnem,</strong></span> <span class='ocrx_word' id='word_1_413' title='bbox 327 3696 516 3745; x_wconf 88' lang='lat' dir='ltr'><strong>sonat.</strong></span> <span class='ocrx_word' id='word_1_414' title='bbox 544 3685 608 3742; x_wconf 90' lang='lat' dir='ltr'><strong>lli</strong></span> <span class='ocrx_word' id='word_1_415' title='bbox 642 3702 794 3758; x_wconf 74' lang='lat' dir='ltr'><strong>ergo,</strong></span> <span class='ocrx_word' id='word_1_416' title='bbox 842 3684 911 3740; x_wconf 89' lang='lat' dir='ltr'><strong>de</strong></span> <span class='ocrx_word' id='word_1_417' title='bbox 948 3683 1146 3754; x_wconf 82' lang='lat' dir='ltr'><strong>quibus</strong></span> <span class='ocrx_word' id='word_1_418' title='bbox 1175 3698 1337 3755; x_wconf 84' lang='lat' dir='ltr'><strong>supra</strong></span> <span class='ocrx_word' id='word_1_419' title='bbox 1369 3682 1570 3740; x_wconf 89' lang='lat' dir='ltr'><strong>dictum</strong></span> <span class='ocrx_word' id='word_1_420' title='bbox 1595 3689 1719 3736; x_wconf 78' lang='lat' dir='ltr'><strong>est:</strong></span> 
     </span>
    </p>
   </div>
   <div class='ocr_carea' id='block_1_52' title="bbox 122 3772 1721 3848">
    <p class='ocr_par' dir='ltr' id='par_1_52' title="bbox 122 3772 1721 3848">
     <span class='ocr_line' id='line_1_52' title="bbox 122 3772 1721 3848; baseline -0.005 -11"><span class='ocrx_word' id='word_1_421' title='bbox 122 3781 381 3837; x_wconf 82' lang='lat' dir='ltr'><strong>Leuubunt</strong></span> <span class='ocrx_word' id='word_1_422' title='bbox 410 3796 585 3836; x_wconf 83' lang='lat' dir='ltr'><strong>vocem</strong></span> <span class='ocrx_word' id='word_1_423' title='bbox 615 3795 761 3833; x_wconf 84' lang='lat' dir='ltr'><strong>suam</strong></span> <span class='ocrx_word' id='word_1_424' title='bbox 788 3789 941 3848; x_wconf 88' lang='lat' dir='ltr'><strong>atque</strong></span> <span class='ocrx_word' id='word_1_425' title='bbox 987 3774 1289 3842; x_wconf 84' lang='lat' dir='ltr'><strong>laudabunt,</strong></span> <span class='ocrx_word' id='word_1_426' title='bbox 1335 3792 1458 3829; x_wconf 89' lang='lat' dir='ltr'><strong>cum</strong></span> <span class='ocrx_word' id='word_1_427' title='bbox 1505 3772 1721 3829; x_wconf 85' lang='lat' dir='ltr'><strong>hinnie-</strong></span> 
     </span>
    </p>
   </div>
   <div class='ocr_carea' id='block_1_53' title="bbox 122 3864 1715 3941">
    <p class='ocr_par' dir='ltr' id='par_1_53' title="bbox 122 3864 1715 3941">
     <span class='ocr_line' id='line_1_53' title="bbox 122 3864 1715 3941; baseline -0.004 -12"><span class='ocrx_word' id='word_1_428' title='bbox 122 3875 223 3931; x_wconf 88' lang='lat' dir='ltr'><strong>rint</strong></span> <span class='ocrx_word' id='word_1_429' title='bbox 267 3874 339 3930; x_wconf 88' lang='lat' dir='ltr'><strong>de</strong></span> <span class='ocrx_word' id='word_1_430' title='bbox 382 3872 549 3936; x_wconf 90' lang='lat' dir='ltr'><strong>mari,</strong></span> <span class='ocrx_word' id='word_1_431' title='bbox 591 3881 646 3927; x_wconf 86' lang='lat' dir='ltr'><strong>et</strong></span> <span class='ocrx_word' id='word_1_432' title='bbox 689 3869 743 3925; x_wconf 90' lang='lat' dir='ltr'><strong>in</strong></span> <span class='ocrx_word' id='word_1_433' title='bbox 766 3867 1029 3925; x_wconf 88' lang='lat' dir='ltr'><strong>doctrinis</strong></span> <span class='ocrx_word' id='word_1_434' title='bbox 1065 3867 1489 3941; x_wconf 81' lang='lat' dir='ltr'><strong>glorificaverint</strong></span> <span class='ocrx_word' id='word_1_435' title='bbox 1529 3864 1715 3923; x_wconf 79' lang='lat' dir='ltr'><strong>Domi-</strong></span> 
     </span>
    </p>
   </div>
   <div class='ocr_carea' id='block_1_54' title="bbox 123 3959 1717 4034">
    <p class='ocr_par' dir='ltr' id='par_1_54' title="bbox 123 3959 1717 4034">
     <span class='ocr_line' id='line_1_54' title="bbox 123 3959 1717 4034; baseline -0.005 -13"><span class='ocrx_word' id='word_1_436' title='bbox 123 3983 267 4034; x_wconf 90' lang='lat' dir='ltr'><strong>num,</strong></span> <span class='ocrx_word' id='word_1_437' title='bbox 318 3975 376 4022; x_wconf 89' lang='lat' dir='ltr'><strong>et</strong></span> <span class='ocrx_word' id='word_1_438' title='bbox 428 3964 666 4021; x_wconf 86' lang='lat' dir='ltr'><strong>viderint</strong></span> <span class='ocrx_word' id='word_1_439' title='bbox 714 3963 768 4017; x_wconf 90' lang='lat' dir='ltr'><strong>in</strong></span> <span class='ocrx_word' id='word_1_440' title='bbox 813 3961 1006 4017; x_wconf 83' lang='lat' dir='ltr'><strong>insulis</strong></span> <span class='ocrx_word' id='word_1_441' title='bbox 1047 3962 1213 4017; x_wconf 89' lang='lat' dir='ltr'><strong>maris</strong></span> <span class='ocrx_word' id='word_1_442' title='bbox 1257 3959 1467 4017; x_wconf 91' lang='lat' dir='ltr'><strong>laudari</strong></span> <span class='ocrx_word' id='word_1_443' title='bbox 1519 3974 1717 4014; x_wconf 87' lang='lat' dir='ltr'><strong>nomen</strong></span> 
     </span>
    </p>
   </div>
   <div class='ocr_carea' id='block_1_55' title="bbox 127 4052 1720 4128">
    <p class='ocr_par' dir='ltr' id='par_1_55' title="bbox 127 4052 1720 4128">
     <span class='ocr_line' id='line_1_55' title="bbox 127 4052 1720 4128; baseline -0.006 -12"><span class='ocrx_word' id='word_1_444' title='bbox 127 4061 335 4118; x_wconf 90' lang='lat' dir='ltr'><strong>Domini</strong></span> <span class='ocrx_word' id='word_1_445' title='bbox 372 4061 472 4117; x_wconf 89' lang='lat' dir='ltr'><strong>Dei</strong></span> <span class='ocrx_word' id='word_1_446' title='bbox 494 4059 685 4128; x_wconf 59' lang='lat' dir='ltr'><strong>Israel,</strong></span> <span class='ocrx_word' id='word_1_447' title='bbox 729 4068 853 4113; x_wconf 91' lang='lat' dir='ltr'><strong>tunc</strong></span> <span class='ocrx_word' id='word_1_448' title='bbox 879 4072 1119 4112; x_wconf 83' lang='lat' dir='ltr'><strong>consona</strong></span> <span class='ocrx_word' id='word_1_449' title='bbox 1153 4071 1284 4111; x_wconf 84' lang='lat' dir='ltr'><strong>voce</strong></span> <span class='ocrx_word' id='word_1_450' title='bbox 1311 4052 1630 4118; x_wconf 85' lang='lat' dir='ltr'><strong>cantabunt,</strong></span> <span class='ocrx_word' id='word_1_451' title='bbox 1665 4060 1720 4108; x_wconf 92' lang='lat' dir='ltr'><strong>et</strong></span> 
     </span>
    </p>
   </div>
   <div class='ocr_carea' id='block_1_56' title="bbox 123 4146 1718 4221">
    <p class='ocr_par' dir='ltr' id='par_1_56' title="bbox 123 4146 1718 4221">
     <span class='ocr_line' id='line_1_56' title="bbox 123 4146 1718 4221; baseline -0.002 -16"><span class='ocrx_word' id='word_1_452' title='bbox 123 4150 295 4207; x_wconf 87' lang='lat' dir='ltr'><strong>dicent</strong></span> <span class='ocrx_word' id='word_1_453' title='bbox 334 4170 347 4206; x_wconf 91' lang='lat'>:</span> <span class='ocrx_word' id='word_1_454' title='bbox 384 4149 463 4207; x_wconf 85' lang='lat' dir='ltr'><strong>Ab</strong></span> <span class='ocrx_word' id='word_1_455' title='bbox 506 4150 625 4206; x_wconf 86' lang='lat' dir='ltr'><strong>aliis</strong></span> <span class='ocrx_word' id='word_1_456' title='bbox 677 4159 848 4215; x_wconf 64' lang='lat' dir='ltr'><strong>terras,</strong></span> <span class='ocrx_word' id='word_1_457' title='bbox 898 4146 1003 4202; x_wconf 87' lang='lat' dir='ltr'><strong>hoc</strong></span> <span class='ocrx_word' id='word_1_458' title='bbox 1049 4156 1154 4212; x_wconf 89' lang='lat' dir='ltr'><strong>est,</strong></span> <span class='ocrx_word' id='word_1_459' title='bbox 1187 4162 1213 4199; x_wconf 90' lang='lat' dir='ltr'><strong>a</strong></span> <span class='ocrx_word' id='word_1_460' title='bbox 1255 4146 1534 4221; x_wconf 80' lang='lat' dir='ltr'><strong>prophetis</strong></span> <span class='ocrx_word' id='word_1_461' title='bbox 1585 4152 1639 4199; x_wconf 91' lang='lat' dir='ltr'><strong>et</strong></span> <span class='ocrx_word' id='word_1_462' title='bbox 1686 4158 1718 4202; x_wconf 81' lang='lat' dir='ltr'><strong>a</strong></span> 
     </span>
    </p>
   </div>
   <div class='ocr_carea' id='block_1_57' title="bbox 127 4233 1717 4314">
    <p class='ocr_par' dir='ltr' id='par_1_57' title="bbox 127 4233 1717 4314">
     <span class='ocr_line' id='line_1_57' title="bbox 127 4233 1717 4314; baseline -0.003 -18"><span class='ocrx_word' id='word_1_463' title='bbox 127 4245 325 4299; x_wconf 66' lang='lat' dir='ltr'><strong>sinetis</strong></span> <span class='ocrx_word' id='word_1_464' title='bbox 379 4241 629 4310; x_wconf 87' lang='lat' dir='ltr'><strong>Domini,</strong></span> <span class='ocrx_word' id='word_1_465' title='bbox 677 4241 770 4314; x_wconf 88' lang='lat' dir='ltr'><strong>qui</strong></span> <span class='ocrx_word' id='word_1_466' title='bbox 816 4237 1117 4310; x_wconf 87' lang='lat' dir='ltr'><strong>assumptis</strong></span> <span class='ocrx_word' id='word_1_467' title='bbox 1167 4237 1270 4294; x_wconf 87' lang='lat' dir='ltr'><strong>alis</strong></span> <span class='ocrx_word' id='word_1_468' title='bbox 1319 4235 1608 4299; x_wconf 67' lang='lat' dir='ltr'><strong>columba‘,</strong></span> <span class='ocrx_word' id='word_1_469' title='bbox 1649 4233 1717 4291; x_wconf 87' lang='lat' dir='ltr'><strong>ad</strong></span> 
     </span>
    </p>
   </div>
   <div class='ocr_carea' id='block_1_58' title="bbox 127 4325 1718 4407">
    <p class='ocr_par' dir='ltr' id='par_1_58' title="bbox 127 4325 1718 4407">
     <span class='ocr_line' id='line_1_58' title="bbox 127 4325 1718 4407; baseline -0.007 -18"><span class='ocrx_word' id='word_1_470' title='bbox 127 4337 380 4401; x_wconf 77' lang='lat' dir='ltr'><strong>ctelorum</strong></span> <span class='ocrx_word' id='word_1_471' title='bbox 434 4351 599 4407; x_wconf 85' lang='lat' dir='ltr'><strong>regna</strong></span> <span class='ocrx_word' id='word_1_472' title='bbox 653 4332 945 4399; x_wconf 87' lang='lat' dir='ltr'><strong>festinant,</strong></span> <span class='ocrx_word' id='word_1_473' title='bbox 994 4329 1189 4387; x_wconf 84' lang='lat' dir='ltr'><strong>laudes</strong></span> <span class='ocrx_word' id='word_1_474' title='bbox 1237 4328 1360 4401; x_wconf 81' lang='lat' dir='ltr'><strong>ejus</strong></span> <span class='ocrx_word' id='word_1_475' title='bbox 1407 4325 1718 4391; x_wconf 74' lang='lat' dir='ltr'><strong>audivimus</strong></span> 
     </span>
    </p>
   </div>
   <div class='ocr_carea' id='block_1_59' title="bbox 129 4419 1721 4503">
    <p class='ocr_par' dir='ltr' id='par_1_59' title="bbox 129 4419 1721 4503">
     <span class='ocr_line' id='line_1_59' title="bbox 129 4419 1721 4503; baseline -0.009 -14"><span class='ocrx_word' id='word_1_476' title='bbox 129 4433 449 4500; x_wconf 63' lang='lat' dir='ltr'><strong>praedicari:</strong></span> <span class='ocrx_word' id='word_1_477' title='bbox 491 4442 545 4488; x_wconf 92' lang='lat' dir='ltr'><strong>et</strong></span> <span class='ocrx_word' id='word_1_478' title='bbox 592 4427 738 4503; x_wconf 89' lang='lat' dir='ltr'><strong>quod</strong></span> <span class='ocrx_word' id='word_1_479' title='bbox 787 4428 960 4501; x_wconf 86' lang='lat' dir='ltr'><strong>gloria</strong></span> <span class='ocrx_word' id='word_1_480' title='bbox 1008 4428 1089 4485; x_wconf 89' lang='lat' dir='ltr'><strong>vel</strong></span> <span class='ocrx_word' id='word_1_481' title='bbox 1135 4442 1262 4503; x_wconf 84' lang='lat' dir='ltr'><strong>spes</strong></span> <span class='ocrx_word' id='word_1_482' title='bbox 1302 4422 1444 4481; x_wconf 81' lang='lat' dir='ltr'><strong>Justi</strong></span> <span class='ocrx_word' id='word_1_483' title='bbox 1501 4437 1609 4476; x_wconf 92' lang='lat' dir='ltr'><strong>non</strong></span> <span class='ocrx_word' id='word_1_484' title='bbox 1651 4419 1721 4476; x_wconf 87' lang='lat' dir='ltr'><strong>sit</strong></span> 
     </span>
    </p>
   </div>
   <div class='ocr_carea' id='block_1_60' title="bbox 128 4519 1719 4598">
    <p class='ocr_par' dir='ltr' id='par_1_60' title="bbox 128 4519 1719 4598">
     <span class='ocr_line' id='line_1_60' title="bbox 128 4519 1719 4598; baseline -0.004 -16"><span class='ocrx_word' id='word_1_485' title='bbox 128 4526 288 4598; x_wconf 78' lang='lat' dir='ltr'><strong>irrita,</strong></span> <span class='ocrx_word' id='word_1_486' title='bbox 326 4529 429 4587; x_wconf 88' lang='lat' dir='ltr'><strong>sed</strong></span> <span class='ocrx_word' id='word_1_487' title='bbox 497 4529 668 4585; x_wconf 87' lang='lat' dir='ltr'><strong>rebus</strong></span> <span class='ocrx_word' id='word_1_488' title='bbox 715 4527 894 4583; x_wconf 88' lang='lat' dir='ltr'><strong>omnia</strong></span> <span class='ocrx_word' id='word_1_489' title='bbox 940 4526 1344 4598; x_wconf 88' lang='lat' dir='ltr'><strong>compleantur.</strong></span> <span class='ocrx_word' id='word_1_490' title='bbox 1404 4519 1719 4578; x_wconf 89' lang='lat' dir='ltr'><strong>Dicentibns</strong></span> 
     </span>
    </p>
   </div>
   <div class='ocr_carea' id='block_1_61' title="bbox 130 4616 1722 4696">
    <p class='ocr_par' dir='ltr' id='par_1_61' title="bbox 130 4616 1722 4696">
     <span class='ocr_line' id='line_1_61' title="bbox 130 4616 1722 4696; baseline -0.007 -18"><span class='ocrx_word' id='word_1_491' title='bbox 130 4621 297 4696; x_wconf 87' lang='lat' dir='ltr'><strong>itaque</strong></span> <span class='ocrx_word' id='word_1_492' title='bbox 313 4627 431 4682; x_wconf 68' lang='lat' dir='ltr'><strong>haec</strong></span> <span class='ocrx_word' id='word_1_493' title='bbox 462 4624 689 4690; x_wconf 85' lang='lat' dir='ltr'><strong>sanctis,</strong></span> <span class='ocrx_word' id='word_1_494' title='bbox 711 4632 766 4687; x_wconf 88' lang='lat' dir='ltr'><strong>et</strong></span> <span class='ocrx_word' id='word_1_495' title='bbox 787 4621 1168 4681; x_wconf 87' lang='lat' dir='ltr'><strong>binuientibus</strong></span> <span class='ocrx_word' id='word_1_496' title='bbox 1189 4621 1255 4678; x_wconf 90' lang='lat' dir='ltr'><strong>de</strong></span> <span class='ocrx_word' id='word_1_497' title='bbox 1274 4618 1433 4686; x_wconf 89' lang='lat' dir='ltr'><strong>mari,</strong></span> <span class='ocrx_word' id='word_1_498' title='bbox 1454 4627 1509 4673; x_wconf 91' lang='lat' dir='ltr'><strong>et</strong></span> <span class='ocrx_word' id='word_1_499' title='bbox 1538 4616 1722 4681; x_wconf 83' lang='lat' dir='ltr'><strong>levan-</strong></span> 
     </span>
    </p>
   </div>
   <div class='ocr_carea' id='block_1_62' title="bbox 133 4710 1719 4791">
    <p class='ocr_par' dir='ltr' id='par_1_62' title="bbox 133 4710 1719 4791">
     <span class='ocr_line' id='line_1_62' title="bbox 133 4710 1719 4791; baseline -0.007 -16"><span class='ocrx_word' id='word_1_500' title='bbox 133 4718 259 4776; x_wconf 89' lang='lat' dir='ltr'><strong>tibus</strong></span> <span class='ocrx_word' id='word_1_501' title='bbox 289 4736 482 4778; x_wconf 86' lang='lat' dir='ltr'><strong>vocem</strong></span> <span class='ocrx_word' id='word_1_502' title='bbox 514 4735 668 4777; x_wconf 89' lang='lat' dir='ltr'><strong>suam</strong></span> <span class='ocrx_word' id='word_1_503' title='bbox 720 4727 884 4791; x_wconf 89' lang='lat' dir='ltr'><strong>atque</strong></span> <span class='ocrx_word' id='word_1_504' title='bbox 915 4716 1286 4785; x_wconf 86' lang='lat' dir='ltr'><strong>laudantibus,</strong></span> <span class='ocrx_word' id='word_1_505' title='bbox 1316 4712 1593 4785; x_wconf 87' lang='lat' dir='ltr'><strong>Propheta</strong></span> <span class='ocrx_word' id='word_1_506' title='bbox 1640 4710 1719 4765; x_wconf 90' lang='lat' dir='ltr'><strong>si-</strong></span> 
     </span>
    </p>
   </div>
   <div class='ocr_carea' id='block_1_63' title="bbox 131 4805 1720 4883">
    <p class='ocr_par' dir='ltr' id='par_1_63' title="bbox 131 4805 1720 4883">
     <span class='ocr_line' id='line_1_63' title="bbox 131 4805 1720 4883; baseline -0.004 -19"><span class='ocrx_word' id='word_1_507' title='bbox 131 4807 396 4883; x_wconf 86' lang='lat' dir='ltr'><strong>bimetipsi</strong></span> <span class='ocrx_word' id='word_1_508' title='bbox 439 4811 683 4883; x_wconf 87' lang='lat' dir='ltr'><strong>loquitur</strong></span> <span class='ocrx_word' id='word_1_509' title='bbox 710 4826 723 4864; x_wconf 91' lang='lat'><strong>:</strong></span> <span class='ocrx_word' id='word_1_510' title='bbox 752 4808 914 4881; x_wconf 86' lang='lat' dir='ltr'><strong>Cum,</strong></span> <span class='ocrx_word' id='word_1_511' title='bbox 945 4807 1144 4881; x_wconf 90' lang='lat' dir='ltr'><strong>inquit,</strong></span> <span class='ocrx_word' id='word_1_512' title='bbox 1176 4806 1293 4864; x_wconf 71' lang='lat' dir='ltr'><strong>haec</strong></span> <span class='ocrx_word' id='word_1_513' title='bbox 1320 4805 1620 4873; x_wconf 85' lang='lat' dir='ltr'><strong>audissem,</strong></span> <span class='ocrx_word' id='word_1_514' title='bbox 1662 4812 1720 4858; x_wconf 91' lang='lat' dir='ltr'><strong>et</strong></span> 
     </span>
    </p>
   </div>
   <div class='ocr_carea' id='block_1_64' title="bbox 132 4901 1716 4973">
    <p class='ocr_par' dir='ltr' id='par_1_64' title="bbox 132 4901 1716 4973">
     <span class='ocr_line' id='line_1_64' title="bbox 132 4901 1716 4973; baseline -0.008 -9"><span class='ocrx_word' id='word_1_515' title='bbox 132 4901 180 4956; x_wconf 81' lang='lat' dir='ltr'><strong>in</strong></span> <span class='ocrx_word' id='word_1_516' title='bbox 230 4907 649 4965; x_wconf 84' lang='lat' dir='ltr'><strong>subversionem</strong></span> <span class='ocrx_word' id='word_1_517' title='bbox 729 4904 879 4961; x_wconf 90' lang='lat' dir='ltr'><strong>orbis</strong></span> <span class='ocrx_word' id='word_1_518' title='bbox 924 4902 1243 4965; x_wconf 81' lang='lat' dir='ltr'><strong>vaticinium</strong></span> <span class='ocrx_word' id='word_1_519' title='bbox 1313 4901 1716 4973; x_wconf 78' lang='lat' dir='ltr'><strong>Prophetarum</strong></span> 
     </span>
    </p>
   </div>
   <div class='ocr_carea' id='block_1_65' title="bbox 130 4993 1715 5074">
    <p class='ocr_par' dir='ltr' id='par_1_65' title="bbox 130 4993 1715 5074">
     <span class='ocr_line' id='line_1_65' title="bbox 130 4993 1715 5074; baseline 0 -23"><span class='ocrx_word' id='word_1_520' title='bbox 130 4999 444 5072; x_wconf 78' lang='lat' dir='ltr'><strong>explendum</strong></span> <span class='ocrx_word' id='word_1_521' title='bbox 469 5014 595 5057; x_wconf 85' lang='lat' dir='ltr'><strong>esse</strong></span> <span class='ocrx_word' id='word_1_522' title='bbox 620 4998 1017 5074; x_wconf 85' lang='lat' dir='ltr'><strong>perspicerem,</strong></span> <span class='ocrx_word' id='word_1_523' title='bbox 1047 4997 1258 5053; x_wconf 88' lang='lat' dir='ltr'><strong>locutus</strong></span> <span class='ocrx_word' id='word_1_524' title='bbox 1289 5012 1408 5053; x_wconf 90' lang='lat' dir='ltr'><strong>sum</strong></span> <span class='ocrx_word' id='word_1_525' title='bbox 1460 4993 1594 5051; x_wconf 87' lang='lat' dir='ltr'><strong>mihi</strong></span> <span class='ocrx_word' id='word_1_526' title='bbox 1628 4993 1715 5051; x_wconf 92' lang='lat' dir='ltr'><strong>in-</strong></span> 
     </span>
    </p>
   </div>
   <div class='ocr_carea' id='block_1_66' title="bbox 135 5089 1715 5162">
    <p class='ocr_par' dir='ltr' id='par_1_66' title="bbox 135 5089 1715 5162">
     <span class='ocr_line' id='line_1_66' title="bbox 135 5089 1715 5162; baseline 0 -21"><span class='ocrx_word' id='word_1_527' title='bbox 135 5095 275 5146; x_wconf 87' lang='lat' dir='ltr'><strong>terno</strong></span> <span class='ocrx_word' id='word_1_528' title='bbox 324 5092 506 5149; x_wconf 89' lang='lat' dir='ltr'><strong>cordis</strong></span> <span class='ocrx_word' id='word_1_529' title='bbox 536 5090 734 5148; x_wconf 74' lang='lat' dir='ltr'><strong>allecto</strong></span> <span class='ocrx_word' id='word_1_530' title='bbox 767 5107 781 5145; x_wconf 90' lang='lat'><strong>:</strong></span> <span class='ocrx_word' id='word_1_531' title='bbox 815 5089 932 5147; x_wconf 84' lang='lat' dir='ltr'><strong>Non</strong></span> <span class='ocrx_word' id='word_1_532' title='bbox 987 5104 1211 5162; x_wconf 89' lang='lat' dir='ltr'><strong>possunt</strong></span> <span class='ocrx_word' id='word_1_533' title='bbox 1242 5098 1439 5146; x_wconf 90' lang='lat' dir='ltr'><strong>cuncta</strong></span> <span class='ocrx_word' id='word_1_534' title='bbox 1487 5100 1715 5142; x_wconf 87' lang='lat' dir='ltr'><strong>narrare</strong></span> 
     </span>
    </p>
   </div>
   <div class='ocr_carea' id='block_1_67' title="bbox 133 5181 1710 5255">
    <p class='ocr_par' dir='ltr' id='par_1_67' title="bbox 133 5181 1710 5255">
     <span class='ocr_line' id='line_1_67' title="bbox 133 5181 1710 5255; baseline -0.004 -16"><span class='ocrx_word' id='word_1_535' title='bbox 133 5194 241 5251; x_wconf 72' lang='lat' dir='ltr'><strong>quae</strong></span> <span class='ocrx_word' id='word_1_536' title='bbox 317 5199 509 5242; x_wconf 87' lang='lat' dir='ltr'><strong>cerno.</strong></span> <span class='ocrx_word' id='word_1_537' title='bbox 576 5183 763 5247; x_wconf 68' lang='lat' dir='ltr'><strong>Haeret</strong></span> <span class='ocrx_word' id='word_1_538' title='bbox 812 5182 999 5255; x_wconf 72' lang='lat' dir='ltr'><strong>lingua</strong></span> <span class='ocrx_word' id='word_1_539' title='bbox 1056 5181 1307 5240; x_wconf 83' lang='lat' dir='ltr'><strong>faucibus</strong></span> <span class='ocrx_word' id='word_1_540' title='bbox 1374 5186 1541 5246; x_wconf 90' lang='lat' dir='ltr'><strong>meis,</strong></span> <span class='ocrx_word' id='word_1_541' title='bbox 1608 5193 1710 5241; x_wconf 77' lang='lat' dir='ltr'><strong>vos</strong></span> 
     </span>
    </p>
   </div>
   <div class='ocr_carea' id='block_1_68' title="bbox 134 5260 1715 5349">
    <p class='ocr_par' dir='ltr' id='par_1_68' title="bbox 134 5260 1715 5349">
     <span class='ocr_line' id='line_1_68' title="bbox 134 5260 1715 5349; baseline -0.001 -21"><span class='ocrx_word' id='word_1_542' title='bbox 134 5271 311 5334; x_wconf 86' lang='lat' dir='ltr'><strong>dolore</strong></span> <span class='ocrx_word' id='word_1_543' title='bbox 359 5276 727 5335; x_wconf 87' lang='lat' dir='ltr'><strong>concluditur.</strong></span> <span class='ocrx_word' id='word_1_544' title='bbox 781 5260 1090 5345; x_wconf 60' lang='grc'><strong>111111111111,</strong></span> <span class='ocrx_word' id='word_1_545' title='bbox 1123 5287 1361 5349; x_wconf 86' lang='lat' dir='ltr'><strong>quantus</strong></span> <span class='ocrx_word' id='word_1_546' title='bbox 1411 5272 1549 5329; x_wconf 90' lang='lat' dir='ltr'><strong>ordo</strong></span> <span class='ocrx_word' id='word_1_547' title='bbox 1600 5286 1715 5345; x_wconf 72' lang='lat' dir='ltr'><strong>pm-</strong></span> 
     </span>
    </p>
   </div>
   <div class='ocr_carea' id='block_1_69' title="bbox 135 5367 1713 5441">
    <p class='ocr_par' dir='ltr' id='par_1_69' title="bbox 135 5367 1713 5441">
     <span class='ocr_line' id='line_1_69' title="bbox 135 5367 1713 5441; baseline 0.001 -18"><span class='ocrx_word' id='word_1_548' title='bbox 135 5381 311 5428; x_wconf 83' lang='lat' dir='ltr'><strong>narum</strong></span> <span class='ocrx_word' id='word_1_549' title='bbox 340 5383 468 5439; x_wconf 86' lang='lat' dir='ltr'><strong>ante</strong></span> <span class='ocrx_word' id='word_1_550' title='bbox 489 5372 680 5429; x_wconf 75' lang='lat' dir='ltr'><strong>oculos</strong></span> <span class='ocrx_word' id='word_1_551' title='bbox 704 5383 955 5428; x_wconf 88' lang='lat' dir='ltr'><strong>versatur</strong></span> <span class='ocrx_word' id='word_1_552' title='bbox 979 5387 1130 5435; x_wconf 84' lang='lat' dir='ltr'><strong>meos</strong></span> <span class='ocrx_word' id='word_1_553' title='bbox 1156 5373 1171 5429; x_wconf 72' lang='grc' dir='ltr'>ε</span> <span class='ocrx_word' id='word_1_554' title='bbox 1214 5386 1382 5427; x_wconf 84' lang='lat' dir='ltr'><strong>ccruo</strong></span> <span class='ocrx_word' id='word_1_555' title='bbox 1421 5367 1713 5441; x_wconf 76' lang='lat' dir='ltr'><strong>prteseutia</strong></span> 
     </span>
    </p>
   </div>
   <div class='ocr_carea' id='block_1_70' title="bbox 134 5462 1711 5541">
    <p class='ocr_par' dir='ltr' id='par_1_70' title="bbox 134 5462 1711 5541">
     <span class='ocr_line' id='line_1_70' title="bbox 134 5462 1711 5541; baseline 0 -22"><span class='ocrx_word' id='word_1_556' title='bbox 134 5476 241 5529; x_wconf 65' lang='lat' dir='ltr'><strong>quae</strong></span> <span class='ocrx_word' id='word_1_557' title='bbox 267 5463 444 5521; x_wconf 88' lang='lat' dir='ltr'><strong>futura</strong></span> <span class='ocrx_word' id='word_1_558' title='bbox 465 5476 614 5521; x_wconf 87' lang='lat' dir='ltr'><strong>sunt.</strong></span> <span class='ocrx_word' id='word_1_559' title='bbox 649 5464 848 5520; x_wconf 87' lang='lat' dir='ltr'><strong>Errant</strong></span> <span class='ocrx_word' id='word_1_560' title='bbox 892 5475 1076 5531; x_wconf 80' lang='lat' dir='ltr'><strong>autem</strong></span> <span class='ocrx_word' id='word_1_561' title='bbox 1119 5465 1213 5541; x_wconf 84' lang='lat' dir='ltr'><strong>qui</strong></span> <span class='ocrx_word' id='word_1_562' title='bbox 1268 5462 1372 5527; x_wconf 85' lang='lat' dir='ltr'><strong>hoc</strong></span> <span class='ocrx_word' id='word_1_563' title='bbox 1423 5470 1612 5533; x_wconf 86' lang='lat' dir='ltr'><strong>putant</strong></span> <span class='ocrx_word' id='word_1_564' title='bbox 1646 5474 1711 5519; x_wconf 77' lang='lat' dir='ltr'><strong>ex</strong></span> 
     </span>
    </p>
   </div>
   <div class='ocr_carea' id='block_1_71' title="bbox 197 5592 1709 5671">
    <p class='ocr_par' dir='ltr' id='par_1_71' title="bbox 197 5592 1709 5671">
     <span class='ocr_line' id='line_1_71' title="bbox 197 5592 1709 5671; baseline -0.003 -20"><span class='ocrx_word' id='word_1_565' title='bbox 197 5606 221 5635; x_wconf 75' lang='grc' dir='ltr'>ι</span> <span class='ocrx_word' id='word_1_566' title='bbox 249 5598 304 5654; x_wconf 91' lang='grc'><strong>111</strong></span> <span class='ocrx_word' id='word_1_567' title='bbox 332 5598 502 5654; x_wconf 87' lang='lat' dir='ltr'><strong>Vatic.</strong></span> <span class='ocrx_word' id='word_1_568' title='bbox 532 5607 580 5671; x_wconf 81' lang='lat' dir='ltr'><strong>et</strong></span> <span class='ocrx_word' id='word_1_569' title='bbox 609 5596 785 5653; x_wconf 85' lang='lat' dir='ltr'><strong>dicent</strong></span> <span class='ocrx_word' id='word_1_570' title='bbox 813 5613 832 5652; x_wconf 92' lang='lat'><strong><em>:</em></strong></span> <span class='ocrx_word' id='word_1_571' title='bbox 858 5597 947 5653; x_wconf 70' lang='grc' dir='ltr'><strong>γω</strong></span> <span class='ocrx_word' id='word_1_572' title='bbox 974 5596 1454 5671; x_wconf 70' lang='lat' dir='ltr'><strong>prmaricatoribus</strong></span> <span class='ocrx_word' id='word_1_573' title='bbox 1481 5604 1536 5647; x_wconf 89' lang='lat' dir='ltr'><strong>et</strong></span> <span class='ocrx_word' id='word_1_574' title='bbox 1579 5592 1709 5648; x_wconf 88' lang='lat' dir='ltr'><strong>reli-</strong></span> 
     </span>
    </p>
   </div>
   <div class='ocr_carea' id='block_1_72' title="bbox 134 5669 1704 5741">
    <p class='ocr_par' dir='ltr' id='par_1_72' title="bbox 134 5669 1704 5741">
     <span class='ocr_line' id='line_1_72' title="bbox 134 5669 1704 5741; baseline -0.001 -19"><span class='ocrx_word' id='word_1_575' title='bbox 134 5680 247 5737; x_wconf 79' lang='lat' dir='ltr'><strong>qua,</strong></span> <span class='ocrx_word' id='word_1_576' title='bbox 271 5680 380 5726; x_wconf 89' lang='lat' dir='ltr'><strong>tum</strong></span> <span class='ocrx_word' id='word_1_577' title='bbox 429 5669 595 5726; x_wconf 82' lang='lat' dir='ltr'><strong>verba</strong></span> <span class='ocrx_word' id='word_1_578' title='bbox 639 5671 941 5741; x_wconf 78' lang='lat' dir='ltr'><strong>mysterium</strong></span> <span class='ocrx_word' id='word_1_579' title='bbox 971 5669 1142 5735; x_wconf 64' lang='grc'><strong>1111911111</strong></span> <span class='ocrx_word' id='word_1_580' title='bbox 1186 5669 1313 5725; x_wconf 69' lang='lat' dir='ltr'><strong>mihi</strong></span> <span class='ocrx_word' id='word_1_581' title='bbox 1364 5673 1704 5741; x_wconf 73' lang='lat' dir='ltr'><strong>repetuntur.</strong></span> 
     </span>
    </p>
   </div>
   <div class='ocr_carea' id='block_1_73' title="bbox 135 5735 1710 5815">
    <p class='ocr_par' dir='ltr' id='par_1_73' title="bbox 135 5735 1710 5815">
     <span class='ocr_line' id='line_1_73' title="bbox 135 5735 1710 5815; baseline -0.004 -20"><span class='ocrx_word' id='word_1_582' title='bbox 135 5735 348 5815; x_wconf 60' lang='lat' dir='ltr'><strong>duorum</strong></span> <span class='ocrx_word' id='word_1_583' title='bbox 376 5742 609 5815; x_wconf 83' lang='lat' dir='ltr'><strong>alterum</strong></span> <span class='ocrx_word' id='word_1_584' title='bbox 636 5735 715 5799; x_wconf 74' lang='lat' dir='ltr'><strong>ad</strong></span> <span class='ocrx_word' id='word_1_585' title='bbox 729 5741 1280 5815; x_wconf 56' lang='lat' dir='ltr'><strong>neptuugintsviralls</strong></span> <span class='ocrx_word' id='word_1_586' title='bbox 1312 5738 1519 5797; x_wconf 84' lang='lat' dir='ltr'><strong>codicis</strong></span> <span class='ocrx_word' id='word_1_587' title='bbox 1547 5735 1710 5815; x_wconf 74' lang='lat' dir='ltr'><strong>[idem</strong></span> 
     </span>
    </p>
   </div>
   <div class='ocr_carea' id='block_1_74' title="bbox 135 5807 1707 5883">
    <p class='ocr_par' dir='ltr' id='par_1_74' title="bbox 135 5807 1707 5883">
     <span class='ocr_line' id='line_1_74' title="bbox 135 5807 1707 5883; baseline -0.001 -19"><span class='ocrx_word' id='word_1_588' title='bbox 135 5807 367 5883; x_wconf 73' lang='lat' dir='ltr'><strong>proprius</strong></span> <span class='ocrx_word' id='word_1_589' title='bbox 398 5812 665 5881; x_wconf 83' lang='lat' dir='ltr'><strong>videatur,</strong></span> <span class='ocrx_word' id='word_1_590' title='bbox 693 5811 784 5867; x_wconf 90' lang='lat' dir='ltr'><strong>ubi</strong></span> <span class='ocrx_word' id='word_1_591' title='bbox 803 5807 903 5869; x_wconf 60' lang='lat' dir='ltr'><strong>&#39;est</strong></span> <span class='ocrx_word' id='word_1_592' title='bbox 937 5807 1055 5870; x_wconf 70' lang='grc' dir='ltr'><strong>ἱύαἰ</strong></span> <span class='ocrx_word' id='word_1_593' title='bbox 1078 5821 1192 5876; x_wconf 81' lang='grc' dir='ltr'><strong>τοῖς</strong></span> <span class='ocrx_word' id='word_1_594' title='bbox 1228 5813 1533 5875; x_wconf 62' lang='lat' dir='ltr'><strong>acernam;</strong></span> <span class='ocrx_word' id='word_1_595' title='bbox 1568 5807 1707 5869; x_wconf 82' lang='lat' dir='ltr'><strong>alte-</strong></span> 
     </span>
    </p>
   </div>
   <div class='ocr_carea' id='block_1_75' title="bbox 1755 3186 1801 3248">
    <p class='ocr_par' dir='ltr' id='par_1_75' title="bbox 1755 3186 1801 3248">
     <span class='ocr_line' id='line_1_75' title="bbox 1755 3186 1801 3248; baseline 0 -2"><span class='ocrx_word' id='word_1_596' title='bbox 1755 3186 1801 3248; x_wconf 75' lang='grc' dir='ltr'>Ω</span> 
     </span>
    </p>
   </div>
   <div class='ocr_carea' id='block_1_76' title="bbox 1827 1903 3427 1975">
    <p class='ocr_par' dir='ltr' id='par_1_76' title="bbox 1827 1903 3427 1975">
     <span class='ocr_line' id='line_1_76' title="bbox 1827 1903 3427 1975; baseline -0.003 -11"><span class='ocrx_word' id='word_1_597' title='bbox 1827 1907 1965 1975; x_wconf 81' lang='lat' dir='ltr'><strong>dixi,</strong></span> <span class='ocrx_word' id='word_1_598' title='bbox 2010 1917 2282 1965; x_wconf 86' lang='lat' dir='ltr'><strong>secretum</strong></span> <span class='ocrx_word' id='word_1_599' title='bbox 2330 1923 2511 1963; x_wconf 90' lang='lat' dir='ltr'><strong>meum</strong></span> <span class='ocrx_word' id='word_1_600' title='bbox 2544 1908 2698 1973; x_wconf 90' lang='lat' dir='ltr'><strong>mihi,</strong></span> <span class='ocrx_word' id='word_1_601' title='bbox 2729 1916 3001 1962; x_wconf 88' lang='lat' dir='ltr'><strong>secretum</strong></span> <span class='ocrx_word' id='word_1_602' title='bbox 3040 1921 3218 1961; x_wconf 90' lang='lat' dir='ltr'><strong>meum</strong></span> <span class='ocrx_word' id='word_1_603' title='bbox 3249 1903 3378 1959; x_wconf 86' lang='lat' dir='ltr'><strong>mihi</strong></span> <span class='ocrx_word' id='word_1_604' title='bbox 3411 1920 3427 1959; x_wconf 89' lang='lat'><strong>:</strong></span> 
     </span>
    </p>
   </div>
   <div class='ocr_carea' id='block_1_77' title="bbox 1827 1998 3426 2073">
    <p class='ocr_par' dir='ltr' id='par_1_77' title="bbox 1827 1998 3426 2073">
     <span class='ocr_line' id='line_1_77' title="bbox 1827 1998 3426 2073; baseline -0.005 -16"><span class='ocrx_word' id='word_1_605' title='bbox 1827 2002 1952 2073; x_wconf 74' lang='lat' dir='ltr'><strong>quia</strong></span> <span class='ocrx_word' id='word_1_606' title='bbox 1981 2017 2172 2057; x_wconf 89' lang='lat' dir='ltr'><strong>omnes</strong></span> <span class='ocrx_word' id='word_1_607' title='bbox 2217 2001 2556 2073; x_wconf 73' lang='lat' dir='ltr'><strong>prrevaricati</strong></span> <span class='ocrx_word' id='word_1_608' title='bbox 2605 2009 2729 2056; x_wconf 89' lang='lat' dir='ltr'><strong>sunt</strong></span> <span class='ocrx_word' id='word_1_609' title='bbox 2772 2000 2947 2071; x_wconf 84' lang='lat' dir='ltr'><strong>legem</strong></span> <span class='ocrx_word' id='word_1_610' title='bbox 2978 1998 3099 2063; x_wconf 87' lang='lat' dir='ltr'><strong>Dei,</strong></span> <span class='ocrx_word' id='word_1_611' title='bbox 3132 2009 3184 2052; x_wconf 91' lang='lat' dir='ltr'><strong>et</strong></span> <span class='ocrx_word' id='word_1_612' title='bbox 3215 2011 3426 2067; x_wconf 79' lang='lat' dir='ltr'><strong>nequa-</strong></span> 
     </span>
    </p>
   </div>
   <div class='ocr_carea' id='block_1_78' title="bbox 1825 2089 3421 2166">
    <p class='ocr_par' dir='ltr' id='par_1_78' title="bbox 1825 2089 3421 2166">
     <span class='ocr_line' id='line_1_78' title="bbox 1825 2089 3421 2166; baseline -0.003 -19"><span class='ocrx_word' id='word_1_613' title='bbox 1825 2110 1983 2166; x_wconf 83' lang='lat' dir='ltr'><strong>quam</strong></span> <span class='ocrx_word' id='word_1_614' title='bbox 2016 2093 2230 2150; x_wconf 91' lang='lat' dir='ltr'><strong>Domini</strong></span> <span class='ocrx_word' id='word_1_615' title='bbox 2262 2109 2420 2162; x_wconf 71' lang='lat' dir='ltr'><strong>poena</strong></span> <span class='ocrx_word' id='word_1_616' title='bbox 2451 2092 2723 2162; x_wconf 70' lang='lat' dir='ltr'><strong>differtur,</strong></span> <span class='ocrx_word' id='word_1_617' title='bbox 2751 2107 2851 2147; x_wconf 85' lang='lat' dir='ltr'><strong>nec</strong></span> <span class='ocrx_word' id='word_1_618' title='bbox 2873 2092 3051 2147; x_wconf 87' lang='lat' dir='ltr'><strong>futura</strong></span> <span class='ocrx_word' id='word_1_619' title='bbox 3083 2089 3421 2158; x_wconf 73' lang='lat' dir='ltr'><strong>prtedicitur,</strong></span> 
     </span>
    </p>
   </div>
   <div class='ocr_carea' id='block_1_79' title="bbox 1825 2184 3422 2254">
    <p class='ocr_par' dir='ltr' id='par_1_79' title="bbox 1825 2184 3422 2254">
     <span class='ocr_line' id='line_1_79' title="bbox 1825 2184 3422 2254; baseline -0.003 -11"><span class='ocrx_word' id='word_1_620' title='bbox 1825 2187 1918 2244; x_wconf 90' lang='lat' dir='ltr'><strong>sed</strong></span> <span class='ocrx_word' id='word_1_621' title='bbox 1976 2188 2249 2249; x_wconf 89' lang='lat' dir='ltr'><strong>imminet,</strong></span> <span class='ocrx_word' id='word_1_622' title='bbox 2306 2194 2363 2241; x_wconf 87' lang='lat' dir='ltr'><strong>et</strong></span> <span class='ocrx_word' id='word_1_623' title='bbox 2419 2184 2758 2240; x_wconf 86' lang='lat' dir='ltr'><strong>habitatores</strong></span> <span class='ocrx_word' id='word_1_624' title='bbox 2805 2193 2963 2239; x_wconf 73' lang='lat' dir='ltr'><strong>terrm</strong></span> <span class='ocrx_word' id='word_1_625' title='bbox 3015 2193 3202 2254; x_wconf 88' lang='lat' dir='ltr'><strong>captos</strong></span> <span class='ocrx_word' id='word_1_626' title='bbox 3254 2190 3422 2239; x_wconf 85' lang='lat' dir='ltr'><strong>tenet.</strong></span> 
     </span>
    </p>
   </div>
   <div class='ocr_carea' id='block_1_80' title="bbox 1825 2273 3425 2353">
    <p class='ocr_par' dir='ltr' id='par_1_80' title="bbox 1825 2273 3425 2353">
     <span class='ocr_line' id='line_1_80' title="bbox 1825 2273 3425 2353; baseline -0.006 -15"><span class='ocrx_word' id='word_1_627' title='bbox 1825 2280 2071 2353; x_wconf 90' lang='lat' dir='ltr'><strong>Cumque</strong></span> <span class='ocrx_word' id='word_1_628' title='bbox 2117 2295 2177 2334; x_wconf 85' lang='lat' dir='ltr'><strong>se</strong></span> <span class='ocrx_word' id='word_1_629' title='bbox 2230 2280 2546 2349; x_wconf 84' lang='lat' dir='ltr'><strong>putaverint</strong></span> <span class='ocrx_word' id='word_1_630' title='bbox 2592 2277 2819 2346; x_wconf 87' lang='lat' dir='ltr'><strong>fugisse,</strong></span> <span class='ocrx_word' id='word_1_631' title='bbox 2865 2292 2932 2330; x_wconf 80' lang='lat' dir='ltr'><strong>ex</strong></span> <span class='ocrx_word' id='word_1_632' title='bbox 2961 2275 3069 2329; x_wconf 85' lang='lat' dir='ltr'><strong>alio</strong></span> <span class='ocrx_word' id='word_1_633' title='bbox 3102 2275 3339 2329; x_wconf 87' lang='lat' dir='ltr'><strong>incident</strong></span> <span class='ocrx_word' id='word_1_634' title='bbox 3370 2273 3425 2329; x_wconf 91' lang='lat' dir='ltr'><strong>in</strong></span> 
     </span>
    </p>
   </div>
   <div class='ocr_carea' id='block_1_81' title="bbox 1825 2367 3427 2444">
    <p class='ocr_par' dir='ltr' id='par_1_81' title="bbox 1825 2367 3427 2444">
     <span class='ocr_line' id='line_1_81' title="bbox 1825 2367 3427 2444; baseline -0.006 -14"><span class='ocrx_word' id='word_1_635' title='bbox 1825 2374 1996 2439; x_wconf 87' lang='lat' dir='ltr'><strong>aliud,</strong></span> <span class='ocrx_word' id='word_1_636' title='bbox 2045 2381 2101 2429; x_wconf 87' lang='lat' dir='ltr'><strong>et</strong></span> <span class='ocrx_word' id='word_1_637' title='bbox 2152 2386 2497 2444; x_wconf 89' lang='lat' dir='ltr'><strong>quocumque</strong></span> <span class='ocrx_word' id='word_1_638' title='bbox 2550 2385 2613 2426; x_wconf 90' lang='lat' dir='ltr'><strong>se</strong></span> <span class='ocrx_word' id='word_1_639' title='bbox 2661 2369 2961 2432; x_wconf 82' lang='lat' dir='ltr'><strong>verterint,</strong></span> <span class='ocrx_word' id='word_1_640' title='bbox 3020 2367 3427 2438; x_wconf 85' lang='lat' dir='ltr'><strong>impendentem</strong></span> 
     </span>
    </p>
   </div>
   <div class='ocr_carea' id='block_1_82' title="bbox 1823 2465 2633 2528">
    <p class='ocr_par' dir='ltr' id='par_1_82' title="bbox 1823 2465 2633 2528">
     <span class='ocr_line' id='line_1_82' title="bbox 1823 2465 2633 2528; baseline -0.011 0"><span class='ocrx_word' id='word_1_641' title='bbox 1823 2472 1958 2528; x_wconf 90' lang='lat' dir='ltr'><strong>iram</strong></span> <span class='ocrx_word' id='word_1_642' title='bbox 1994 2466 2206 2526; x_wconf 88' lang='lat' dir='ltr'><strong>Domini</strong></span> <span class='ocrx_word' id='word_1_643' title='bbox 2239 2482 2346 2522; x_wconf 89' lang='lat' dir='ltr'><strong>non</strong></span> <span class='ocrx_word' id='word_1_644' title='bbox 2378 2465 2633 2523; x_wconf 84' lang='lat' dir='ltr'><strong>evadent.</strong></span> 
     </span>
    </p>
   </div>
   <div class='ocr_carea' id='block_1_83' title="bbox 1898 2573 3432 2658">
    <p class='ocr_par' dir='ltr' id='par_1_83' title="bbox 1898 2573 3432 2658">
     <span class='ocr_line' id='line_1_83' title="bbox 1898 2573 3432 2658; baseline -0.007 -17"><span class='ocrx_word' id='word_1_645' title='bbox 1898 2585 2080 2658; x_wconf 78' lang='lat' dir='ltr'><strong>(Vcrs.</strong></span> <span class='ocrx_word' id='word_1_646' title='bbox 2105 2583 2194 2653; x_wconf 83' lang='lat' dir='ltr'><strong>I9,</strong></span> <span class='ocrx_word' id='word_1_647' title='bbox 2218 2580 2337 2655; x_wconf 73' lang='lat'><strong>20.)</strong></span> <span class='ocrx_word' id='word_1_648' title='bbox 2382 2581 2518 2648; x_wconf 84' lang='lat' dir='ltr'><strong>Quia</strong></span> <span class='ocrx_word' id='word_1_649' title='bbox 2558 2588 2841 2637; x_wconf 73' lang='lat' dir='ltr'><strong>cataracta:</strong></span> <span class='ocrx_word' id='word_1_650' title='bbox 2879 2577 2943 2632; x_wconf 88' lang='lat' dir='ltr'><strong>de</strong></span> <span class='ocrx_word' id='word_1_651' title='bbox 2983 2573 3199 2632; x_wconf 71' lang='lat' dir='ltr'><strong>excelsis</strong></span> <span class='ocrx_word' id='word_1_652' title='bbox 3237 2583 3432 2645; x_wconf 66' lang='lat' dir='ltr'><strong>apertae</strong></span> 
     </span>
    </p>
   </div>
   <div class='ocr_carea' id='block_1_84' title="bbox 1824 2666 3434 2746">
    <p class='ocr_par' dir='ltr' id='par_1_84' title="bbox 1824 2666 3434 2746">
     <span class='ocr_line' id='line_1_84' title="bbox 1824 2666 3434 2746; baseline -0.008 -12"><span class='ocrx_word' id='word_1_653' title='bbox 1824 2689 1966 2743; x_wconf 86' lang='lat' dir='ltr'><strong>sunt,</strong></span> <span class='ocrx_word' id='word_1_654' title='bbox 2006 2688 2054 2733; x_wconf 86' lang='lat' dir='ltr'><strong>et</strong></span> <span class='ocrx_word' id='word_1_655' title='bbox 2094 2677 2454 2731; x_wconf 85' lang='lat' dir='ltr'><strong>concutieutur</strong></span> <span class='ocrx_word' id='word_1_656' title='bbox 2495 2672 2833 2746; x_wconf 78' lang='lat' dir='ltr'><strong>fundamenta</strong></span> <span class='ocrx_word' id='word_1_657' title='bbox 2871 2679 3040 2727; x_wconf 74' lang='lat' dir='ltr'><strong>teme.</strong></span> <span class='ocrx_word' id='word_1_658' title='bbox 3066 2666 3434 2738; x_wconf 74' lang='lat' dir='ltr'><strong>Confractione</strong></span> 
     </span>
    </p>
   </div>
   <div class='ocr_carea' id='block_1_85' title="bbox 1824 2766 3433 2840">
    <p class='ocr_par' dir='ltr' id='par_1_85' title="bbox 1824 2766 3433 2840">
     <span class='ocr_line' id='line_1_85' title="bbox 1824 2766 3433 2840; baseline -0.008 -17"><span class='ocrx_word' id='word_1_659' title='bbox 1824 2769 2180 2840; x_wconf 76' lang='lat' dir='ltr'><strong>confringetur</strong></span> <span class='ocrx_word' id='word_1_660' title='bbox 2199 2775 2360 2831; x_wconf 79' lang='lat' dir='ltr'><strong>terra,</strong></span> <span class='ocrx_word' id='word_1_661' title='bbox 2385 2766 2693 2819; x_wconf 79' lang='lat' dir='ltr'><strong>contritione</strong></span> <span class='ocrx_word' id='word_1_662' title='bbox 2712 2770 3002 2818; x_wconf 85' lang='lat' dir='ltr'><strong>conteretur</strong></span> <span class='ocrx_word' id='word_1_663' title='bbox 3020 2769 3178 2827; x_wconf 84' lang='lat' dir='ltr'><strong>terra,</strong></span> <span class='ocrx_word' id='word_1_664' title='bbox 3203 2772 3433 2814; x_wconf 86' lang='lat' dir='ltr'><strong>commo-</strong></span> 
     </span>
    </p>
   </div>
   <div class='ocr_carea' id='block_1_86' title="bbox 1825 2855 3429 2929">
    <p class='ocr_par' dir='ltr' id='par_1_86' title="bbox 1825 2855 3429 2929">
     <span class='ocr_line' id='line_1_86' title="bbox 1825 2855 3429 2929; baseline -0.004 -11"><span class='ocrx_word' id='word_1_665' title='bbox 1825 2864 1963 2918; x_wconf 87' lang='lat' dir='ltr'><strong>tione</strong></span> <span class='ocrx_word' id='word_1_666' title='bbox 1999 2860 2393 2916; x_wconf 78' lang='lat' dir='ltr'><strong>commovebitur</strong></span> <span class='ocrx_word' id='word_1_667' title='bbox 2434 2870 2588 2914; x_wconf 90' lang='lat' dir='ltr'><strong>terra.</strong></span> <span class='ocrx_word' id='word_1_668' title='bbox 2632 2856 2927 2929; x_wconf 82' lang='lat' dir='ltr'><strong>Agitatioue</strong></span> <span class='ocrx_word' id='word_1_669' title='bbox 2965 2855 3248 2927; x_wconf 85' lang='lat' dir='ltr'><strong>agitabitur</strong></span> <span class='ocrx_word' id='word_1_670' title='bbox 3288 2862 3429 2911; x_wconf 80' lang='lat' dir='ltr'><strong>terra</strong></span> 
     </span>
    </p>
   </div>
   <div class='ocr_carea' id='block_1_87' title="bbox 1826 2947 3433 3020">
    <p class='ocr_par' dir='ltr' id='par_1_87' title="bbox 1826 2947 3433 3020">
     <span class='ocr_line' id='line_1_87' title="bbox 1826 2947 3433 3020; baseline -0.008 -10"><span class='ocrx_word' id='word_1_671' title='bbox 1826 2956 1956 3010; x_wconf 83' lang='lat' dir='ltr'><strong>sicut</strong></span> <span class='ocrx_word' id='word_1_672' title='bbox 1979 2953 2173 3016; x_wconf 74' lang='lat' dir='ltr'><strong>ebrius,</strong></span> <span class='ocrx_word' id='word_1_673' title='bbox 2197 2962 2243 3005; x_wconf 90' lang='lat' dir='ltr'><strong>et</strong></span> <span class='ocrx_word' id='word_1_674' title='bbox 2266 2952 2535 3020; x_wconf 77' lang='lat' dir='ltr'><strong>auferetur</strong></span> <span class='ocrx_word' id='word_1_675' title='bbox 2555 2952 2697 3019; x_wconf 88' lang='lat' dir='ltr'><strong>quasi</strong></span> <span class='ocrx_word' id='word_1_676' title='bbox 2724 2947 3111 3003; x_wconf 84' lang='lat' dir='ltr'><strong>tabernaculum</strong></span> <span class='ocrx_word' id='word_1_677' title='bbox 3133 2948 3285 3002; x_wconf 86' lang='lat' dir='ltr'><strong>unius</strong></span> <span class='ocrx_word' id='word_1_678' title='bbox 3309 2960 3433 2998; x_wconf 84' lang='lat' dir='ltr'><strong>noc-</strong></span> 
     </span>
    </p>
   </div>
   <div class='ocr_carea' id='block_1_88' title="bbox 1829 3034 3430 3117">
    <p class='ocr_par' dir='ltr' id='par_1_88' title="bbox 1829 3034 3430 3117">
     <span class='ocr_line' id='line_1_88' title="bbox 1829 3034 3430 3117; baseline -0.007 -17"><span class='ocrx_word' id='word_1_679' title='bbox 1829 3047 1914 3111; x_wconf 89' lang='lat' dir='ltr'><strong>tis,</strong></span> <span class='ocrx_word' id='word_1_680' title='bbox 1941 3055 1987 3098; x_wconf 91' lang='lat' dir='ltr'><strong>et</strong></span> <span class='ocrx_word' id='word_1_681' title='bbox 2008 3042 2239 3117; x_wconf 87' lang='lat' dir='ltr'><strong>gravabit</strong></span> <span class='ocrx_word' id='word_1_682' title='bbox 2261 3057 2376 3094; x_wconf 89' lang='lat' dir='ltr'><strong>eam</strong></span> <span class='ocrx_word' id='word_1_683' title='bbox 2397 3042 2643 3110; x_wconf 87' lang='lat' dir='ltr'><strong>iniquitas</strong></span> <span class='ocrx_word' id='word_1_684' title='bbox 2668 3057 2782 3106; x_wconf 88' lang='lat' dir='ltr'><strong>sua,</strong></span> <span class='ocrx_word' id='word_1_685' title='bbox 2808 3051 2856 3095; x_wconf 91' lang='lat' dir='ltr'><strong>et</strong></span> <span class='ocrx_word' id='word_1_686' title='bbox 2882 3050 3111 3101; x_wconf 86' lang='lat' dir='ltr'><strong>corruet,</strong></span> <span class='ocrx_word' id='word_1_687' title='bbox 3134 3050 3181 3093; x_wconf 87' lang='lat' dir='ltr'><strong>et</strong></span> <span class='ocrx_word' id='word_1_688' title='bbox 3206 3055 3309 3092; x_wconf 84' lang='lat' dir='ltr'><strong>non</strong></span> <span class='ocrx_word' id='word_1_689' title='bbox 3332 3034 3430 3090; x_wconf 77' lang='lat' dir='ltr'><strong>atl-</strong></span> 
     </span>
    </p>
   </div>
   <div class='ocr_carea' id='block_1_89' title="bbox 1825 3127 3434 3209">
    <p class='ocr_par' dir='ltr' id='par_1_89' title="bbox 1825 3127 3434 3209">
     <span class='ocr_line' id='line_1_89' title="bbox 1825 3127 3434 3209; baseline -0.006 -18"><span class='ocrx_word' id='word_1_690' title='bbox 1825 3138 1973 3206; x_wconf 85' lang='lat' dir='ltr'><strong>jiciet</strong></span> <span class='ocrx_word' id='word_1_691' title='bbox 2008 3135 2119 3209; x_wconf 81' lang='lat' dir='ltr'><strong>[AL</strong></span> <span class='ocrx_word' id='word_1_692' title='bbox 2142 3129 2441 3203; x_wconf 75' lang='lat' dir='ltr'><strong>adjiciatur]</strong></span> <span class='ocrx_word' id='word_1_693' title='bbox 2480 3141 2534 3184; x_wconf 87' lang='lat' dir='ltr'><strong>ut</strong></span> <span class='ocrx_word' id='word_1_694' title='bbox 2575 3140 2831 3200; x_wconf 86' lang='lat' dir='ltr'><strong>resurgat.</strong></span> <span class='ocrx_word' id='word_1_695' title='bbox 2858 3131 3158 3200; x_wconf 79' lang='lat' dir='ltr'><strong>PrOptcrea</strong></span> <span class='ocrx_word' id='word_1_696' title='bbox 3191 3127 3434 3184; x_wconf 80' lang='lat' dir='ltr'><strong>formidi-</strong></span> 
     </span>
    </p>
   </div>
   <div class='ocr_carea' id='block_1_90' title="bbox 1838 3221 3431 3297">
    <p class='ocr_par' dir='ltr' id='par_1_90' title="bbox 1838 3221 3431 3297">
     <span class='ocr_line' id='line_1_90' title="bbox 1838 3221 3431 3297; baseline -0.006 -14"><span class='ocrx_word' id='word_1_697' title='bbox 1838 3246 1983 3295; x_wconf 88' lang='lat' dir='ltr'><strong>nem,</strong></span> <span class='ocrx_word' id='word_1_698' title='bbox 2014 3234 2071 3282; x_wconf 87' lang='lat' dir='ltr'><strong>et</strong></span> <span class='ocrx_word' id='word_1_699' title='bbox 2110 3224 2362 3297; x_wconf 87' lang='lat' dir='ltr'><strong>laqucmtt</strong></span> <span class='ocrx_word' id='word_1_700' title='bbox 2407 3231 2460 3276; x_wconf 88' lang='lat' dir='ltr'><strong>et</strong></span> <span class='ocrx_word' id='word_1_701' title='bbox 2490 3223 2699 3276; x_wconf 77' lang='lat' dir='ltr'><strong>foveam</strong></span> <span class='ocrx_word' id='word_1_702' title='bbox 2740 3222 2953 3276; x_wconf 90' lang='lat' dir='ltr'><strong>Domini</strong></span> <span class='ocrx_word' id='word_1_703' title='bbox 2992 3222 3171 3274; x_wconf 81' lang='lat' dir='ltr'><strong>nullus</strong></span> <span class='ocrx_word' id='word_1_704' title='bbox 3213 3221 3431 3289; x_wconf 80' lang='lat' dir='ltr'><strong>evadet,</strong></span> 
     </span>
    </p>
   </div>
   <div class='ocr_carea' id='block_1_91' title="bbox 1834 3314 3434 3393">
    <p class='ocr_par' dir='ltr' id='par_1_91' title="bbox 1834 3314 3434 3393">
     <span class='ocr_line' id='line_1_91' title="bbox 1834 3314 3434 3393; baseline -0.002 -19"><span class='ocrx_word' id='word_1_705' title='bbox 1834 3323 1957 3393; x_wconf 87' lang='lat' dir='ltr'><strong>quia</strong></span> <span class='ocrx_word' id='word_1_706' title='bbox 1988 3328 2277 3377; x_wconf 73' lang='lat' dir='ltr'><strong>cataracta:</strong></span> <span class='ocrx_word' id='word_1_707' title='bbox 2308 3317 2375 3374; x_wconf 87' lang='lat' dir='ltr'><strong>de</strong></span> <span class='ocrx_word' id='word_1_708' title='bbox 2396 3317 2653 3383; x_wconf 78' lang='lat' dir='ltr'><strong>excelsis,</strong></span> <span class='ocrx_word' id='word_1_709' title='bbox 2687 3317 2805 3371; x_wconf 84' lang='lat' dir='ltr'><strong>sive</strong></span> <span class='ocrx_word' id='word_1_710' title='bbox 2833 3328 2887 3369; x_wconf 89' lang='lat' dir='ltr'><strong>ttt</strong></span> <span class='ocrx_word' id='word_1_711' title='bbox 2920 3314 3061 3370; x_wconf 80' lang='lat' dir='ltr'><strong>LXX</strong></span> <span class='ocrx_word' id='word_1_712' title='bbox 3089 3315 3434 3371; x_wconf 79' lang='lat' dir='ltr'><strong>manifestius</strong></span> 
     </span>
    </p>
   </div>
   <div class='ocr_carea' id='block_1_92' title="bbox 1836 3408 3432 3485">
    <p class='ocr_par' dir='ltr' id='par_1_92' title="bbox 1836 3408 3432 3485">
     <span class='ocr_line' id='line_1_92' title="bbox 1836 3408 3432 3485; baseline -0.004 -16"><span class='ocrx_word' id='word_1_713' title='bbox 1836 3415 2252 3476; x_wconf 86' lang='lat' dir='ltr'><strong>transtulerunt,</strong></span> <span class='ocrx_word' id='word_1_714' title='bbox 2285 3415 2526 3485; x_wconf 67' lang='lat' dir='ltr'><strong>fenestris</strong></span> <span class='ocrx_word' id='word_1_715' title='bbox 2552 3409 2665 3465; x_wconf 68' lang='lat' dir='ltr'><strong>mli</strong></span> <span class='ocrx_word' id='word_1_716' title='bbox 2707 3419 2899 3481; x_wconf 72' lang='lat' dir='ltr'><strong>aperta:</strong></span> <span class='ocrx_word' id='word_1_717' title='bbox 2919 3420 3057 3473; x_wconf 85' lang='lat' dir='ltr'><strong>sunt,</strong></span> <span class='ocrx_word' id='word_1_718' title='bbox 3094 3418 3155 3465; x_wconf 92' lang='lat' dir='ltr'><strong>ut</strong></span> <span class='ocrx_word' id='word_1_719' title='bbox 3181 3408 3432 3478; x_wconf 85' lang='lat' dir='ltr'><strong>despice-</strong></span> 
     </span>
    </p>
   </div>
   <div class='ocr_carea' id='block_1_93' title="bbox 1832 3500 3427 3573">
    <p class='ocr_par' dir='ltr' id='par_1_93' title="bbox 1832 3500 3427 3573">
     <span class='ocr_line' id='line_1_93' title="bbox 1832 3500 3427 3573; baseline -0.004 -13"><span class='ocrx_word' id='word_1_720' title='bbox 1832 3515 1915 3560; x_wconf 82' lang='lat' dir='ltr'><strong>ret</strong></span> <span class='ocrx_word' id='word_1_721' title='bbox 1940 3504 2206 3560; x_wconf 89' lang='lat' dir='ltr'><strong>Dominus</strong></span> <span class='ocrx_word' id='word_1_722' title='bbox 2228 3501 2505 3557; x_wconf 80' lang='lat' dir='ltr'><strong>hominum</strong></span> <span class='ocrx_word' id='word_1_723' title='bbox 2542 3502 2789 3557; x_wconf 82' lang='lat' dir='ltr'><strong>universa</strong></span> <span class='ocrx_word' id='word_1_724' title='bbox 2825 3514 3072 3573; x_wconf 81' lang='lat' dir='ltr'><strong>peccata,</strong></span> <span class='ocrx_word' id='word_1_725' title='bbox 3102 3513 3222 3570; x_wconf 74' lang='lat' dir='ltr'><strong>qua:</strong></span> <span class='ocrx_word' id='word_1_726' title='bbox 3256 3500 3427 3570; x_wconf 87' lang='lat' dir='ltr'><strong>prius,</strong></span> 
     </span>
    </p>
   </div>
   <div class='ocr_carea' id='block_1_94' title="bbox 1794 3593 3429 3668">
    <p class='ocr_par' dir='ltr' id='par_1_94' title="bbox 1794 3593 3429 3668">
     <span class='ocr_line' id='line_1_94' title="bbox 1794 3593 3429 3668; baseline -0.001 -19"><span class='ocrx_word' id='word_1_727' title='bbox 1794 3602 1801 3605; x_wconf 83' lang='lat'>&#39;</span> <span class='ocrx_word' id='word_1_728' title='bbox 1828 3599 1954 3668; x_wconf 87' lang='lat' dir='ltr'><strong>quia</strong></span> <span class='ocrx_word' id='word_1_729' title='bbox 1983 3613 2088 3651; x_wconf 88' lang='lat' dir='ltr'><strong>non</strong></span> <span class='ocrx_word' id='word_1_730' title='bbox 2120 3596 2403 3668; x_wconf 81' lang='lat' dir='ltr'><strong>puniebat,</strong></span> <span class='ocrx_word' id='word_1_731' title='bbox 2436 3593 2723 3649; x_wconf 87' lang='lat' dir='ltr'><strong>videbatur</strong></span> <span class='ocrx_word' id='word_1_732' title='bbox 2754 3594 3131 3665; x_wconf 70' lang='lat' dir='ltr'><strong>peccatoribus</strong></span> <span class='ocrx_word' id='word_1_733' title='bbox 3158 3593 3429 3665; x_wconf 83' lang='lat' dir='ltr'><strong>ignorare.</strong></span> 
     </span>
    </p>
   </div>
   <div class='ocr_carea' id='block_1_95' title="bbox 1824 3688 3426 3763">
    <p class='ocr_par' dir='ltr' id='par_1_95' title="bbox 1824 3688 3426 3763">
     <span class='ocr_line' id='line_1_95' title="bbox 1824 3688 3426 3763; baseline -0.002 -17"><span class='ocrx_word' id='word_1_734' title='bbox 1824 3690 2119 3763; x_wconf 84' lang='lat' dir='ltr'><strong>Postquam</strong></span> <span class='ocrx_word' id='word_1_735' title='bbox 2145 3700 2326 3745; x_wconf 87' lang='lat' dir='ltr'><strong>autem</strong></span> <span class='ocrx_word' id='word_1_736' title='bbox 2360 3689 2566 3759; x_wconf 83' lang='lat' dir='ltr'><strong>apertis</strong></span> <span class='ocrx_word' id='word_1_737' title='bbox 2599 3688 2851 3745; x_wconf 80' lang='lat' dir='ltr'><strong>fenestris</strong></span> <span class='ocrx_word' id='word_1_738' title='bbox 2872 3688 3006 3744; x_wconf 88' lang='lat' dir='ltr'><strong>vidit</strong></span> <span class='ocrx_word' id='word_1_739' title='bbox 3034 3700 3230 3743; x_wconf 84' lang='lat' dir='ltr'><strong>cuneta</strong></span> <span class='ocrx_word' id='word_1_740' title='bbox 3261 3700 3426 3753; x_wconf 84' lang='lat' dir='ltr'><strong>opera</strong></span> 
     </span>
    </p>
   </div>
   <div class='ocr_carea' id='block_1_96' title="bbox 1825 3780 3426 3851">
    <p class='ocr_par' dir='ltr' id='par_1_96' title="bbox 1825 3780 3426 3851">
     <span class='ocr_line' id='line_1_96' title="bbox 1825 3780 3426 3851; baseline -0.001 -14"><span class='ocrx_word' id='word_1_741' title='bbox 1825 3785 2159 3851; x_wconf 86' lang='lat' dir='ltr'><strong>mortalium,</strong></span> <span class='ocrx_word' id='word_1_742' title='bbox 2195 3798 2465 3840; x_wconf 74' lang='lat' dir='ltr'><strong>concussa</strong></span> <span class='ocrx_word' id='word_1_743' title='bbox 2513 3792 2639 3839; x_wconf 85' lang='lat' dir='ltr'><strong>sunt</strong></span> <span class='ocrx_word' id='word_1_744' title='bbox 2666 3782 3013 3839; x_wconf 87' lang='lat' dir='ltr'><strong>fundamenta</strong></span> <span class='ocrx_word' id='word_1_745' title='bbox 3046 3791 3230 3848; x_wconf 73' lang='lat' dir='ltr'><strong>terrm,</strong></span> <span class='ocrx_word' id='word_1_746' title='bbox 3272 3780 3426 3851; x_wconf 77' lang='lat' dir='ltr'><strong>juxta</strong></span> 
     </span>
    </p>
   </div>
   <div class='ocr_carea' id='block_1_97' title="bbox 1823 3875 3424 3950">
    <p class='ocr_par' dir='ltr' id='par_1_97' title="bbox 1823 3875 3424 3950">
     <span class='ocr_line' id='line_1_97' title="bbox 1823 3875 3424 3950; baseline -0.001 -18"><span class='ocrx_word' id='word_1_747' title='bbox 1823 3875 1955 3933; x_wconf 85' lang='lat' dir='ltr'><strong>illud</strong></span> <span class='ocrx_word' id='word_1_748' title='bbox 1988 3877 2129 3950; x_wconf 89' lang='lat' dir='ltr'><strong>quod</strong></span> <span class='ocrx_word' id='word_1_749' title='bbox 2170 3877 2222 3933; x_wconf 92' lang='lat' dir='ltr'><strong>in</strong></span> <span class='ocrx_word' id='word_1_750' title='bbox 2271 3877 2377 3932; x_wconf 88' lang='lat' dir='ltr'><strong>alio</strong></span> <span class='ocrx_word' id='word_1_751' title='bbox 2409 3877 2529 3932; x_wconf 92' lang='lat' dir='ltr'><strong>loco</strong></span> <span class='ocrx_word' id='word_1_752' title='bbox 2560 3878 2627 3932; x_wconf 89' lang='lat' dir='ltr'><strong>de</strong></span> <span class='ocrx_word' id='word_1_753' title='bbox 2656 3876 2746 3931; x_wconf 85' lang='lat' dir='ltr'><strong>Dei</strong></span> <span class='ocrx_word' id='word_1_754' title='bbox 2779 3878 2973 3932; x_wconf 88' lang='lat' dir='ltr'><strong>intuitu</strong></span> <span class='ocrx_word' id='word_1_755' title='bbox 3008 3878 3272 3946; x_wconf 90' lang='lat' dir='ltr'><strong>scriptum</strong></span> <span class='ocrx_word' id='word_1_756' title='bbox 3307 3884 3424 3930; x_wconf 85' lang='lat' dir='ltr'><strong>est:</strong></span> 
     </span>
    </p>
   </div>
   <div class='ocr_carea' id='block_1_98' title="bbox 1826 3966 3422 4047">
    <p class='ocr_par' dir='ltr' id='par_1_98' title="bbox 1826 3966 3422 4047">
     <span class='ocr_line' id='line_1_98' title="bbox 1826 3966 3422 4047; baseline -0.007 -18"><span class='ocrx_word' id='word_1_757' title='bbox 1826 3974 1928 4043; x_wconf 83' lang='lat' dir='ltr'><strong>Qui</strong></span> <span class='ocrx_word' id='word_1_758' title='bbox 1947 3974 2154 4047; x_wconf 86' lang='lat' dir='ltr'><strong>respicit</strong></span> <span class='ocrx_word' id='word_1_759' title='bbox 2176 3982 2387 4039; x_wconf 83' lang='lat' dir='ltr'><strong>terram,</strong></span> <span class='ocrx_word' id='word_1_760' title='bbox 2402 3984 2449 4026; x_wconf 80' lang='lat' dir='ltr'><strong>et</strong></span> <span class='ocrx_word' id='word_1_761' title='bbox 2470 3973 2622 4043; x_wconf 79' lang='lat' dir='ltr'><strong>faciet</strong></span> <span class='ocrx_word' id='word_1_762' title='bbox 2645 3988 2758 4025; x_wconf 86' lang='lat' dir='ltr'><strong>eam</strong></span> <span class='ocrx_word' id='word_1_763' title='bbox 2781 3981 2997 4025; x_wconf 87' lang='lat' dir='ltr'><strong>tremere</strong></span> <span class='ocrx_word' id='word_1_764' title='bbox 3018 3968 3135 4041; x_wconf 88' lang='lat' dir='ltr'><strong>(Ps.</strong></span> <span class='ocrx_word' id='word_1_765' title='bbox 3153 3983 3267 4033; x_wconf 89' lang='lat' dir='ltr'><strong>cut,</strong></span> <span class='ocrx_word' id='word_1_766' title='bbox 3286 3966 3383 4036; x_wconf 73' lang='lat'><strong>&#39;52)</strong></span> <span class='ocrx_word' id='word_1_767' title='bbox 3406 3981 3422 4033; x_wconf 88' lang='lat'><strong>;</strong></span> 
     </span>
    </p>
   </div>
   <div class='ocr_carea' id='block_1_99' title="bbox 1823 4061 3426 4136">
    <p class='ocr_par' dir='ltr' id='par_1_99' title="bbox 1823 4061 3426 4136">
     <span class='ocr_line' id='line_1_99' title="bbox 1823 4061 3426 4136; baseline -0.007 -14"><span class='ocrx_word' id='word_1_768' title='bbox 1823 4076 1948 4124; x_wconf 85' lang='lat' dir='ltr'><strong>tunc</strong></span> <span class='ocrx_word' id='word_1_769' title='bbox 1990 4066 2363 4136; x_wconf 82' lang='lat' dir='ltr'><strong>confringetur</strong></span> <span class='ocrx_word' id='word_1_770' title='bbox 2400 4074 2455 4118; x_wconf 88' lang='lat' dir='ltr'><strong>et</strong></span> <span class='ocrx_word' id='word_1_771' title='bbox 2500 4072 2841 4130; x_wconf 85' lang='lat' dir='ltr'><strong>conteretur,</strong></span> <span class='ocrx_word' id='word_1_772' title='bbox 2891 4076 2943 4117; x_wconf 91' lang='lat' dir='ltr'><strong>et</strong></span> <span class='ocrx_word' id='word_1_773' title='bbox 2988 4061 3426 4115; x_wconf 82' lang='lat' dir='ltr'><strong>commovebitur</strong></span> 
     </span>
    </p>
   </div>
   <div class='ocr_carea' id='block_1_100' title="bbox 1824 4151 3419 4232">
    <p class='ocr_par' dir='ltr' id='par_1_100' title="bbox 1824 4151 3419 4232">
     <span class='ocr_line' id='line_1_100' title="bbox 1824 4151 3419 4232; baseline -0.005 -17"><span class='ocrx_word' id='word_1_774' title='bbox 1824 4175 1983 4232; x_wconf 88' lang='lat' dir='ltr'><strong>atque</strong></span> <span class='ocrx_word' id='word_1_775' title='bbox 2031 4160 2320 4232; x_wconf 86' lang='lat' dir='ltr'><strong>agitabitur</strong></span> <span class='ocrx_word' id='word_1_776' title='bbox 2372 4168 2514 4213; x_wconf 87' lang='lat' dir='ltr'><strong>terra</strong></span> <span class='ocrx_word' id='word_1_777' title='bbox 2548 4157 2599 4211; x_wconf 93' lang='lat' dir='ltr'><strong>in</strong></span> <span class='ocrx_word' id='word_1_778' title='bbox 2631 4154 3051 4211; x_wconf 86' lang='lat' dir='ltr'><strong>similitudinem</strong></span> <span class='ocrx_word' id='word_1_779' title='bbox 3090 4151 3230 4207; x_wconf 87' lang='lat' dir='ltr'><strong>ebrii</strong></span> <span class='ocrx_word' id='word_1_780' title='bbox 3265 4170 3278 4204; x_wconf 82' lang='lat'><strong>;</strong></span> <span class='ocrx_word' id='word_1_781' title='bbox 3311 4167 3419 4207; x_wconf 88' lang='lat' dir='ltr'><strong>non</strong></span> 
     </span>
    </p>
   </div>
   <div class='ocr_carea' id='block_1_101' title="bbox 1821 4242 3421 4324">
    <p class='ocr_par' dir='ltr' id='par_1_101' title="bbox 1821 4242 3421 4324">
     <span class='ocr_line' id='line_1_101' title="bbox 1821 4242 3421 4324; baseline -0.008 -18"><span class='ocrx_word' id='word_1_782' title='bbox 1821 4253 1963 4319; x_wconf 87' lang='lat' dir='ltr'><strong>quod</strong></span> <span class='ocrx_word' id='word_1_783' title='bbox 1992 4255 2107 4324; x_wconf 86' lang='lat' dir='ltr'><strong>ipsa</strong></span> <span class='ocrx_word' id='word_1_784' title='bbox 2141 4262 2284 4305; x_wconf 88' lang='lat' dir='ltr'><strong>terra</strong></span> <span class='ocrx_word' id='word_1_785' title='bbox 2318 4248 2598 4320; x_wconf 79' lang='lat' dir='ltr'><strong>redigatur</strong></span> <span class='ocrx_word' id='word_1_786' title='bbox 2632 4249 2681 4301; x_wconf 89' lang='lat' dir='ltr'><strong>in</strong></span> <span class='ocrx_word' id='word_1_787' title='bbox 2719 4248 3026 4319; x_wconf 89' lang='lat' dir='ltr'><strong>pulverem,</strong></span> <span class='ocrx_word' id='word_1_788' title='bbox 3062 4254 3118 4305; x_wconf 82' lang='lat' dir='ltr'><strong>et</strong></span> <span class='ocrx_word' id='word_1_789' title='bbox 3150 4243 3202 4301; x_wconf 90' lang='lat' dir='ltr'><strong>in</strong></span> <span class='ocrx_word' id='word_1_790' title='bbox 3233 4242 3421 4311; x_wconf 87' lang='lat' dir='ltr'><strong>nihili;</strong></span> 
     </span>
    </p>
   </div>
   <div class='ocr_carea' id='block_1_102' title="bbox 1823 4336 3426 4417">
    <p class='ocr_par' dir='ltr' id='par_1_102' title="bbox 1823 4336 3426 4417">
     <span class='ocr_line' id='line_1_102' title="bbox 1823 4336 3426 4417; baseline -0.003 -18"><span class='ocrx_word' id='word_1_791' title='bbox 1823 4345 1917 4399; x_wconf 90' lang='lat' dir='ltr'><strong>sed</strong></span> <span class='ocrx_word' id='word_1_792' title='bbox 1946 4344 2089 4417; x_wconf 85' lang='lat' dir='ltr'><strong>quod</strong></span> <span class='ocrx_word' id='word_1_793' title='bbox 2119 4344 2369 4397; x_wconf 84' lang='lat' dir='ltr'><strong>universa</strong></span> <span class='ocrx_word' id='word_1_794' title='bbox 2402 4352 2616 4398; x_wconf 86' lang='lat' dir='ltr'><strong>terrena</strong></span> <span class='ocrx_word' id='word_1_795' title='bbox 2650 4347 3047 4410; x_wconf 86' lang='lat' dir='ltr'><strong>pertranseant,</strong></span> <span class='ocrx_word' id='word_1_796' title='bbox 3082 4347 3139 4394; x_wconf 89' lang='lat' dir='ltr'><strong>et</strong></span> <span class='ocrx_word' id='word_1_797' title='bbox 3166 4336 3426 4394; x_wconf 88' lang='lat' dir='ltr'><strong>succedat</strong></span> 
     </span>
    </p>
   </div>
   <div class='ocr_carea' id='block_1_103' title="bbox 1824 4430 3419 4504">
    <p class='ocr_par' dir='ltr' id='par_1_103' title="bbox 1824 4430 3419 4504">
     <span class='ocr_line' id='line_1_103' title="bbox 1824 4430 3419 4504; baseline -0.002 -14"><span class='ocrx_word' id='word_1_798' title='bbox 1824 4436 1928 4491; x_wconf 88' lang='lat' dir='ltr'><strong>alia</strong></span> <span class='ocrx_word' id='word_1_799' title='bbox 1977 4432 2341 4488; x_wconf 87' lang='lat' dir='ltr'><strong>conversatio.</strong></span> <span class='ocrx_word' id='word_1_800' title='bbox 2400 4431 2464 4486; x_wconf 85' lang='lat' dir='ltr'><strong>Et</strong></span> <span class='ocrx_word' id='word_1_801' title='bbox 2508 4431 2787 4504; x_wconf 84' lang='lat' dir='ltr'><strong>quomodo</strong></span> <span class='ocrx_word' id='word_1_802' title='bbox 2834 4433 3017 4488; x_wconf 91' lang='lat' dir='ltr'><strong>ebrius</strong></span> <span class='ocrx_word' id='word_1_803' title='bbox 3062 4433 3231 4487; x_wconf 89' lang='lat' dir='ltr'><strong>nescit</strong></span> <span class='ocrx_word' id='word_1_804' title='bbox 3286 4430 3419 4502; x_wconf 89' lang='lat' dir='ltr'><strong>quid</strong></span> 
     </span>
    </p>
   </div>
   <div class='ocr_carea' id='block_1_104' title="bbox 1825 4521 3423 4598">
    <p class='ocr_par' dir='ltr' id='par_1_104' title="bbox 1825 4521 3423 4598">
     <span class='ocr_line' id='line_1_104' title="bbox 1825 4521 3423 4598; baseline -0.003 -18"><span class='ocrx_word' id='word_1_805' title='bbox 1825 4534 1968 4598; x_wconf 89' lang='lat' dir='ltr'><strong>agat,</strong></span> <span class='ocrx_word' id='word_1_806' title='bbox 2022 4523 2116 4579; x_wconf 83' lang='lat' dir='ltr'><strong>sed</strong></span> <span class='ocrx_word' id='word_1_807' title='bbox 2168 4521 2592 4579; x_wconf 88' lang='lat' dir='ltr'><strong>hebesceutibus</strong></span> <span class='ocrx_word' id='word_1_808' title='bbox 2642 4522 2913 4577; x_wconf 88' lang='lat' dir='ltr'><strong>ebrietate</strong></span> <span class='ocrx_word' id='word_1_809' title='bbox 2942 4523 3147 4591; x_wconf 85' lang='lat' dir='ltr'><strong>nervis,</strong></span> <span class='ocrx_word' id='word_1_810' title='bbox 3182 4536 3283 4577; x_wconf 87' lang='lat' dir='ltr'><strong>nec</strong></span> <span class='ocrx_word' id='word_1_811' title='bbox 3327 4534 3423 4591; x_wconf 82' lang='lat' dir='ltr'><strong>pes</strong></span> 
     </span>
    </p>
   </div>
   <div class='ocr_carea' id='block_1_105' title="bbox 1826 4611 3421 4683">
    <p class='ocr_par' dir='ltr' id='par_1_105' title="bbox 1826 4611 3421 4683">
     <span class='ocr_line' id='line_1_105' title="bbox 1826 4611 3421 4683; baseline -0.004 -8"><span class='ocrx_word' id='word_1_812' title='bbox 1826 4635 1927 4677; x_wconf 91' lang='lat' dir='ltr'><strong>nec</strong></span> <span class='ocrx_word' id='word_1_813' title='bbox 1966 4632 2122 4673; x_wconf 88' lang='lat' dir='ltr'><strong>mens</strong></span> <span class='ocrx_word' id='word_1_814' title='bbox 2148 4625 2251 4672; x_wconf 87' lang='lat' dir='ltr'><strong>stat</strong></span> <span class='ocrx_word' id='word_1_815' title='bbox 2284 4614 2337 4668; x_wconf 89' lang='grc'><strong>111</strong></span> <span class='ocrx_word' id='word_1_816' title='bbox 2360 4629 2459 4670; x_wconf 88' lang='lat' dir='ltr'><strong>suo</strong></span> <span class='ocrx_word' id='word_1_817' title='bbox 2484 4611 2667 4667; x_wconf 83' lang='lat' dir='ltr'><strong>ofﬁcio</strong></span> <span class='ocrx_word' id='word_1_818' title='bbox 2692 4630 2704 4665; x_wconf 91' lang='lat'>:</span> <span class='ocrx_word' id='word_1_819' title='bbox 2735 4614 2811 4669; x_wconf 90' lang='lat' dir='ltr'><strong>sic</strong></span> <span class='ocrx_word' id='word_1_820' title='bbox 2838 4616 3015 4669; x_wconf 89' lang='lat' dir='ltr'><strong>onmis</strong></span> <span class='ocrx_word' id='word_1_821' title='bbox 3038 4624 3204 4681; x_wconf 88' lang='lat' dir='ltr'><strong>terra,</strong></span> <span class='ocrx_word' id='word_1_822' title='bbox 3241 4614 3293 4668; x_wconf 90' lang='lat' dir='ltr'><strong>id</strong></span> <span class='ocrx_word' id='word_1_823' title='bbox 3317 4623 3421 4683; x_wconf 83' lang='lat' dir='ltr'><strong>est,</strong></span> 
     </span>
    </p>
   </div>
   <div class='ocr_carea' id='block_1_106' title="bbox 1823 4705 3424 4780">
    <p class='ocr_par' dir='ltr' id='par_1_106' title="bbox 1823 4705 3424 4780">
     <span class='ocr_line' id='line_1_106' title="bbox 1823 4705 3424 4780; baseline -0.007 -11"><span class='ocrx_word' id='word_1_824' title='bbox 1823 4726 2016 4769; x_wconf 88' lang='lat' dir='ltr'><strong>omnes</strong></span> <span class='ocrx_word' id='word_1_825' title='bbox 2066 4709 2316 4765; x_wconf 87' lang='lat' dir='ltr'><strong>homines</strong></span> <span class='ocrx_word' id='word_1_826' title='bbox 2358 4707 2448 4780; x_wconf 87' lang='lat' dir='ltr'><strong>qui</strong></span> <span class='ocrx_word' id='word_1_827' title='bbox 2501 4712 2790 4761; x_wconf 88' lang='lat' dir='ltr'><strong>versantur</strong></span> <span class='ocrx_word' id='word_1_828' title='bbox 2835 4705 2889 4760; x_wconf 93' lang='lat' dir='ltr'><strong>in</strong></span> <span class='ocrx_word' id='word_1_829' title='bbox 2939 4712 3104 4771; x_wconf 90' lang='lat' dir='ltr'><strong>terra,</strong></span> <span class='ocrx_word' id='word_1_830' title='bbox 3153 4707 3424 4773; x_wconf 81' lang='lat' dir='ltr'><strong>malorum</strong></span> 
     </span>
    </p>
   </div>
   <div class='ocr_carea' id='block_1_107' title="bbox 1824 4796 3426 4880">
    <p class='ocr_par' dir='ltr' id='par_1_107' title="bbox 1824 4796 3426 4880">
     <span class='ocr_line' id='line_1_107' title="bbox 1824 4796 3426 4880; baseline -0.006 -16"><span class='ocrx_word' id='word_1_831' title='bbox 1824 4796 2201 4880; x_wconf 80' lang='lat' dir='ltr'><strong>magnitudine</strong></span> <span class='ocrx_word' id='word_1_832' title='bbox 2241 4811 2403 4876; x_wconf 88' lang='lat' dir='ltr'><strong>atque</strong></span> <span class='ocrx_word' id='word_1_833' title='bbox 2445 4815 2732 4874; x_wconf 65' lang='lat' dir='ltr'><strong>plenarum</strong></span> <span class='ocrx_word' id='word_1_834' title='bbox 2764 4798 2899 4853; x_wconf 87' lang='lat' dir='ltr'><strong>cbrii</strong></span> <span class='ocrx_word' id='word_1_835' title='bbox 2930 4806 3110 4865; x_wconf 76' lang='lat' dir='ltr'><strong>erunt,</strong></span> <span class='ocrx_word' id='word_1_836' title='bbox 3149 4805 3202 4852; x_wconf 88' lang='lat' dir='ltr'><strong>et</strong></span> <span class='ocrx_word' id='word_1_837' title='bbox 3241 4808 3426 4870; x_wconf 86' lang='lat' dir='ltr'><strong>stupe-</strong></span> 
     </span>
    </p>
   </div>
   <div class='ocr_carea' id='block_1_108' title="bbox 1820 4893 3421 4967">
    <p class='ocr_par' dir='ltr' id='par_1_108' title="bbox 1820 4893 3421 4967">
     <span class='ocr_line' id='line_1_108' title="bbox 1820 4893 3421 4967; baseline -0.002 -11"><span class='ocrx_word' id='word_1_838' title='bbox 1820 4900 1956 4956; x_wconf 86' lang='lat' dir='ltr'><strong>bunt</strong></span> <span class='ocrx_word' id='word_1_839' title='bbox 1991 4897 2057 4953; x_wconf 90' lang='lat' dir='ltr'><strong>ad</strong></span> <span class='ocrx_word' id='word_1_840' title='bbox 2107 4908 2297 4953; x_wconf 84' lang='lat' dir='ltr'><strong>cuneta</strong></span> <span class='ocrx_word' id='word_1_841' title='bbox 2337 4912 2458 4967; x_wconf 70' lang='lat' dir='ltr'><strong>qua:</strong></span> <span class='ocrx_word' id='word_1_842' title='bbox 2506 4904 2755 4950; x_wconf 88' lang='lat' dir='ltr'><strong>cernent.</strong></span> <span class='ocrx_word' id='word_1_843' title='bbox 2794 4894 2859 4947; x_wconf 69' lang='lat' dir='ltr'><strong>lit</strong></span> <span class='ocrx_word' id='word_1_844' title='bbox 2887 4893 3024 4948; x_wconf 91' lang='lat' dir='ltr'><strong>sicut</strong></span> <span class='ocrx_word' id='word_1_845' title='bbox 3056 4894 3214 4949; x_wconf 90' lang='lat' dir='ltr'><strong>unius</strong></span> <span class='ocrx_word' id='word_1_846' title='bbox 3245 4894 3421 4952; x_wconf 76' lang='lat' dir='ltr'><strong>noctis</strong></span> 
     </span>
    </p>
   </div>
   <div class='ocr_carea' id='block_1_109' title="bbox 1820 4984 3421 5059">
    <p class='ocr_par' dir='ltr' id='par_1_109' title="bbox 1820 4984 3421 5059">
     <span class='ocr_line' id='line_1_109' title="bbox 1820 4984 3421 5059; baseline -0.002 -11"><span class='ocrx_word' id='word_1_847' title='bbox 1820 4990 2228 5048; x_wconf 91' lang='lat' dir='ltr'><strong>tabernaculmn</strong></span> <span class='ocrx_word' id='word_1_848' title='bbox 2260 4998 2424 5059; x_wconf 85' lang='lat' dir='ltr'><strong>atque</strong></span> <span class='ocrx_word' id='word_1_849' title='bbox 2472 4984 2764 5039; x_wconf 76' lang='lat' dir='ltr'><strong>tentorium</strong></span> <span class='ocrx_word' id='word_1_850' title='bbox 2815 4984 3145 5042; x_wconf 82' lang='lat' dir='ltr'><strong>transfertur</strong></span> <span class='ocrx_word' id='word_1_851' title='bbox 3189 4985 3257 5043; x_wconf 88' lang='lat' dir='ltr'><strong>de</strong></span> <span class='ocrx_word' id='word_1_852' title='bbox 3300 4987 3421 5045; x_wconf 89' lang='lat' dir='ltr'><strong>loco</strong></span> 
     </span>
    </p>
   </div>
   <div class='ocr_carea' id='block_1_110' title="bbox 1819 5078 3413 5151">
    <p class='ocr_par' dir='ltr' id='par_1_110' title="bbox 1819 5078 3413 5151">
     <span class='ocr_line' id='line_1_110' title="bbox 1819 5078 3413 5151; baseline -0.003 -9"><span class='ocrx_word' id='word_1_853' title='bbox 1819 5085 1884 5141; x_wconf 87' lang='lat' dir='ltr'><strong>ad</strong></span> <span class='ocrx_word' id='word_1_854' title='bbox 1916 5086 2118 5151; x_wconf 89' lang='lat' dir='ltr'><strong>locum,</strong></span> <span class='ocrx_word' id='word_1_855' title='bbox 2149 5092 2203 5136; x_wconf 86' lang='lat' dir='ltr'><strong>et</strong></span> <span class='ocrx_word' id='word_1_856' title='bbox 2231 5081 2383 5136; x_wconf 91' lang='lat' dir='ltr'><strong>locus</strong></span> <span class='ocrx_word' id='word_1_857' title='bbox 2415 5078 2629 5135; x_wconf 91' lang='lat' dir='ltr'><strong>tentorii</strong></span> <span class='ocrx_word' id='word_1_858' title='bbox 2660 5078 2872 5151; x_wconf 91' lang='lat' dir='ltr'><strong>pristini</strong></span> <span class='ocrx_word' id='word_1_859' title='bbox 2901 5095 2931 5136; x_wconf 90' lang='lat' dir='ltr'><strong>a</strong></span> <span class='ocrx_word' id='word_1_860' title='bbox 2958 5081 3171 5137; x_wconf 85' lang='lat' dir='ltr'><strong>viatore</strong></span> <span class='ocrx_word' id='word_1_861' title='bbox 3200 5081 3413 5138; x_wconf 79' lang='lat' dir='ltr'><strong>deseri-</strong></span> 
     </span>
    </p>
   </div>
   <div class='ocr_carea' id='block_1_111' title="bbox 1818 5172 3420 5247">
    <p class='ocr_par' dir='ltr' id='par_1_111' title="bbox 1818 5172 3420 5247">
     <span class='ocr_line' id='line_1_111' title="bbox 1818 5172 3420 5247; baseline -0.003 -12"><span class='ocrx_word' id='word_1_862' title='bbox 1818 5188 1925 5243; x_wconf 88' lang='lat' dir='ltr'><strong>tur,</strong></span> <span class='ocrx_word' id='word_1_863' title='bbox 1981 5180 2056 5233; x_wconf 90' lang='lat' dir='ltr'><strong>ita</strong></span> <span class='ocrx_word' id='word_1_864' title='bbox 2096 5185 2158 5231; x_wconf 92' lang='lat' dir='ltr'><strong>ut</strong></span> <span class='ocrx_word' id='word_1_865' title='bbox 2190 5174 2401 5229; x_wconf 87' lang='lat' dir='ltr'><strong>nullum</strong></span> <span class='ocrx_word' id='word_1_866' title='bbox 2450 5172 2734 5242; x_wconf 83' lang='lat' dir='ltr'><strong>vestigium</strong></span> <span class='ocrx_word' id='word_1_867' title='bbox 2790 5188 3071 5231; x_wconf 86' lang='lat' dir='ltr'><strong>remaneat</strong></span> <span class='ocrx_word' id='word_1_868' title='bbox 3126 5177 3420 5247; x_wconf 59' lang='lat' dir='ltr'><strong>praeterit-.2</strong></span> 
     </span>
    </p>
   </div>
   <div class='ocr_carea' id='block_1_112' title="bbox 1818 5266 3417 5339">
    <p class='ocr_par' dir='ltr' id='par_1_112' title="bbox 1818 5266 3417 5339">
     <span class='ocr_line' id='line_1_112' title="bbox 1818 5266 3417 5339; baseline -0.002 -11"><span class='ocrx_word' id='word_1_869' title='bbox 1818 5270 2116 5328; x_wconf 83' lang='lat' dir='ltr'><strong>mansionis</strong></span> <span class='ocrx_word' id='word_1_870' title='bbox 2149 5287 2161 5321; x_wconf 92' lang='lat'>:</span> <span class='ocrx_word' id='word_1_871' title='bbox 2193 5269 2271 5322; x_wconf 91' lang='lat' dir='ltr'><strong>sic</strong></span> <span class='ocrx_word' id='word_1_872' title='bbox 2293 5266 2544 5322; x_wconf 90' lang='lat' dir='ltr'><strong>transibit</strong></span> <span class='ocrx_word' id='word_1_873' title='bbox 2586 5266 2753 5339; x_wconf 80' lang='lat' dir='ltr'><strong>figura</strong></span> <span class='ocrx_word' id='word_1_874' title='bbox 2783 5270 2944 5339; x_wconf 77' lang='lat' dir='ltr'><strong>hujus</strong></span> <span class='ocrx_word' id='word_1_875' title='bbox 2985 5269 3198 5330; x_wconf 82' lang='lat' dir='ltr'><strong>mundi,</strong></span> <span class='ocrx_word' id='word_1_876' title='bbox 3225 5280 3279 5324; x_wconf 88' lang='lat' dir='ltr'><strong>et</strong></span> <span class='ocrx_word' id='word_1_877' title='bbox 3308 5270 3417 5325; x_wconf 85' lang='lat' dir='ltr'><strong>erit</strong></span> 
     </span>
    </p>
   </div>
   <div class='ocr_carea' id='block_1_113' title="bbox 1818 5358 3419 5439">
    <p class='ocr_par' dir='ltr' id='par_1_113' title="bbox 1818 5358 3419 5439">
     <span class='ocr_line' id='line_1_113' title="bbox 1818 5358 3419 5439; baseline -0.005 -19"><span class='ocrx_word' id='word_1_878' title='bbox 1818 5375 1965 5420; x_wconf 89' lang='lat' dir='ltr'><strong>terra</strong></span> <span class='ocrx_word' id='word_1_879' title='bbox 2001 5361 2217 5429; x_wconf 77' lang='lat' dir='ltr'><strong>deserta</strong></span> <span class='ocrx_word' id='word_1_880' title='bbox 2264 5358 2430 5439; x_wconf 74' lang='lat'><strong>336</strong></span> <span class='ocrx_word' id='word_1_881' title='bbox 2452 5374 2574 5429; x_wconf 67' lang='lat' dir='ltr'><strong>quae</strong></span> <span class='ocrx_word' id='word_1_882' title='bbox 2618 5373 2843 5429; x_wconf 82' lang='lat' dir='ltr'><strong>gravata</strong></span> <span class='ocrx_word' id='word_1_883' title='bbox 2874 5362 2955 5414; x_wconf 77' lang='lat' dir='ltr'><strong>est</strong></span> <span class='ocrx_word' id='word_1_884' title='bbox 2990 5359 3274 5429; x_wconf 75' lang='lat' dir='ltr'><strong>iniquitate</strong></span> <span class='ocrx_word' id='word_1_885' title='bbox 3295 5374 3419 5428; x_wconf 87' lang='lat' dir='ltr'><strong>sua,</strong></span> 
     </span>
    </p>
   </div>
   <div class='ocr_carea' id='block_1_114' title="bbox 1818 5449 3417 5526">
    <p class='ocr_par' dir='ltr' id='par_1_114' title="bbox 1818 5449 3417 5526">
     <span class='ocr_line' id='line_1_114' title="bbox 1818 5449 3417 5526; baseline -0.004 -13"><span class='ocrx_word' id='word_1_886' title='bbox 1818 5456 1973 5525; x_wconf 89' lang='lat' dir='ltr'><strong>cujus</strong></span> <span class='ocrx_word' id='word_1_887' title='bbox 2000 5452 2210 5526; x_wconf 87' lang='lat' dir='ltr'><strong>pondus</strong></span> <span class='ocrx_word' id='word_1_888' title='bbox 2235 5464 2291 5506; x_wconf 92' lang='lat' dir='ltr'><strong>et</strong></span> <span class='ocrx_word' id='word_1_889' title='bbox 2310 5449 2692 5522; x_wconf 87' lang='lat' dir='ltr'><strong>gravissimum</strong></span> <span class='ocrx_word' id='word_1_890' title='bbox 2726 5466 2863 5505; x_wconf 85' lang='lat' dir='ltr'><strong>onus</strong></span> <span class='ocrx_word' id='word_1_891' title='bbox 2895 5452 2949 5505; x_wconf 89' lang='grc'><strong>111</strong></span> <span class='ocrx_word' id='word_1_892' title='bbox 2980 5449 3247 5504; x_wconf 85' lang='lat' dir='ltr'><strong>Zacltaria</strong></span> <span class='ocrx_word' id='word_1_893' title='bbox 3277 5454 3417 5506; x_wconf 88' lang='lat' dir='ltr'><strong>scri-</strong></span> 
     </span>
    </p>
   </div>
   <div class='ocr_carea' id='block_1_115' title="bbox 1821 5582 3415 5658">
    <p class='ocr_par' dir='ltr' id='par_1_115' title="bbox 1821 5582 3415 5658">
     <span class='ocr_line' id='line_1_115' title="bbox 1821 5582 3415 5658; baseline -0.001 -12"><span class='ocrx_word' id='word_1_894' title='bbox 1821 5606 1942 5647; x_wconf 90' lang='lat' dir='ltr'><strong>rum</strong></span> <span class='ocrx_word' id='word_1_895' title='bbox 1967 5584 2361 5644; x_wconf 84' lang='lat' dir='ltr'><strong>Tlteodotionis</strong></span> <span class='ocrx_word' id='word_1_896' title='bbox 2396 5582 2768 5658; x_wconf 85' lang='lat' dir='ltr'><strong>translationi,</strong></span> <span class='ocrx_word' id='word_1_897' title='bbox 2798 5601 2828 5641; x_wconf 90' lang='lat' dir='ltr'><strong>e</strong></span> <span class='ocrx_word' id='word_1_898' title='bbox 2858 5601 2960 5656; x_wconf 86' lang='lat' dir='ltr'><strong>qua</strong></span> <span class='ocrx_word' id='word_1_899' title='bbox 3002 5598 3278 5656; x_wconf 81' lang='lat' dir='ltr'><strong>sumptum</strong></span> <span class='ocrx_word' id='word_1_900' title='bbox 3311 5599 3415 5658; x_wconf 83' lang='lat' dir='ltr'><strong>est,</strong></span> 
     </span>
    </p>
   </div>
   <div class='ocr_carea' id='block_1_116' title="bbox 1817 5657 3418 5730">
    <p class='ocr_par' dir='ltr' id='par_1_116' title="bbox 1817 5657 3418 5730">
     <span class='ocr_line' id='line_1_116' title="bbox 1817 5657 3418 5730; baseline -0.001 -11"><span class='ocrx_word' id='word_1_901' title='bbox 1817 5671 2103 5719; x_wconf 82' lang='lat' dir='ltr'><strong>consonat.</strong></span> <span class='ocrx_word' id='word_1_902' title='bbox 2132 5659 2359 5717; x_wconf 81' lang='lat' dir='ltr'><strong>Leviora</strong></span> <span class='ocrx_word' id='word_1_903' title='bbox 2388 5657 2636 5728; x_wconf 65' lang='lat' dir='ltr'><strong>quaedam</strong></span> <span class='ocrx_word' id='word_1_904' title='bbox 2674 5672 2837 5729; x_wconf 82' lang='lat' dir='ltr'><strong>supra</strong></span> <span class='ocrx_word' id='word_1_905' title='bbox 2865 5669 3027 5730; x_wconf 90' lang='lat' dir='ltr'><strong>atque</strong></span> <span class='ocrx_word' id='word_1_906' title='bbox 3073 5659 3211 5716; x_wconf 84' lang='lat' dir='ltr'><strong>int‘rs</strong></span> <span class='ocrx_word' id='word_1_907' title='bbox 3250 5657 3418 5719; x_wconf 52' lang='lat' dir='ltr'><strong>casti;</strong></span> 
     </span>
    </p>
   </div>
   <div class='ocr_carea' id='block_1_117' title="bbox 1815 5748 2028 5807">
    <p class='ocr_par' dir='ltr' id='par_1_117' title="bbox 1815 5748 2028 5807">
     <span class='ocr_line' id='line_1_117' title="bbox 1815 5748 2028 5807; baseline -0.009 -18"><span class='ocrx_word' id='word_1_908' title='bbox 1815 5748 2028 5807; x_wconf 79' lang='lat' dir='ltr'><strong>gamus.</strong></span> 
     </span>
    </p>
   </div>
   <div class='ocr_carea' id='block_1_118' title="bbox 1889 5804 2466 5872">
    <p class='ocr_par' dir='ltr' id='par_1_118' title="bbox 1889 5804 2466 5872">
     <span class='ocr_line' id='line_1_118' title="bbox 1889 5804 2466 5872; baseline -0.01 -10"><span class='ocrx_word' id='word_1_909' title='bbox 1889 5804 1916 5844; x_wconf 70' lang='grc' dir='ltr'>δ</span> <span class='ocrx_word' id='word_1_910' title='bbox 1949 5804 2150 5872; x_wconf 83' lang='lat' dir='ltr'><strong>Vatic.,</strong></span> <span class='ocrx_word' id='word_1_911' title='bbox 2178 5816 2466 5865; x_wconf 72' lang='lat' dir='ltr'><strong>rumors.</strong></span> 
     </span>
    </p>
   </div>
  </div>
