4010 6310
550 253 659 310 987

1809 251 1868 308 S.
1911 249 2182 310 EUSEBII
2220 249 2603 310 llIERONYMl

3739 253 3835 312 288

553 371 730 428 hitur:
759 371 888 440 Qui:
907 370 1111 426 sedebat
1132 357 1288 443 super
1309 370 1557 425 talentum
1582 369 1776 440 plumbi
1795 369 1943 431 lZac.
1963 369 2148 442 v.52).
2180 369 2312 433 Ain
2361 369 2590 427 Daniele
2647 370 2910 442 scriptum
2953 379 3077 426 est:
3124 368 3270 425 Exiit
3298 369 3352 424 in
3397 385 3675 424 occursum
3721 369 3836 425 mihi

557 465 624 522 Et
656 475 901 530 corruet,
938 465 1137 536 inquit,
1177 474 1231 520 et
1260 479 1365 520 non
1389 465 1616 535 adjiciet
1639 474 1697 521 ιιι
1723 474 1991 535 resurgat.
2036 463 2152 521 Non

555 557 700 628 quod
728 557 1060 611 resurrectio
1102 567 1330 627 negetur
1370 557 1676 626 hominum,
1717 568 1770 613 et
1799 559 2040 612 omnium
2063 558 2153 628 qui

552 648 914 703 versabantur
937 649 989 703 in
1015 657 1184 715 terra,
1202 649 1296 704 sed
1313 664 1651 720 nequaquam
1675 650 2012 706 eritterreua
2024 665 2155 705 con-

554 740 885 805 vcrsatio,et
907 741 1150 810 pristina:
1172 742 1297 796 vita:
1327 751 1524 809 status,
1553 759 1676 798 cum
1699 743 1767 798 ad
1797 743 1900 798 hoc
1917 744 2153 798 humana

550 844 841 904 resurgant
867 849 1124 904 corpora,
1169 845 1228 890 ut
1255 836 1454 892 animae
1476 836 1703 905 eisdem,
1733 853 1855 908 quae
1886 839 2040 908 prius
2062 839 2155 895 de-

552 938 872 1000 posuerant,
920 931 1249 1000 corporibus
1303 931 1644 997 restiantur,
1691 942 1746 987 et
1801 933 2070 1002 recipiant
2123 947 2153 986 a

558 1019 670 1077 Deo
693 1021 813 1076 sive
841 1022 1008 1088 bona,
1027 1023 1141 1077 sive
1165 1023 1330 1090 mala,
1354 1039 1474 1092 qua!
1495 1034 1727 1096 egerunt
1750 1040 1914 1094 super
1929 1036 2152 1081 terrain.

629 1111 810 1184 (Vers.
836 1112 900 1170 21
932 1116 1111 1186 seqq.)
1146 1114 1212 1170 Et
1237 1117 1331 1171 erit
1361 1117 1412 1172 in
1445 1118 1531 1171 die
1557 1118 1684 1184 illa,
1719 1120 1942 1175 visitabit
1967 1118 2154 1174 Domi-

557 1222 653 1261 nus
674 1224 830 1277 super
851 1207 1088 1263 militiam
1110 1211 1222 1265 caeli
1249 1211 1304 1265 in
1334 1213 1554 1276 excelso,
1584 1223 1634 1268 et
1659 1230 1815 1283 super
1832 1231 1978 1285 reges
2007 1226 2158 1270 terra:

557 1299 647 1370 qui
667 1310 785 1354 sunt
812 1311 1200 1390 superJerram.
1235 1300 1302 1355 Et
1331 1308 1784 1376 congregabantur
1803 1306 1857 1358 in
1878 1322 2160 1378 congrega-

565 1389 756 1445 tionem
771 1392 924 1446 unius
941 1389 1097 1463 fascis
1111 1393 1163 1446 in
1177 1393 1369 1461 lacum,
1389 1404 1436 1448 et
1451 1396 1760 1451 claudentur
1773 1397 1846 1451 ibi
1859 1398 1910 1452 in
1926 1413 2154 1465 carcere,

562 1493 610 1537 et
641 1495 755 1550 post
783 1485 974 1540 multos
1011 1487 1122 1541 dies
1161 1487 1522 1545 visitabuntur.
1549 1489 1618 1544 Et
1659 1491 1918 1550 erubescet
1941 1491 2090 1560 luna,
2111 1502 2158 1548 et

560 1576 909 1646 confundetur
937 1576 1038 1643 sol,
1077 1595 1193 1632 cum
1240 1583 1528 1652 regnaverit
1560 1581 1812 1636 Dominus
1843 1586 2159 1639 exercituum

559 1671 615 1726 in
646 1682 817 1726 monte
849 1671 978 1728 Sion
1007 1683 1054 1727 et
1080 1674 1134 1728 in
1158 1673 1470 1738 Jerusalem.
1502 1687 1548 1730 et
1579 1677 1632 1730 in
1673 1689 1947 1748 conspectu
1975 1696 2157 1733 senum

2255 464 2495 537 princeps
2518 465 2665 535 regni
2694 464 2995 534 Persarum,
3027 473 3073 518 et
3104 465 3342 536 princeps
3377 464 3525 534 regni
3557 463 3835 529 Medorum,

2257 566 2304 611 et
2334 559 2573 629 princeps
2617 559 2765 631 regni
2813 555 3117 614 Graecorum
3169 561 3186 624 (
3218 555 3362 610 Dan.
3393 571 3424 610 χ
3451 559 3493 625 ).
3527 555 3639 611 llos
3694 556 3840 626 igitur

2257 653 2556 722 principes,
2585 652 2678 722 qui
2710 667 2867 706 suum
2897 667 3006 706 non
3035 661 3396 704 servaverunt
3437 649 3690 720 gradum,
3721 665 3841 704 con-

2259 746 2514 817 gregabit
2557 745 2820 800 Dominus
2851 745 2904 800 in
2952 743 3042 798 die
3067 742 3280 813 judicii,
3312 744 3464 811 quasi
3495 745 3545 796 in
3567 758 3678 797 uno
3706 741 3844 799 fasce

2258 838 2785 908 paritercnlligatos,
2809 846 2861 892 et
2887 837 3062 892 mittet
3087 837 3138 890 iu
3166 829 3343 889 laeum
3373 834 3592 900 interni,
3611 848 3664 889 ut
3681 833 3733 889 in
3751 833 3844 890 illis

2256 945 2473 1000 quoque
2532 929 2822 999 impleatur
2866 928 3009 1001 quod
3058 927 3128 982 de
3182 927 3363 997 impiis
3409 927 3675 995 scriptum
3720 936 3840 981 est:

2256 1021 2453 1076 Lacum
2499 1022 2722 1092 aperuit,
2773 1031 2819 1076 et
2868 1019 3051 1088 elfodit
3093 1036 3233 1086 eum,
3266 1028 3311 1072 et
3347 1018 3532 1072 incidit
3574 1019 3631 1071 in
3658 1018 3844 1087 {aream

2255 1129 2409 1184 quam
2437 1115 2556 1184 fecit
2597 1111 2716 1184 (Ps.
2749 1127 2848 1176 vlt,
2897 1111 3006 1181 16).
3043 1110 3110 1165 Ει
3152 1109 3506 1166 iucludcntur
3534 1109 3586 1164 in
3611 1124 3842 1177 carcere,

2253 1204 2406 1274 juxta
2458 1203 2592 1259 illud
2641 1203 2785 1275 quod
2824 1203 2901 1258 ait
2941 1202 3243 1257 Dominus:
3275 1199 3356 1256 Ite
3391 1202 3448 1256 in
3496 1201 3666 1274 ignem
3710 1215 3848 1256 teter-

2258 1315 2419 1364 num,
2469 1299 2558 1370 qui
2585 1308 2940 1376 purpuratus
2991 1306 3068 1352 est
3121 1295 3332 1350 diabolo
3380 1305 3431 1350 et
3484 1294 3696 1366 Angelis
3745 1297 3847 1366 ejus

2259 1393 2476 1466 (Matth.
2501 1409 2635 1456 xxv,
2661 1392 2777 1465 41).
2803 1392 2960 1462 Quod
2984 1402 3164 1447 autem
3189 1391 3476 1461 sequitur:
3503 1389 3569 1444 Et
3590 1400 3706 1462 post
3726 1391 3848 1445 mul-

2259 1497 2337 1542 tos
2363 1487 2472 1542 dies
2495 1487 2860 1552 uisitabantur,
2891 1485 3108 1541 videtur
3126 1485 3459 1556 applaudere
3483 1485 3678 1541 amicis
3700 1485 3844 1551 meis,

2258 1580 2351 1650 qui
2391 1578 2613 1635 diabolo
2653 1589 2708 1636 et
2747 1579 3088 1635 daemonibus
3117 1578 3247 1633 dant
3285 1578 3685 1647 pmnitcntiam,
3711 1579 3845 1649 quod

2261 1673 2428 1726 multa
2450 1682 2571 1743 post
2603 1679 2848 1741 tempora
2871 1688 2899 1725 a
2927 1671 3162 1726 Domino
3195 1671 3505 1728 visitentur.
3529 1669 3639 1726 Sed
3680 1671 3847 1726 consi-

559 1779 772 1818 suorum
795 1767 952 1836 luerit
973 1767 1318 1838 gloriﬁcatus.
1348 1767 1454 1824 Pro
1490 1785 1556 1824 eo
1580 1769 1725 1840 quod
1757 1786 1857 1826 nos
1889 1771 2159 1842 iuterpre-
2189 1761 2236 1822 B
2262 1761 2457 1818 derent
2506 1763 2648 1834 quod
2693 1778 2798 1818 nou
2841 1764 3044 1819 dixerit
3082 1772 3274 1834 aperte
3315 1764 3595 1834 Scriptura
3633 1765 3847 1821 divina:

561 1856 659 1910 tati
710 1872 922 1923 sumus,
965 1868 1013 1913 et
1068 1859 1330 1914 erubescet
1377 1860 1524 1926 luna,
1571 1871 1619 1916 et
1665 1863 2010 1933 confundetur
2052 1864 2154 1931 sol,

564 1947 915 2019 Septuaginta
952 1953 1370 2020 tranStuleruut,
1412 1953 1664 2026 liqueﬁeri
1702 1956 1933 2022 laterem,
1980 1968 2029 2011 et
2071 1973 2159 2012 ca-

560 2039 683 2094 dere
705 2058 911 2096 murum
937 2062 955 2097 :
982 2059 1100 2112 quze
1129 2057 1308 2100 autem
1341 2047 1548 2101 erroris
1570 2062 1731 2102 causa
1762 2048 1852 2112 sit,
1875 2048 2159 2120 sequentia

561 2134 728 2188 verba
759 2135 1164 2191 monstrabunt.
1193 2137 1285 2193 Sol
1317 2138 1491 2208 lingua
1515 2138 1778 2195 Hrbraica
1804 2141 1975 2195 tribus
1996 2157 2160 2211 gene-

559 2225 710 2280 ribus
733 2227 1038 2296 appellatur
1062 2248 1074 2282 :
1099 2245 1265 2286 SBIES
1280 2230 1504 2301 (me),
1525 2243 1573 2288 et
1592 2249 1777 2289 nun
1798 2235 1992 2304 (τω-ι),
2012 2237 2157 2307 quod

557 2316 955 2389 interpretatur
998 2322 1162 2389 calor,
1194 2335 1244 2378 et
1278 2339 1448 2378 naues
1489 2325 1667 2396 (Οτι),
1697 2326 1841 2397 qurd
1882 2325 2158 2403 ὄστρακον,

557 2409 612 2465 id
642 2423 747 2474 est,
778 2423 960 2467 testam
1013 2415 1104 2470 vel
1134 2415 1435 2472 ariditatem
1470 2430 1648 2472 sonat.
1682 2434 1827 2475 non
1857 2423 2026 2491 (ama)
2066 2439 2162 2477 au-

559 2512 690 2572 tein,
744 2506 888 2575 quod
917 2507 1109 2563 Grtcce
1163 2517 1398 2587 φωστὴρ,
1431 2510 1624 2566 Latine
1646 2512 1850 2568 dicitur
1880 2516 2159 2585 luminare,

561 2597 663 2651 soli
716 2597 967 2667 lunasque
1007 2613 1447 2657 commune-est.
1484 2603 1718 2660 Rursum
1765 2605 1889 2660 luna
1940 2619 2164 2663 vocatur

560 2703 727 2743 Mitt-:3
761 2690 916 2759 (mi),
949 2706 1069 2757 «iure
1109 2690 1302 2746 Graece
1341 2693 1542 2748 dicitur
1583 2700 1748 2767 μήνη,
1785 2711 1851 2750 eo
1882 2697 2025 2767 quod
2065 2699 2162 2753 tri-

563 2781 709 2854 ginta
763 2781 975 2836 dierum
1022 2784 1252 2840 circuitu
1295 2801 1540 2841 mensem
1583 2788 1807 2854 clliciat,
1855 2799 1910 2846 et
1956 2807 2161 2848 unus

563 2851 763 2944 (ruam,
801 2875 850 2928 id
895 2885 1000 2943 est,
1029 2877 1148 2932 alba
1185 2879 1270 2934 vi-l
1303 2881 1552 2936 candida.
1594 2881 1650 2937 In
1694 2851 1952 2952 praesenti
1999 2886 2163 2957 igitur

561 2962 684 3019 loco
710 2981 805 3031 pro
820 2982 1047 3035 LABANA,
1071 2969 1124 3024 iil
1145 2979 1245 3034 est,
1265 2972 1412 3040 luna,
1438 2973 1796 3046 Septuaginta
1820 2978 2160 3049 interpretati

561 3067 689 3110 sunt
719 3059 953 3125 laterem,
987 3061 1080 3131 qui
1112 3062 1376 3120 llebraice
1403 3067 1713 3137 appellatur
1759 3085 1982 3137 LEBENA,
2007 3073 2161 3128 verbi

2271 1856 2629 1912 Visitabuntur
2649 1875 2683 1913 a
2714 1858 2963 1924 Domino,
2992 1859 3076 1914 vel
3110 1858 3474 1913 t-isitabuntur
3503 1859 3571 1914 ab
3614 1860 3847 1929 Angelis,

2261 1952 2355 2007 sed
2378 1952 2660 2018 absolute,
2686 1953 3051 2008 uisitabantur.
3081 1952 3161 2007 Ex
3183 1967 3288 2023 qua
3321 1951 3684 2022 ambiguitate
3711 1953 3850 2008 verbi

2259 2053 2314 2100 et
2340 2043 2633 2100 remedium
2657 2055 2836 2116 potest
2858 2045 3107 2116 intelligi,
3129 2055 3185 2101 et
3213 2045 3515 2114 correptio,
3545 2045 3691 2116 quod
3717 2056 3851 2116 post-

2259 2137 2559 2207 quamjusti
2596 2138 2814 2209 praemia
2844 2139 3176 2209 receperint,
3201 2139 3278 2193 illi
3305 2139 3356 2192 in
3382 2137 3558 2209 pinnis
3583 2141 3849 2209 perpetuis

2262 2230 2575 2286 visitentur.
2606 2230 2705 2286 Est
2737 2243 2914 2287 tamen
2947 2229 3252 2297 sciendum,
3283 2230 3426 2299 quod
3451 2229 3718 2302 judicium
3764 2230 3852 2288 Dei

2264 2323 2496 2379 bumana
2523 2341 2629 2379 non
2657 2325 2825 2392 possit
2849 2324 2992 2380 scire
3024 2324 3316 2393 fragilitas,
3343 2339 3446 2379 nec
3475 2324 3544 2379 de
3578 2338 3852 2394 pinnarum

2266 2419 2637 2486 magnitudine
2668 2429 2833 2489 atque
2876 2431 3127 2472 mensura
3171 2416 3314 2472 ferre
3354 2421 3711 2483 sententiam,
3740 2431 3850 2488 qua

2268 2511 2480 2566 Domini
2508 2513 2736 2566 arbitrio
2759 2513 3018 2567 derelicta
3043 2520 3144 2566 est.
3179 2511 3337 2567 Tunc
3362 2511 3618 2566 erubescet
3641 2512 3784 2575 luna,
3810 2520 3850 2565 et

2264 2603 2610 2672 confundetur
2639 2605 2739 2670 sol,
2768 2604 2920 2674 juxta
2947 2602 3084 2658 illud
3109 2603 3254 2673 quod
3279 2604 3576 2674 Apostolus
3596 2602 3708 2658 ait:
3743 2602 3851 2658 Ete-

2265 2697 2373 2749 nim
2391 2705 2626 2750 creatura
2648 2696 2761 2766 ipsa
2783 2695 3110 2768 congemiscit
3129 2707 3172 2750 et
3190 2697 3410 2768 parturit
3423 2695 3601 2766 (liam.
3616 2711 3728 2760 vui,
3741 2695 3848 2762 εἰ),

2264 2805 2492 2846 cernens
2542 2791 2792 2846 homines
2832 2791 2923 2860 qui
2969 2805 3070 2845 suo
3119 2789 3438 2845 fruebantur
3472 2790 3697 2854 lumine,
3729 2788 3850 2844 nihil

2265 2883 2484 2954 dignum
2528 2884 2622 2940 Dei
2675 2884 2917 2939 bonitate
2965 2882 3183 2947 fecisse,
3215 2883 3304 2952 qui
3338 2882 3511 2938 solem
3543 2898 3700 2936 suum
3730 2881 3848 2937 oriri

2266 2975 2579 3047 l'acitsuper
2605 2978 2782 3046 ju~tos
2805 2987 2859 3032 et
2884 2977 3116 3045 injustos
3138 2973 3356 3044 (Matth.
3381 2977 3460 3044 v).
3494 2975 3775 3044 Quomodo
3803 2974 3848 3030 si

2265 3071 2611 3140 dispensator
2654 3079 2708 3124 et
2753 3067 2999 3134 villicus,
3039 3070 3297 3125 veniente
3348 3068 3621 3136 Domino,
3679 3074 3851 3122 cernat

561 3149 912 3220 ambiguitate
953 3152 1186 3223 decepti.
1215 3155 1449 3211 Rursum
1474 3175 1570 3229 pro
1599 3176 1806 3231 usuin,
1839 3163 1892 3218 id
1933 3173 2039 3232 est,
2072 3182 2160 3220 ca-
2189 3173 2234 3236 (ζ
2267 3161 2526 3216 familiam
2569 3160 2735 3216 variis
2782 3160 2976 3228 subjici
3018 3160 3374 3226 cruciatibus,
3422 3169 3477 3214 et
3526 3173 3848 3230 nequaquam

561 3240 690 3308 lore,
741 3259 836 3314 per
860 3261 1020 3317 quem
1065 3249 1407 3320 intelligitur,
1454 3254 1557 3314 sol,
1603 3267 1902 3323 posuerunt
1932 3275 2158 3325 murum,

559 3335 650 3404 qui
695 3335 962 3394 llebraice
1005 3339 1206 3396 dicitur
1244 3358 1388 3399 ιιοιιιι
1437 3346 1654 3418 (main).
1709 3349 1804 3404 Est
1843 3362 2027 3407 autem
2077 3353 2164 3409 hic

561 3442 756 3484 sensus
783 3434 950 3486 totius
981 3436 1202 3506 capituli
1235 3453 1248 3490 :
1281 3436 1547 3496 Fenestra:
1577 3445 1688 3497 caeli
1715 3456 1913 3514 aperta:
1937 3457 2076 3512 sunt,
2103 3456 2164 3502 ut

560 3524 928 3591 prospiciente
969 3527 1200 3584 Domino
1244 3540 1456 3588 terrena
1489 3545 1732 3602 peceata.
1767 3537 1946 3593 omnis
1989 3539 2161 3610 ﬁgura

561 3621 906 3670 terrenarum
937 3633 1165 3684 operum
1205 3625 1525 3692 pra-teriret,
1556 3636 1610 3682 et
1654 3642 1962 3696 corrueret,
1986 3643 2041 3687 et
2065 3650 2164 3689 ne—

563 3719 832 3774 quaquam
867 3710 1006 3763 ultra
1048 3713 1100 3766 in
1150 3715 1438 3785 pristinum
1483 3730 1681 3776 statum
1724 3735 2056 3795 resurgeret.
2103 3729 2158 3782 ln

564 3795 654 3849 die
676 3797 788 3858 illa.
820 3797 923 3854 hoc
946 3811 1051 3868 est,
1087 3803 1140 3858 in
1174 3805 1470 3876 diejudicii
1503 3811 1742 3868 visitabit
1776 3814 2037 3872 Dominus
2074 3835 2164 3873 su-

563 3904 662 3960 per
688 3892 960 3957 militiam,
991 3897 1106 3951 sive
1133 3912 1297 3968 super
1324 3915 1573 3957 ornatum
1596 3907 1718 3960 (ια)Ιί
1748 3909 1800 3962 in
1823 3911 2077 3976 excelsis,
2103 3922 2162 3967 ut

564 3999 670 4040 non
697 3987 871 4042 solum
901 3998 1142 4055 terrena.
1189 3993 1283 4047 scil
1312 4005 1368 4049 et
1395 3998 1640 4054 caelestia
1665 4000 1890 4070 judicet.
1925 4005 2056 4072 Quis
2093 4007 2164 4062 sit

563 4090 744 4136 autem
794 4095 1024 4140 ornatus
1059 4088 1183 4142 caeli
1224 4089 1341 4144 sive
1380 4091 1595 4160 militia,
1633 4094 1818 4167 Moyse
1863 4099 2159 4164 scribente,

566 4173 842 4228 discamus
863 4195 875 4228 :
896 4175 1029 4232 Cave
1044 4195 1106 4232 ne
1128 4182 1416 4252 suspiciens
1431 4186 1634 4252 caelum,
1662 4197 1710 4242 et
1729 4188 1904 4243 videns
1917 4192 2099 4255 solem,
2120 4203 2167 4247 et

564 4266 764 4325 lunam.
787 4267 947 4340 337
977 4273 1152 4326 stellas
1184 4283 1232 4326 et
1257 4291 1458 4330 omnem
1485 4289 1727 4334 ornatum
1771 4282 1906 4346 caeli,
1939 4284 2164 4357 decipia-

563 4358 659 4420 ris.
691 4370 739 4413 et
762 4366 948 4416 adores
973 4380 1036 4418 ea
1073 4361 1252 4437 (Deut.
1290 4383 1365 4430 IV,
1403 4369 1512 4440 l9).
1538 4371 1800 4428 Visitabit
1842 4389 2024 4432 autem
2061 4378 2165 4432 Do-

563 4450 767 4516 minus,
797 4455 1095 4510 secundum
1125 4457 1322 4512 idioma
1351 4460 1786 4532 Scripturarum,
1809 4468 1965 4538 quasi
1988 4486 2163 4539 δἐι-ο·

2263 3271 2358 3311 sua
2411 3255 2666 3324 implesse
2716 3264 3007 3324 prmcepta.
3050 3253 3217 3326 338
3259 3254 3333 3308 De
3361 3252 3462 3307 hoc
3505 3254 3699 3308 eodem
3743 3252 3848 3306 loco

2266 3350 2478 3420 plenius
2504 3349 2756 3405 Salvator
2786 3349 2841 3404 in
2876 3349 3176 3418 Evangelio
3199 3348 3404 3403 docet:
3439 3347 3535 3404 Sol
3563 3346 3843 3402 obscurabi—

2263 3451 2369 3509 tur,
2392 3453 2438 3496 et
2463 3442 2584 3495 luna
2606 3458 2709 3496 non
2740 3442 2880 3496 dabit
2912 3442 3084 3496 lumen
3108 3459 3282 3506 suum,
3313 3452 3362 3495 et
3387 3439 3555 3495 stella:
3582 3441 3760 3495 cadent
3784 3441 3840 3493 de

2262 3533 2412 3598 caelo,
2443 3543 2491 3588 et
2524 3533 2732 3587 virtutes
2775 3531 3022 3587 caelorum
3067 3533 3430 3599 movebuntur,
3460 3534 3672 3604 quando
3701 3548 3847 3600 appa-

2263 3631 2422 3679 ruerit
2462 3626 2670 3694 signum
2717 3625 2845 3680 Filii
2884 3625 3109 3679 hominis
3147 3626 3199 3679 in
3231 3625 3378 3689 uelo,
3416 3637 3461 3681 et
3488 3627 3776 3699 planxerint
3803 3639 3850 3677 se

2265 3733 2438 3770 omnes
2463 3718 2626 3771 tribus
2655 3727 2823 3783 terrm,
2854 3728 2901 3772 et
2929 3719 3148 3773 viderint
3184 3717 3381 3773 Filium
3408 3718 3637 3774 hominis
3665 3719 3851 3775 venien-

2264 3821 2365 3865 tem
2416 3829 2532 3864 cum
2580 3812 2802 3866 nubibus
2851 3811 3002 3878 caeli,
3054 3813 3106 3866 in
3148 3814 3331 3866 virtute
3386 3822 3432 3866 et
3491 3815 3659 3885 gloria
3703 3808 3850 3865 multa

2267 3901 2483 3975 (Matth.
2520 3920 2669 3969 xxiv,
2699 3904 2791 3967 29,
2824 3904 2936 3973 50).
2970 3902 3266 3961 Didicimus
3305 3905 3722 3960 subversionem
3753 3915 3850 3956 ter-

2265 4011 2361 4061 I'iB,
2410 3997 2776 4052 visitationem
2834 3997 3042 4051 militia:
3089 3998 3235 4064 caeli,
3276 3999 3748 4068 congregationem
3777 4009 3852 4048 re-

2264 4104 2390 4160 gum
2416 4101 2464 4143 et
2499 4090 2806 4159 principum
2855 4093 2909 4144 in
2943 4106 3107 4144 unum
3143 4089 3373 4157 fascem,
3399 4101 3455 4147 et
3497 4090 3850 4146 detrusiouem

2266 4181 2321 4235 in
2355 4183 2550 4248 lacum,
2583 4191 2638 4236 et
2667 4181 2970 4237 custodiam
3004 4184 3274 4247 carceris,
3306 4193 3359 4236 et
3390 4182 3701 4238 clausorum
3742 4186 3850 4248 post

2268 4275 2488 4348 longum
2520 4286 2732 4347 tempus
2761 4277 3151 4342 visitationem,
3185 4276 3440 4331 ruborem
3469 4277 3611 4332 lunae
3647 4284 3701 4330 et
3735 4286 3851 4326 con-

2268 4369 2533 4426 fusionem
2591 4371 2743 4425 solis.
2775 4369 2908 4425 Post
2940 4371 3057 4424 lucc
3084 4370 3267 4425 omnia
3318 4370 3570 4438 regnabit
3602 4367 3851 4423 Dominus

2267 4463 2605 4518 exercituum
2635 4463 2686 4516 in
2719 4471 2907 4517 monte
2961 4461 3093 4516 Sion
3120 4471 3176 4517 et
3218 4463 3269 4516 in
3298 4461 3604 4518 Jerusalem
3633 4459 3850 4524 cielesti,

565 4553 770 4602 tantem
805 4549 1073 4616 militiam,
1098 4562 1149 4607 et
1175 4555 1477 4610 exercitum
1507 4558 1651 4624 cteli,
1695 4569 1752 4615 et
1773 4560 1916 4618 ferro
1946 4572 2002 4618 et
2026 4580 2158 4619 cau-
2191 4573 2243 4634 ι)
2267 4557 2334 4610 de
2373 4571 2476 4626 qua
2519 4565 2573 4611 θῑ
2605 4555 2658 4610 in
2706 4554 2955 4624 Εβῖε¹ο¹³
2989 4555 3250 4611 εθτίΙιίῑυτ
3275 4557 3342 4611 ad
3375 4557 3638 4612 llebm’os
3672 4575 3685 4611 ³
3713 4553 3778 4609 E'
3804 4554 3851 4607 ίη

566 4641 720 4696 teriis
780 4642 1147 4714 indigentem,
1204 4649 1502 4706 Secundum
1567 4651 1698 4708 illud
1744 4672 1758 4708 :
1822 4654 2053 4712 Visitabo
2109 4659 2163 4712 in

563 4733 710 4804 virga
738 4745 947 4806 peccata
979 4753 1177 4803 eorum,
1210 4749 1255 4792 et
1291 4740 1343 4794 in
1374 4742 1599 4813 ﬂagellis
1636 4743 1931 4813 iniquitates
1984 4763 2160 4802 eorum

565 4821 683 4896 (Ps.
729 4842 992 4892 uxxvtn,
1034 4829 1113 4899 5).
1151 4829 1282 4885 Nam
1315 4841 1372 4886 et
1400 4835 1450 4887 in
1492 4835 1844 4904 sequentibus
1893 4837 2162 4907 legimus:

568 4912 864 4972 Inebriatus
895 4932 970 4973 est
997 4921 1204 4990 gladius
1224 4939 1368 4978 meus
1407 4925 1459 4979 in
1499 4927 1624 4980 caelo
1652 4925 1827 4998 (Infra
1855 4945 2039 4996 xxxw,
2072 4931 2160 5002 5);

567 5004 634 5060 Et
666 5007 717 5060 in
747 5007 850 5062 Job
877 5027 888 5061 :
923 5011 1077 5065 Astra
1117 5031 1218 5068 non
1245 5026 1364 5070 sunt
1405 5017 1598 5072 munda
1627 5019 1680 5072 in
1709 5031 1987 5091 conspectu
2025 5027 2160 5095 ejus.

568 5100 634 5154 Et
673 5118 685 5155 :
731 5101 1012 5158 Adversum
1039 5105 1262 5177 Angelos
1309 5127 1428 5163 suos
1473 5128 1767 5183 perversum
1813 5115 1938 5184 quid
1976 5118 2163 5187 reperit

565 5191 736 5263 (Job.
793 5211 938 5260 xxv,
988 5195 1085 5268 5).
1133 5197 1387 5254 Visitabit
1435 5218 1650 5274 quoque
1705 5220 1872 5274 super
1914 5222 2070 5277 reges
2109 5217 2162 5264 et

563 5287 839 5358 principes
885 5297 1079 5356 terras,
1149 5299 1398 5347 rectores
1467 5296 1819 5359 tenebrarum
1892 5299 2158 5366 istarum,

567 5391 622 5435 et
677 5382 978 5452 spiritualia
1037 5385 1296 5456 nequitiae
1347 5387 1397 5441 in
1455 5386 1804 5445 coelestibus.
1858 5391 1934 5447 De
1963 5394 2161 5464 quibus

562 5473 906 5546 principibus
955 5476 1185 5533 diversis
1251 5479 1551 5550 provinciis
1624 5482 2050 5552 prmsidentibus
2107 5494 2162 5541 et

637 5660 662 5688 ⁸
693 5653 938 5728 Martian.
973 5657 1102 5728 legit
1127 5659 1348 5715 inverso
1377 5661 1570 5718 ordine
1597 5705 1609 5724 .
1639 5666 1729 5728 qui
1771 5665 2043 5719 imitantur
2072 5683 2156 5720 ve-

563 5731 756 5808 tustum
810 5727 1051 5808 dierumt.
1093 5731 1210 5808 cani
1238 5732 1390 5808 enim
1433 5727 1661 5808 hominis
1713 5736 1967 5808 sapientia
2018 5740 2152 5808 ejus.

561 5789 898 5849 Concinnius
945 5799 1136 5867 multo,
1167 5815 1328 5870 quem
1360 5803 1722 5861 describimus
1743 5789 1963 5873 ,'Vatii:.
1998 5789 2151 5866 liber:

2268 4655 2541 4716 conspectu
2569 4663 2748 4700 senum
2777 4662 2988 4700 suorum
3009 4647 3319 4718 gloriabitur
3352 4645 3544 4719 (Hebr.
3577 4646 3699 4715 xu).
3723 4649 3852 4710 Qua-

2269 4737 2338 4792 lis
2367 4753 2534 4793 senex
2567 4737 2668 4793 luit
2692 4739 3096 4810 Aliraltain,qui
3122 4749 3370 4794 mortuus
3391 4751 3472 4795 est
3501 4742 3554 4795 in
3587 4745 3852 4795 senectute

2275 4830 2439 4896 bona,
2472 4844 2526 4885 et
2570 4833 2855 4902 appositus
2899 4842 2984 4887 est
3025 4832 3092 4886 ad
3125 4841 3308 4902 patres
3353 4846 3484 4886 suos
3525 4829 3682 4896 (Gen.
3709 4828 3851 4896 xxv).

2273 4921 2473 4990 Quales
2495 4922 2721 4988 jubetur
2747 4933 2801 4978 et
2832 4923 3046 4994 Moyses
3094 4923 3446 4993 presbyteros
3480 4923 3701 4993 eligere,
3725 4931 3852 4988 quos

2270 5018 2375 5073 scit
2399 5033 2520 5072 esse
2549 5018 2899 5090 presbyteros
2926 5016 3117 5084 (Nam.
3142 5019 3217 5085 χι)
3244 5035 3256 5070 :
3288 5026 3313 5054 α
3338 5018 3456 5071 cani
3487 5018 3622 5071 enim
3642 5011 3854 5069 hominis

2271 5113 2526 5183 sapientia
2577 5116 2688 5186 ejns
2731 5112 2890 5183 (Sap.
2941 5127 3018 5174 tv.
3052 5112 3129 5181 8),
3166 5113 3254 5180 qui
3287 5111 3570 5166 imitamur
3591 5118 3848 5166 vetusmm

2271 5205 2510 5272 dierum,
2538 5206 2694 5274 cujus
2716 5205 2972 5260 cmsaries
3000 5203 3332 5259 describitur
3358 5205 3613 5267 candida,
3646 5211 3703 5254 ut
3731 5206 3850 5251 ινιτι-

2274 5300 2341 5354 Iis
2367 5299 2650 5369 loiigiludo
2685 5305 3018 5353 monstretur
3042 5295 3211 5370 (Dan.
3243 5313 3335 5363 vti,
3360 5297 3437 5367 9).
3467 5297 3652 5352 Potest
3680 5293 3778 5346 hoc
3801 5295 3847 5340 et

2271 5390 2338 5446 de
2384 5389 2756 5446 ecclesiastico
2799 5387 2973 5458 gradu
3029 5389 3280 5458 intelligi,
3317 5389 3362 5442 si
3393 5399 3572 5443 tamen
3612 5401 3713 5440 non
3755 5378 3844 5434 de-

2270 5491 2484 5538 struant
2507 5481 2766 5554 operibus
2791 5480 3135 5552 dignitatem.

2263 5664 2452 5734 Neque
2477 5667 2621 5720 enim
2651 5666 2808 5721 verba
2831 5666 2934 5734 Qui
2954 5667 3245 5728 imitantur,
3279 5673 3388 5720 etc.
3420 5664 3602 5720 Italico
3625 5660 3839 5734 charac:

2266 5731 2382 5792 tere
2411 5737 2792 5808 distinguenda
2813 5731 2990 5800 erant.
3019 5739 3176 5808 quasi
3201 5735 3502 5806 Scripturte
3523 5743 3738 5796 textum,
3769 5731 3840 5782 υιΙ

2269 5809 2616 5866 Martiauteus
2639 5809 2787 5865 fecit.
