4010 6370
223 357 314 415 289

709 347 1352 409 COMMENTARIORUM
1394 347 1455 405 IN
1495 345 1736 405 ISAIAM
1773 345 2197 405 PROPHETAM
2238 347 2369 404 LIB.
2401 347 2541 406 Vill.
2584 347 2737 406 CAP.
2779 349 2950 407 XXV.

3350 350 3458 408 290

279 467 825 542 (Cap.XXV.—Vers.
853 467 876 521 l
903 465 1080 536 seqq.)
1106 463 1343 531 Domine,
1374 463 1507 518 Deus
1528 479 1672 516 meus
1695 478 1748 516 es
1778 467 1828 527 Α
1855 463 2276 520 claudicaverunt
2320 466 2372 518 in
2402 466 2596 519 semitis
2625 467 2731 520 suis
2755 466 2874 539 (Ps.
2907 482 3037 533 xvtt,
3071 464 3190 536 46).
3230 466 3354 522 llu'c
3381 467 3458 522 ci-

217 562 535 619 tu:ea:altabo
553 572 612 626 te,
653 559 924 624 conﬁtebor
944 558 1136 611 nomini
1158 569 1266 624 tuo,
1312 558 1553 627 quoniam
1579 555 1748 624 fecisti

216 655 486 719 mirabilia,
527 651 840 725 cegitationes
886 652 1125 721 antiquas
1166 649 1381 721 ﬁdeles:
1419 666 1586 703 amen.
1614 648 1752 716 Quia

215 750 404 821 posuisti
421 747 643 800 civitatem
661 746 715 798 in
737 743 1014 813 tumulum,
1038 744 1212 798 urbem
1244 749 1429 817 fortem
1449 744 1501 797 in
1522 743 1749 806 ruinant,

210 842 394 896 domum
409 838 671 893 alienarunt
693 857 712 893 ε
753 849 928 893 utnon
951 839 1017 893 sit
1038 838 1236 906 civitas,
1259 851 1306 894 et
1323 839 1754 907 insempiternum

207 951 295 989 non
333 933 607 1004 aediﬁcetur.
655 932 828 1004 Super
866 931 963 985 hoc
991 931 1223 986 laudabit
1262 942 1310 987 te
1337 929 1560 1005 papulas
1582 930 1752 998 fortis,

205 1028 364 1081 ciuitas
387 1026 597 1096 gentium
623 1025 954 1078 robustorum
1003 1023 1202 1078 timebit
1226 1034 1296 1080 te.
1334 1025 1469 1092 Quia
1506 1025 1676 1093 {actus
1704 1037 1757 1075 es

203 1121 432 1192 fortitudo
453 1119 687 1189 pauperi,
724 1117 980 1188 fortitudo
1010 1133 1167 1190 egeno
1197 1119 1251 1172 in
1280 1115 1612 1172 tribulatione
1639 1133 1754 1182 sua,

198 1229 305 1281 spes
327 1229 355 1265 a
375 1210 574 1275 turbine,
596 1209 961 1263 umbraculum
983 1208 1046 1261 ab
1073 1219 1201 1263 testu
1221 1224 1240 1263 :
1269 1210 1481 1280 spiritus
1513 1209 1649 1263 enim
1675 1225 1761 1262 ro-

198 1303 435 1357 bustorum
461 1304 599 1374 quasi
645 1302 794 1355 turbo
830 1300 1101 1370 impelle-ns
1135 1301 1406 1364 parietem.
1439 1299 1761 1356 Sicutazstus

195 1397 242 1451 in
263 1397 360 1456 siti.
388 1397 649 1450 tumultum
671 1395 964 1449 alienorum
985 1393 1285 1447 humiliabis
1311 1411 1324 1446 :
1354 1402 1401 1445 et
1420 1393 1571 1464 quasi
1595 1393 1763 1447 calore

192 1487 271 1542 sub
298 1488 415 1542 nube
435 1498 674 1550 torrente,
709 1487 1050 1559 propaginem
1095 1485 1308 1554 fortium
1333 1500 1650 1539 marcescere
1682 1488 1763 1544 fa-

190 1581 299 1635 cies.
321 1580 482 1636 LXX:
508 1579 734 1636 Domine
759 1579 896 1634 Deus
919 1595 1081 1642 meus,
1104 1577 1408 1649 gloriﬁcabo
1435 1587 1482 1632 te
1499 1594 1518 1631 :
1543 1577 1764 1630 laudabo

188 1693 349 1732 nomen
365 1688 520 1743 tuum,
541 1678 797 1749 quoniam
820 1675 987 1747 fecisti
1010 1672 1343 1727 admirabiles
1369 1690 1466 1735 res,
1491 1670 1765 1726 consilium

187 1771 424 1840 antiquum
468 1787 685 1834 verum,
737 1769 849 1838 ﬁat.
883 1767 1019 1833 Quia
1069 1766 1290 1829 posuisti
1339 1763 1650 1818 civitatesin
1687 1772 1763 1816 tu-

1855 559 2000 614 vitas
2029 576 2150 614 cum
2174 559 2451 617 destrueta
2482 561 2683 628 fuerit,
2709 561 2761 616 in
2789 572 3056 618 internum
3085 579 3191 616 non
3225 562 3458 617 adiﬁca-

1854 648 2022 716 bitur,
2049 661 2106 705 ut
2133 652 2279 707 mille
2308 666 2576 706 annorum
2605 667 2835 723 regnum
2862 661 2918 706 et
2945 669 3128 708 aurea:
3152 652 3453 708 Jerusalem

1856 750 2017 810 atque
2044 753 2330 812 gemmata:
2359 742 2568 798 somnia
2607 743 3024 813 conquiescant.
3053 745 3342 799 Destructa
3365 761 3459 797 an-

1858 838 1962 888 tem
1986 832 2290 890 Jerusalem
2318 850 2417 904 pro
2444 832 2724 905 impietate
2747 849 2864 896 sua.
2899 833 3063 908 340
3088 835 3328 890 laudabit
3357 835 3460 890 Do-

1858 927 2062 981 minum
2137 928 2370 998 populus
2429 927 2607 982 fortis.
2673 928 2805 994 Quis
2858 929 2930 982 sit
2976 937 3155 983 autem
3227 927 3460 996 papulus

1858 1019 2054 1086 fortis,
2102 1036 2338 1092 sequens
2399 1036 2591 1077 versus
2639 1019 2922 1077 ostendit:
2987 1019 3181 1075 Civitas
3230 1021 3462 1092 gentium

1858 1115 2184 1170 robustarum
2237 1115 2433 1170 timebit
2473 1125 2539 1170 te.
2573 1116 2685 1171 lllis
2733 1115 3240 1185 blaspltemantibus
3266 1156 3280 1180 ,
3329 1131 3464 1186 gen-

1862 1209 1990 1262 tiunt
2041 1209 2273 1278 potittlus
2319 1218 2371 1264 te
2423 1209 2652 1264 timebit.
2699 1207 3032 1281 Principium
3082 1208 3220 1262 enim
3256 1208 3464 1277 sapien-

1861 1302 1945 1356 tiae
2009 1303 2160 1357 timor
2219 1302 2431 1357 Domini
2480 1301 2663 1374 (Prov.
2717 1319 2793 1370 ιιι,
2830 1302 2941 1375 10).
2989 1302 3365 1373 Laudabitque
3412 1310 3466 1358 te

1862 1396 2096 1466 populus
2148 1395 2333 1461 fortis,
2387 1408 2441 1452 et
2473 1397 2664 1450 civitas
2715 1398 2957 1467 gentium
3003 1399 3353 1451 robustarum
3397 1395 3466 1450 ti-

1864 1487 2033 1541 mebit
2064 1497 2116 1542 te
2142 1532 2154 1553 ,
2206 1487 2309 1541 hoc
2340 1497 2423 1542 est
2455 1487 2705 1543 Ecclesia
2729 1488 2797 1542 de
2820 1489 3076 1558 gentibus
3113 1497 3462 1560 congregata.

1866 1579 2000 1646 Quia
2063 1579 2234 1634 factus
2266 1595 2324 1634 es
2371 1580 2631 1635 fortitudo
2660 1581 2926 1651 panpeti,
2977 1581 3197 1636 Christo
3227 1590 3346 1648 tuo,
3397 1581 3468 1638 de

1865 1687 1972 1743 quo
1999 1681 2052 1727 et
2081 1672 2135 1726 in
2181 1672 2411 1727 Psalmis
2444 1673 2670 1744 legimus
2697 1692 2710 1728 :
2760 1673 2950 1728 Beatus
2977 1676 3064 1744 qui
3102 1677 3345 1749 intelligit
3379 1693 3469 1730 su-

1865 1779 1955 1835 per
1987 1779 2203 1837 egenum
2233 1773 2280 1816 et
2320 1781 2607 1835 pauperem
2643 1763 2765 1835 (Ps.
2801 1781 2892 1832 XL,
2927 1767 3004 1834 l).
3051 1766 3118 1820 Et
3163 1768 3217 1820 in
3264 1767 3468 1822 Zacha-

185 1865 392 1918 mulum:
439 1865 675 1919 civitates
704 1865 865 1932 fortes
891 1902 906 1928 ,
953 1869 1006 1913 ut
1037 1859 1279 1913 caderent
1313 1859 1649 1926 fundamenta
1678 1873 1762 1911 ea-
1796 1856 1840 1916 Β
1871 1857 1948 1912 ria
1977 1857 2282 1913 secundum
2307 1857 2628 1913 Hebraicam
2653 1857 2964 1924 veritatem,
2997 1873 3223 1928 pauper.
3252 1857 3357 1913 hoc
3385 1866 3475 1914 est

185 1975 300 2013 rum.
323 1957 608 2030 lmpiorum
633 1958 864 2010 civitates
884 1955 938 2008 in
963 1961 1210 2008 aeternum
1228 1968 1331 2007 non
1346 1951 1758 2017 tedi/icabuntur.

185 2047 442 2119 Pr0pterea
495 2049 766 2105 benedicet
795 2047 886 2101 tibi
918 2046 1142 2117 papulas
1173 2059 1483 2115 pauperum,
1505 2052 1551 2097 et
1589 2044 1765 2098 civita-

184 2152 244 2196 tes
268 2141 525 2197 hominum
552 2141 886 2207 iniquitatem
912 2137 1276 2192 sustinentium
1320 2135 1618 2191 benedicent
1649 2134 1760 2189 tibi.

180 2235 322 2308 339
376 2235 545 2290 Fuisti
567 2235 714 2291 etaim
761 2233 903 2288 omni
928 2233 1120 2287 civitati
1165 2229 1352 2285 humili
1391 2229 1692 2297 auxiliator,
1720 2238 1767 2284 et

181 2329 388 2382 tristibus
417 2341 636 2401 propter
657 2327 883 2398 inopiam
909 2326 1187 2394 protectio:
1209 2327 1270 2377 ab
1293 2323 1588 2378 hominibus
1613 2321 1769 2394 pessi-

177 2421 259 2474 mis
290 2419 528 2476 liberubis
557 2437 650 2475 eos
675 2435 692 2472 :
731 2417 1092 2472 umbrarulum
1122 2416 1440 2480 sitientium,
1484 2425 1532 2468 et
1557 2415 1770 2485 spiritus

180 2509 424 2567 hominum
452 2513 792 2585 iniquitatem
821 2511 1190 2564 sustinentium
1241 2507 1390 2577 quasi
1419 2505 1649 2560 homines
1676 2523 1772 2575 pit-

174 2604 440 2659 sillanimes
465 2606 701 2659 sitientes
720 2603 774 2656 in
800 2601 933 2658 Sion
961 2599 1024 2653 ab
1050 2599 1343 2654 hominibus
1371 2599 1562 2671 impiis,
1586 2598 1770 2663 quibus

177 2713 257 2750 nos
277 2696 564 2752 tradidisti.
592 2696 804 2764 Duplex
840 2694 1001 2763 hujus
1026 2694 1129 2748 loci
1161 2693 1435 2763 expositio
1463 2701 1563 2747 est.
1601 2690 1772 2746 Judaei

173 2799 354 2858 putant
385 2804 582 2845 vocem
608 2797 917 2842 sanctorum
951 2801 1098 2851 esse,
1135 2783 1430 2854 pottulique
1455 2781 1732 2838 credentis
1758 2797 1772 2836 :

171 2894 281 2934 cum
308 2881 458 2936 Deus
491 2879 794 2934 adversum
828 2892 1050 2932 omnem
1084 2876 1278 2930 orbem
1301 2889 1422 2942 quae
1443 2888 1604 2941 supra
1636 2872 1778 2927 dicta

165 2985 282 3030 sunt
327 2975 533 3030 fecerit
555 3013 572 3038 ,
602 2984 657 3028 et
689 2972 932 3027 omnium
961 2969 1358 3041 prophetarum
1400 2966 1602 3022 fuerint
1625 2980 1777 3019 com-

161 3067 296 3135 pleta
356 3064 672 3128 vaticinia;
705 3062 1096 3130 civitatemque
1152 3057 1498 3120 subversam,
1555 3055 1782 3109 Bonitam

154 3158 649 3230 interpretantur,
682 3171 805 3224 quae
834 3152 1066 3209 delenda
1100 3151 1170 3205 sit
1203 3149 1417 3220 penitus
1444 3189 1458 3214 ,
1492 3147 1781 3217 populum-

1869 1965 2024 2004 EBION
2047 1950 2260 2039 (pinu),
2286 1963 2450 2020 super
2481 1949 2686 2019 pullum
2713 1953 2884 2004 asinae
2919 1949 3114 2004 sedere
3142 1949 3469 2006 describitur

1868 2040 2062 2115 (Zach.
2094 2044 2196 2112 ix).
2228 2040 2516 2097 Fortitudo
2542 2058 2736 2113 egeno,
2765 2042 2816 2097 in
2864 2041 3218 2098 tribulatione
3260 2044 3472 2112 passio-

1868 2136 1951 2189 nis
1978 2150 2110 2200 suae,
2141 2150 2267 2204 Spes
2293 2150 2322 2188 a
2350 2136 2564 2192 turbine
2594 2136 2855 2207 patibuli,
2900 2144 2957 2191 et
2992 2136 3367 2192 umbraculum
3399 2136 3468 2193 ab

1870 2237 2029 2293 aestu,
2062 2228 2280 2299 quando
2308 2229 2526 2284 locutus
2551 2239 2667 2284 est:
2699 2229 2884 2295 Pater,
2906 2230 2961 2283 in
2988 2247 3170 2286 manus
3193 2241 3306 2286 tuas
3331 2248 3472 2286 como

1871 2320 2057 2374 mendo
2102 2322 2340 2391 spiritum
2389 2337 2558 2375 meum
2607 2320 2760 2391 (Luc.
2817 2336 2970 2389 χχιιι,
3023 2323 3143 2390 46).
3189 2323 3474 2390 Quomodo

1870 2413 2019 2468 enim
2049 2411 2097 2466 si
2127 2422 2324 2467 ventus
2346 2413 2676 2482 impingatur
2698 2412 2889 2482 parieti
2915 2419 3077 2479 atque
3097 2424 3475 2483 pertranseat:

1872 2506 1953 2563 sic
2013 2507 2172 2562 turbo
2218 2506 2710 2576 blasphemantium
2777 2505 3089 2562 Jndteornm
3141 2508 3222 2562 illi
3277 2523 3476 2564 nocere

1873 2616 1982 2655 non
2006 2601 2202 2670 potuit.
2234 2599 2303 2655 Et
2334 2609 2392 2655 ιιι
2422 2599 2523 2654 alia
2558 2607 2677 2654 utar
2703 2598 3087 2664 similitudine,
3115 2601 3256 2656 sicut
3281 2616 3476 2671 propa-

1875 2708 1944 2762 go
1969 2693 2292 2763 gravissimo
2316 2701 2557 2749 torretur
2582 2701 2741 2759 aestu,
2769 2703 2933 2762 atque
2961 2691 3266 2759 ﬂaccescit,
3299 2692 3371 2747 ita
3395 2701 3482 2748 tu-

1878 2785 2106 2840 multum
2157 2796 2213 2842 et
2244 2787 2540 2842 clamorem
2573 2785 2897 2848 alienorum,
2945 2784 3048 2840 hoc
3078 2792 3197 2854 est,
3247 2786 3337 2857 qui
3367 2801 3395 2840 a
3425 2794 3480 2842 te

1880 2877 2044 2932 alieni
2070 2877 2369 2944 factisunt,
2413 2893 2765 2934 marcescere
2805 2877 2978 2934 facies
2998 2888 3052 2933 et
3073 2880 3274 2950 perire.
3315 2877 3479 2934 Juxta

1882 2969 2028 3024 LXX
2059 2972 2415 3039 interpretes,
2451 2985 2558 3024 non
2599 2969 2722 3025 dico
2761 2985 2984 3026 sensum
3006 3012 3022 3037 ,
3063 2970 3160 3026 sed
3185 2971 3475 3027 verborum

1883 3061 2132 3115 ordinem
2157 3070 2210 3114 et
2233 3062 2686 3130 consequentiam
2707 3101 2720 3124 ,
2748 3062 2801 3116 in
2829 3063 2935 3117 Itoc
2959 3063 3076 3117 loco
3098 3063 3346 3134 reperire
3369 3078 3480 3119 non

1887 3152 2061 3223 potui.
2085 3153 2149 3207 Et
2175 3168 2273 3222 pro
2287 3169 2352 3208 eo
2375 3153 2520 3218 loco,
2537 3153 2624 3208 ubi
2655 3169 2753 3208 nos
2786 3155 3128 3224 interpretati
3153 3173 3363 3221 sumus,
3378 3159 3483 3212 sic-

153 3267 255 3322 que
289 3252 502 3306 l'ortem
524 3288 545 3312 ,
589 3247 683 3317 qui
712 3245 894 3300 laudet
945 3244 1234 3298 Dominum
1255 3282 1270 3306 ,
1305 3248 1362 3296 et
1399 3239 1484 3295 cui
1509 3240 1682 3293 factus
1714 3236 1778 3290 sit

1888 3257 1944 3301 ut
1985 3255 2168 3301 iustum
2207 3247 2262 3300 in
2297 3247 2424 3314 siti,
2477 3261 2576 3316 pro
2608 3262 2716 3316 quo
2747 3248 2798 3301 in
2832 3249 3061 3304 llebrteo
3110 3253 3372 3320 scriptum
3402 3261 3489 3308 est

148 3344 436 3401 Dominus
473 3338 751 3392 fortitudo
792 3341 846 3390 in
895 3335 1253 3390 tribulatione
1282 3347 1381 3386 sua
1427 3342 1482 3387 et
1511 3331 1783 3400 angustia,

147 3438 415 3496 referunt
478 3431 553 3487 ad
611 3431 812 3498 Israel,
864 3430 956 3501 qui
1002 3429 1069 3484 de
1121 3426 1500 3498 persecutione
1545 3423 1787 3496 gentium

151 3529 308 3604 quasi
341 3530 400 3584 in
460 3537 612 3582 testu
656 3523 1043 3580 ardentissimo
1089 3531 1143 3577 et
1178 3523 1231 3577 in
1266 3520 1359 3576 siti
1397 3521 1661 3576 liberatus
1692 3518 1780 3571 sit.

157 3627 258 3681 Alii
291 3638 437 3678 vero
467 3631 530 3676 et
574 3619 768 3674 melius
801 3626 856 3672 et
887 3617 1090 3672 rectius
1128 3631 1194 3671 ex
1226 3629 1461 3685 persona
1507 3611 1788 3683 propheta:

161 3717 265 3773 dici
288 3715 662 3784 intelligunt,
696 3727 795 3783 pro
821 3710 1075 3781 passione
1107 3707 1320 3764 Domini
1346 3707 1646 3763 Salvatoris
1665 3720 1787 3776 gra-

163 3811 266 3866 tias
299 3810 458 3866 Patri
492 3805 793 3862 referentis
816 3845 830 3869 ,
885 3802 1030 3873 quod
1059 3801 1251 3858 fecerit
1285 3800 1575 3868 mirabilia,
1611 3808 1664 3854 et
1695 3812 1787 3852 co-

163 3904 470 3975 gitationes
528 3899 786 3969 antiquas
831 3895 1060 3952 veritate
1115 3894 1511 3966 compleverit,
1569 3891 1786 3964 quando

163 4004 376 4052 stantes
407 3993 482 4048 ad
509 3994 793 4047 dexteram
817 3989 1067 4044 audient:
1099 3989 1303 4053 Venite,
1333 3987 1582 4042 benedicti
1611 3985 1786 4040 Patris

166 4092 297 4158 mei,
354 4089 630 4163 possidete
658 4095 1012 4158 praeparatum
1041 4083 1183 4137 vobis
1209 4098 1420 4154 regnum
1460 4098 1492 4133 a
1531 4079 1786 4134 constitu-

166 4183 303 4237 tione
330 4181 530 4236 mundi
562 4176 779 4250 (Matth.
805 4191 930 4243 xxv,
956 4173 1070 4245 54).
1095 4173 1250 4241 Quod
1280 4183 1333 4226 et
1362 4172 1562 4226 Paulus
1591 4171 1791 4225 intelli-

167 4289 298 4345 gens
323 4271 710 4343 loquebatur:
747 4269 894 4325 Sicut
923 4266 1074 4340 elegit
1110 4282 1202 4319 nos
1226 4264 1277 4317 in
1308 4264 1418 4335 ipso
1448 4271 1572 4317 ante
1605 4263 1794 4315 consti-

170 4372 430 4424 tutionem
490 4367 718 4430 mundi,
786 4379 894 4419 esse
935 4379 1030 4417 nos
1094 4369 1297 4415 sanctos
1335 4367 1382 4412 et
1433 4355 1794 4410 immaculatos

172 4460 400 4534 (Eplies.
433 4479 476 4526 ι,
520 4461 621 4528 4);
672 4457 1105 4527 desideransque
1137 4453 1254 4509 fieri
1284 4449 1429 4521 quod
1463 4448 1794 4520 prophetat,

168 4554 430 4625 adjuogit
450 4553 692 4609 verbum
719 4548 1045 4606 llebraicum
1064 4562 1209 4603 Atrea
1232 4541 1392 4635 (pls)
1411 4558 1511 4615 pro
1532 4555 1640 4612 Quo
1654 4539 1796 4635 L_XX

1887 3353 2106 3393 ΜελιοΝ
2132 3337 2320 3426 (τηις),
2345 3337 2491 3408 quod
2519 3337 2660 3405 apud
2702 3352 2798 3393 eos
2826 3339 3041 3405 invium,
3063 3341 3150 3396 vel
3174 3342 3284 3396 sitis
3303 3382 3320 3404 .
3348 3342 3486 3398 dici-

1893 3438 2011 3494 tur;
2036 3445 2204 3500 qnare
2225 3429 2301 3484 illi
2326 3438 2351 3467 α
2379 3446 2476 3499 pro
2496 3429 2633 3484 invio
2655 3441 2706 3485 et
2731 3431 2785 3484 in
2813 3431 2900 3485 siti
2933 3434 3216 3500 verterint,
3238 3435 3290 3488 in
3315 3434 3445 3489 Sion
3470 3451 3491 3501 ,-

1889 3537 2046 3579 error
2067 3524 2386 3593 perspicuus
2415 3531 2521 3589 est,
2547 3523 2617 3578 ob
2637 3523 3052 3582 similitudinem
3076 3527 3230 3583 verbi
3261 3542 3414 3584 suos
3435 3538 3490 3586 et

1887 3635 2006 3674 SION
2032 3619 2214 3683 (Ambo
2233 3618 2384 3692 τινες),
2417 3619 2560 3691 quod
2584 3619 2790 3676 eisdem
2832 3621 3079 3690 signatur
3100 3622 3412 3679 elementis.

1961 3712 2374 3788 (Vers.6—8.)
2403 3712 2468 3767 Et
2490 3713 2645 3782 faciet
2684 3713 2942 3769 Dominus
2972 3718 3286 3771 exercituum
3324 3718 3493 3773 omnia

1887 3806 1980 3860 bus
1999 3807 2209 3878 papulis
2225 3807 2278 3860 in
2304 3805 2580 3860 monteltoc
2598 3807 2881 3862 convivium
2904 3809 3187 3878 pinguium,
3206 3813 3493 3868 convivium

1854 3923 1865 3935 ·
1888 3899 2191 3954 rindemire:
2221 3899 2488 3971 pinguium
2517 3898 2945 3968 medullatorum,
2972 3903 3242 3958 uindemiw
3263 3905 3490 3970 delinea-

1888 4001 1974 4046 tw.
2003 3989 2069 4044 Et
2095 3991 2436 4063 prwcipitabit
2458 3991 2513 4044 in
2534 4002 2702 4046 monte
2723 3993 2823 4046 isto
2846 3993 3030 4062 [aciem
3048 3993 3239 4047 vinculi
3259 3994 3496 4067 colligati

1889 4101 2043 4155 super
2073 4101 2248 4139 omnes
2271 4083 2491 4156 populos
2518 4125 2534 4148 ,
2579 4096 2624 4138 et
2653 4083 2810 4137 telam
2830 4100 2985 4154 quam
3006 4086 3209 4164 orditas
3237 4096 3311 4140 est
3340 4104 3496 4158 super

1892 4193 2066 4232 omnes
2089 4179 2342 4233 nationes.
2357 4176 2427 4232 Et
2451 4177 2792 4250 prwcipitabit
2806 4187 3018 4231 mortem
3039 4179 3090 4232 in
3105 4181 3493 4251 sempiternum,

1893 4278 1940 4322 et
1958 4271 2153 4333 auferet
2183 4268 2437 4324 Dominus
2463 4267 2602 4324 Deus
2625 4267 2906 4340 lacrymam
2924 4269 2986 4324 ab
3000 4271 3142 4324 omni
3162 4272 3319 4340 facie,
3335 4287 3380 4327 et
3408 4289 3500 4347 0p-

1895 4361 2157 4433 probrium
2181 4361 2359 4434 populi
2386 4363 2466 4416 sui
2488 4363 2690 4432 auferet
2712 4365 2774 4417 de
2787 4364 3022 4419 uniuersa
3043 4374 3215 4420 terra:
3236 4367 3359 4438 quia
3386 4365 3491 4420 Do-

1899 4455 2072 4508 minus
2091 4455 2293 4508 locutus
2307 4464 2402 4508 est.
2420 4456 2591 4511 LXX:
2617 4456 2686 4510 Et
2705 4459 2857 4527 faciet
2879 4455 3133 4512 Dominus
3153 4458 3379 4514 Sabaotlt
3393 4477 3501 4514 ont-

1902 4547 2050 4602 nibus
2067 4547 2300 4620 gentibus
2327 4564 2483 4617 super
2500 4561 2722 4604 montem
2747 4552 2924 4616 istum,
2949 4551 3118 4606 bibent
3145 4553 3402 4619 ltetitiam,
3428 4554 3506 4607 bi-

174 4648 589 4704 transtulerunt
612 4644 726 4715 ﬁat.
755 4643 821 4697 Et
848 4642 1112 4696 Dominus
1136 4641 1189 4694 in
1210 4633 1502 4708 Eiaugeiio
1529 4649 1674 4702 saepe
1697 4633 1798 4687 huc
1823 4633 1879 4695 D
1903 4641 2018 4696 bent
2049 4641 2243 4694 uinum.
2293 4637 2562 4710 Ungentur
2603 4648 2866 4709 unguento
2911 4641 2965 4694 in
2996 4651 3165 4696 ηιοηιρ
3190 4644 3306 4696 ista,
3335 4641 3506 4696 Trade

170 4742 342 4798 verba
374 4739 564 4795 utitur
589 4753 604 4790 :
639 4735 821 4799 Amen,
846 4749 1018 4799 amen,
1050 4731 1102 4786 id
1133 4741 1236 4795 est,
1263 4745 1397 4798 uere,
1422 4743 1537 4783 uere
1566 4727 1680 4780 dico
1709 4741 1796 4778 vo-

177 4833 250 4886 bis
279 4831 476 4904 (Joan.
514 4845 598 4894 vt,
627 4826 743 4896 56).
768 4826 950 4892 Quare
969 4833 1152 4878 autem
1185 4821 1366 4876 laudet
1391 4829 1448 4876 et
1471 4819 1804 4876 confiteatur

175 4926 389 4980 nemini
416 4922 668 4985 Domini,
699 4926 756 4976 et
777 4933 899 4989 qua:
937 4916 1050 4972 sint
1075 4916 1178 4971 ista
1204 4914 1470 4969 mirabilia
1504 4956 1519 4981 ,
1553 4921 1608 4969 et
1645 4910 1796 4982 cogi-

177 5017 424 5072 tationes
456 5014 707 5083 antiquze
733 5051 748 5074 .
799 5025 934 5081 quas
981 5023 1140 5064 veras
1181 5021 1346 5077 opere
1381 5005 1795 5070 demonstravit,

175 5108 476 5180 sequitur:
536 5105 675 5172 Quia
700 5103 920 5176 posuisti
941 5102 1198 5156 ciuitatem
1235 5101 1289 5153 in
1321 5099 1592 5160 tumulum.
1626 5099 1801 5152 urbem

178 5205 375 5270 fortem
407 5202 469 5256 in
496 5201 708 5254 ruinam
732 5239 748 5264 ,
781 5197 993 5251 domum
1017 5194 1309 5250 alienorum
1333 5236 1348 5262 ,
1383 5201 1437 5247 ut
1465 5210 1566 5246 non
1589 5193 1653 5246 sit
1674 5192 1804 5246 civi-

176 5302 279 5358 tas,
305 5302 361 5348 et
413 5294 472 5346 in
506 5304 760 5346 internum
797 5306 899 5344 non
930 5289 1233 5360 adiﬁcetur.
1287 5284 1494 5342 Civitas
1531 5283 1803 5356 quondam

178 5388 345 5444 fortis
376 5388 705 5444 Jerusalem
755 5384 1102 5453 intelligitur,
1163 5398 1282 5453 qua:
1315 5383 1454 5438 facta
1495 5389 1580 5436 est
1619 5380 1808 5434 domus

178 5483 514 5538 alietmrnm
543 5498 558 5547 ;
590 5482 659 5536 de
686 5480 884 5547 quibus
909 5479 1160 5535 Salvator
1189 5479 1320 5533 dicit
1351 5477 1406 5531 in
1437 5476 1645 5548 p~almo
1671 5491 1684 5528 :
1718 5474 1812 5529 Fi-

181 5575 239 5631 lii
265 5577 444 5631 alieni
472 5573 676 5630 mentiti
706 5584 826 5628 sunt
851 5573 998 5639 mihi,
1022 5571 1122 5643 filii
1143 5570 1303 5626 alieni
1332 5571 1738 5626 inveteraverunt
1765 5578 1812 5623 et

1905 4733 2078 4788 omnia
2105 4731 2213 4785 haec
2254 4729 2494 4803 gentibus
2517 4773 2532 4791 ,
2573 4729 2847 4785 consilium
2871 4733 3006 4786 enim
3033 4731 3130 4786 hoc
3169 4748 3320 4800 super
3340 4748 3512 4786 euntes

1904 4837 2074 4904 gentes
2097 4843 2116 4882 :
2143 4826 2405 4882 devoravit
2437 4825 2598 4900 3‘1
2624 4841 2764 4880 mors
2791 4825 3099 4898 praeualens.
3155 4824 3221 4880 Et
3247 4840 3462 4880 rursum
3491 4842 3504 4880 :

1906 4919 2130 4975 Abstulit
2162 4919 2418 4976 Dominus
2449 4919 2589 4975 Deus
2620 4935 2821 4974 onmem
2857 4918 3142 4991 lacrymam
3173 4918 3237 4972 ab
3263 4922 3398 4974 omni
3430 4923 3513 4993 {u-

1906 5019 2004 5084 cie,
2035 5025 2084 5072 et
2122 5016 2456 5086 opprobrium
2497 5013 2683 5086 populi
2723 5015 2806 5069 sui
2845 5015 3058 5070 abstulit
3077 5015 3140 5070 ab
3167 5015 3305 5071 omni
3345 5025 3503 5072 terra.

1911 5111 1982 5166 Os
2006 5112 2141 5166 enim
2175 5110 2384 5166 Domini
2411 5111 2638 5165 locutum
2667 5118 2760 5164 est.
2794 5111 2898 5167 Pro
2927 5126 2995 5167 eo
3030 5111 3171 5182 quod
3207 5127 3306 5167 nos
3345 5111 3513 5168 verti-

1907 5221 2050 5268 mus.
2099 5205 2284 5275 faciem
2314 5203 2506 5257 vinculi
2546 5201 2785 5276 colligati
2839 5222 2996 5277 super
3039 5221 3214 5260 omnes
3259 5205 3504 5278 populos,

1911 5295 2106 5368 Aquila
2127 5297 2522 5366 interpretatus
2543 5305 2648 5361 est,
2670 5297 2856 5368 faciem
2879 5297 3202 5352 tenebrarum
3223 5314 3380 5362 super
3401 5311 3512 5350 ont-

1909 5406 1998 5445 nes
2055 5392 2294 5458 papulas.
2342 5388 2586 5461 Cumque
2629 5391 2826 5459 Aquila
2873 5391 2956 5445 bis
2987 5391 3240 5444 tenebras
3285 5387 3507 5453 dixerit,

1911 5480 2216 5537 Tlteodutio
2243 5481 2410 5538 semel
2453 5482 2708 5538 tenebras
2739 5480 3061 5545 nominavit,
3085 5489 3280 5534 car-tera
3315 5478 3512 5534 simili-

1914 5583 2015 5628 ter.
2042 5572 2148 5629 Pro
2174 5589 2280 5645 quo
2297 5573 2658 5646 Symmachus
2685 5571 2986 5638 transtulit,
3009 5567 3514 5642 [aciemDominato-

255 5726 285 5754 ιι
319 5713 518 5770 Vatic.
565 5713 870 5783 ltujnsmodi
916 5713 1318 5769 annotationem
1368 5711 1458 5768 hic
1503 5709 1809 5766 interserit:
1850 5709 2291 5783 Prasuotandum,
2319 5728 2475 5782 quant
2511 5711 2780 5766 commoda
2811 5711 2884 5783 sit
2929 5709 3168 5783 doctrina
3209 5707 3512 5783 Hieronymi

186 5787 464 5843 Ecclesia
489 5780 772 5842 Catholicae
803 5801 980 5842 contra
1002 5785 1318 5842 oblocutores
1339 5788 1476 5855 eius,
1495 5784 1679 5854 quibus
1704 5783 1840 5837 dicta
1878 5783 2044 5855 ipsius
2073 5783 2196 5838 vitia
2234 5780 2488 5838 videntur.
2521 5783 2695 5840 Porro
2720 5781 2858 5840 levia
2884 5780 3130 5854 quaedam
3159 5780 3228 5838 ad
3267 5780 3511 5854 ejusdem

183 5875 296 5920 ms.
331 5861 517 5914 tidem
551 5873 679 5913 mox
707 5858 1076 5914 emendamus.
