4010 6310
560 302 664 365 891

1794 278 1852 337 Β.
1896 270 2167 335 EUSEBII
2209 256 2587 330 lilERONYMl

3750 243 3842 317 soi

558 418 636 471 ris
656 414 745 487 qui
767 408 1067 466 dominatur
1080 417 1236 475 super
1251 415 1425 456 omnes
1448 396 1690 471 populos.
1708 391 1849 463 Quid
1873 397 2053 447 autem
2070 401 2164 441 vo-
2192 388 2245 451 Α
2274 386 2459 442 bimus
2482 393 2538 441 et
2562 382 2873 440 imtabimur
2893 380 2947 439 in
2975 395 3042 437 eo
3067 388 3162 438 :et
3188 392 3381 436 manus
3408 386 3579 451 atque
3617 376 3736 448 ejus
3758 389 3841 446 po-

563 479 763 564 luerint
790 517 887 573 pro
908 502 1009 555 hoc
1032 502 1152 553 loco
1172 493 1528 565 Septuaginta
1558 488 1774 544 dicere:
1797 483 1969 540 Trade
1991 479 2163 534 omnia

561 597 672 653 lucc
691 592 948 668 gentibus,
967 588 1168 661 legenti
1183 584 1531 659 perspicuum
1554 591 1659 645 est,
1681 578 1825 650 quod
1849 592 1955 632 non
1981 574 2165 647 Scrip-

562 701 698 749 tura;
724 688 911 755 verba,
939 684 1033 741 sed
1055 697 1212 738 suum
1234 693 1453 737 sensum
1476 676 1783 747 posuerint,
1801 686 1869 728 eo
1884 670 2026 740 quod
2046 684 2165 724 om-

570 786 660 841 nia
680 778 1112 855 mysteriaLegis
1130 784 1186 831 et
1200 773 1414 842 Templi
1441 766 1815 825 transferenda
1836 765 1949 821 sint
1967 762 2033 818 ad
2065 762 2167 818 Ec-

566 877 766 932 clesiae
822 874 1123 929 nationum.
1187 869 1315 923 Post
1366 864 1673 936 passionem
1720 873 1851 931 ergo
1917 856 2162 923 Domini,

560 968 783 1041 quando
805 979 929 1022 eum
956 979 985 1018 a
1016 964 1106 1017 siti
1136 969 1190 1017 et
1212 970 1370 1025 testu,
1395 972 1459 1012 ac
1489 955 1705 1011 turbine
1727 950 2066 1014 liberaverit,
2097 952 2169 1003 la-

564 1063 675 1118 ciet
704 1058 969 1115 Dominus
991 1068 1334 1125 nequaquam
1359 1048 1559 1121 pepulo
1575 1046 1913 1110 Judaaorum,
1934 1041 2031 1098 sed
2050 1057 2169 1098 om-

567 1154 734 1210 nibus
755 1149 1012 1222 gentibus
1036 1149 1088 1203 in
1116 1153 1303 1202 monte
1323 1141 1453 1198 Sion
1484 1139 1681 1210 pingue
1706 1135 2037 1202 convivium,
2066 1133 2167 1188 ho-

566 1248 813 1306 locausta
835 1241 1150 1306 medullula,
1192 1246 1249 1293 et
1276 1237 1457 1292 vinum
1478 1230 1767 1288 vindemiae
1786 1227 2085 1292 defmcatat,
2112 1235 2171 1282 ut

571 1342 875 1417 prmcipitet
899 1346 956 1394 et
976 1334 1259 1393 absorberi
1300 1331 1464 1387 faciat
1512 1327 1707 1384 faciem
1736 1324 1932 1381 mortis
1972 1332 2027 1378 et
2053 1321 2173 1377 vin-

568 1439 681 1496 culi
736 1451 846 1507 quo
886 1445 1079 1488 omnes
1127 1426 1311 1500 populi
1359 1423 1704 1493 ligabantur;
1755 1418 2172 1486 disrumpetque

569 1543 691 1591 rete
720 1529 933 1592 mortis,
991 1534 1046 1581 et
1091 1523 1254 1580 telam
1278 1536 1398 1592 qua:
1420 1530 1612 1574 omnes
1654 1518 1876 1583 ceperat
1897 1509 2167 1565 nationes.

573 1625 819 1694 Etjusta
865 1619 1189 1690 Apostolum
1219 1654 1234 1681 ,
1288 1609 1671 1667 absorbcbitur
1699 1620 1848 1662 mors
1896 1604 1949 1659 in
1980 1616 2174 1674 perpe-

575 1727 728 1773 tuum
770 1713 815 1782 (l
857 1711 978 1766 Cor.
1031 1708 1170 1780 xvi).
1220 1707 1290 1761 Et
1315 1704 1525 1760 auferet
1574 1698 1840 1756 Dominus
1875 1697 2169 1767 lacrymam

2269 478 2437 534 tentia
2454 477 2766 547 requiescet
2786 475 2840 529 in
2855 481 3041 529 monte
3061 473 3186 528 isto.
3209 471 3285 527 De
3299 486 3409 543 quo
3422 483 3587 539 supra
3611 468 3844 538 legimus:

2267 570 2399 627 Cum
2438 568 2727 639 regnaverit
2767 564 3023 623 Dentium
3060 564 3379 621 exercituum
3403 564 3460 618 in
3496 569 3671 617 mante
3715 558 3842 626 Sion,

2268 672 2319 719 et
2349 663 2403 717 in
2431 659 2744 726 Jerusalem,
2777 660 2906 715 etin
2940 667 3216 731 conspectu
3256 672 3436 712 senum
3461 669 3678 711 suorum
3712 652 3845 727 fuerit

2268 751 2778 827 gloriﬁcatusUsai.
2807 750 3096 822 διψῶ).
3124 749 3279 806 illaab
3299 758 3505 815 autern,
3525 746 3677 819 quod
3702 747 3842 802 inter-

2270 860 2520 920 pretatur
2537 849 2602 904 de
2626 856 2798 920 patre,
2828 847 2901 904 ita
2938 852 3278 914 conteretur,
3314 852 3373 898 ut
3412 842 3591 898 solent
3626 840 3846 912 plaustro

2272 945 2449 1015 paleas
2484 944 2720 1002 conteri.
2754 942 2871 999 lioc
2904 943 3058 1012 juxta
3084 941 3252 995 ritum
3281 938 3523 1009 loquitur
3562 934 3846 992 Palaestina

2271 1047 2330 1097 et
2354 1039 2646 1095 multarum
2689 1036 2933 1093 Orientis
2957 1026 3386 1109 provinciarum,
3418 1047 3543 1103 qua:
3570 1029 3646 1085 ob
3690 1038 3848 1100 prato-

2272 1147 2395 1187 rum
2418 1139 2477 1188 et
2510 1130 2620 1186 feni
2663 1129 2975 1201 penuriam,
3014 1126 3205 1198 paleas
3244 1132 3553 1196 praeparant
3590 1122 3712 1178 esui
3753 1122 3849 1177 ani-

2272 1224 2560 1281 mantium.
2600 1222 2743 1278 Sunt
2777 1230 2958 1276 autem
3004 1229 3266 1290 carpenta
3305 1215 3510 1273 farrata
3534 1252 3549 1280 ,
3594 1212 3732 1269 rotis
3771 1222 3851 1284 per

2274 1318 2513 1375 medium
2554 1318 2609 1375 in
2641 1330 2919 1372 serrarum
2962 1313 3185 1369 modum
3231 1326 3295 1368 se
3336 1309 3708 1377 volventibus,
3745 1323 3849 1379 qua

2274 1412 2533 1484 stipulam
2556 1419 2872 1474 conterunt,
2901 1419 2956 1466 et
2979 1408 3360 1465 comminuunt
3382 1409 3435 1461 in
3469 1405 3681 1477 paleas.
3720 1404 3849 1473 Qus-

2272 1507 2438 1563 modo
2462 1506 2626 1577 igitur
2647 1502 2908 1573 plaustris
2929 1502 3149 1558 ferratis
3178 1499 3348 1572 palea
3380 1506 3766 1562 conteruntur,
3788 1497 3852 1552 sic

2272 1604 2592 1655 conteretur
2618 1595 2775 1652 Moab
2793 1594 2896 1651 sub
2915 1608 3007 1663 eo,
3030 1594 3145 1648 sive
3178 1591 3283 1648 sub
3312 1589 3410 1646 Dei
3449 1587 3721 1661 potentia,
3755 1587 3853 1643 sive

2276 1690 2331 1747 in
2363 1691 2682 1761 semetipso,
2710 1698 2766 1745 ut
2790 1686 2928 1743 nihil
2955 1687 3009 1742 in
3030 1701 3098 1742 eo
3124 1684 3320 1755 integri
3352 1676 3855 1740 remaneatJEtsic-

576 1809 645 1865 ab
675 1775 821 1863 omni
845 1804 1000 1871 facie,
1036 1775 1253 1873 quando
1276 1808 1452 1853 morte
1480 1799 1757 1865 superata,
1778 1789 1980 1847 Christi
2006 1785 2174 1842 adve—
2203 1788 2251 1851 B
2281 1793 2341 1841 ut
2372 1785 2514 1841 solet
2533 1785 2626 1855 qui
2663 1792 2814 1839 natat
2842 1791 3013 1838 totum
3055 1793 3255 1851 corpus
3281 1778 3581 1836 extendere
3616 1795 3631 1831 :
3667 1777 3743 1833 ita
3779 1775 3855 1832 ille

573 1904 720 1958 nerit
746 1913 972 1969 regnum
1001 1913 1014 1949 :
1048 1903 1103 1950 et
1124 1891 1473 1963 opprobrium
1505 1885 1722 1958 generis
1753 1880 1993 1945 humani,
2027 1876 2171 1950 quod

575 1992 643 2049 ad
672 1992 962 2063 imaginem
992 1987 1273 2043 conditum
1322 1982 1497 2038 fuerat
1530 1976 1831 2043 Creatoris,
1872 1972 2073 2030 diaboli
2118 1980 2173 2028 et

575 2085 769 2144 mortis
783 2079 1034 2154 effugerit
1054 2078 1399 2134 servitutem.
1419 2072 1529 2129 Nec
1561 2071 1758 2126 mirum
1778 2067 1825 2123 si
1852 2066 2004 2137 justa
2020 2064 2179 2135 Sym-

573 2182 827 2238 machum
848 2175 1065 2232 tlomina
1083 2172 1567 2243 appelleturmors,
1590 2177 1715 2219 cum
1735 2158 2177 2229 beatusAposto-

580 2276 665 2331 lus
694 2272 896 2330 dixerit
924 2286 938 2323 :
987 2265 1239 2341 Regnavit
1279 2278 1417 2316 mors
1446 2261 1509 2314 ab
1531 2257 1699 2312 Adam
1732 2270 1894 2325 usque
1929 2250 2000 2306 ad
2022 2248 2176 2321 Hag-

573 2383 705 2433 scm,
732 2365 888 2421 etiam
908 2375 1065 2433 super
1089 2374 1175 2414 eos
1204 2357 1292 2426 qui
1319 2369 1423 2409 non
1448 2357 1811 2423 peccaverunt,
1855 2347 1911 2402 in
1935 2344 2180 2401 sintititu-e

578 2463 751 2517 dinem
802 2451 1239 2528 pran'aricationis
1268 2449 1436 2504 Adam
1480 2444 1662 2518 (Rom.
1694 2460 1748 2511 v,
1780 2441 1896 2513 14).
1921 2440 2182 2495 Domina-

584 2565 761 2610 torem
793 2551 1038 2606 omnium
1082 2544 1405 2615 populorum
1427 2581 1442 2606 ,
1466 2540 1582 2595 sive
1611 2538 1803 2593 faciem
1830 2532 2179 2590 tenebrarum

581 2661 747 2718 super
775 2656 966 2699 omnes
999 2638 1253 2710 populos,
1281 2644 1337 2691 et
1363 2634 1525 2688 telam
1552 2646 1672 2702 qua:
1698 2627 1876 2685 ordita
1917 2626 1989 2683 sit
2016 2639 2184 2696 super

582 2752 778 2796 omnes
802 2746 1017 2807 gentes,
1042 2730 1259 2803 quidam
1283 2724 1678 2784 Antichristum
1707 2719 1936 2792 intelligi
1966 2721 2178 2782 volunt,

583 2834 763 2908 quiin
805 2839 989 2886 monte
1015 2824 1215 2883 Oliveti
1261 2820 1665 2880 consumendus
1695 2819 1785 2884 sit,
1839 2815 1983 2885 quod
2027 2824 2083 2870 et
2128 2813 2183 2869 in

585 2906 828 2985 Daitielis
851 2924 1040 2978 ultima
1062 2920 1300 2977 diximus
1330 2917 1562 2973 visione.
1594 2913 1751 2970 Juxta
1769 2908 1914 2967 LXX
1933 2906 2186 2965 omnibus

582 3022 841 3096 gentibus
869 3018 923 3074 in
955 3024 1139 3072 monte
1163 3013 1294 3070 Sion
1320 3009 1631 3067 convivium
1664 3005 1870 3062 ltetitite
1913 3016 2186 3075 prmpara-

586 3126 695 3185 tur,
751 3116 934 3186 inquo
963 3111 1154 3168 bibent
1200 3105 1419 3171 vinum,
1462 3101 1606 3173 quod
1653 3115 1714 3157 se
1754 3096 2014 3155 Dominus
2061 3109 2185 3150 cum

2275 1878 2345 1934 de
2364 1893 2464 1935 sua
2488 1877 2731 1950 potentia
2753 1875 3015 1932 allidetur
3036 1875 3090 1930 ιιι
3111 1885 3337 1941 terram,
3360 1881 3419 1928 et
3446 1886 3620 1928 ruens
3636 1870 3853 1927 sonitum

2276 1973 2462 2030 faciet.
2492 1974 2686 2029 Omnia
2720 1986 2941 2043 quoque
2980 1970 3322 2027 munimenta
3364 1965 3689 2023 sublimium
3735 1966 3858 2021 viro-

2277 2081 2399 2124 rum
2424 2067 2588 2129 illius.
2611 2066 2728 2121 sive
2755 2077 3058 2130 murorum,
3086 2073 3143 2120 ut
3168 2064 3220 2119 in
3249 2059 3518 2118 llebraico
3542 2059 3855 2123 continetur,

2278 2161 2569 2219 concident
2589 2170 2645 2218 et
2666 2160 2884 2217 humilia
2894 2160 3117 2225 buntur,
3141 2166 3200 2214 et
3218 2154 3579 2214 detrahentur
3600 2150 3656 2209 in
3677 2162 3859 2212 terram

2280 2271 2455 2328 usque
2493 2254 2561 2312 ad
2596 2255 2875 2329 pulverem
2907 2251 3268 2308 comminuta.
3319 2247 3490 2320 Igitur
3526 2260 3711 2304 sermo
3753 2258 3864 2317 pro-

2280 2349 2532 2422 pheticus
2562 2349 2691 2405 licet
2719 2348 2790 2403 de
2819 2345 3305 2403 consummatione
3333 2341 3518 2396 mundi
3543 2338 3862 2411 generaliter

2285 2451 2433 2501 texat
2454 2442 2798 2508 vaticinium,
2834 2451 3016 2497 tamen
3045 2455 3113 2495 ne
3142 2439 3431 2510 praesentia
3452 2437 3675 2493 omnino
3695 2433 3866 2491 videa-

2282 2545 2374 2593 tur
2425 2537 2721 2609 negligere,
2781 2535 3030 2591 nominat
3079 2533 3258 2600 Moab,
3317 2532 3411 2603 qui
3467 2529 3569 2586 fuit
3625 2528 3867 2585 inimicus

2282 2629 2476 2698 lsrncl,
2503 2630 2558 2685 in
2587 2638 2794 2685 tantum
2835 2636 2898 2685 ut
2916 2626 3078 2701 35.3
3104 2628 3309 2683 faceret
3339 2639 3437 2681 eos
3466 2623 3724 2683 fornicari
3753 2636 3864 2680 cum

2287 2723 2614 2790 Madianitis,
2645 2733 2699 2779 et
2728 2723 3046 2779 consecrari
3081 2721 3228 2778 idolo
3258 2720 3627 2793 Beelphegor,
3659 2718 3749 2791 qui
3798 2719 3868 2773 in-

2287 2824 2621 2887 terpretatur
2640 2817 2891 2887 Priapus,
2915 2827 3106 2872 contra
3128 2828 3291 2887 quem
3313 2813 3584 2872 Jeretnias
3610 2812 3865 2886 loquitur:

2289 2910 2599 2982 Egredietur
2636 2908 2859 2964 Chumor
2890 2910 2944 2963 in
2979 2908 3349 2980 captivitatem,
3404 2906 3700 2963 sacerdotes
3742 2904 3867 2960 illius

2290 3013 2338 3058 et
2368 3004 2627 3072 principes
2652 3002 2764 3075 ejus
2785 3000 2941 3057 simul
2964 2998 3195 3072 (Jcrem.
3224 3014 3413 3068 min,
3435 2998 3535 3072 7);
3568 2998 3635 3055 Et
3654 2999 3866 3055 iterum:

2296 3094 2657 3167 Confundetur
2689 3093 2846 3149 Moab
2877 3095 2930 3149 in
2969 3092 3218 3162 Chamos,
3262 3094 3397 3149 sicut
3428 3096 3648 3166 confusa
3673 3100 3742 3148 est
3786 3090 3869 3146 dc-

584 3213 789 3271 sanctis
820 3184 931 3264 suis
959 3208 1011 3262 in
1053 3218 1221 3276 regno
1256 3200 1431 3256 Patris
1460 3198 1546 3253 sui
1568 3195 1865 3253 bibiturnm
1906 3205 2029 3249 esse
2062 3202 2185 3260 pro-
2211 3184 2258 3249 C
2289 3205 2402 3244 mus
2431 3187 2605 3245 israei
2624 3189 2679 3242 in
2701 3185 2889 3244 Bethei
2915 3185 3120 3261 (Ibid,
3147 3187 3270 3260 15),
3302 3197 3360 3244 et
3385 3187 3601 3258 reliqua
3628 3185 3711 3242 itis
3735 3184 3869 3241 siml-

584 3306 735 3363 misit
765 3302 943 3376 (Matt.
977 3314 1047 3355 xx
1070 3308 1117 3353 et
1139 3296 1269 3351 Luc.
1295 3292 1433 3364 χιιι)
1460 3309 1473 3346 :
1504 3300 1560 3347 et
1583 3297 1855 3359 ungentur
1879 3293 2179 3357 unguento,

585 3411 646 3460 ut
671 3399 844 3457 renati
877 3398 930 3453 in
954 3394 1175 3451 Christo
1195 3390 1509 3447 efﬁciantur
1531 3384 1764 3457 populus
1803 3395 2005 3445 novus;
2042 3377 2184 3433 unde

583 3494 824 3550 dicitur:
868 3488 1037 3543 Trade
1077 3484 1252 3540 omnia
1299 3480 1410 3535 hcce
1454 3476 1709 3550 gentibus,
1764 3488 1884 3544 quin
1912 3470 2183 3541 quondam

589 3585 756 3640 Israel
786 3583 841 3637 in
873 3594 1003 3652 typo
1022 3586 1080 3633 et
1109 3573 1342 3645 imagine
1363 3570 1694 3627 celebrabat.
1736 3566 1852 3620 Hoc
1880 3564 2025 3619 enim
2054 3575 2188 3617 con-

589 3677 767 3733 silium
795 3671 1010 3729 Domini
1041 3679 1124 3725 est
1148 3710 1164 3735 ,
1208 3676 1265 3721 ut
1293 3676 1487 3720 cuneta
1523 3659 1914 3715 transferantur
1935 3652 2096 3727 35.2
2118 3653 2186 3708 ad

585 3774 799 3842 gentes,
818 3765 944 3836 quia
975 3775 1124 3817 mors
1149 3760 1404 3827 absorpta
1430 3764 1515 3811 est
1541 3753 1585 3825 (l
1598 3750 1722 3806 Cor.
1752 3748 1920 3820 xv)et
1943 3750 2185 3818 lacryma

590 3861 771 3919 omnis
815 3859 1095 3922 abstersa,
1152 3858 1211 3908 et
1267 3847 1622 3921 opprobrium
1673 3844 1945 3900 universa:
1990 3851 2183 3907 terrae,

587 3955 788 4014 Citriin
820 3950 1053 4022 imperio
1079 3945 1427 4011 succedente,
1461 3940 1700 3996 deletum
1724 3947 1830 3993 est.

664 4045 914 4123 (Vers.9
955 4039 1152 4114 seqq.)
1193 4037 1264 4093 Et
1282 4035 1454 4091 dicent
1484 4035 1539 4088 in
1566 4032 1668 4096 die
1710 4027 1997 4085 illa:Ecee
2045 4026 2186 4081 Deus

590 4154 764 4202 noster
806 4144 922 4206 iste,
971 4135 1379 4206 exspectavimus
1409 4145 1549 4195 eum,
1578 4137 1628 4182 ct
1664 4124 1883 4182 satoabit
1929 4136 2022 4178 nos
2049 4137 2067 4177 :
2092 4124 2189 4176 iste

593 4235 869 4296 Dominus,
893 4231 1229 4285 sustinuimus
1252 4240 1389 4289 eum,
1417 4219 1785 4278 exsultabimus
1811 4224 1857 4271 et
1897 4215 2188 4271 [tutabimur

586 4329 644 4386 in
671 4326 890 4382 salutari
906 4327 1039 4398 ejus.
1068 4322 1202 4390 Quia
1217 4320 1493 4389 requiescet
1511 4328 1696 4368 manus
1714 4310 1924 4365 Domini
1942 4310 1996 4362 in
2015 4316 2189 4362 monte

586 4426 722 4491 isto;
751 4431 801 4478 et
827 4418 1154 4475 triturabitur
1194 4411 1349 4468 Moab
1375 4410 1468 4466 sub
1498 4424 1557 4463 eo
1597 4408 1727 4461 sicut
1763 4400 2189 4483 terunturpalcte

585 4519 643 4574 in
670 4517 920 4589 plaustro.
956 4511 1019 4566 Et
1049 4508 1283 4567 extendet
1314 4519 1501 4560 manus
1526 4517 1646 4558 suas
1688 4500 1780 4556 sub
1808 4515 1887 4567 eo,
1932 4499 2061 4552 sicut
2086 4509 2176 4550 ea:-

2288 3279 2358 3337 lia
2394 3298 2407 3335 :
2436 3290 2599 3354 atque
2626 3296 2693 3337 ex
2741 3295 2850 3337 uno
2882 3279 3027 3337 idolo
3051 3289 3106 3337 et
3134 3279 3406 3346 daemone,
3439 3280 3532 3350 qui
3580 3278 3706 3335 huic
3736 3276 3866 3335 idolo

2287 3375 2644 3449 praesidebat,
2696 3390 2888 3432 omnes
2938 3373 3142 3432 indicat
3196 3375 3501 3432 contrarias
3544 3372 3867 3430 fortitudines

2289 3467 2658 3525 humiliandas
2695 3477 2751 3525 et
2779 3467 3131 3525 deducendas
3180 3467 3234 3523 in
3283 3474 3575 3534 tartarum,
3623 3472 3678 3523 et
3714 3463 3869 3522 instar

2290 3562 2530 3634 pulveris
2559 3561 2943 3617 conterendas.
2980 3560 3038 3618 Si
3066 3569 3247 3617 autem
3280 3559 3386 3617 hoc
3418 3561 3490 3616 ita
3520 3564 3651 3631 erit,
3681 3558 3770 3615 ubi
3794 3565 3868 3612 est

2290 3656 2495 3714 diaboli
2525 3657 2889 3730 paenitentia?

2362 3751 2533 3823 (Cap.
2578 3746 3011 3810 χχιι-γεω.
3056 3751 3149 3825 ι.)
3186 3752 3256 3807 ιη
3308 3751 3398 3807 die
3443 3752 3540 3807 illa
3602 3747 3871 3806 cantabitur

2289 3842 2549 3898 canticum
2566 3841 2708 3898 istud
2727 3844 2783 3898 in
2811 3854 2949 3899 terra
2970 3844 3113 3899 Iuda
3132 3859 3151 3899 :
3173 3841 3308 3900 Urbs
3327 3842 3656 3915 fortitudinis
3675 3851 3868 3907 nostra,

2292 3937 2536 3994 Salvator
2562 3951 2779 4011 ponetur
2796 3938 2852 3995 in
2878 3955 2939 3994 ea
2965 3955 3147 3994 murus
3174 3948 3223 3994 et
3249 3939 3591 3994 antemarale.
3619 3930 3787 3993 LXX:
3809 3931 3872 3989 In

2290 4030 2377 4087 die
2412 4031 2508 4088 ilia
2538 4031 2820 4088 cantabunt
2863 4032 3122 4087 canticum
3163 4028 3306 4086 istud
3352 4046 3511 4105 super
3551 4041 3737 4087 terram
3777 4022 3871 4080 Ja-

2290 4127 2456 4184 dazam
2485 4143 2503 4183 :
2528 4125 2661 4183 Ecce
2704 4127 2885 4183 civitas
2928 4129 3102 4202 fortis,
3135 4136 3183 4183 et
3211 4127 3446 4182 salutare
3468 4133 3703 4181 nostram
3730 4125 3873 4193 ponet

2291 4236 2494 4276 murum
2514 4231 2561 4277 et
2581 4221 2999 4276 circammaraie.
3021 4217 3159 4277 Cum
3183 4218 3500 4276 humiliatus
3522 4218 3681 4275 fuerit
3704 4211 3869 4277 Moab.

2290 4326 2345 4371 et
2373 4312 2650 4371 detractus
2677 4313 2746 4369 ad
2777 4323 2978 4370 terram
3006 4312 3265 4386 usquead
3298 4310 3606 4383 pulverem,
3625 4318 3678 4367 et
3692 4318 3873 4365 omnes
3962 4370 3972 4377 ρ

2290 4408 2496 4465 inimici
2545 4407 2806 4497 substrati
2855 4406 3059 4463 Christi
3107 4406 3360 4478 pedibus,
3406 4419 3536 4463 tunc
3578 4401 3876 4462 cantabitur

2291 4502 2563 4558 canticum
2594 4496 2737 4555 istud
2768 4497 2822 4555 in
2850 4506 2998 4556 terra
3021 4496 3158 4557 iuda
3181 4500 3297 4556 sive
3315 4498 3525 4568 intima,
3550 4497 3690 4569 quod
3714 4497 3875 4553 inter-

584 4578 750 4668 tendit
776 4617 963 4664 natans
988 4604 1056 4659 ad
1089 4599 1395 4671 natandum,
1417 4607 1465 4653 et
1491 4592 1850 4650 bumitiabitur
1878 4588 2047 4664 gloria
2069 4590 2184 4661 ejus
2210 4578 2260 4642 D
2288 4599 2832 4664 pretaturutrumqne
2852 4593 3106 4664 confessio
3122 4599 3207 4647 :ut
3224 4590 3497 4661 quomodo
3515 4589 3646 4648 Sion
3667 4599 3715 4647 et
3726 4586 3872 4644 ieru-

590 4722 709 4761 cum
734 4703 974 4758 altisione
1002 4710 1247 4753 manuum
1281 4694 1414 4763 ejus.
1439 4689 1508 4745 Et
1538 4688 1857 4743 munimenta
1886 4683 2187 4739 sublimium

589 4813 860 4853 murorum
902 4805 1111 4847 tuorum
1159 4785 1452 4850 concident,
1476 4791 1528 4840 et
1568 4778 1980 4835 huntitiabuutur
2014 4784 2064 4829 et
2098 4773 2187 4829 dc-

590 4894 857 4947 traltcntur
870 4891 925 4943 in
947 4898 1135 4942 terram
1151 4897 1313 4954 usque
1332 4880 1400 4934 ad
1413 4877 1691 4950 pulverem.
1711 4872 1982 4942 Absorpta
2007 4877 2187 4925 morte

588 4988 643 5042 in
668 4993 1010 5054 perpetuum,
1044 4979 1275 5050 populus
1298 4975 1391 5031 Del
1410 4975 1501 5045 qui
1525 4971 1595 5027 de
1616 4984 1778 5025 manu
1812 4964 2006 5022 mortis
2027 4963 2190 5020 fuerit

585 5078 878 5141 libet-atus,
909 5075 1059 5128 dicet
1086 5072 1151 5125 ad
1182 5071 1471 5125 Dominum
1496 5084 1510 5120 :
1537 5062 1673 5119 Ecce
1700 5061 1840 5122 Deus
1866 5068 2038 5115 noster
2063 5058 2182 5122 iste,

587 5185 752 5244 quem
788 5164 1055 5222 increduli
1098 5162 1380 5216 hominem
1418 5166 1632 5214 tantum
1663 5156 1959 5226 putabant;
1993 5159 2049 5207 et
2087 5164 2187 5206 es-

584 5242 962 5337 spectavimus
987 5270 1136 5322 eum,
1162 5253 1267 5308 hoc
1306 5260 1413 5317 est,
1455 5249 1637 5305 verbis
1669 5249 1790 5319 ejus
1829 5242 2186 5312 credidimus,

588 5335 714 5430 quia
745 5369 841 5410 sua
876 5351 1141 5424 promisaa
1188 5341 1503 5416 complebit,
1531 5350 1588 5398 et
1617 5340 1845 5395 salvabit
1887 5350 2009 5394 nos.
2048 5335 2186 5392 Pro-

582 5463 770 5525 pterea
794 5448 913 5520 ejus
938 5444 1143 5501 auxilio
1165 5441 1233 5499 de
1255 5438 1501 5497 faucibus
1522 5435 1718 5492 mortis
1733 5433 1931 5505 erepti,
1947 5429 2189 5489 exsulta-

2288 4686 2456 4740 saiem
2491 4682 2681 4739 urbem
2698 4681 2979 4739 cmlestem
3015 4681 3411 4750 intelleximus,
3436 4681 3513 4738 ita
3530 4690 3584 4738 et
3609 4679 3875 4753 regionem

2291 4775 2449 4847 hujus
2480 4776 2632 4833 urbis
2674 4784 2699 4814 τι
2725 4774 3126 4833 confessionem
3170 4776 3454 4833 cmlestem
3496 4776 3876 4846 intelligamus.

2288 4869 2534 4941 Denique
2554 4870 2726 4926 sancti
2753 4870 2807 4925 in
2837 4880 2978 4926 terra
3000 4868 3176 4925 aliena
3198 4883 3421 4926 carmen
3443 4866 3647 4927 Iudaee
3665 4871 3881 4926 cantare

2290 4964 2564 5032 nolentes,
2597 4963 2815 5019 dicunt:
2840 4962 3115 5031 Quomodo
3140 4964 3471 5019 cantabimus
3497 4962 3750 5018 canticum
3772 4951 3883 5013 Do-

2290 5057 2431 5112 mino
2458 5058 2515 5112 in
2540 5066 2679 5113 terra
2704 5056 2879 5114 aliena
2908 5055 3039 5132 (Ps.
3067 5069 3278 5114 cxsxvr
3302 5099 3318 5121 ,
3345 5053 3380 5111 ι
3399 5054 3455 5124 )1
3482 5052 3597 5129 Ego
3624 5062 3748 5129 puto
3772 5048 3881 5106 hoc

2290 5163 2413 5207 esse
2440 5150 2736 5217 canticum,
2769 5147 2838 5205 de
2864 5162 2972 5220 quo
3008 5160 3062 5204 et
3090 5149 3143 5205 in
3166 5148 3274 5205 alio
3303 5150 3428 5206 loco
3456 5151 3663 5205 sanctis
3694 5141 3883 5219 praci-

2294 5241 2437 5315 pitur
2462 5261 2475 5297 :
2499 5241 2716 5300 Caritate
2737 5239 2965 5299 Domino
2990 5241 3252 5298 canticum
3274 5252 3469 5298 nouunt
3500 5241 3631 5314 (Ps.
3654 5252 3768 5304 XCV,
3794 5230 3876 5306 ί)-

2291 5336 2414 5393 Erit
2441 5344 2621 5393 autem
2646 5337 2917 5393 canticum
2948 5335 3051 5392 hoc
3080 5334 3229 5408 quod
3257 5332 3552 5407 sequitur:
3579 5330 3709 5392 Urbs
3728 5325 3883 5403 {orti—

2291 5432 2489 5487 tudinis
2510 5438 2701 5486 nostris
2721 5428 2968 5487 Salvator
2990 5426 3012 5502 (
3029 5424 3222 5485 Matth.
3240 5426 3328 5502 ν).
3351 5427 3484 5498 Quae
3500 5434 3583 5485 est
3601 5428 3697 5484 ista
3711 5415 3879 5481 urbs?

658 5622 683 5649 ⁸
714 5610 865 5667 Urbis
887 5604 1283 5676 confessionem,
1316 5611 1421 5676 etc.
1459 5598 1587 5676 Haec
1614 5595 1780 5652 verba
1805 5592 2186 5676 confessionem
2215 5586 2465 5676 cmiestem
2495 5589 2745 5660 leguntur
2775 5585 3218 5676 iti.inss.‘,cod'ice
3243 5584 3432 5676 Silvas.
3458 5584 3674 5656 majoris
3701 5597 3715 5635 :
3748 5588 3877 5676 ςιυὲ

590 5647 1779 5737 tanta?33261133316sustinetis
1804 5647 1857 5720 in
1884 5647 2072 5719 multis
2092 5660 2500 5737 exemplaribus,
2522 5647 2907 5737 manuscriptis
2930 5656 3348 5737 antiquissimis.
3381 5647 3878 5737 biturum:

1018 5717 1692 5813 i351};
1711 5717 1857 5809 “quis
1881 5717 1961 5792 es
1979 5717 2281 5792 unosilvté
2311 5733 2536 5802 majoris
2579 5746 2683 5788 ms.
2730 5717 2981 5787 Ila'rtian.
3021 5717 3338 5798 adﬁceret,
3364 5727 3477 5786 duo
3507 5725 3668 5784 nostri
3695 5717 3875 5776 Vstie.

587 5830 640 5878 et
667 5819 898 5876 Palatio.
925 5815 1275 5873 continuant.
