4010 6332
218 287 318 351 ιοδ

718 257 1361 343 ιιοιιιιειιτιιιιοιιιιιι
1399 276 1466 338 ut
1502 276 1736 340 testam

1860 277 2205 343 manu
2238 262 2370 339 LlB.
2417 280 2552 342 vm.
2593 280 2747 342 cur.
2789 268 2981 345 xim.

3361 280 3468 346 IN

219 395 345 465 Qua:
368 394 422 452 in
455 402 630 453 monte
667 394 762 451 sita
792 394 959 451 latere
999 406 1106 447 non
1139 398 1339 461 potest.
1383 389 1459 447 De
1493 403 1600 463 qua
1627 398 1682 444 et
1710 387 1765 444 in
1793 391 1844 453 Α
1871 391 2061 459 stitim,
2097 393 2280 449 omnis
2302 406 2470 463 opera
2499 395 2779 463 virtutum,
2801 411 2939 468 quas
2964 398 3058 469 qui
3078 397 3242 454 inerit
3263 398 3470 471 ingrcs-

219 487 324 542 aliu
354 488 471 543 loco
512 491 755 560 scriptum
801 480 1211 541 est:Flunsinis
1256 483 1489 556 impetus
1533 481 1767 552 lmtiﬁcat

222 580 472 636 civitatem
512 579 605 637 Dei
638 578 810 651 (Psal.
856 593 979 644 ην,
1002 575 1105 647 4);
1146 590 1203 634 et
1241 590 1457 634 rursum
1487 594 1500 632 ι
1527 575 1769 633 Gloriosa

219 674 356 731 dicta
379 675 567 731 suntde
587 684 648 738 te.
677 674 856 730 civitas
885 670 986 727 Dei
1010 670 1198 744 (Psul.
1219 688 1441 738 Lxxxvt,
1468 671 1558 743 '2).
1597 672 1766 741 liuius

217 770 353 825 urbis
379 768 463 824 ille
494 767 735 825 conditor
766 776 877 834 est,
905 766 975 823 de
1001 782 1112 837 quo
1150 766 1391 836 loquitur
1436 775 1629 835 pater:
1661 767 1765 820 iste

209 854 477 917 atlilicarit
512 861 780 918 civitatem
818 877 993 917 meum
1024 876 1039 914 :
1069 859 1237 916 immo
1266 860 1399 916 urbs
1428 859 1765 915 fortitudinis

203 963 394 1010 nostra:
413 955 648 1012 Salvator
673 963 778 1018 est,
816 954 868 1009 id
897 963 1005 1020 est,
1034 952 1218 1010 Jesus.
1250 953 1319 1009 Et
1351 962 1586 1025 ponetur
1613 954 1665 1009 in
1696 968 1765 1010 ea

200 1059 380 1102 murus
420 1054 473 1103 et
506 1047 858 1102 sntemurale.
892 1045 1083 1101 Murus
1112 1045 1377 1101 bonorum
1425 1060 1677 1117 operum,
1709 1055 1764 1102 et

197 1141 516 1197 antemursle
562 1153 724 1197 rectae
753 1140 902 1204 ﬁdei,
941 1152 997 1196 ut
1039 1139 1243 1209 duplici
1291 1146 1444 1213 septa
1479 1141 1548 1194 sit
1580 1139 1759 1195 muni-

193 1240 384 1287 mento.
408 1231 516 1286 Non
540 1234 685 1288 enim
723 1232 928 1288 sul‘licit
957 1248 1171 1288 murum
1218 1232 1423 1289 habere
1459 1231 1610 1296 lidei,
1655 1229 1763 1285 nisi

188 1322 295 1395 ipsa
324 1322 454 1379 lides
477 1323 634 1380 bonis
663 1325 924 1396 operibus
948 1326 1328 1382 conlirmetur.
1362 1324 1458 1380 llic
1488 1338 1682 1379 murus
1708 1331 1765 1378 et

186 1415 277 1471 hoc
303 1418 639 1475 antemurale
668 1418 783 1474 sive
810 1418 1260 1485 circunimurale,
1289 1418 1360 1475 de
1386 1417 1526 1472 vivis
1568 1416 1763 1487 lapidi-

184 1508 273 1564 bus
295 1512 604 1575 exstruitur,
645 1510 734 1579 qui
752 1512 904 1579 juxta
925 1508 1252 1581 prophetam
1276 1512 1572 1564 volvuntur
1596 1521 1763 1577 super

181 1608 383 1656 terram.
426 1600 527 1657 Pro
555 1599 734 1675 ω
762 1618 830 1658 eu
875 1601 1023 1671 quod
1058 1616 1159 1657 nos
1199 1603 1486 1670 vertimus,
1517 1609 1759 1655 antemu-

179 1692 305 1761 rale,
345 1693 709 1765 Symmachus
751 1694 1139 1765 ﬁrmamentum
1186 1694 1576 1765 interpretatus
1622 1702 1752 1748 est:

1871 501 1985 552 sus,
2008 500 2171 541 uuam
2195 485 2434 542 inveniet
2451 495 2685 557 portam.
2706 489 2771 544 de
2784 505 2885 560 qua
2911 488 3108 544 dicitur
3134 508 3144 541 :
3171 490 3298 544 Haec
3315 501 3467 563 porta

1869 575 2106 644 Domini,
2125 580 2263 652 justi
2292 578 2623 635 intrabantin
2640 598 2751 635 eam
2777 582 2895 652 (Ps.
2914 598 3087 648 cxvii,
3105 584 3169 639 l9
3187 584 3225 652 ).
3248 584 3308 637 Et
3333 600 3468 652 quo-

1868 670 2032 727 modo
2060 686 2157 742 per
2200 673 2384 742 plures
2412 673 2738 744 margaritas
2768 673 2837 729 ad
2865 687 3030 729 unum
3060 674 3302 744 pet-gitur
3327 688 3468 729 mar-

1866 764 2101 833 garitum
2129 782 2142 821 ;
2164 764 2245 819 sic
2273 765 2586 833 permultas
2608 766 2725 821 viss
2748 775 2805 822 et
2828 775 3011 832 portas
3041 765 3382 835 pervenimus
3401 767 3467 823 ad

1867 870 1990 912 eum
2032 857 2125 927 qui
2160 855 2294 912 dicit
2321 871 2446 913 esse
2473 872 2534 913 se
2563 858 2705 913 viam
2728 868 2783 913 et
2813 870 3048 928 poi-tuin,
3076 874 3171 927 per
3193 873 3355 929 quam
3384 858 3467 913 in-

1865 946 2144 1017 gredimur
2172 946 2240 1002 ad
2264 947 2505 1005 Putrem.
2539 949 2669 1004 Post
2706 962 3016 1006 sermonem
3037 950 3149 1014 Dei,
3188 949 3472 1019 respondit

1867 1039 2098 1110 populus
2128 1038 2293 1113 355
2338 1040 2602 1097 Hebraice
2647 1058 2808 1099 ssssa
2858 1056 3069 1100 ssuucn
3110 1040 3463 1124 (πω-κεν),

1866 1130 2012 1204 quod
2041 1132 2240 1203 Aquila
2279 1141 2335 1189 ct
2366 1131 2730 1205 Symmachus
2755 1135 3016 1191 similiter
3051 1136 3467 1202 transtulerunt,

1864 1225 2086 1296 πλᾶσμα
2114 1232 2141 1262 ⁸
2176 1226 2560 1302 ἐπηρτημένον,
2620 1226 2727 1283 hoc
2769 1237 2874 1293 est,
2914 1244 3060 1283 error
3101 1238 3289 1283 noster
3323 1226 3469 1281 abla-

1866 1323 1945 1370 tus
1961 1325 2058 1383 est,
2078 1317 2192 1372 sive
2205 1320 2663 1388 Cogitatiunostra
2676 1320 2887 1376 litniata
2911 1332 2988 1375 est
3000 1361 3015 1386 ,
3030 1322 3307 1392 quarprius
3327 1319 3471 1376 inter

1868 1416 1921 1463 te
1937 1418 1991 1463 et
2031 1408 2175 1463 idola
2203 1410 2519 1474 lluctuabat,
2552 1424 2608 1467 ut
2639 1427 2979 1485 nequaquam
3011 1413 3463 1470 circumfernmur

1865 1499 2016 1556 omni
2034 1511 2198 1558 vento
2216 1502 2504 1570 doctrinm,
2525 1505 2620 1560 sed
2649 1506 2702 1560 in
2728 1516 2777 1561 te
2806 1505 3090 1562 Dominum
3120 1506 3462 1585 Salvatoreiu

1866 1599 1976 1647 tota
2007 1603 2188 1650 mente
2218 1595 2528 1653 credamus.
2562 1596 2666 1654 Pro
2703 1613 2811 1669 quo
2839 1613 2938 1655 nos
2983 1607 3042 1653 ut
3066 1614 3261 1656 sensus
3296 1601 3469 1656 inani-

1865 1683 2057 1742 ieStior
2084 1686 2261 1751 ﬁeret,
2293 1689 2697 1758 transtulimus,
2728 1700 2869 1746 vetus
2902 1707 3045 1746 error
3068 1691 3217 1746 abiit.
3247 1693 3313 1747 Et
3338 1695 3466 1761 quia

180 1794 229 1840 ut
255 1786 343 1856 ipsi
371 1786 505 1842 muri
534 1787 940 1843 munitionibus
970 1787 1135 1843 cincti
1161 1788 1293 1851 sint,
1324 1797 1381 1842 et
1403 1786 1551 1843 vallo
1579 1785 1757 1842 [ossa-
1789 1782 1837 1845 B
1865 1778 2126 1851 cogitatio
2145 1790 2331 1837 nostra
2355 1782 2569 1838 tinnula
2600 1793 2706 1851 εει,
2733 1794 3020 1853 propterea
3043 1783 3285 1838 servabis
3310 1784 3467 1840 nobis

176 1892 269 1949 que
308 1886 359 1933 et
383 1878 500 1936 aliis
530 1882 733 1948 muris,
785 1895 923 1952 quos
972 1880 1025 1935 in
1058 1880 1424 1937 aediﬁcatione
1452 1891 1757 1936 castrorum

175 1971 336 2026 solent
361 1971 609 2029 loriculas
637 1973 847 2031 dicere.

232 2063 329 2138 (⁷4
343 2082 412 2121 rs.
434 2066 576 2139 2-4.)
610 2065 830 2139 Aperite
871 2077 1074 2139 portas,
1108 2078 1153 2122 et
1175 2069 1504 2139 ingrediatur
1531 2069 1761 2140 gensju-

171 2163 256 2223 sta,
285 2160 574 2214 custodiens
628 2159 917 2215 ueritatem.
958 2159 1118 2215 Vetus
1154 2175 1298 2215 error
1325 2160 1481 2224 abiit,
1531 2159 1759 2213 seruabis

172 2264 331 2316 pacem
356 2266 373 2304 :
398 2266 608 2323 paceni,
659 2252 787 2322 quia
814 2252 871 2307 in
912 2262 961 2307 te
1003 2253 1343 2323 speravimus.
1393 2252 1660 2324 Sperustis
1704 2252 1758 2306 in

169 2338 375 2398 Domino
404 2345 456 2400 in
479 2346 699 2401 swculis
723 2347 952 2403 (sternis.
982 2346 1128 2402 LXX
1154 2363 1169 2405 :
1199 2348 1409 2419 Aperite
1436 2358 1638 2418 portus,
1669 2348 1754 2403 in-

168 2434 415 2505 grediatur
462 2436 698 2509 populus
728 2438 1028 2495 custodiens
1045 2439 1337 2513 justitiam,
1377 2450 1427 2495 et
1462 2439 1757 2495 custodiens

167 2528 435 2597 veritatem,
477 2529 881 2603 apprehendens
924 2534 1208 2602 veritatem,
1250 2544 1299 2587 et
1328 2534 1624 2590 custodiens
1661 2550 1758 2606 pu-

167 2633 298 2675 tem:
325 2639 536 2693 pacem,
556 2624 810 2695 quoniam
842 2624 894 2678 in
923 2632 972 2680 te
1005 2634 1365 2694 speraret-unt,
1398 2624 1643 2692 Domine,
1667 2643 1757 2681 us-

163 2724 248 2780 que
290 2713 343 2768 in
383 2716 786 2787 sempiternum.
828 2714 1005 2773 Omne
1035 2715 1140 2773 hoc
1188 2717 1464 2772 canticum
1504 2719 1652 2788 quod
1702 2718 1756 2774 in

163 2809 289 2857 terra
332 2805 711 2862 confessionis
758 2817 815 2864 et
859 2808 1036 2864 laudis
1078 2807 1257 2864 sancti
1306 2810 1577 2864 cantatnri
1607 2818 1754 2878 sunt,

158 2903 320 2952 mutat
353 2907 589 2967 repente
628 2913 914 2965 personas,
947 2911 1005 2955 et
1031 2901 1186 2969 quasi
1233 2915 1332 2970 per
1372 2901 1757 2971 interregatiu-

152 3001 263 3053 nem
294 2997 353 3045 et
386 2990 815 3060 responsionem
848 2990 1066 3047 texitur.
1097 2992 1321 3049 Dixerat
1347 2992 1587 3064 populus
1615 2994 1706 3049 Dei
1740 3012 1755 3049 :

151 3081 259 3136 urbs
287 3083 631 3154 fortitudinis
660 3094 854 3143 nostra:
872 3086 1140 3154 Salvator,
1166 3096 1392 3160 ponetur
1420 3089 1476 3144 in
1499 3105 1560 3144 ea
1577 3104 1759 3144 murus

1865 1888 2075 1945 pacem,
2121 1890 2282 1945 quam
2310 1876 2590 1945 Apostolis
2634 1876 2910 1947 pollicitus
2949 1891 3030 1941 es,
3081 1875 3319 1931 dicens:
3357 1873 3468 1928 Pu-

1862 1981 1973 2024 cem
2023 1984 2189 2024 meant
2242 1969 2310 2024 do
2352 1970 2514 2034 vobis,
2568 1986 2746 2041 pacem
2800 1986 2967 2024 meum
3029 1970 3269 2040 relinquo
3324 1968 3465 2024 vobis

1861 2059 2054 2131 (Joan.
2090 2077 2206 2130 xtv,
2229 2060 2369 2133 27);
2397 2072 2453 2118 et
2478 2079 2588 2119 non
2621 2063 2805 2120 solum
2836 2063 3029 2130 semel,
3070 2062 3165 2119 sed
3194 2063 3462 2129 sectmdu,

1862 2164 1919 2210 ut
1944 2170 2137 2213 secura
2161 2156 2232 2212 sit
2259 2156 2548 2214 retributio
2566 2174 2689 2228 qua:
2711 2157 2920 2228 duplici
2952 2173 3209 2214 sermone
3237 2158 3465 2229 promit-

1862 2249 2014 2317 titur,
2045 2252 2196 2320 juxta
2224 2250 2369 2321 quod
2395 2262 2452 2308 et
2481 2254 2782 2322 Apostolus
2813 2252 3138 2323 loquebatur
3163 2271 3175 2305 :
3207 2252 3461 2321 Gaudete,

1859 2340 2054 2397 iterum
2079 2343 2197 2396 dico
2220 2343 2443 2412 gaudete
2470 2343 2489 2413 (
2512 2342 2750 2415 Philipp.
2780 2359 2856 2411 ιν,
2886 2342 2975 2415 4).
3009 2345 3121 2401 lloc
3152 2356 3335 2400 autem
3369 2347 3463 2401 ille

1859 2434 2235 2505 consequitur,
2256 2434 2325 2491 de
2345 2450 2452 2512 quo
2472 2437 2524 2491 in
2550 2435 2791 2491 Levitico
2810 2436 3009 2491 dicitur
3031 2454 3043 2489 :
3067 2435 3262 2503 Homo,
3288 2436 3464 2513 Itonia,
3484 2446 3512 2472 ο

1855 2526 2090 2598 ﬁliorum
2129 2524 2301 2581 Israel
2330 2523 2529 2596 (Leuit.
2570 2522 2739 2597 xvn).
2778 2525 2847 2582 Et
2895 2527 2946 2581 in
2990 2526 3355 2581 Numerorum
3403 2527 3467 2582 li-

1859 2620 2004 2675 bro:
2052 2619 2169 2691 Vir,
2210 2619 2308 2685 uir,
2359 2623 2511 2694 cujus
2549 2635 2685 2676 uxor
2725 2620 2891 2675 cubile
2934 2620 3218 2675 macularit
3257 2619 3460 2693 (Num.

1859 2731 1913 2780 ν.
1947 2715 2080 2787 l2):
2111 2727 2165 2773 ut
2192 2717 2396 2789 duplex
2428 2715 2594 2772 homo
2623 2726 2681 2777 et
2708 2716 2908 2788 duplex
2940 2717 3044 2781 vir,
3079 2731 3270 2787 pacem
3294 2716 3469 2787 dupli-

1858 2823 1979 2867 cem
2004 2820 2437 2882 consequantur.
2485 2809 2765 2869 Ilcremur
2793 2820 2998 2879 autem,
3043 2811 3318 2881 inquiunt,
3363 2825 3463 2881 pa-

1859 2917 2000 2968 cem,
2027 2903 2153 2974 quia
2186 2903 2239 2961 in
2271 2914 2325 2959 te
2367 2911 2479 2960 tota
2513 2915 2695 2962 mente
2737 2904 3087 2961 conﬁdimus.
3117 2903 3251 2960 Post
3280 2905 3464 2975 populi

1861 2995 2027 3053 verba
2065 3003 2125 3053 et
2163 2996 2582 3067 responsionem
2631 2997 2869 3063 Domini,
2922 3008 2977 3064 et
3009 3013 3225 3053 rursum
3273 3012 3460 3053 vocem

1861 3088 2051 3158 populi
2105 3088 2379 3159 Propheta
2407 3088 2648 3158 loquitur
2686 3090 2753 3143 ad
2786 3089 3077 3147 credentes
3114 3108 3128 3146 :
3170 3091 3461 3162 Sperastis,

146 3182 189 3225 et
214 3174 576 3230 antemurale.
619 3176 926 3246 Respondit
974 3178 1262 3243 Dominus,
1297 3180 1462 3236 immo
1493 3179 1760 3251 praecepit
1786 3166 1833 3231 C
1865 3181 1951 3237 vel
1977 3189 2185 3251 sperate
2208 3181 2262 3235 in
2292 3179 2543 3247 Domino,
2573 3182 2624 3237 in
2657 3182 2863 3237 steculis
2891 3184 3239 3253 sempiternis,
3269 3195 3324 3241 et
3352 3201 3463 3241 ta:-

142 3278 243 3320 non
274 3265 361 3321 eis
387 3264 482 3333 qui
520 3263 624 3321 hoc
653 3254 926 3333 dixerant,
953 3270 1051 3325 sed
1083 3270 1311 3339 Angelis
1335 3273 1427 3342 qui
1459 3274 1635 3343 portis
1670 3287 1761 3328 ur-

134 3355 216 3412 bis
241 3356 566 3412 Duminicac
598 3359 985 3429 przesidebant,
1010 3369 1070 3417 ut
1090 3362 1338 3432 aperiant
1365 3374 1573 3435 portas,
1604 3374 1660 3421 et
1678 3365 1763 3421 iu-

128 3451 418 3520 grediutur
444 3463 560 3518 per
588 3465 683 3507 eas
710 3467 844 3523 gens
875 3453 1047 3525 justa,
1075 3455 1396 3513 custodiens
1443 3459 1754 3525 veritatem,

132 3543 239 3599 sive
282 3552 342 3598 ut
389 3542 446 3598 in
479 3540 769 3600 lfebrnico
799 3545 1006 3603 dicitur
1047 3562 1298 3605 eludunt
1325 3548 1447 3622 [ΑΙ.
1480 3550 1755 3625 ειιιιοιιιιι]

145 3630 434 3711 (nime).
469 3638 624 3708 quod
650 3649 835 3695 nostra
880 3640 1064 3712 lingua
1094 3643 1348 3709 vertitur,
1377 3645 1528 3713 ﬁdes,
1554 3646 1754 3716 plurali

148 3745 391 3795 numero.
427 3745 542 3785 non
575 3731 867 3803 singulari.
896 3732 1026 3801 Quae
1054 3744 1186 3791 sunt
1231 3746 1424 3806 portae,
1465 3750 1587 3808 quae
1622 3748 1754 3806 ape-

148 3822 355 3878 riuntur
377 3823 450 3879 ab
479 3820 743 3894 Angelis;
787 3836 846 3880 ut
875 3824 1213 3895 ingrediatur
1256 3843 1362 3883 non
1389 3828 1627 3900 populus
1654 3828 1753 3886 Ju-

149 3914 408 3984 dworum,
442 3917 538 3988 qui
577 3915 827 3988 abiectus
856 3927 958 3986 est,
994 3920 1090 3976 sed
1131 3936 1269 3991 gens
1306 3920 1481 3991 justa,
1530 3937 1652 3992 quin
1680 3937 1747 3980 ex

152 4006 248 4064 (ide
276 4009 524 4066 ﬁdelium
558 4024 758 4066 nomen
786 4012 1036 4082 accepit?
1085 4011 1287 4084 Utique
1317 4014 1423 4070 illa:
1452 4015 1524 4071 de
1552 4018 1750 4091 quibus

151 4110 357 4157 sanctus
396 4101 927 4173 loquiturzAperite
974 4104 1104 4159 milii
1149 4112 1332 4174 portas
1368 4107 1617 4175 justitiat,
1666 4108 1750 4162 in-

151 4207 342 4262 gressus
369 4195 425 4249 in
453 4209 548 4248 eas
575 4195 857 4264 confitebor
880 4195 1107 4251 Domino
1137 4198 1159 4269 (
1184 4195 1275 4253 Ps.
1295 4211 1463 4264 cuit,
1493 4199 1614 4270 l9).
1643 4200 1749 4256 llas

153 4295 322 4342 autem
351 4297 547 4358 portas
578 4287 760 4344 nullus
793 4290 997 4359 poterit
1027 4290 1261 4360 ingredi,
1294 4290 1398 4345 nisi
1416 4290 1509 4358 qui
1534 4290 1604 4346 de
1628 4306 1750 4360 por-

155 4377 216 4433 tis
240 4382 433 4438 mortis
458 4380 628 4437 fuerit
657 4380 952 4450 liberatus;
976 4392 1169 4439 etcum
1201 4380 1496 4438 Psalmista
1515 4382 1746 4439 dixerit:

1864 3282 1981 3330 tera
2010 3286 2134 3342 quin
2159 3281 2481 3341 sequuntur.
2503 3270 2662 3328 Juxta
2692 3270 2858 3338 LXX,
2894 3272 2985 3328 ille
3011 3274 3319 3343 ingreditur
3341 3291 3468 3345 por-

1863 3378 1947 3424 tas
1973 3369 2212 3435 Domini,
2243 3368 2336 3440 qui
2364 3366 2603 3423 custodit
2621 3367 2888 3437 justitiam
2910 3366 2965 3423 in
2987 3369 3147 3424 bonis
3176 3369 3460 3438 operibus,

1859 3472 1915 3518 et
1946 3470 2129 3517 servat
2153 3462 2271 3517 sive
2300 3459 2648 3530 amplectitur
2670 3461 2958 3517 veritatem
2985 3454 3040 3515 in
3068 3459 3193 3516 ﬁdei
3214 3461 3464 3529 veritate,

1861 3564 1920 3609 ut
1948 3569 2045 3625 per
2066 3554 2206 3611 bona
2229 3568 2396 3625 opera
2427 3562 2482 3608 et
2503 3553 2664 3609 ﬁdem
2689 3553 2975 3623 perveniat
3004 3551 3073 3608 ad
3105 3566 3319 3623 pacem,
3343 3566 3465 3620 quae

1855 3660 2076 3702 omnem
2096 3660 2316 3702 sensum
2348 3654 2667 3715 exsuperat,
2691 3651 2748 3700 et
2769 3645 2941 3715 ipsam
2974 3658 3162 3715 pacem
3190 3654 3467 3700 mereatur

1854 3740 2144 3811 accipere;
2172 3741 2300 3811 quia
2329 3737 2564 3794 credidit
2592 3738 2645 3793 in
2692 3739 2859 3794 Deum
2903 3739 2995 3807 qui
3026 3736 3253 3796 tuleritis
3293 3737 3465 3795 bono-

1853 3849 1976 3889 rum
2016 3846 2246 3902 opernm
2289 3830 2593 3888 retributor
2628 3841 2712 3887 est
2752 3829 3029 3905 (Philipp.
3060 3835 3170 3903 tv).
3214 3830 3368 3889 Unde
3405 3843 3464 3890 et

1855 3922 1911 3980 in
1952 3922 2060 3980 alio
2087 3923 2211 3981 loco
2238 3924 2500 3979 scribitur
2530 3938 2545 3977 :
2578 3920 2908 3979 Desiderasti
2938 3924 3278 3991 sapientium,
3310 3939 3459 3980 serva

1851 4018 2124 4085 mandata,
2152 4024 2203 4072 et
2232 4014 2487 4071 Dominus
2517 4017 2703 4071 tribuet
2735 4014 2827 4070 tibi
2858 4031 2972 4070 eain
3001 4015 3186 4088 (Eccl.
3215 4030 3254 4081 ι,
3288 4016 3359 4070 53
3372 4014 3412 4085 ).

1926 4112 2113 4185 (Vera.
2143 4113 2201 4179 5,
2235 4110 2314 4179 6.)
2346 4109 2411 4164 In
2453 4109 2676 4164 Domine
2705 4105 2817 4163 Deo
2857 4108 2983 4177 [orti
3018 4108 3072 4161 in
3112 4113 3416 4177 perpetuum
3444 4121 3463 4162 :

1860 4205 1982 4275 quia
1997 4204 2283 4259 incuruabit
2294 4203 2586 4257 habitantes
2601 4201 2657 4256 in
2669 4198 2870 4255 excelso
2890 4216 2908 4253 :
2924 4199 3178 4253 ciuitatem
3195 4195 3461 4255 sublimem

1854 4294 2489 4361 humiliabit,lrumiliabit
2527 4307 2643 4347 eam
2680 4307 2841 4360 usque
2880 4290 2949 4347 ad
2989 4288 3462 4349 terram:detraltet

1850 4402 1967 4441 eam
1978 4403 2139 4454 usque
2152 4388 2222 4440 ad
2234 4386 2516 4457 pulverem.
2532 4381 2869 4439 Conculcabit
2885 4401 2998 4439 eam
3021 4399 3132 4452 pes,
3157 4383 3310 4452 pedes
3331 4399 3465 4454 pau-

156 4470 249 4539 Qui
277 4475 483 4532 exultas
516 4492 599 4530 me
624 4474 690 4532 de
718 4478 883 4547 portis
913 4478 1121 4543 mortis,
1147 4485 1206 4533 ut
1249 4476 1555 4533 attnuntient
1579 4492 1751 4532 omnes
1778 4547 1795 4549 ᾼ
1855 4479 1993 4549 peris
2018 4493 2226 4548 gressus
2249 4493 2546 4549 egenorum.
2576 4476 2748 4531 LXX:
2778 4478 2915 4532 Deus
2936 4492 3122 4546 magna
3142 4486 3352 4542 «πει-ηε,
3376 4475 3466 4547 qui

156 4565 470 4625 laudationes
495 4577 616 4625 tuas
638 4569 691 4623 in
706 4570 875 4640 portis
900 4571 1025 4638 filia:
1051 4569 1225 4640 Sion(
1247 4568 1341 4626 Ps.
1367 4585 1444 4632 ix.
1469 4571 1530 4626 Ιὲι
1550 4571 1587 4640 ).
1613 4566 1747 4625 Cum
1775 4547 1827 4609 Ῑ)
1854 4547 2166 4634 lmmiliasti,
2187 4578 2238 4623 et
2256 4547 2290 4608 ι(
2317 4569 2587 4623 detraxisti
2608 4584 2691 4623 eos
2711 4569 2798 4638 qui
2818 4567 3047 4623 habitant
3068 4569 3121 4621 iu
3144 4568 3464 4635 excelsis,ci-

155 4660 286 4716 enim
307 4662 377 4718 de
406 4662 585 4733 portis
607 4664 801 4719 mortis
829 4664 1090 4721 [norimus
1118 4663 1312 4733 erepti,
1347 4673 1478 4719 tunc
1496 4662 1551 4718 in
1579 4662 1751 4734 portis

157 4749 268 4808 lilite
310 4753 445 4812 Sion
479 4770 675 4810 omnes
706 4754 1052 4811 laudationes
1084 4754 1300 4813 Domini
1328 4767 1551 4814 cantare
1594 4763 1752 4826 pote-

155 4841 334 4902 rimus.
368 4847 434 4905 Et
465 4846 745 4919 quomodo
763 4856 953 4919 portas
984 4848 1175 4903 mortis
1200 4864 1325 4904 reor
1348 4863 1473 4905 esse
1500 4859 1749 4920 peccata,

156 4933 217 4990 de
244 4938 441 5009 quibus
470 4938 544 4997 ad
566 4939 790 4997 Petrum
814 4939 1014 4997 dicitur
1036 4954 1055 4996 :
1080 4938 1259 4997 Porta:
1278 4939 1471 5011 inferni
1492 4957 1595 4997 non
1616 4957 1752 5013 prte-

157 5027 385 5087 ralebuut
412 5031 691 5087 adversum
713 5041 761 5088 te
790 5029 1018 5102 (Matth.
1046 5047 1164 5095 χιιι,
1194 5029 1323 5102 18);
1354 5031 1435 5089 sic
1450 5044 1639 5101 portas
1662 5032 1753 5104 ju-

223 5225 247 5252 ⁸
286 5219 506 5293 mag-pa
559 5218 944 5293 innpstaps'uou.
997 5213 1139 5270 Nihil
1190 5224 1451 5293 przetergt
1504 5214 1747 5271 retinent

158 5302 280 5359 mss.
310 5286 571 5351 codices;
603 5286 671 5342 dc
698 5286 800 5342 suo
840 5289 1022 5359 itaque
1050 5297 1347 5359 posuerunt
1398 5286 1659 5359 Erasmus
1689 5294 1745 5339 et

157 5355 423 5415 Marianas
465 5359 526 5415 τὸ
562 5369 615 5413 et
644 5357 897 5431 ἡμῶν.ᾄύ
936 5355 1019 5431 est
1039 5355 1065 5423 ξ
1097 5361 1158 5415 τὸ
1205 5359 1422 5431 πλᾶσμα
1451 5361 1590 5431 ἡμῶν
1621 5357 1747 5418 ἔπιθ’

158 5433 436 5505 ρεισρετοιτ
458 5431 652 5505 “Multa
679 5429 946 5505 'similiter
975 5429 1027 5484 in
1056 5432 1283 5505 vocibus
1321 5429 1748 5505 Hebraicis‘mu-

159 5499 345 5558 tata'et
369 5499 554 5572 addita
592 5503 836 5570 reperies
862 5516 1024 5571 supra
1056 5502 1121 5557 ad
1153 5512 1317 5572 caput
1344 5518 1498 5566 xxix,
1527 5502 1572 5556 si
1606 5500 1745 5572 hunc

159 5586 344 5626 noram
374 5570 676 5629 editionem
701 5570 940 5629 nostram
973 5588 1093 5629 cum
1119 5570 1396 5632 veteribus
1426 5570 1744 5628 contuleris.

157 5638 420 5699 mansa.
443 5672 514 5683 —
538 5640 874 5712 Epiphanius
896 5658 925 5697 ει
959 5642 1364 5700 MontrauCOnio
1389 5642 1642 5698 laudatus
1682 5640 1749 5696 ad

159 5714 401 5793 Aquilam
416 5712 993 5793 Ιεβίιεϋτηριγμέιξογριι
1013 5725 1097 5793 est
1112 5714 1448 5793 fultumﬁive
1465 5716 1750 5793 (innatum,

158 5782 293 5855 quod
316 5786 373 5842 in
396 5782 642 5845 subnexa
670 5782 1014 5857 expositione
1032 5782 1398 5861 Hieronymus
1418 5782 1539 5857 ipse
1556 5782 1761 5845 indicat

1856 4665 2035 4719 vitales
2069 4660 2310 4717 robustas
2332 4658 2585 4725 destrnes,
2605 4669 2657 4715 et
2679 4658 2899 4714 deduees
2921 4673 3084 4730 usque
3112 4661 3181 4714 ad
3200 4659 3467 4727 pauimen-

1814 4756 1817 4759 ’
1856 4766 1987 4819 tum,
2012 4752 2453 4810 stconculcabunt
2491 4769 2580 4808 eos
2614 4752 2768 4825 pedes
2789 4749 2956 4824 θη
2994 4760 3378 4807 mansuetorttnt
3418 4757 3468 4809 et

1857 4850 2154 4906 humilium.
2186 4848 2253 4906 Et
2293 4848 2411 4905 haec
2441 4846 2713 4918 Propheta
2759 4846 3018 4916 loquitur,
3044 4845 3137 4915 qui
3177 4844 3247 4901 ab
3286 4860 3352 4899 eu
3380 4859 3469 4903 re-

1855 4941 2076 5014 spondit
2097 4941 2222 4998 loco
2244 4942 2297 4997 in
2323 4955 2433 5013 quo
2454 4955 2618 5011 supra
2642 4939 2861 4995 dixerat
2885 4955 2899 4992 :
2924 4938 3149 5010 Sperate
3165 4937 3219 4997 in
3244 4936 3465 4995 Domino

1852 5034 1907 5090 in
1939 5031 2141 5092 seculis
2167 5034 2496 5101 cisternina
2530 5032 2713 5105 jungit
2743 5032 2792 5090 ei
2820 5033 2965 5105 quod
2999 5046 3142 5090 nunc
3172 5035 3459 5105 proposui-

1853 5214 2059 5289 verbis,
2078 5215 2185 5289 siue
2207 5214 2453 5289 cogitatio
2476 5215 2707 5289 ﬁrmata.
2734 5213 2918 5289 Visum
2945 5216 3100 5289 [urril
3126 5216 3186 5275 S.
3217 5216 3465 5289 Ductori,

1851 5282 2102 5361 Aquilam
2127 5282 2365 5361 ‘inter'et
2378 5287 2763 5361 Symmachum
2785 5282 2918 5361 nihil
2945 5286 3059 5361 fere
3083 5291 3325 5361 inhsensu
3358 5282 3468 5341 dis-'-

1852 5356 2097 5443 crimlnis
2125 5356 2488 5443 intercedere,
2525 5360 2570 5414 si
2621 5357 2761 5443 quid
2790 5358 2844 5413 in
2871 5360 3046 5415 verbo
3073 5356 3324 5413 differant
3349 5372 3361 5409 :
3388 5362 3467 5411 at-

1853 5442 1967 5498 que
1982 5428 2121 5484 Iuleo
2141 5431 2392 5485 similiter
2414 5433 2489 5485 ait
2514 5428 2882 5483 transtulisse.

1924 5496 2339 5557 1tltestituimus
2360 5501 2637 5555 detraxisti
2666 5498 2731 5551 ad
2767 5498 2927 5553 tidem
2957 5498 3135 5553 Vatia.
3157 5510 3319 5565 mss.,
3349 5497 3465 5552 stil—

1853 5569 2099 5640 lragante
2127 5574 2242 5640 ipso
2278 5580 2378 5630 τῶν
2406 5571 2551 5629 LXX
2599 5571 2795 5642 Grccco
2821 5578 2995 5642 textu,
3030 5572 3315 5642 κατήγαγες
3338 5572 3459 5642 τοὺς

1855 5639 2168 5717 gignentium;
2188 5644 2237 5700 ἓν
2256 5643 2494 5717 ὑψηλοῖς,
2526 5640 2797 5717 detraxisti
2826 5639 3120 5695 habitantes
3142 5639 3195 5693 lit
3224 5639 3463 5698 excelsis.

1860 5710 2067 5770 Viliose
2084 5724 2245 5772 sum
2274 5710 2395 5771 erat
2420 5711 2744 5768 ἀεικῆ-κακή.
