4010 6314
535 246 644 303 395

1780 238 1840 298 S.
1882 234 2156 299 EUSEBII
2183 235 2565 298 HIERONYMI

3734 242 3830 301 296

542 374 663 414 mus
691 376 703 412 :
733 356 798 412 In
842 354 1068 410 Domino
1091 351 1198 407 Deo
1239 350 1362 424 forti
1395 352 1450 407 in
1473 357 1796 426 perpetuum,
1822 361 1876 407 et
1904 347 2134 423 reliqua.
2166 355 2218 416 Α
2245 360 2353 416 tur,
2382 358 2438 406 et
2465 358 2755 422 propterea
2781 365 2906 408 eam
2947 367 3049 407 suo
3074 354 3306 411 calcavit
3327 363 3382 410 et
3413 353 3565 430 trivit
3603 354 3756 425 pede.
3782 368 3831 414 ut

541 450 648 507 Pro
669 448 896 503 Domino
918 446 1031 502 Deo
1053 444 1203 513 forti,
1228 447 1279 501 in
1305 445 1571 501 llebraico
1591 444 1690 500 tria
1711 445 1872 500 habet
1896 447 2137 513 nomina,

540 557 593 598 lA
625 541 783 610 (ηπ)
804 549 856 593 et
880 551 1071 594 ADONAI
1099 541 1199 610 (ﬁt)
1219 550 1274 594 et
1295 553 1396 594 sua
1416 537 1581 608 (173),
1610 537 1754 608 quod
1782 537 1932 594 aliud
1962 539 2145 594 invisi-

542 633 715 697 bilem,
738 633 884 688 aliud
909 630 1244 701 ineffabilem,
1260 633 1406 688 aliud
1431 634 1696 688 robustum
1717 645 1895 702 sonat,
1910 649 2139 704 quorum

537 728 774 799 primum
798 729 850 782 in
880 743 1149 784 ALLELDIA
1196 728 1275 801 (ην
1301 704 1450 800 1551)
1473 737 1720 784 extrema
1751 730 1958 802 syllaba
1985 732 2142 801 poni-

541 828 648 875 tur.
683 819 752 876 Et
783 820 884 874 hoc
911 819 1149 886 diligens
1181 821 1356 876 lector
1381 821 1658 890 observet,
1693 821 1837 893 quod
1866 821 2142 879 interdum

539 921 746 971 textum
776 912 829 967 in
862 911 1237 983 prapositione
1285 913 1584 968 testimonii
1616 914 1925 970 dividamus
1964 932 1976 968 :
2011 931 2144 983 quo-

541 1006 687 1062 niam
711 1003 876 1058 alium
901 1002 1046 1059 LXX
1071 1003 1260 1070 editio,
1286 1015 1340 1060 et
1367 1005 1533 1059 alium
1563 1020 1632 1061 ex
1670 1005 1900 1061 Hebraeo
1921 1006 1987 1061 ad
2015 1022 2142 1062 ver-

541 1100 670 1156 bum
702 1114 966 1171 expressa
996 1099 1282 1155 translatio
1335 1099 1504 1155 ellicit
1551 1115 1793 1156 sensum.
1847 1102 1989 1157 Dicit
2016 1116 2145 1173 ergo

543 1191 817 1261 PrOpheta
852 1209 865 1246 :
893 1190 1110 1264 Sperate
1137 1192 1193 1245 in
1225 1189 1449 1245 Domino
1479 1193 1534 1245 in
1563 1193 1770 1247 saeculis
1823 1194 2026 1247 internis
2052 1209 2070 1247 :
2093 1194 2146 1247 in

548 1285 770 1341 Domino
799 1283 911 1339 Deo
934 1285 1061 1356 forti
1090 1285 1142 1338 in
1169 1294 1490 1356 perpetuum,
1516 1285 1677 1355 cujus
1699 1285 1965 1340 auxilium
2003 1300 2147 1341 sem-

543 1377 815 1451 piternum
841 1387 946 1433 est.
981 1377 1102 1448 Ipse
1123 1377 1270 1431 enim
1298 1377 1610 1431 incurvabit
1637 1375 1945 1432 habitantes
1979 1377 2030 1431 in
2053 1391 2147 1432 ex-

543 1475 714 1538 celso,
744 1473 868 1545 quia
914 1472 1094 1529 omnis
1142 1469 1235 1541 qui
1274 1485 1334 1525 se
1381 1470 1586 1525 exaltat
1615 1471 2025 1536 humiliabitur;
2055 1470 2147 1539 qui

541 1576 755 1640 patrem
777 1565 1055 1622 Abraham
1080 1580 1140 1621 se
1165 1565 1370 1621 habere
1396 1565 1702 1636 jactabant,
1727 1575 1784 1620 et
1815 1567 1866 1620 in
1886 1567 2147 1636 suggilla-

545 1661 749 1716 ti0nem
778 1657 990 1714 Domini
1026 1658 1388 1729 loquebantur
1413 1674 1426 1711 :
1459 1655 1570 1712 Nos
1588 1658 1653 1712 de
1673 1657 2016 1728 fornicatione
2039 1657 2149 1710 nati

2243 445 2571 515 quicumque
2594 459 2693 514 per
2721 458 2840 499 eam
2873 444 3110 501 voluerit
3135 447 3438 514 ambulare,
3463 450 3832 518 c‘urSu'ambu-

2244 534 2319 591 let
2343 535 2628 592 inoﬂ'enso.
2649 537 2707 592 ln
2733 535 2836 592 hac
2855 537 3049 593 semita
3075 538 3403 610 judiciorum
3431 521 3673 607 Domini,
3692 543 3834 598 susti-

2245 640 2482 686 nuerunt
2513 646 2638 687 eum
2666 633 2864 700 sancti,
2895 643 2948 687 et
2971 644 3330 703 speravernnt
3360 634 3413 689 in
3446 649 3537 702 eo,
3571 634 3701 705 quia
3729 650 3834 708 spes

2246 738 2352 778 non
2377 723 2680 779 confundit.
2713 724 2779 780 Et
2800 740 3000 780 nomen
3033 717 3180 782 illius
3209 737 3267 782 et
3297 727 3624 783 tnemoriale
3658 729 3837 784 habue-

2244 827 2372 871 runt
2393 816 2447 870 in
2478 815 2754 872 desiderio
2781 818 3000 882 animae,
3029 816 3272 872 dicentes
3304 835 3318 873 :
3346 817 3658 888 Concupiuit
3685 820 3838 876 anima

2247 925 2360 962 mea
2379 907 2675 962 desiderare
2688 907 2897 982 judicia
2918 907 3008 962 tua
3021 912 3086 962 'in
3114 910 3255 963 omni
3281 919 3510 980 tempore
3529 907 3653 980 (Ps.
3673 924 3835 977 cxvttt,

2245 998 2363 1070 20);
2393 1008 2451 1055 et
2479 1001 2675 1054 iterum
2701 1017 2714 1054 :
2740 999 3015 1055 Desiderat
3037 1001 3215 1056 anima
3239 1018 3371 1068 mea,
3401 1010 3446 1056 et
3474 1001 3672 1070 defecit
3697 1003 3745 1057 in
3768 1021 3840 1058 sa-

2249 1091 2409 1145 lutari
2431 1101 2520 1145 tuo
2545 1089 2712 1163 (Ibid.
2747 1091 2858 1162 δι).
2882 1092 2983 1160 Qui
3016 1103 3196 1148 autem
3223 1109 3424 1148 nomen
3457 1094 3840 1157 Dominihabet

2249 1181 2302 1237 in
2333 1182 2632 1249 desiderio,
2661 1183 2810 1239 aliud
2840 1199 2946 1240 non
2974 1183 3272 1241 desiderat.
3301 1185 3370 1241 Et
3399 1186 3503 1242 hoc
3531 1188 3838 1254 notandum,

2249 1274 2396 1346 quod
2424 1276 2755 1331 desiderium
2784 1276 2994 1332 Domini
3028 1293 3135 1334 non
3166 1277 3221 1333 in
3251 1293 3418 1334 carne
3438 1278 3530 1346 sit,
3546 1279 3648 1335 sed
3673 1281 3722 1333 in
3743 1281 3840 1335 ani-

2251 1369 2514 1438 ma,juxta
2532 1368 2660 1424 illud
2675 1369 2820 1439 quod
2837 1369 2888 1425 in
2907 1370 3018 1426 alio
3033 1372 3238 1441 psalmo
3263 1371 3498 1442 legimus
3513 1389 3528 1427 :
3545 1372 3724 1426 Sitioit
3743 1375 3840 1428 ani-

2251 1476 2465 1514 mamea
2484 1459 2554 1512 ad
2581 1459 2767 1527 Deum,
2792 1462 3000 1530 fortem,
3028 1460 3513 1535 vivum(Ps.u,"2).
3536 1462 3686 1519 Caro
3714 1465 3838 1521 enim

2251 1551 2592 1622 Concupiscit
2623 1554 2887 1609 adversus
2915 1554 3192 1624 spiritum,
3236 1551 3298 1610 et
3324 1553 3556 1626 spiritus
3593 1558 3840 1614 adversus

2253 1661 2472 1701 carnem
2488 1644 2910 1718 (Galat.v).ll:ec
2922 1649 3070 1703 enim
3086 1649 3188 1704 sibi
3206 1649 3446 1705 invicem
3471 1647 3840 1720 adversantur,

544 1770 648 1808 non
673 1768 850 1806 sumus
895 1750 1078 1824 (Joan.
1107 1766 1226 1813 vm.
1252 1749 1370 1820 4|).
1403 1751 1525 1820 Ipse
1551 1754 1832 1806 civitatem
1857 1750 2146 1806 sublimem

2254 1755 2323 1796 ne
2349 1756 2469 1810 qua:
2499 1741 2774 1806 Volumus,
2810 1742 2900 1796 illa
2931 1741 3214 1799 faciamus.
3265 1743 3536 1814 Quodque
3565 1740 3841 1820 sequitur:

541 1843 871 1909 humiliabit,
901 1855 961 1900 ut
979 1843 1152 1900 Judiei
1178 1853 1386 1914 putant,
1410 1845 1636 1898 Romam
1655 1842 1762 1916 [ΑΙ.
1795 1842 2135 1915 Romanam]:

546 1949 606 1993 ut
636 1953 734 1992 nos
766 1936 971 1993 rectius
996 1950 1118 1992 esse
1141 1934 2026 2008 convincimus,Jerusalem,qua:
2054 1950 2146 1990 oc-

546 2031 1014 2102 ciditProphetas,
1036 2040 1091 2086 et
1113 2028 1376 2099 lapidavit
1397 2045 1494 2084 eos
1512 2029 1603 2100 qui
1628 2029 1693 2083 ad
1718 2044 1778 2085 se
1796 2029 1946 2084 missi
1970 2038 2147 2093 erant,

544 2133 601 2181 et
629 2125 700 2180 ad
736 2132 1041 2178 extremum
1093 2121 1505 2194 patrisfamilias
1553 2122 1829 2179 interfecit
1875 2123 2062 2187 lilium,
2093 2132 2152 2178 ιιι

544 2217 765 2275 hmrede
790 2217 1062 2289 jugulato,
1098 2216 1308 2288 periret
1355 2216 1650 2273 ha-reditas
1681 2216 1834 2286 (Luc.
1868 2216 2011 2288 xm).
2041 2216 2150 2274 Nec

544 2322 772 2368 vocatur
816 2311 1034 2379 civitas,
1068 2327 1190 2381 qua:
1237 2311 1344 2384 [Αι.
1384 2309 1500 2384 qui]
1543 2310 1811 2368 liebraice
1850 2311 2060 2367 dicitur
2097 2327 2152 2366 tn

543 2407 704 2477 (τυ),
736 2404 835 2462 sed
875 2420 1034 2461 οΑιιιΑ
1065 2405 1232 2478 (W13)
1264 2420 1427 2476 quam
1456 2404 1651 2475 Aquila
1699 2406 1954 2476 πολίχνην
1980 2405 2151 2460 inter-

543 2507 790 2570 pretatus
819 2508 924 2560 est,
957 2513 1120 2568 quam
1153 2509 1274 2562 nos,
1299 2496 1387 2551 vel
1418 2494 1760 2562 civitatulam,
1793 2501 1876 2550 vel
1905 2495 2148 2563 viculum,

543 2591 631 2646 vel
661 2587 972 2661 Oppidulum
1019 2603 1312 2659 poswmus
1365 2587 1572 2653 dicere,
1628 2595 1688 2642 et
1733 2587 2048 2655 frequenter
2098 2591 2150 2644 in

546 2684 849 2751 Scripturis
882 2683 985 2736 hoc
1016 2683 1242 2736 nomine
1278 2680 1589 2750 appellatur
1639 2680 1967 2737 Jerusalem.
2027 2681 2154 2737 Pul-

545 2775 790 2840 chreque
840 2771 1119 2842 duplicem
1165 2772 1525 2827 humilitatem
1564 2775 1782 2842 posuit:
1819 2772 2148 2841 Humiliabit,

546 2865 840 2922 humiliabit
878 2880 1014 2928 eam,
1037 2865 1273 2934 primum
1297 2865 1401 2920 sub
1425 2864 1757 2937 Babyloniis,
1784 2865 1998 2932 quando
2017 2874 2152 2921 tem-

545 2962 694 3035 plum
714 2960 1052 3016 destructum
1075 2970 1182 3026 est,
1197 2959 1440 3015 secundo
1467 2961 1569 3015 sub
1589 2958 1712 3014 Tito
1729 2970 1782 3015 et
1798 2958 2145 3029 Vespasiano,

545 3055 703 3126 cujus
725 3053 881 3110 ruina
904 3067 1074 3124 usque
1096 3053 1149 3107 in
1175 3052 1336 3108 linem
1362 3050 2016 3123 permanet.€onculcabit
2038 3068 2152 3106 eam

2247 1830 2315 1886 In
2347 1840 2514 1900 nocte,
2533 1833 2688 1902 juxta
2716 1833 3146 1906 LXX.sequenti
3167 1835 3844 1908 capitulojungitur,inxta

2249 1923 2576 1981 Hebraicnm
2623 1928 2812 1996 priori.
2847 1927 2945 1982 llle
2971 1937 3155 1983 autem
3191 1937 3372 2000 potest
3399 1929 3585 1986 dicere
3635 1933 3843 1987 :Anima

2253 2034 2366 2073 mea
2395 2018 2706 2074 desideravit
2731 2030 2778 2075 te
2801 2021 2856 2074 in
2898 2031 3067 2088 nocte,
3099 2025 3190 2094 qui
3213 2039 3336 2079 cum
3361 2023 3658 2080 Psalmista
3688 2028 3844 2098 loqui-

2254 2118 2341 2165 tur
2377 2110 2984 2170 conlidenlerzbavabo
3032 2131 3124 2186 per
3171 2115 3407 2188 singulas
3457 2127 3636 2172 tractes
3678 2119 3845 2174 lectum

2254 2219 2441 2272 meum,
2469 2205 2525 2258 in
2566 2205 2810 2277 lacrymis
2848 2217 3070 2261 stratum
3112 2225 3279 2262 meum
3311 2211 3489 2284 rigabo
3525 2209 3647 2285 (Ps.
3673 2229 3746 2279 vt,
3777 2213 3842 2284 7).

2252 2299 2436 2357 P0test
2459 2317 2562 2356 nos
2586 2311 2641 2357 et
2674 2302 2936 2369 tenebrae,
2965 2319 3066 2374 pro
3109 2305 3461 2363 tribulatione
3502 2316 3559 2364 et
3598 2308 3846 2380 angustiis

2252 2393 2447 2462 accipi.
2482 2393 2637 2449 Unde
2657 2405 2712 2450 et
2738 2396 2790 2450 in
2831 2397 2938 2452 alio
2966 2397 3176 2467 psalmo
3205 2401 3521 2470 superjusti
3559 2403 3848 2458 securitate

2252 2483 2419 2557 3&8
2448 2485 2724 2556 Propheta
2770 2487 3026 2544 decantat
3058 2506 3072 2544 :
3106 2488 3212 2544 Per
3236 2490 3376 2545 diem
3403 2492 3482 2546 sol
3512 2510 3614 2547 non
3649 2505 3762 2548 uret
3785 2502 3847 2561 te,

2253 2594 2417 2648 neque
2443 2579 2571 2634 luna
2620 2596 2712 2649 per
2757 2592 2958 2637 noctem
3005 2580 3124 2654 (Ps.
3157 2599 3283 2652 cxx,
3317 2585 3400 2653 6),
3431 2584 3487 2641 id
3511 2594 3612 2652 est,
3659 2602 3762 2643 nec
3804 2588 3847 2642 itt

2253 2670 2556 2741 prOSpet-is,
2583 2687 2682 2728 nec
2712 2671 2766 2728 in
2789 2670 3040 2730 adversis
3071 2691 3308 2748 unquam
3341 2676 3411 2734 de
3445 2688 3537 2734 tuo
3557 2678 3848 2737 movebetis

2253 2766 2448 2836 gradu.
3597 2800 3603 2806 -
3655 2789 3658 2794 -
3709 2801 3711 2803 ι
3795 2770 3798 2774 ’

2326 2855 2434 2912 Sed
2463 2857 2719 2928 el-spt'ritu
2756 2874 2868 2913 meo
2904 2859 2958 2914 in
2975 2861 3280 2932 prwcordiis
3302 2862 3450 2930 meis,
3472 2864 3539 2919 de
3562 2861 3717 2920 mane
3734 2866 3847 2939 rigi-

2253 2948 2370 3004 Iabo
2393 2951 2464 3004 ad
2489 2959 2556 3005 te.
2586 2951 2728 3006 LXX
2753 2971 2765 3007 :
2798 2950 2877 3006 De
2912 2963 3070 3007 nocte
3085 2956 3348 3027 consurgit
3382 2958 3602 3028 spiritus
3631 2976 3770 3014 meus
3791 2958 3850 3012 ad

2252 3053 2322 3108 te,
2345 3041 2488 3097 Deus
2512 3058 2530 3097 :
2553 3045 2674 3113 quia
2695 3044 2788 3099 tua:
2817 3046 3024 3116 judicia
3053 3055 3144 3101 tua
3181 3064 3337 3120 super
3358 3057 3570 3106 terram.
3609 3051 3848 3108 Volumus

547 3166 658 3220 ρεδ,
692 3149 1001 3219 repetitque
1040 3158 1094 3202 ει
1125 3147 1343 3217 copam
1385 3145 1538 3217 ρράεε
1577 3149 1844 3218 pauperis,
1878 3145 2018 3200 haud
2049 3144 2146 3199 du.
2177 3144 2224 3209 α
2256 3147 2309 3191 ct
2329 3137 2658 3193 Hebraicum
2687 3141 2864 3210 sequi,
2887 3151 2941 3195 et
2973 3140 3263 3212 Vulgatam
3291 3143 3590 3201 editionem
3637 3163 3742 3202 non
3771 3162 3851 3216 pc-

545 3245 694 3302 bium
734 3242 864 3314 quin
894 3240 1120 3297 Christi.
1151 3241 1224 3296 De
1250 3254 1361 3310 quo
1390 3249 1448 3295 et
1468 3253 1631 3310 supra
1659 3237 1899 3294 diximus
1923 3254 1938 3293 :
1959 3235 2154 3292 Factus

546 3350 623 3396 est
651 3338 904 3412 fortitudo
935 3334 1191 3408 pauperi;
1220 3332 1472 3406 fortitudo
1540 3348 1698 3404 egeno
1734 3331 1790 3386 in
1820 3329 2155 3386 tribulatione

545 3451 661 3491 sua.
715 3433 950 3490 Gressus
1001 3444 1325 3500 egenorum,
1351 3426 1740 3498 Apostolorum
1795 3425 2023 3488 scilicet,
2061 3425 2154 3496 qui

545 3527 824 3584 imitantes
873 3522 1093 3579 Domini
1143 3529 1548 3591 paupertatem,
1598 3519 1760 3572 etiam
1792 3515 2007 3572 virtutis
2037 3517 2154 3585 ejus

547 3618 893 3688 privilegium
919 3613 1203 3670 consecuti
1232 3623 1389 3677 sunt;
1421 3610 1511 3690 qui
1545 3625 1652 3664 non
1706 3611 1935 3678 recepti,
1962 3623 2155 3663 excus-

549 3717 738 3764 serunt
771 3719 937 3775 super
965 3718 1085 3759 eam
1114 3702 1396 3772 pulverem
1427 3700 1625 3771 pedum
1657 3714 1900 3756 suorum.
1935 3698 2003 3753 Et
2027 3699 2153 3769 quia

551 3797 713 3873 3&7
735 3796 1041 3854 Salvatoris
1070 3795 1270 3850 dicitur
1295 3793 1500 3858 verbis,
1527 3791 1708 3847 Omnis
1737 3793 1826 3864 qui
1861 3807 1914 3846 se
1937 3790 2148 3858 exultat,

551 3892 910 3948 humiliabitur
936 3905 957 3944 :
983 3896 1032 3942 et
1051 3888 1144 3959 qui
1169 3903 1224 3942 se
1249 3884 2006 3956 humiliat,e.raltabitur(Luc.
2036 3900 2150 3953 xlv,

553 3985 666 4058 11),
703 3999 809 4039 non
841 3984 1022 4038 solum
1071 3984 1174 4036 hoc
1215 3981 1282 4036 ad
1329 3981 1603 4047 homines,
1631 3978 1727 4035 sed
1755 3979 1822 4034 ad
1849 3979 2153 4034 contrarias

547 4091 767 4149 quoque
811 4073 1160 4130 fortitudines
1205 4074 1415 4128 referre
1444 4085 1757 4142 possumus.
1793 4069 1952 4127 Juxta
1984 4068 2148 4134 LXX,

551 4168 742 4225 laudes
765 4168 879 4223 Deo
900 4166 1175 4236 Propheta
1198 4164 1476 4228 decantat,
1499 4162 1646 4234 quod
1665 4177 1856 4219 omnes
1886 4164 2153 4232 Superbos

550 4261 823 4324 humiliet,
854 4271 911 4316 et
941 4261 1330 4316 universarum
1356 4258 1576 4313 urbium
1616 4259 1949 4312 munimenta
1980 4271 2152 4327 usque

551 4357 619 4413 ad
646 4342 824 4412 solum
846 4354 1050 4419 diruat,
1082 4365 1139 4410 et
1175 4363 1488 4408 sanctorum
1518 4365 1583 4408 ea
1613 4351 1933 4422 miliumque
1965 4358 2019 4405 et
2045 4347 2145 4403 hu-

553 4449 763 4506 milium
791 4447 1006 4503 calcent
1024 4445 1211 4516 pedes.

2257 3233 2406 3288 nitus
2446 3234 2752 3301 prasterire,
2786 3244 2841 3290 et
2872 3235 2974 3290 hac
3001 3252 3180 3292 rerum
3221 3240 3554 3296 necessitate
3577 3239 3847 3312 compelli~

2257 3341 2381 3380 mur
2403 3324 2622 3382 diverso
2643 3325 2862 3393 ordine,
2893 3337 3060 3397 atque
3089 3344 3345 3386 sermone
3388 3331 3638 3388 diversas
3667 3313 3846 3389 intelli-

2254 3421 2470 3490 gentias
2499 3430 2770 3488 querere.
2802 3419 2970 3492 Igitur
2995 3422 3137 3491 quod
3160 3423 3382 3490 dicitur,
3417 3423 3483 3479 de
3511 3434 3683 3495 nocte,
3705 3427 3845 3496 juxta

2256 3511 2920 3583 LXX.lmjnscapituli,ut
2941 3513 3200 3579 diximus,
3216 3515 3548 3588 principium
3572 3527 3659 3574 est
3678 3519 3846 3589 :juxts

2259 3605 2608 3672 l-lebraicum,
2643 3607 2766 3662 linis
2788 3607 3124 3678 superioris;
3156 3609 3283 3665 licet
3314 3611 3492 3680 possit
3521 3613 3684 3668 etiam
3710 3613 3844 3682 juxta

2255 3699 2401 3756 LXX
2427 3700 2481 3756 in
2513 3702 2618 3756 line
2657 3701 2833 3772 accipi
2865 3703 3168 3774 superioris
3199 3704 3523 3773 testimonii,
3566 3716 3626 3760 ut
3649 3708 3848 3762 sitsen-

2255 3808 2348 3850 sus
2381 3812 2394 3848 :
2427 3793 2711 3850 Desiderat
2731 3795 2908 3850 anima
2943 3813 3060 3852 mea
3082 3796 3150 3852 ad
3179 3807 3233 3854 te
3264 3811 3456 3866 nocte;
3488 3811 3545 3856 et
3567 3811 3748 3871 postea
3776 3800 3847 3854 in-

2254 3888 2440 3958 cipiat,
2479 3903 2640 3944 mane
2683 3889 2968 3960 consurgit
3006 3889 3232 3959 spiritus
3279 3907 3436 3948 meus
3464 3893 3532 3948 ad
3589 3903 3659 3961 te,
3695 3893 3844 3948 Dens.

2255 3979 2386 4037 Ideo
2413 3991 2594 4036 autem
2624 3998 2783 4038 mane
2828 3985 3131 4053 consurgit,
3162 3985 3286 4052 quia
3320 3985 3412 4041 lux
3468 3999 3736 4057 pracepta
3767 3998 3844 4040 tua

2255 4088 2421 4145 super
2444 4082 2665 4129 terram.
2697 4074 2935 4131 Servans
2957 4076 3103 4131 enim
3138 4077 3393 4133 mandata
3425 4088 3540 4148 tua,
3572 4089 3628 4136 et
3661 4075 3846 4134 illumi-

2257 4176 2418 4222 natus
2448 4181 2640 4223 eorum
2666 4167 2892 4237 lumine,
2922 4167 2991 4224 de
3020 4168 3220 4240 quibus
3263 4167 3464 4225 dicitur
3489 4189 3502 4227 :
3535 4169 3846 4244 Prareptam

2256 4259 2467 4315 Domini
2497 4259 2752 4328 lucidum,
2775 4261 3078 4316 illuminans
3100 4262 3276 4316 oculos
3300 4261 3423 4333 (Ps.
3453 4279 3608 4328 xvtn,
3628 4260 3703 4332 9),
3729 4261 3846 4317 dor-

2255 4353 2395 4410 mire
2439 4368 2674 4426 nequeo,
2707 4353 2802 4409 sed
2833 4354 2982 4409 omni
3016 4362 3264 4425 tempore
3289 4364 3342 4410 te
3370 4353 3704 4420 desiderans,
3735 4366 3846 4408 meo

2253 4445 2321 4502 ad
2355 4456 2408 4502 te
2431 4460 2707 4518 consurgo
2730 4445 2949 4516 spiritu.
2978 4447 3045 4502 Et
3065 4446 3168 4502 hoc
3193 4446 3618 4514 observandum,
3639 4445 3776 4516 quod
3796 4444 3847 4498 in

621 4541 806 4616 (Vers.
841 4538 985 4611 7—9.)
1018 4539 1218 4595 Semita
1241 4538 1377 4612 justi
1406 4547 1547 4592 recta
1573 4546 1680 4602 est,
1703 4547 1872 4593 rectus
1891 4536 2040 4591 callis
2056 4537 2148 4608 ju-
2177 4537 2227 4597 1)
2255 4549 2412 4595 nocte
2457 4539 2638 4595 adhuc
2685 4539 2871 4608 positi,
2897 4541 3085 4596 animo
3113 4540 3498 4598 desideremus
3545 4542 3843 4598 Dominum.

550 4637 619 4693 sti
655 4635 726 4691 ad
756 4632 1125 4690 ambulandum
1157 4648 1176 4687 :
1204 4640 1252 4686 et
1281 4632 1335 4685 in
1363 4633 1544 4686 semita
1570 4630 1892 4701 judiciorunt
1922 4641 2148 4693 tuorum,

551 4730 795 4798 Domine,
839 4729 1182 4784 sustinuimus
1227 4735 1296 4793 te,
1327 4739 1512 4778 nomen
1564 4733 1710 4776 tuum
1760 4733 1808 4776 et
1855 4721 2151 4776 memoriale

549 4833 694 4880 tuum
713 4825 768 4878 in
791 4821 1047 4878 desiderio
1075 4824 1264 4874 anima:
1292 4833 1311 4872 :
1333 4817 1506 4871 anima
1535 4831 1649 4868 mea
1689 4813 1998 4869 desideravit
2026 4823 2072 4868 te
2097 4814 2150 4868 in

549 4928 717 4972 nocte.
751 4915 894 4971 LXX
925 4933 938 4968 :
978 4914 1080 4969 για
1115 4916 1382 4985 justorum
1409 4921 1572 4974 recta,
1595 4919 1734 4964 recta
1782 4910 1923 4979 facta
1967 4917 2040 4963 est
2070 4909 2148 4964 via

539 5010 826 5080 justorum,
856 5015 903 5059 et
950 5013 1265 5076 purpurata.
1308 5001 1404 5057 Via
1434 5002 1569 5056 enim
1610 4999 1818 5055 Domini
1859 4999 2141 5072 judicium,

546 5098 863 5172 speravimus
883 5097 937 5150 in
960 5098 1166 5151 nomine
1189 5106 1278 5150 tuo
1303 5112 1322 5149 :
1343 5105 1388 5149 et
1407 5097 1458 5149 in
1488 5095 1737 5148 memoria
1757 5109 1910 5158 quam
1938 5093 2142 5148 deside-

543 5207 628 5254 rat
654 5197 830 5253 anima
851 5203 1048 5250 nostra.
1069 5192 1258 5247 Adhuc
1273 5192 1544 5262 Propheta
1566 5191 1633 5246 de
1645 5189 1864 5246 Christo
1882 5188 2143 5260 loquitur,

543 5291 614 5348 de
644 5306 754 5360 quo
802 5301 965 5357 supra
1020 5283 1231 5340 dixerat
1264 5300 1277 5336 :
1311 5280 1643 5337 Conculcabit
1680 5299 1794 5337 eam
1841 5299 1946 5349 pes,
1991 5281 2145 5352 pedes

542 5382 811 5456 pauperis.
843 5380 1015 5448 Ilnjus
1053 5393 1186 5449 ergo
1210 5375 1344 5447 justi
1373 5375 1565 5431 semita
1610 5390 1757 5430 reeta
1786 5387 1890 5442 εει,
1921 5373 2057 5442 sive,
2086 5381 2148 5430 ut

539 5477 767 5534 verbum
802 5489 1002 5529 novum
1049 5471 1268 5542 ﬁngam,
1297 5468 1652 5534 rectitudines,
1675 5483 1814 5540 quas
1839 5468 2014 5525 Graeci
2042 5483 2142 5522 v0-

542 5581 668 5626 cant
695 5571 997 5632 ιύθύτητας,
1027 5576 1083 5623 et
1131 5582 1232 5623 nos
1278 5567 1547 5635 tenuitates
1574 5564 1821 5620 Latinius
1854 5579 2146 5634 possumus

542 5665 844 5734 appellare,
873 5662 1239 5732 dicunturque
1269 5659 1534 5716 Hebraice
1570 5672 1836 5715 mussitant
1873 5657 2144 5726 (mam).

540 5749 605 5812 In
635 5767 740 5808 una
771 5752 934 5823 igitur
954 5750 1154 5808 Chrisd
1186 5751 1384 5807 semita
1403 5765 1596 5807 omnes
1616 5748 1842 5819 iustitiae
1864 5748 2146 5819 reperiun-

2254 4631 2549 4702 Postquam
2574 4639 2754 4686 autem
2776 4634 3001 4702 Spiritus
3031 4636 3285 4690 nosterin
3311 4636 3632 4706 przecordiis
3651 4633 3845 4690 nostris

2253 4733 2365 4780 tota
2396 4739 2458 4780 se
2480 4724 2544 4779 ad
2572 4725 2740 4782 Deum
2766 4739 2951 4783 mente
2979 4731 3364 4795 commoverit,
3389 4745 3550 4787 mane
3576 4729 3847 4800 vigilemus

2251 4819 2318 4875 ad
2348 4834 2494 4883 eum,
2521 4830 2686 4890 atque
2724 4830 2782 4877 ut
2813 4822 3154 4878 manifestius
3184 4823 3388 4886 dicam.
3415 4824 3636 4890 animae,
3660 4837 3769 4876 nox
3799 4828 3851 4874 et

2249 4913 2609 4979 desiderium,
2633 4915 2857 4986 Spiritui
2885 4927 3068 4973 autem
3100 4932 3262 4973 mane
3286 4917 3539 4990 jungitur
3563 4929 3616 4975 et
3635 4915 3847 4986 vigilite.

2251 5005 2421 5063 Porro
2441 5009 2636 5078 spiritu
2662 5011 2714 5064 in
2741 5010 3059 5080 pr:rcordiis
3085 5011 3202 5066 suis
3225 5011 3448 5082 evigilat
3469 5012 3536 5068 ad
3561 5013 3743 5075 Deum,
3761 5010 3850 5078 qui

2247 5107 2427 5169 potest
2477 5099 2661 5158 dicere
2693 5119 2708 5156 :
2743 5100 2824 5157 De
2850 5103 3127 5176 profundis
3163 5104 3381 5160 clamaui
3427 5106 3496 5160 ad
3542 5115 3606 5172 te,
3634 5101 3851 5158 Domine

2247 5190 2371 5262 (Ps.
2405 5207 2594 5258 cxxsx.
2622 5192 2702 5266 l).

2317 5287 2499 5356 (Vers.
2529 5287 2641 5360 10.)
2655 5287 2783 5344 Cum
2805 5289 2988 5356 feceris
2997 5293 3204 5365 judicia
3224 5303 3316 5348 tua
3339 5294 3395 5347 in
3417 5302 3578 5358 terra,
3590 5288 3843 5366 justitiam

2245 5378 2443 5433 discent
2468 5379 2778 5435 habitatores
2801 5382 2958 5437 orbis.
2994 5381 3336 5440 Misereamur
3354 5385 3537 5456 impio,
3558 5392 3604 5440 et
3621 5396 3718 5436 non
3734 5379 3844 5433 dis-

2249 5483 2326 5529 cet
2338 5475 2623 5546 justitiam,
2653 5475 2707 5529 in
2735 5484 2874 5532 terra
2899 5488 3200 5532 sanctorum
3220 5477 3399 5547 inique
3423 5479 3612 5550 egit,et
3637 5489 3737 5528 non
3767 5473 3844 5525 sic

2248 5563 2386 5618 debit
2424 5565 2646 5637 gloriam
2686 5563 2924 5620 Domini.
2978 5567 3122 5623 LXX
3155 5586 3168 5622 :
3201 5566 3466 5622 Justitiam
3510 5566 3696 5628 discite,
3751 5560 3843 5631 qui

2248 5655 2493 5714 habitatis
2523 5675 2681 5727 super
2724 5669 2934 5715 terram.
2977 5658 3205 5715 Cessavit
3230 5662 3363 5713 enim
3407 5661 3609 5723 impius,
3642 5665 3686 5708 et
3736 5669 3843 5707 non

2249 5751 2409 5808 discet
2431 5752 2685 5820 justitiam
2709 5769 2870 5825 super
2900 5743 3112 5821 terrain,
3145 5754 3406 5810 veritatem
3433 5768 3531 5806 non
3552 5747 3717 5822 faciei.
3747 5760 3845 5798 αι’
