  <div class='ocr_page' id='page_1' title='image "/cluster/home/n/w/nwhite01/storage/ocr_20150623/24/uva.x000826571/156.png"; bbox 0 0 4010 6368; ppageno 0'>
   <div class='ocr_carea' id='block_1_1' title="bbox 235 315 333 372">
    <p class='ocr_par' dir='ltr' id='par_1_1' title="bbox 235 315 333 372">
     <span class='ocr_line' id='line_1_1' title="bbox 235 315 333 372; baseline 0.02 -2"><span class='ocrx_word' id='word_1_1' title='bbox 235 315 333 372; x_wconf 69' lang='grc'><strong>397</strong></span> 
     </span>
    </p>
   </div>
   <div class='ocr_carea' id='block_1_2' title="bbox 218 518 1799 593">
    <p class='ocr_par' dir='ltr' id='par_1_2' title="bbox 218 518 1799 593">
     <span class='ocr_line' id='line_1_2' title="bbox 218 518 1799 593; baseline 0.003 -19"><span class='ocrx_word' id='word_1_2' title='bbox 218 522 434 592; x_wconf 87' lang='lat' dir='ltr'><strong>primum</strong></span> <span class='ocrx_word' id='word_1_3' title='bbox 452 522 606 589; x_wconf 69' lang='lat' dir='ltr'><strong>juxta</strong></span> <span class='ocrx_word' id='word_1_4' title='bbox 633 518 976 586; x_wconf 63' lang='lat' dir='ltr'><strong>lit-braicum,</strong></span> <span class='ocrx_word' id='word_1_5' title='bbox 1000 532 1049 576; x_wconf 93' lang='lat' dir='ltr'><strong>et</strong></span> <span class='ocrx_word' id='word_1_6' title='bbox 1081 521 1126 576; x_wconf 91' lang='lat' dir='ltr'><strong>si</strong></span> <span class='ocrx_word' id='word_1_7' title='bbox 1145 537 1366 577; x_wconf 84' lang='lat' dir='ltr'><strong>sensum</strong></span> <span class='ocrx_word' id='word_1_8' title='bbox 1389 523 1676 593; x_wconf 71' lang='lat' dir='ltr'><strong>Propheta:</strong></span> <span class='ocrx_word' id='word_1_9' title='bbox 1700 539 1799 579; x_wconf 82' lang='lat' dir='ltr'><strong>vo-</strong></span> 
     </span>
    </p>
   </div>
   <div class='ocr_carea' id='block_1_3' title="bbox 220 609 1792 684">
    <p class='ocr_par' dir='ltr' id='par_1_3' title="bbox 220 609 1792 684">
     <span class='ocr_line' id='line_1_3' title="bbox 220 609 1792 684; baseline 0.004 -18"><span class='ocrx_word' id='word_1_10' title='bbox 220 610 462 666; x_wconf 74' lang='grc' dir='ltr'><strong>ιιιυι-ἰιιιυε</strong></span> <span class='ocrx_word' id='word_1_11' title='bbox 478 609 808 680; x_wconf 80' lang='lat' dir='ltr'><strong>exprimere,</strong></span> <span class='ocrx_word' id='word_1_12' title='bbox 838 619 966 666; x_wconf 91' lang='lat' dir='ltr'><strong>tunc</strong></span> <span class='ocrx_word' id='word_1_13' title='bbox 993 612 1059 666; x_wconf 89' lang='lat' dir='ltr'><strong>ad</strong></span> <span class='ocrx_word' id='word_1_14' title='bbox 1087 612 1231 668; x_wconf 78' lang='lat' dir='ltr'><strong>LXX</strong></span> <span class='ocrx_word' id='word_1_15' title='bbox 1253 613 1588 684; x_wconf 90' lang='lat' dir='ltr'><strong>lnterpretes</strong></span> <span class='ocrx_word' id='word_1_16' title='bbox 1616 626 1792 672; x_wconf 87' lang='lat' dir='ltr'><strong>trans-</strong></span> 
     </span>
    </p>
   </div>
   <div class='ocr_carea' id='block_1_4' title="bbox 221 700 1800 775">
    <p class='ocr_par' dir='ltr' id='par_1_4' title="bbox 221 700 1800 775">
     <span class='ocr_line' id='line_1_4' title="bbox 221 700 1800 775; baseline 0.003 -18"><span class='ocrx_word' id='word_1_17' title='bbox 221 717 413 758; x_wconf 83' lang='lat' dir='ltr'><strong>eamus.</strong></span> <span class='ocrx_word' id='word_1_18' title='bbox 445 700 707 768; x_wconf 84' lang='lat' dir='ltr'><strong>Quamdiu</strong></span> <span class='ocrx_word' id='word_1_19' title='bbox 743 718 850 756; x_wconf 91' lang='lat' dir='ltr'><strong>non</strong></span> <span class='ocrx_word' id='word_1_20' title='bbox 881 717 1110 758; x_wconf 77' lang='lat' dir='ltr'><strong>exerces</strong></span> <span class='ocrx_word' id='word_1_21' title='bbox 1137 705 1342 774; x_wconf 87' lang='lat' dir='ltr'><strong>judicia</strong></span> <span class='ocrx_word' id='word_1_22' title='bbox 1376 716 1465 761; x_wconf 92' lang='lat' dir='ltr'><strong>tua</strong></span> <span class='ocrx_word' id='word_1_23' title='bbox 1494 721 1661 775; x_wconf 83' lang='lat' dir='ltr'><strong>super</strong></span> <span class='ocrx_word' id='word_1_24' title='bbox 1690 719 1800 764; x_wconf 86' lang='lat' dir='ltr'><strong>ter-</strong></span> 
     </span>
    </p>
   </div>
   <div class='ocr_carea' id='block_1_5' title="bbox 227 793 1796 867">
    <p class='ocr_par' dir='ltr' id='par_1_5' title="bbox 227 793 1796 867">
     <span class='ocr_line' id='line_1_5' title="bbox 227 793 1796 867; baseline 0.005 -20"><span class='ocrx_word' id='word_1_25' title='bbox 227 807 356 856; x_wconf 82' lang='lat' dir='ltr'><strong>ram.</strong></span> <span class='ocrx_word' id='word_1_26' title='bbox 383 803 431 848; x_wconf 89' lang='lat' dir='ltr'><strong>et</strong></span> <span class='ocrx_word' id='word_1_27' title='bbox 467 808 556 847; x_wconf 89' lang='lat' dir='ltr'><strong>nec</strong></span> <span class='ocrx_word' id='word_1_28' title='bbox 603 793 759 848; x_wconf 88' lang='lat' dir='ltr'><strong>bonis</strong></span> <span class='ocrx_word' id='word_1_29' title='bbox 803 794 969 862; x_wconf 87' lang='lat' dir='ltr'><strong>bona,</strong></span> <span class='ocrx_word' id='word_1_30' title='bbox 997 811 1096 852; x_wconf 93' lang='lat' dir='ltr'><strong>uec</strong></span> <span class='ocrx_word' id='word_1_31' title='bbox 1126 798 1285 852; x_wconf 85' lang='lat' dir='ltr'><strong>malis</strong></span> <span class='ocrx_word' id='word_1_32' title='bbox 1329 799 1586 854; x_wconf 91' lang='lat' dir='ltr'><strong>retribuis</strong></span> <span class='ocrx_word' id='word_1_33' title='bbox 1630 802 1796 867; x_wconf 89' lang='lat' dir='ltr'><strong>mala,</strong></span> 
     </span>
    </p>
   </div>
   <div class='ocr_carea' id='block_1_6' title="bbox 218 887 1797 961">
    <p class='ocr_par' dir='ltr' id='par_1_6' title="bbox 218 887 1797 961">
     <span class='ocr_line' id='line_1_6' title="bbox 218 887 1797 961; baseline 0.004 -19"><span class='ocrx_word' id='word_1_34' title='bbox 218 887 409 956; x_wconf 82' lang='lat' dir='ltr'><strong>justitia</strong></span> <span class='ocrx_word' id='word_1_35' title='bbox 439 895 542 952; x_wconf 88' lang='lat' dir='ltr'><strong>tua,</strong></span> <span class='ocrx_word' id='word_1_36' title='bbox 565 903 597 941; x_wconf 91' lang='grc' dir='ltr'><strong>ο</strong></span> <span class='ocrx_word' id='word_1_37' title='bbox 625 887 850 944; x_wconf 90' lang='lat' dir='ltr'><strong>Domine</strong></span> <span class='ocrx_word' id='word_1_38' title='bbox 883 892 1046 958; x_wconf 87' lang='lat' dir='ltr'><strong>Deus,</strong></span> <span class='ocrx_word' id='word_1_39' title='bbox 1078 892 1360 961; x_wconf 80' lang='lat' dir='ltr'><strong>ignoratur</strong></span> <span class='ocrx_word' id='word_1_40' title='bbox 1392 893 1445 947; x_wconf 90' lang='lat' dir='ltr'><strong>in</strong></span> <span class='ocrx_word' id='word_1_41' title='bbox 1469 903 1634 950; x_wconf 86' lang='lat' dir='ltr'><strong>terra.</strong></span> <span class='ocrx_word' id='word_1_42' title='bbox 1663 893 1797 950; x_wconf 89' lang='lat' dir='ltr'><strong>Cum</strong></span> 
     </span>
    </p>
   </div>
   <div class='ocr_carea' id='block_1_7' title="bbox 219 978 1802 1058">
    <p class='ocr_par' dir='ltr' id='par_1_7' title="bbox 219 978 1802 1058">
     <span class='ocr_line' id='line_1_7' title="bbox 219 978 1802 1058; baseline 0.007 -26"><span class='ocrx_word' id='word_1_43' title='bbox 219 989 388 1034; x_wconf 85' lang='lat' dir='ltr'><strong>autem</strong></span> <span class='ocrx_word' id='word_1_44' title='bbox 414 978 464 1033; x_wconf 90' lang='lat' dir='ltr'><strong>iu</strong></span> <span class='ocrx_word' id='word_1_45' title='bbox 487 979 672 1048; x_wconf 88' lang='lat' dir='ltr'><strong>judicii</strong></span> <span class='ocrx_word' id='word_1_46' title='bbox 695 980 784 1035; x_wconf 90' lang='lat' dir='ltr'><strong>die</strong></span> <span class='ocrx_word' id='word_1_47' title='bbox 810 997 908 1051; x_wconf 88' lang='lat' dir='ltr'><strong>pro</strong></span> <span class='ocrx_word' id='word_1_48' title='bbox 933 985 1197 1054; x_wconf 84' lang='lat' dir='ltr'><strong>qualitate</strong></span> <span class='ocrx_word' id='word_1_49' title='bbox 1225 1000 1458 1055; x_wconf 91' lang='lat' dir='ltr'><strong>operum</strong></span> <span class='ocrx_word' id='word_1_50' title='bbox 1507 989 1802 1058; x_wconf 83' lang='lat' dir='ltr'><strong>unicuique</strong></span> 
     </span>
    </p>
   </div>
   <div class='ocr_carea' id='block_1_8' title="bbox 217 1069 1804 1150">
    <p class='ocr_par' dir='ltr' id='par_1_8' title="bbox 217 1069 1804 1150">
     <span class='ocr_line' id='line_1_8' title="bbox 217 1069 1804 1150; baseline 0.007 -26"><span class='ocrx_word' id='word_1_51' title='bbox 217 1069 502 1126; x_wconf 79' lang='lat' dir='ltr'><strong>reddideris</strong></span> <span class='ocrx_word' id='word_1_52' title='bbox 531 1071 676 1138; x_wconf 85' lang='lat' dir='ltr'><strong>quod</strong></span> <span class='ocrx_word' id='word_1_53' title='bbox 700 1085 964 1140; x_wconf 89' lang='lat' dir='ltr'><strong>meretur,</strong></span> <span class='ocrx_word' id='word_1_54' title='bbox 991 1075 1356 1145; x_wconf 85' lang='lat' dir='ltr'><strong>tuucjustitia</strong></span> <span class='ocrx_word' id='word_1_55' title='bbox 1385 1090 1477 1132; x_wconf 91' lang='lat' dir='ltr'><strong>tua</strong></span> <span class='ocrx_word' id='word_1_56' title='bbox 1505 1093 1804 1150; x_wconf 88' lang='lat' dir='ltr'><strong>cognosce-</strong></span> 
     </span>
    </p>
   </div>
   <div class='ocr_carea' id='block_1_9' title="bbox 217 1163 1802 1241">
    <p class='ocr_par' dir='ltr' id='par_1_9' title="bbox 217 1163 1802 1241">
     <span class='ocr_line' id='line_1_9' title="bbox 217 1163 1802 1241; baseline 0.006 -23"><span class='ocrx_word' id='word_1_57' title='bbox 217 1171 297 1218; x_wconf 88' lang='lat' dir='ltr'><strong>tur</strong></span> <span class='ocrx_word' id='word_1_58' title='bbox 319 1163 369 1218; x_wconf 92' lang='lat' dir='ltr'><strong>in</strong></span> <span class='ocrx_word' id='word_1_59' title='bbox 390 1163 517 1219; x_wconf 88' lang='lat' dir='ltr'><strong>orbe</strong></span> <span class='ocrx_word' id='word_1_60' title='bbox 547 1175 834 1234; x_wconf 87' lang='lat' dir='ltr'><strong>terrarum,</strong></span> <span class='ocrx_word' id='word_1_61' title='bbox 863 1183 984 1237; x_wconf 68' lang='lat' dir='ltr'><strong>quae</strong></span> <span class='ocrx_word' id='word_1_62' title='bbox 1013 1167 1178 1241; x_wconf 59' lang='lat'><strong>35.9</strong></span> <span class='ocrx_word' id='word_1_63' title='bbox 1198 1171 1352 1239; x_wconf 90' lang='lat' dir='ltr'><strong>prius</strong></span> <span class='ocrx_word' id='word_1_64' title='bbox 1375 1172 1518 1241; x_wconf 86' lang='lat' dir='ltr'><strong>apud</strong></span> <span class='ocrx_word' id='word_1_65' title='bbox 1551 1173 1802 1227; x_wconf 90' lang='lat' dir='ltr'><strong>incredu-</strong></span> 
     </span>
    </p>
   </div>
   <div class='ocr_carea' id='block_1_10' title="bbox 213 1253 1808 1335">
    <p class='ocr_par' dir='ltr' id='par_1_10' title="bbox 213 1253 1808 1335">
     <span class='ocr_line' id='line_1_10' title="bbox 213 1253 1808 1335; baseline 0.007 -26"><span class='ocrx_word' id='word_1_66' title='bbox 213 1253 294 1309; x_wconf 87' lang='lat' dir='ltr'><strong>los</strong></span> <span class='ocrx_word' id='word_1_67' title='bbox 324 1254 596 1310; x_wconf 74' lang='lat' dir='ltr'><strong>videbatur</strong></span> <span class='ocrx_word' id='word_1_68' title='bbox 622 1255 850 1326; x_wconf 76' lang='lat' dir='ltr'><strong>iniusta,</strong></span> <span class='ocrx_word' id='word_1_69' title='bbox 883 1258 956 1314; x_wconf 91' lang='lat' dir='ltr'><strong>ita</strong></span> <span class='ocrx_word' id='word_1_70' title='bbox 987 1272 1044 1314; x_wconf 90' lang='lat' dir='ltr'><strong>ut</strong></span> <span class='ocrx_word' id='word_1_71' title='bbox 1075 1276 1216 1316; x_wconf 86' lang='lat' dir='ltr'><strong>unus</strong></span> <span class='ocrx_word' id='word_1_72' title='bbox 1247 1271 1562 1318; x_wconf 90' lang='lat' dir='ltr'><strong>sanctormn</strong></span> <span class='ocrx_word' id='word_1_73' title='bbox 1590 1279 1808 1335; x_wconf 89' lang='lat' dir='ltr'><strong>quoque</strong></span> 
     </span>
    </p>
   </div>
   <div class='ocr_carea' id='block_1_11' title="bbox 212 1345 1808 1427">
    <p class='ocr_par' dir='ltr' id='par_1_11' title="bbox 212 1345 1808 1427">
     <span class='ocr_line' id='line_1_11' title="bbox 212 1345 1808 1427; baseline 0.008 -27"><span class='ocrx_word' id='word_1_74' title='bbox 212 1345 411 1403; x_wconf 76' lang='lat' dir='ltr'><strong>diceret</strong></span> <span class='ocrx_word' id='word_1_75' title='bbox 445 1365 458 1401; x_wconf 91' lang='lat'><strong>:</strong></span> <span class='ocrx_word' id='word_1_76' title='bbox 492 1348 596 1404; x_wconf 78' lang='lat' dir='ltr'><strong>Mei</strong></span> <span class='ocrx_word' id='word_1_77' title='bbox 626 1360 798 1405; x_wconf 88' lang='lat' dir='ltr'><strong>autem</strong></span> <span class='ocrx_word' id='word_1_78' title='bbox 828 1367 956 1423; x_wconf 87' lang='lat' dir='ltr'><strong>pene</strong></span> <span class='ocrx_word' id='word_1_79' title='bbox 985 1356 1112 1408; x_wconf 89' lang='lat' dir='ltr'><strong>moti</strong></span> <span class='ocrx_word' id='word_1_80' title='bbox 1139 1364 1258 1409; x_wconf 89' lang='lat' dir='ltr'><strong>sunt</strong></span> <span class='ocrx_word' id='word_1_81' title='bbox 1288 1356 1465 1426; x_wconf 85' lang='lat' dir='ltr'><strong>pedes,</strong></span> <span class='ocrx_word' id='word_1_82' title='bbox 1499 1373 1628 1427; x_wconf 86' lang='lat' dir='ltr'><strong>pene</strong></span> <span class='ocrx_word' id='word_1_83' title='bbox 1654 1356 1808 1422; x_wconf 72' lang='lat' dir='ltr'><strong>eli&#39;usi</strong></span> 
     </span>
    </p>
   </div>
   <div class='ocr_carea' id='block_1_12' title="bbox 208 1442 1807 1520">
    <p class='ocr_par' dir='ltr' id='par_1_12' title="bbox 208 1442 1807 1520">
     <span class='ocr_line' id='line_1_12' title="bbox 208 1442 1807 1520; baseline 0.006 -28"><span class='ocrx_word' id='word_1_84' title='bbox 208 1449 325 1492; x_wconf 80' lang='lat' dir='ltr'><strong>sunt</strong></span> <span class='ocrx_word' id='word_1_85' title='bbox 349 1455 549 1510; x_wconf 75' lang='lat' dir='ltr'><strong>gressus</strong></span> <span class='ocrx_word' id='word_1_86' title='bbox 578 1442 681 1496; x_wconf 90' lang='lat' dir='ltr'><strong>mei</strong></span> <span class='ocrx_word' id='word_1_87' title='bbox 703 1459 722 1497; x_wconf 88' lang='lat'><strong><em>:</em></strong></span> <span class='ocrx_word' id='word_1_88' title='bbox 758 1446 1003 1513; x_wconf 86' lang='lat' dir='ltr'><strong>quoniam</strong></span> <span class='ocrx_word' id='word_1_89' title='bbox 1029 1445 1234 1500; x_wconf 77' lang='lat' dir='ltr'><strong>zelatus</strong></span> <span class='ocrx_word' id='word_1_90' title='bbox 1261 1463 1375 1501; x_wconf 90' lang='lat' dir='ltr'><strong>sunt</strong></span> <span class='ocrx_word' id='word_1_91' title='bbox 1406 1464 1562 1518; x_wconf 86' lang='lat' dir='ltr'><strong>super</strong></span> <span class='ocrx_word' id='word_1_92' title='bbox 1591 1449 1807 1520; x_wconf 78' lang='lat' dir='ltr'><strong>iniquis,</strong></span> 
     </span>
    </p>
   </div>
   <div class='ocr_carea' id='block_1_13' title="bbox 207 1535 1808 1610">
    <p class='ocr_par' dir='ltr' id='par_1_13' title="bbox 207 1535 1808 1610">
     <span class='ocr_line' id='line_1_13' title="bbox 207 1535 1808 1610; baseline 0.008 -27"><span class='ocrx_word' id='word_1_93' title='bbox 207 1547 374 1602; x_wconf 84' lang='lat' dir='ltr'><strong>pacem</strong></span> <span class='ocrx_word' id='word_1_94' title='bbox 403 1543 739 1598; x_wconf 78' lang='lat' dir='ltr'><strong>peccatorum</strong></span> <span class='ocrx_word' id='word_1_95' title='bbox 759 1535 941 1590; x_wconf 78' lang='lat' dir='ltr'><strong>videns</strong></span> <span class='ocrx_word' id='word_1_96' title='bbox 971 1536 1093 1609; x_wconf 84' lang='lat' dir='ltr'><strong>(Ps.</strong></span> <span class='ocrx_word' id='word_1_97' title='bbox 1128 1554 1306 1606; x_wconf 79' lang='lat' dir='ltr'><strong>uxu,</strong></span> <span class='ocrx_word' id='word_1_98' title='bbox 1330 1538 1413 1609; x_wconf 67' lang='grc' dir='ltr'><strong>Ξ).</strong></span> <span class='ocrx_word' id='word_1_99' title='bbox 1440 1540 1521 1594; x_wconf 83' lang='lat' dir='ltr'><strong>Ad</strong></span> <span class='ocrx_word' id='word_1_100' title='bbox 1549 1540 1692 1610; x_wconf 89' lang='lat' dir='ltr'><strong>quod</strong></span> <span class='ocrx_word' id='word_1_101' title='bbox 1719 1556 1808 1596; x_wconf 88' lang='lat' dir='ltr'><strong>re-</strong></span> 
     </span>
    </p>
   </div>
   <div class='ocr_carea' id='block_1_14' title="bbox 205 1625 1810 1705">
    <p class='ocr_par' dir='ltr' id='par_1_14' title="bbox 205 1625 1810 1705">
     <span class='ocr_line' id='line_1_14' title="bbox 205 1625 1810 1705; baseline 0.007 -27"><span class='ocrx_word' id='word_1_102' title='bbox 205 1625 416 1693; x_wconf 79' lang='lat' dir='ltr'><strong>spondit</strong></span> <span class='ocrx_word' id='word_1_103' title='bbox 444 1626 716 1684; x_wconf 89' lang='lat' dir='ltr'><strong>Dominus</strong></span> <span class='ocrx_word' id='word_1_104' title='bbox 747 1647 760 1684; x_wconf 87' lang='lat'><strong>:</strong></span> <span class='ocrx_word' id='word_1_105' title='bbox 794 1629 1359 1703; x_wconf 77' lang='lat' dir='ltr'><strong>Misereamurimpio;</strong></span> <span class='ocrx_word' id='word_1_106' title='bbox 1390 1634 1535 1705; x_wconf 83' lang='lat' dir='ltr'><strong>quod</strong></span> <span class='ocrx_word' id='word_1_107' title='bbox 1569 1634 1810 1704; x_wconf 78' lang='lat' dir='ltr'><strong>exceptis</strong></span> 
     </span>
    </p>
   </div>
   <div class='ocr_carea' id='block_1_15' title="bbox 202 1714 1814 1789">
    <p class='ocr_par' dir='ltr' id='par_1_15' title="bbox 202 1714 1814 1789">
     <span class='ocr_line' id='line_1_15' title="bbox 202 1714 1814 1789; baseline 0.007 -18"><span class='ocrx_word' id='word_1_108' title='bbox 202 1714 565 1789; x_wconf 75' lang='lat' dir='ltr'><strong>Septuaginta,</strong></span> <span class='ocrx_word' id='word_1_109' title='bbox 614 1737 810 1778; x_wconf 89' lang='lat' dir='ltr'><strong>omnes</strong></span> <span class='ocrx_word' id='word_1_110' title='bbox 863 1724 1122 1780; x_wconf 83' lang='lat' dir='ltr'><strong>similiter</strong></span> <span class='ocrx_word' id='word_1_111' title='bbox 1153 1727 1569 1784; x_wconf 88' lang='lat' dir='ltr'><strong>transtulerunt.</strong></span> <span class='ocrx_word' id='word_1_112' title='bbox 1617 1727 1687 1784; x_wconf 89' lang='lat' dir='ltr'><strong>Et</strong></span> <span class='ocrx_word' id='word_1_113' title='bbox 1729 1736 1814 1784; x_wconf 91' lang='lat' dir='ltr'><strong>est</strong></span> 
     </span>
    </p>
   </div>
   <div class='ocr_carea' id='block_1_16' title="bbox 695 311 2979 388">
    <p class='ocr_par' dir='ltr' id='par_1_16' title="bbox 695 311 2979 388">
     <span class='ocr_line' id='line_1_16' title="bbox 695 311 2979 388; baseline 0.006 -16"><span class='ocrx_word' id='word_1_114' title='bbox 695 311 1348 378; x_wconf 72' lang='lat' dir='ltr'><strong>COMMENTARIORUM</strong></span> <span class='ocrx_word' id='word_1_115' title='bbox 1387 315 1457 376; x_wconf 85' lang='lat' dir='ltr'><strong>IN</strong></span> <span class='ocrx_word' id='word_1_116' title='bbox 1495 315 1737 378; x_wconf 80' lang='lat' dir='ltr'><strong>lSAiAM</strong></span> <span class='ocrx_word' id='word_1_117' title='bbox 1775 317 2203 382; x_wconf 77' lang='lat' dir='ltr'><strong>PROPHETAM</strong></span> <span class='ocrx_word' id='word_1_118' title='bbox 2241 322 2372 381; x_wconf 77' lang='lat' dir='ltr'><strong>Lll&#39;i.</strong></span> <span class='ocrx_word' id='word_1_119' title='bbox 2415 323 2553 383; x_wconf 83' lang='lat' dir='ltr'><strong>Vlll.</strong></span> <span class='ocrx_word' id='word_1_120' title='bbox 2593 325 2747 384; x_wconf 80' lang='lat' dir='ltr'><strong>CAP.</strong></span> <span class='ocrx_word' id='word_1_121' title='bbox 2787 326 2979 388; x_wconf 75' lang='lat' dir='ltr'><strong>XXVI.</strong></span> 
     </span>
    </p>
   </div>
   <div class='ocr_carea' id='block_1_17' title="bbox 223 426 1872 503">
    <p class='ocr_par' dir='ltr' id='par_1_17' title="bbox 223 426 1872 503">
     <span class='ocr_line' id='line_1_17' title="bbox 223 426 1872 503; baseline 0.003 -19"><span class='ocrx_word' id='word_1_122' title='bbox 223 435 409 503; x_wconf 80' lang='lat' dir='ltr'><strong>feratur</strong></span> <span class='ocrx_word' id='word_1_123' title='bbox 424 426 630 498; x_wconf 79' lang='lat' dir='ltr'><strong>impius,</strong></span> <span class='ocrx_word' id='word_1_124' title='bbox 656 437 834 483; x_wconf 82' lang='lat' dir='ltr'><strong>utnon</strong></span> <span class='ocrx_word' id='word_1_125' title='bbox 858 429 1026 484; x_wconf 77' lang='lat' dir='ltr'><strong>videat</strong></span> <span class='ocrx_word' id='word_1_126' title='bbox 1043 431 1263 503; x_wconf 77' lang='lat' dir='ltr'><strong>gloriam</strong></span> <span class='ocrx_word' id='word_1_127' title='bbox 1289 431 1518 487; x_wconf 86' lang='lat' dir='ltr'><strong>Domini.</strong></span> <span class='ocrx_word' id='word_1_128' title='bbox 1546 433 1796 488; x_wconf 82' lang='lat' dir='ltr'><strong>Dicamus</strong></span> <span class='ocrx_word' id='word_1_129' title='bbox 1826 438 1872 496; x_wconf 81' lang='grc' dir='ltr'><strong>Λ</strong></span> 
     </span>
    </p>
   </div>
   <div class='ocr_carea' id='block_1_18' title="bbox 3381 338 3486 395">
    <p class='ocr_par' dir='ltr' id='par_1_18' title="bbox 3381 338 3486 395">
     <span class='ocr_line' id='line_1_18' title="bbox 3381 338 3486 395; baseline 0.01 -1"><span class='ocrx_word' id='word_1_130' title='bbox 3381 338 3486 395; x_wconf 76' lang='lat'><strong>298</strong></span> 
     </span>
    </p>
   </div>
   <div class='ocr_carea' id='block_1_19' title="bbox 1976 437 3493 517">
    <p class='ocr_par' dir='ltr' id='par_1_19' title="bbox 1976 437 3493 517">
     <span class='ocr_line' id='line_1_19' title="bbox 1976 437 3493 517; baseline 0.011 -26"><span class='ocrx_word' id='word_1_131' title='bbox 1976 437 2158 506; x_wconf 79' lang='lat' dir='ltr'><strong>(Vers.</strong></span> <span class='ocrx_word' id='word_1_132' title='bbox 2187 437 2291 508; x_wconf 82' lang='grc' dir='ltr'><strong>Η).</strong></span> <span class='ocrx_word' id='word_1_133' title='bbox 2330 439 2552 496; x_wconf 86' lang='lat' dir='ltr'><strong>Domine</strong></span> <span class='ocrx_word' id='word_1_134' title='bbox 2572 483 2587 504; x_wconf 93' lang='lat'><strong>,</strong></span> <span class='ocrx_word' id='word_1_135' title='bbox 2623 444 2883 497; x_wconf 73' lang='lat' dir='ltr'><strong>exaltetar</strong></span> <span class='ocrx_word' id='word_1_136' title='bbox 2909 462 3091 502; x_wconf 89' lang='lat' dir='ltr'><strong>manus</strong></span> <span class='ocrx_word' id='word_1_137' title='bbox 3135 457 3228 505; x_wconf 87' lang='lat' dir='ltr'><strong>tua</strong></span> <span class='ocrx_word' id='word_1_138' title='bbox 3251 492 3266 517; x_wconf 90' lang='lat'><strong>,</strong></span> <span class='ocrx_word' id='word_1_139' title='bbox 3309 462 3357 507; x_wconf 85' lang='lat' dir='ltr'><strong>et</strong></span> <span class='ocrx_word' id='word_1_140' title='bbox 3385 470 3493 507; x_wconf 84' lang='lat' dir='ltr'><strong>non</strong></span> 
     </span>
    </p>
   </div>
   <div class='ocr_carea' id='block_1_20' title="bbox 1901 529 3491 614">
    <p class='ocr_par' dir='ltr' id='par_1_20' title="bbox 1901 529 3491 614">
     <span class='ocr_line' id='line_1_20' title="bbox 1901 529 3491 614; baseline 0.01 -32"><span class='ocrx_word' id='word_1_141' title='bbox 1901 529 2104 584; x_wconf 81' lang='lat' dir='ltr'><strong>videant</strong></span> <span class='ocrx_word' id='word_1_142' title='bbox 2124 549 2143 584; x_wconf 88' lang='lat'><em>:</em></span> <span class='ocrx_word' id='word_1_143' title='bbox 2172 532 2396 598; x_wconf 80' lang='lat' dir='ltr'><strong>uideant,</strong></span> <span class='ocrx_word' id='word_1_144' title='bbox 2427 543 2473 586; x_wconf 88' lang='lat' dir='ltr'><strong>et</strong></span> <span class='ocrx_word' id='word_1_145' title='bbox 2498 538 2853 606; x_wconf 69' lang='lat' dir='ltr'><strong>confundatur</strong></span> <span class='ocrx_word' id='word_1_146' title='bbox 2878 539 3020 591; x_wconf 79' lang='lat' dir='ltr'><strong>zelus</strong></span> <span class='ocrx_word' id='word_1_147' title='bbox 3047 541 3252 611; x_wconf 83' lang='lat' dir='ltr'><strong>pepuli,</strong></span> <span class='ocrx_word' id='word_1_148' title='bbox 3284 554 3332 596; x_wconf 92' lang='lat' dir='ltr'><strong>et</strong></span> <span class='ocrx_word' id='word_1_149' title='bbox 3359 546 3491 614; x_wconf 88' lang='lat' dir='ltr'><strong>ignis</strong></span> 
     </span>
    </p>
   </div>
   <div class='ocr_carea' id='block_1_21' title="bbox 1900 620 3498 693">
    <p class='ocr_par' dir='ltr' id='par_1_21' title="bbox 1900 620 3498 693">
     <span class='ocr_line' id='line_1_21' title="bbox 1900 620 3498 693; baseline 0.006 -19"><span class='ocrx_word' id='word_1_150' title='bbox 1900 620 2069 677; x_wconf 87' lang='lat' dir='ltr'><strong>hostes</strong></span> <span class='ocrx_word' id='word_1_151' title='bbox 2095 632 2205 676; x_wconf 87' lang='lat' dir='ltr'><strong>tuos</strong></span> <span class='ocrx_word' id='word_1_152' title='bbox 2236 624 2459 679; x_wconf 75' lang='lat' dir='ltr'><strong>deuoret.</strong></span> <span class='ocrx_word' id='word_1_153' title='bbox 2493 624 2668 680; x_wconf 79' lang='lat' dir='ltr'><strong>LXX:</strong></span> <span class='ocrx_word' id='word_1_154' title='bbox 2703 626 2920 682; x_wconf 82' lang='lat' dir='ltr'><strong>Domine</strong></span> <span class='ocrx_word' id='word_1_155' title='bbox 2944 669 2960 693; x_wconf 93' lang='lat'><strong>,</strong></span> <span class='ocrx_word' id='word_1_156' title='bbox 2993 630 3252 684; x_wconf 67' lang='lat' dir='ltr'><strong>excelsum</strong></span> <span class='ocrx_word' id='word_1_157' title='bbox 3274 642 3347 686; x_wconf 82' lang='lat' dir='ltr'><strong>est</strong></span> <span class='ocrx_word' id='word_1_158' title='bbox 3375 632 3498 685; x_wconf 86' lang='lat' dir='ltr'><strong>bra-</strong></span> 
     </span>
    </p>
   </div>
   <div class='ocr_carea' id='block_1_22' title="bbox 1901 714 3503 794">
    <p class='ocr_par' dir='ltr' id='par_1_22' title="bbox 1901 714 3503 794">
     <span class='ocr_line' id='line_1_22' title="bbox 1901 714 3503 794; baseline 0.007 -26"><span class='ocrx_word' id='word_1_159' title='bbox 1901 714 2074 769; x_wconf 84' lang='lat' dir='ltr'><strong>chium</strong></span> <span class='ocrx_word' id='word_1_160' title='bbox 2103 726 2248 770; x_wconf 88' lang='lat' dir='ltr'><strong>tuum</strong></span> <span class='ocrx_word' id='word_1_161' title='bbox 2270 761 2285 784; x_wconf 89' lang='lat'><strong>,</strong></span> <span class='ocrx_word' id='word_1_162' title='bbox 2319 726 2365 771; x_wconf 90' lang='lat' dir='ltr'><strong>et</strong></span> <span class='ocrx_word' id='word_1_163' title='bbox 2392 718 2703 785; x_wconf 75' lang='lat' dir='ltr'><strong>nesciebant,</strong></span> <span class='ocrx_word' id='word_1_164' title='bbox 2732 723 2947 775; x_wconf 81' lang='lat' dir='ltr'><strong>scientes</strong></span> <span class='ocrx_word' id='word_1_165' title='bbox 2976 735 3149 777; x_wconf 88' lang='lat' dir='ltr'><strong>autem</strong></span> <span class='ocrx_word' id='word_1_166' title='bbox 3177 726 3503 794; x_wconf 77' lang='lat' dir='ltr'><strong>confunden-</strong></span> 
     </span>
    </p>
   </div>
   <div class='ocr_carea' id='block_1_23' title="bbox 1903 806 3505 880">
    <p class='ocr_par' dir='ltr' id='par_1_23' title="bbox 1903 806 3505 880">
     <span class='ocr_line' id='line_1_23' title="bbox 1903 806 3505 880; baseline 0.006 -20"><span class='ocrx_word' id='word_1_167' title='bbox 1903 815 2022 861; x_wconf 89' lang='lat' dir='ltr'><strong>tur:</strong></span> <span class='ocrx_word' id='word_1_168' title='bbox 2051 806 2195 862; x_wconf 79' lang='lat' dir='ltr'><strong>zelus</strong></span> <span class='ocrx_word' id='word_1_169' title='bbox 2233 808 2589 880; x_wconf 81' lang='lat' dir='ltr'><strong>apprehendet</strong></span> <span class='ocrx_word' id='word_1_170' title='bbox 2618 811 2868 880; x_wconf 82' lang='lat' dir='ltr'><strong>populum</strong></span> <span class='ocrx_word' id='word_1_171' title='bbox 2899 812 3218 866; x_wconf 78' lang='lat' dir='ltr'><strong>ineruditum</strong></span> <span class='ocrx_word' id='word_1_172' title='bbox 3245 854 3260 878; x_wconf 94' lang='lat'><strong>,</strong></span> <span class='ocrx_word' id='word_1_173' title='bbox 3295 824 3341 868; x_wconf 83' lang='lat' dir='ltr'><strong>et</strong></span> <span class='ocrx_word' id='word_1_174' title='bbox 3370 831 3505 869; x_wconf 83' lang='lat' dir='ltr'><strong>nunc</strong></span> 
     </span>
    </p>
   </div>
   <div class='ocr_carea' id='block_1_24' title="bbox 1901 897 3506 975">
    <p class='ocr_par' dir='ltr' id='par_1_24' title="bbox 1901 897 3506 975">
     <span class='ocr_line' id='line_1_24' title="bbox 1901 897 3506 975; baseline 0.007 -25"><span class='ocrx_word' id='word_1_175' title='bbox 1901 897 2036 971; x_wconf 88' lang='lat' dir='ltr'><strong>ignis</strong></span> <span class='ocrx_word' id='word_1_176' title='bbox 2062 901 2389 954; x_wconf 80' lang='lat' dir='ltr'><strong>adversarios</strong></span> <span class='ocrx_word' id='word_1_177' title='bbox 2421 905 2671 954; x_wconf 80' lang='lat' dir='ltr'><strong>comedet.</strong></span> <span class='ocrx_word' id='word_1_178' title='bbox 2709 901 2820 958; x_wconf 86' lang='lat' dir='ltr'><strong>lloc</strong></span> <span class='ocrx_word' id='word_1_179' title='bbox 2859 903 3003 972; x_wconf 87' lang='lat' dir='ltr'><strong>quod</strong></span> <span class='ocrx_word' id='word_1_180' title='bbox 3050 919 3214 975; x_wconf 84' lang='lat' dir='ltr'><strong>supra</strong></span> <span class='ocrx_word' id='word_1_181' title='bbox 3246 905 3506 961; x_wconf 78' lang='lat' dir='ltr'><strong>dixerat:</strong></span> 
     </span>
    </p>
   </div>
   <div class='ocr_carea' id='block_1_25' title="bbox 1905 991 3508 1068">
    <p class='ocr_par' dir='ltr' id='par_1_25' title="bbox 1905 991 3508 1068">
     <span class='ocr_line' id='line_1_25' title="bbox 1905 991 3508 1068; baseline 0.003 -24"><span class='ocrx_word' id='word_1_182' title='bbox 1905 998 1952 1044; x_wconf 80' lang='lat' dir='ltr'><strong>et</strong></span> <span class='ocrx_word' id='word_1_183' title='bbox 1980 1007 2081 1045; x_wconf 88' lang='lat' dir='ltr'><strong>non</strong></span> <span class='ocrx_word' id='word_1_184' title='bbox 2119 991 2309 1046; x_wconf 81' lang='lat' dir='ltr'><strong>videbit</strong></span> <span class='ocrx_word' id='word_1_185' title='bbox 2333 991 2557 1062; x_wconf 89' lang='lat' dir='ltr'><strong>gloriam</strong></span> <span class='ocrx_word' id='word_1_186' title='bbox 2601 991 2816 1047; x_wconf 85' lang='lat' dir='ltr'><strong>Domini</strong></span> <span class='ocrx_word' id='word_1_187' title='bbox 2844 1036 2860 1060; x_wconf 93' lang='lat'><strong>,</strong></span> <span class='ocrx_word' id='word_1_188' title='bbox 2909 1005 3088 1064; x_wconf 83' lang='lat' dir='ltr'><strong>potest</strong></span> <span class='ocrx_word' id='word_1_189' title='bbox 3131 997 3210 1050; x_wconf 89' lang='lat' dir='ltr'><strong>sic</strong></span> <span class='ocrx_word' id='word_1_190' title='bbox 3243 997 3466 1068; x_wconf 78' lang='lat' dir='ltr'><strong>intelligi</strong></span> <span class='ocrx_word' id='word_1_191' title='bbox 3495 1014 3508 1049; x_wconf 89' lang='lat'>:</span> 
     </span>
    </p>
   </div>
   <div class='ocr_carea' id='block_1_26' title="bbox 1906 1080 3506 1154">
    <p class='ocr_par' dir='ltr' id='par_1_26' title="bbox 1906 1080 3506 1154">
     <span class='ocr_line' id='line_1_26' title="bbox 1906 1080 3506 1154; baseline 0.003 -18"><span class='ocrx_word' id='word_1_192' title='bbox 1906 1080 2176 1146; x_wconf 84' lang='lat' dir='ltr'><strong>Postulas,</strong></span> <span class='ocrx_word' id='word_1_193' title='bbox 2209 1098 2243 1136; x_wconf 90' lang='grc' dir='ltr'><strong>ο</strong></span> <span class='ocrx_word' id='word_1_194' title='bbox 2275 1083 2545 1154; x_wconf 81' lang='lat' dir='ltr'><strong>Propheta</strong></span> <span class='ocrx_word' id='word_1_195' title='bbox 2573 1125 2588 1149; x_wconf 96' lang='lat'><strong>,</strong></span> <span class='ocrx_word' id='word_1_196' title='bbox 2621 1094 2678 1138; x_wconf 91' lang='lat' dir='ltr'><strong>ut</strong></span> <span class='ocrx_word' id='word_1_197' title='bbox 2711 1101 2816 1138; x_wconf 88' lang='lat' dir='ltr'><strong>non</strong></span> <span class='ocrx_word' id='word_1_198' title='bbox 2847 1085 3117 1141; x_wconf 86' lang='lat' dir='ltr'><strong>miserear</strong></span> <span class='ocrx_word' id='word_1_199' title='bbox 3142 1087 3332 1154; x_wconf 87' lang='lat' dir='ltr'><strong>impio,</strong></span> <span class='ocrx_word' id='word_1_200' title='bbox 3366 1103 3436 1143; x_wconf 89' lang='lat' dir='ltr'><strong>ne</strong></span> <span class='ocrx_word' id='word_1_201' title='bbox 3461 1089 3506 1142; x_wconf 88' lang='lat' dir='ltr'><strong>si</strong></span> 
     </span>
    </p>
   </div>
   <div class='ocr_carea' id='block_1_27' title="bbox 1907 1175 3506 1248">
    <p class='ocr_par' dir='ltr' id='par_1_27' title="bbox 1907 1175 3506 1248">
     <span class='ocr_line' id='line_1_27' title="bbox 1907 1175 3506 1248; baseline 0.001 -19"><span class='ocrx_word' id='word_1_202' title='bbox 1907 1176 2164 1231; x_wconf 83' lang='lat' dir='ltr'><strong>misertus</strong></span> <span class='ocrx_word' id='word_1_203' title='bbox 2194 1175 2312 1244; x_wconf 86' lang='lat' dir='ltr'><strong>ejus</strong></span> <span class='ocrx_word' id='word_1_204' title='bbox 2340 1175 2492 1231; x_wconf 84' lang='lat' dir='ltr'><strong>fuero</strong></span> <span class='ocrx_word' id='word_1_205' title='bbox 2520 1218 2534 1242; x_wconf 91' lang='lat'><strong>,</strong></span> <span class='ocrx_word' id='word_1_206' title='bbox 2566 1177 2792 1246; x_wconf 87' lang='lat' dir='ltr'><strong>incipiat</strong></span> <span class='ocrx_word' id='word_1_207' title='bbox 2821 1180 3035 1232; x_wconf 86' lang='lat' dir='ltr'><strong>nescire</strong></span> <span class='ocrx_word' id='word_1_208' title='bbox 3068 1178 3338 1248; x_wconf 89' lang='lat' dir='ltr'><strong>justitiam</strong></span> <span class='ocrx_word' id='word_1_209' title='bbox 3367 1219 3380 1240; x_wconf 91' lang='lat'><strong>,</strong></span> <span class='ocrx_word' id='word_1_210' title='bbox 3414 1179 3506 1242; x_wconf 93' lang='lat' dir='ltr'><strong>qui</strong></span> 
     </span>
    </p>
   </div>
   <div class='ocr_carea' id='block_1_28' title="bbox 1909 1267 3503 1340">
    <p class='ocr_par' dir='ltr' id='par_1_28' title="bbox 1909 1267 3503 1340">
     <span class='ocr_line' id='line_1_28' title="bbox 1909 1267 3503 1340; baseline 0.001 -20"><span class='ocrx_word' id='word_1_211' title='bbox 1909 1267 1962 1320; x_wconf 89' lang='lat' dir='ltr'><strong>in</strong></span> <span class='ocrx_word' id='word_1_212' title='bbox 1993 1273 2142 1321; x_wconf 87' lang='lat' dir='ltr'><strong>terra</strong></span> <span class='ocrx_word' id='word_1_213' title='bbox 2168 1276 2477 1322; x_wconf 82' lang='lat' dir='ltr'><strong>sanctorum</strong></span> <span class='ocrx_word' id='word_1_214' title='bbox 2498 1269 2684 1338; x_wconf 91' lang='lat' dir='ltr'><strong>inique</strong></span> <span class='ocrx_word' id='word_1_215' title='bbox 2704 1270 2868 1338; x_wconf 83' lang='lat' dir='ltr'><strong>gessit</strong></span> <span class='ocrx_word' id='word_1_216' title='bbox 2888 1285 2904 1334; x_wconf 86' lang='lat'><strong>;</strong></span> <span class='ocrx_word' id='word_1_217' title='bbox 2924 1285 3024 1338; x_wconf 85' lang='lat' dir='ltr'><strong>ego</strong></span> <span class='ocrx_word' id='word_1_218' title='bbox 3051 1270 3143 1324; x_wconf 89' lang='lat' dir='ltr'><strong>tibi</strong></span> <span class='ocrx_word' id='word_1_219' title='bbox 3173 1269 3503 1340; x_wconf 76' lang='lat' dir='ltr'><strong>respondeo,</strong></span> 
     </span>
    </p>
   </div>
   <div class='ocr_carea' id='block_1_29' title="bbox 1910 1361 3509 1441">
    <p class='ocr_par' dir='ltr' id='par_1_29' title="bbox 1910 1361 3509 1441">
     <span class='ocr_line' id='line_1_29' title="bbox 1910 1361 3509 1441; baseline 0.001 -25"><span class='ocrx_word' id='word_1_220' title='bbox 1910 1375 2112 1430; x_wconf 78' lang='lat' dir='ltr'><strong>ergone</strong></span> <span class='ocrx_word' id='word_1_221' title='bbox 2140 1361 2370 1430; x_wconf 79' lang='lat' dir='ltr'><strong>gloriam</strong></span> <span class='ocrx_word' id='word_1_222' title='bbox 2400 1361 2615 1415; x_wconf 87' lang='lat' dir='ltr'><strong>Domini</strong></span> <span class='ocrx_word' id='word_1_223' title='bbox 2643 1378 2751 1416; x_wconf 91' lang='lat' dir='ltr'><strong>non</strong></span> <span class='ocrx_word' id='word_1_224' title='bbox 2786 1362 3033 1418; x_wconf 83' lang='lat' dir='ltr'><strong>videbit?</strong></span> <span class='ocrx_word' id='word_1_225' title='bbox 3060 1379 3192 1434; x_wconf 84' lang='lat' dir='ltr'><strong>ergo</strong></span> <span class='ocrx_word' id='word_1_226' title='bbox 3212 1379 3341 1441; x_wconf 79' lang='lat' dir='ltr'><strong>non</strong></span> <span class='ocrx_word' id='word_1_227' title='bbox 3369 1362 3388 1435; x_wconf 90' lang='lat'>[</span> <span class='ocrx_word' id='word_1_228' title='bbox 3420 1362 3509 1417; x_wconf 80' lang='lat' dir='ltr'><strong>Al.</strong></span> 
     </span>
    </p>
   </div>
   <div class='ocr_carea' id='block_1_30' title="bbox 1911 1451 3518 1525">
    <p class='ocr_par' dir='ltr' id='par_1_30' title="bbox 1911 1451 3518 1525">
     <span class='ocr_line' id='line_1_30' title="bbox 1911 1451 3518 1525; baseline 0.002 -19"><span class='ocrx_word' id='word_1_229' title='bbox 1911 1451 2136 1524; x_wconf 89' lang='lat' dir='ltr'><strong>ergone]</strong></span> <span class='ocrx_word' id='word_1_230' title='bbox 2169 1461 2356 1507; x_wconf 81' lang='lat' dir='ltr'><strong>cernet</strong></span> <span class='ocrx_word' id='word_1_231' title='bbox 2381 1453 2688 1522; x_wconf 86' lang='lat' dir='ltr'><strong>triumphos</strong></span> <span class='ocrx_word' id='word_1_232' title='bbox 2720 1468 2898 1519; x_wconf 88' lang='lat' dir='ltr'><strong>meos,</strong></span> <span class='ocrx_word' id='word_1_233' title='bbox 2922 1455 3011 1524; x_wconf 87' lang='lat' dir='ltr'><strong>qui</strong></span> <span class='ocrx_word' id='word_1_234' title='bbox 3043 1457 3214 1525; x_wconf 86' lang='lat' dir='ltr'><strong>magis</strong></span> <span class='ocrx_word' id='word_1_235' title='bbox 3244 1470 3330 1510; x_wconf 89' lang='lat' dir='ltr'><strong>me</strong></span> <span class='ocrx_word' id='word_1_236' title='bbox 3351 1455 3518 1512; x_wconf 63' lang='lat' dir='ltr'><strong>debet</strong></span> 
     </span>
    </p>
   </div>
   <div class='ocr_carea' id='block_1_31' title="bbox 1913 1543 3521 1615">
    <p class='ocr_par' dir='ltr' id='par_1_31' title="bbox 1913 1543 3521 1615">
     <span class='ocr_line' id='line_1_31' title="bbox 1913 1543 3521 1615; baseline 0.002 -17"><span class='ocrx_word' id='word_1_237' title='bbox 1913 1543 2100 1598; x_wconf 84' lang='lat' dir='ltr'><strong>videre</strong></span> <span class='ocrx_word' id='word_1_238' title='bbox 2128 1553 2451 1614; x_wconf 87' lang='lat' dir='ltr'><strong>regnantem</strong></span> <span class='ocrx_word' id='word_1_239' title='bbox 2478 1584 2494 1610; x_wconf 90' lang='lat'><strong>,</strong></span> <span class='ocrx_word' id='word_1_240' title='bbox 2529 1553 2587 1597; x_wconf 92' lang='lat' dir='ltr'><strong>ut</strong></span> <span class='ocrx_word' id='word_1_241' title='bbox 2616 1545 2753 1599; x_wconf 89' lang='lat' dir='ltr'><strong>sciat</strong></span> <span class='ocrx_word' id='word_1_242' title='bbox 2796 1557 3001 1615; x_wconf 91' lang='lat' dir='ltr'><strong>quanto</strong></span> <span class='ocrx_word' id='word_1_243' title='bbox 3031 1546 3176 1600; x_wconf 92' lang='lat' dir='ltr'><strong>bono</strong></span> <span class='ocrx_word' id='word_1_244' title='bbox 3205 1546 3435 1602; x_wconf 80' lang='lat' dir='ltr'><strong>careat?</strong></span> <span class='ocrx_word' id='word_1_245' title='bbox 3463 1556 3521 1603; x_wconf 89' lang='lat' dir='ltr'><strong>et</strong></span> 
     </span>
    </p>
   </div>
   <div class='ocr_carea' id='block_1_32' title="bbox 1916 1633 3520 1706">
    <p class='ocr_par' dir='ltr' id='par_1_32' title="bbox 1916 1633 3520 1706">
     <span class='ocr_line' id='line_1_32' title="bbox 1916 1633 3520 1706; baseline 0.004 -19"><span class='ocrx_word' id='word_1_246' title='bbox 1916 1633 2020 1688; x_wconf 91' lang='lat' dir='ltr'><strong>hoc</strong></span> <span class='ocrx_word' id='word_1_247' title='bbox 2052 1633 2294 1704; x_wconf 86' lang='lat' dir='ltr'><strong>pressius</strong></span> <span class='ocrx_word' id='word_1_248' title='bbox 2324 1649 2463 1690; x_wconf 89' lang='lat' dir='ltr'><strong>voce</strong></span> <span class='ocrx_word' id='word_1_249' title='bbox 2506 1635 2896 1706; x_wconf 81' lang='lat' dir='ltr'><strong>interrogantis</strong></span> <span class='ocrx_word' id='word_1_250' title='bbox 2942 1636 3233 1705; x_wconf 83' lang='lat' dir='ltr'><strong>legendum</strong></span> <span class='ocrx_word' id='word_1_251' title='bbox 3283 1647 3386 1693; x_wconf 90' lang='lat' dir='ltr'><strong>est.</strong></span> <span class='ocrx_word' id='word_1_252' title='bbox 3433 1637 3520 1694; x_wconf 83' lang='lat' dir='ltr'><strong>Ad</strong></span> 
     </span>
    </p>
   </div>
   <div class='ocr_carea' id='block_1_33' title="bbox 1917 1727 3522 1800">
    <p class='ocr_par' dir='ltr' id='par_1_33' title="bbox 1917 1727 3522 1800">
     <span class='ocr_line' id='line_1_33' title="bbox 1917 1727 3522 1800; baseline 0.002 -17"><span class='ocrx_word' id='word_1_253' title='bbox 1917 1727 2060 1800; x_wconf 90' lang='lat' dir='ltr'><strong>quod</strong></span> <span class='ocrx_word' id='word_1_254' title='bbox 2091 1728 2362 1796; x_wconf 81' lang='lat' dir='ltr'><strong>Propheta</strong></span> <span class='ocrx_word' id='word_1_255' title='bbox 2393 1729 2678 1798; x_wconf 84' lang='lat' dir='ltr'><strong>respondit</strong></span> <span class='ocrx_word' id='word_1_256' title='bbox 2706 1747 2718 1780; x_wconf 90' lang='lat'>:</span> <span class='ocrx_word' id='word_1_257' title='bbox 2757 1729 3008 1795; x_wconf 86' lang='lat' dir='ltr'><strong>Domine,</strong></span> <span class='ocrx_word' id='word_1_258' title='bbox 3032 1729 3301 1783; x_wconf 82' lang='lat' dir='ltr'><strong>exaltetur</strong></span> <span class='ocrx_word' id='word_1_259' title='bbox 3328 1744 3522 1786; x_wconf 86' lang='lat' dir='ltr'><strong>manus</strong></span> 
     </span>
    </p>
   </div>
   <div class='ocr_carea' id='block_1_34' title="bbox 202 1814 3521 1893">
    <p class='ocr_par' dir='ltr' id='par_1_34' title="bbox 202 1814 3521 1893">
     <span class='ocr_line' id='line_1_34' title="bbox 202 1814 3521 1893; baseline 0.003 -29"><span class='ocrx_word' id='word_1_260' title='bbox 202 1821 388 1867; x_wconf 88' lang='lat' dir='ltr'><strong>sensus</strong></span> <span class='ocrx_word' id='word_1_261' title='bbox 415 1829 428 1865; x_wconf 92' lang='lat'>:</span> <span class='ocrx_word' id='word_1_262' title='bbox 477 1814 661 1885; x_wconf 88' lang='lat' dir='ltr'><strong>magis</strong></span> <span class='ocrx_word' id='word_1_263' title='bbox 713 1815 913 1885; x_wconf 88' lang='lat' dir='ltr'><strong>impius</strong></span> <span class='ocrx_word' id='word_1_264' title='bbox 960 1818 1390 1874; x_wconf 89' lang='lat' dir='ltr'><strong>misericordiam</strong></span> <span class='ocrx_word' id='word_1_265' title='bbox 1423 1833 1812 1893; x_wconf 88' lang='lat' dir='ltr'><strong>consequatur,</strong></span> <span class='ocrx_word' id='word_1_266' title='bbox 1847 1822 1895 1883; x_wconf 92' lang='lat' dir='ltr'><strong>B</strong></span> <span class='ocrx_word' id='word_1_267' title='bbox 1925 1833 2015 1879; x_wconf 91' lang='lat' dir='ltr'><strong>tua</strong></span> <span class='ocrx_word' id='word_1_268' title='bbox 2041 1866 2058 1889; x_wconf 93' lang='lat'><strong>,</strong></span> <span class='ocrx_word' id='word_1_269' title='bbox 2087 1831 2146 1879; x_wconf 93' lang='lat' dir='ltr'><strong>et</strong></span> <span class='ocrx_word' id='word_1_270' title='bbox 2166 1823 2500 1878; x_wconf 81' lang='lat' dir='ltr'><strong>extendatur</strong></span> <span class='ocrx_word' id='word_1_271' title='bbox 2529 1822 2594 1877; x_wconf 85' lang='lat' dir='ltr'><strong>ad</strong></span> <span class='ocrx_word' id='word_1_272' title='bbox 2642 1821 3056 1891; x_wconf 88' lang='lat' dir='ltr'><strong>percutiendum</strong></span> <span class='ocrx_word' id='word_1_273' title='bbox 3081 1862 3098 1889; x_wconf 95' lang='lat'><strong>,</strong></span> <span class='ocrx_word' id='word_1_274' title='bbox 3127 1833 3187 1876; x_wconf 90' lang='lat' dir='ltr'><strong>ut</strong></span> <span class='ocrx_word' id='word_1_275' title='bbox 3216 1835 3266 1878; x_wconf 91' lang='lat' dir='ltr'><strong>te</strong></span> <span class='ocrx_word' id='word_1_276' title='bbox 3298 1838 3404 1877; x_wconf 90' lang='lat' dir='ltr'><strong>non</strong></span> <span class='ocrx_word' id='word_1_277' title='bbox 3438 1822 3521 1877; x_wconf 85' lang='lat' dir='ltr'><strong>vi-</strong></span> 
     </span>
    </p>
   </div>
   <div class='ocr_carea' id='block_1_35' title="bbox 196 1906 1818 1986">
    <p class='ocr_par' dir='ltr' id='par_1_35' title="bbox 196 1906 1818 1986">
     <span class='ocr_line' id='line_1_35' title="bbox 196 1906 1818 1986; baseline 0.006 -25"><span class='ocrx_word' id='word_1_278' title='bbox 196 1914 251 1961; x_wconf 88' lang='lat' dir='ltr'><strong>et</strong></span> <span class='ocrx_word' id='word_1_279' title='bbox 277 1906 825 1965; x_wconf 86' lang='lat' dir='ltr'><strong>diseatclemeutiam</strong></span> <span class='ocrx_word' id='word_1_280' title='bbox 848 1927 1059 1973; x_wconf 83' lang='lat' dir='ltr'><strong>meam;</strong></span> <span class='ocrx_word' id='word_1_281' title='bbox 1087 1922 1112 1950; x_wconf 74' lang='grc' dir='ltr'><strong>ει</strong></span> <span class='ocrx_word' id='word_1_282' title='bbox 1139 1913 1266 1968; x_wconf 90' lang='lat' dir='ltr'><strong>dum</strong></span> <span class='ocrx_word' id='word_1_283' title='bbox 1295 1915 1464 1970; x_wconf 88' lang='lat' dir='ltr'><strong>etiam</strong></span> <span class='ocrx_word' id='word_1_284' title='bbox 1495 1915 1610 1986; x_wconf 88' lang='lat' dir='ltr'><strong>ipse</strong></span> <span class='ocrx_word' id='word_1_285' title='bbox 1641 1917 1818 1971; x_wconf 83' lang='lat' dir='ltr'><strong>salva-</strong></span> 
     </span>
    </p>
   </div>
   <div class='ocr_carea' id='block_1_36' title="bbox 201 1998 1820 2076">
    <p class='ocr_par' dir='ltr' id='par_1_36' title="bbox 201 1998 1820 2076">
     <span class='ocr_line' id='line_1_36' title="bbox 201 1998 1820 2076; baseline 0.008 -26"><span class='ocrx_word' id='word_1_286' title='bbox 201 2003 303 2054; x_wconf 88' lang='lat' dir='ltr'><strong>tur.</strong></span> <span class='ocrx_word' id='word_1_287' title='bbox 335 1998 702 2072; x_wconf 75' lang='lat' dir='ltr'><strong>Rursumque</strong></span> <span class='ocrx_word' id='word_1_288' title='bbox 729 2003 969 2072; x_wconf 83' lang='lat' dir='ltr'><strong>l0quenti</strong></span> <span class='ocrx_word' id='word_1_289' title='bbox 995 2005 1248 2072; x_wconf 91' lang='lat' dir='ltr'><strong>Domino,</strong></span> <span class='ocrx_word' id='word_1_290' title='bbox 1272 2022 1338 2061; x_wconf 83' lang='lat' dir='ltr'><strong>ex</strong></span> <span class='ocrx_word' id='word_1_291' title='bbox 1370 2023 1604 2076; x_wconf 88' lang='lat' dir='ltr'><strong>persona</strong></span> <span class='ocrx_word' id='word_1_292' title='bbox 1629 2008 1820 2064; x_wconf 89' lang='lat' dir='ltr'><strong>huma-</strong></span> 
     </span>
    </p>
   </div>
   <div class='ocr_carea' id='block_1_37' title="bbox 193 2091 1820 2168">
    <p class='ocr_par' dir='ltr' id='par_1_37' title="bbox 193 2091 1820 2168">
     <span class='ocr_line' id='line_1_37' title="bbox 193 2091 1820 2168; baseline 0.005 -25"><span class='ocrx_word' id='word_1_293' title='bbox 193 2103 274 2144; x_wconf 75' lang='lat' dir='ltr'><strong>na:</strong></span> <span class='ocrx_word' id='word_1_294' title='bbox 317 2091 695 2161; x_wconf 70' lang='lat' dir='ltr'><strong>impatientia:</strong></span> <span class='ocrx_word' id='word_1_295' title='bbox 741 2093 1013 2162; x_wconf 86' lang='lat' dir='ltr'><strong>Pr0plteta</strong></span> <span class='ocrx_word' id='word_1_296' title='bbox 1057 2097 1339 2168; x_wconf 90' lang='lat' dir='ltr'><strong>respondit</strong></span> <span class='ocrx_word' id='word_1_297' title='bbox 1373 2115 1385 2150; x_wconf 93' lang='lat'>:</span> <span class='ocrx_word' id='word_1_298' title='bbox 1416 2096 1485 2152; x_wconf 88' lang='lat' dir='ltr'><strong>Et</strong></span> <span class='ocrx_word' id='word_1_299' title='bbox 1517 2116 1619 2154; x_wconf 87' lang='lat' dir='ltr'><strong>non</strong></span> <span class='ocrx_word' id='word_1_300' title='bbox 1660 2098 1820 2153; x_wconf 72' lang='lat' dir='ltr'><strong>discet</strong></span> 
     </span>
    </p>
   </div>
   <div class='ocr_carea' id='block_1_38' title="bbox 187 2182 1818 2260">
    <p class='ocr_par' dir='ltr' id='par_1_38' title="bbox 187 2182 1818 2260">
     <span class='ocr_line' id='line_1_38' title="bbox 187 2182 1818 2260; baseline 0.007 -27"><span class='ocrx_word' id='word_1_301' title='bbox 187 2182 464 2252; x_wconf 77' lang='lat' dir='ltr'><strong>justitiam.</strong></span> <span class='ocrx_word' id='word_1_302' title='bbox 497 2184 720 2256; x_wconf 76' lang='lat' dir='ltr'><strong>Estque</strong></span> <span class='ocrx_word' id='word_1_303' title='bbox 757 2201 994 2243; x_wconf 89' lang='lat' dir='ltr'><strong>sensus:</strong></span> <span class='ocrx_word' id='word_1_304' title='bbox 1035 2197 1092 2243; x_wconf 89' lang='lat' dir='ltr'><strong>et</strong></span> <span class='ocrx_word' id='word_1_305' title='bbox 1127 2191 1404 2259; x_wconf 92' lang='lat' dir='ltr'><strong>quomodo</strong></span> <span class='ocrx_word' id='word_1_306' title='bbox 1432 2191 1629 2260; x_wconf 86' lang='lat' dir='ltr'><strong>poterit</strong></span> <span class='ocrx_word' id='word_1_307' title='bbox 1675 2200 1818 2245; x_wconf 88' lang='lat' dir='ltr'><strong>tuam</strong></span> 
     </span>
    </p>
   </div>
   <div class='ocr_carea' id='block_1_39' title="bbox 189 2274 1825 2351">
    <p class='ocr_par' dir='ltr' id='par_1_39' title="bbox 189 2274 1825 2351">
     <span class='ocr_line' id='line_1_39' title="bbox 189 2274 1825 2351; baseline 0.006 -25"><span class='ocrx_word' id='word_1_308' title='bbox 189 2286 350 2328; x_wconf 88' lang='lat' dir='ltr'><strong>nosse</strong></span> <span class='ocrx_word' id='word_1_309' title='bbox 375 2274 693 2345; x_wconf 84' lang='lat' dir='ltr'><strong>justitiam,</strong></span> <span class='ocrx_word' id='word_1_310' title='bbox 735 2279 779 2332; x_wconf 90' lang='lat' dir='ltr'><strong>si</strong></span> <span class='ocrx_word' id='word_1_311' title='bbox 811 2287 1021 2333; x_wconf 89' lang='lat' dir='ltr'><strong>tantum</strong></span> <span class='ocrx_word' id='word_1_312' title='bbox 1053 2280 1402 2335; x_wconf 89' lang='lat' dir='ltr'><strong>clementiam</strong></span> <span class='ocrx_word' id='word_1_313' title='bbox 1433 2283 1594 2336; x_wconf 91' lang='lat' dir='ltr'><strong>luerit</strong></span> <span class='ocrx_word' id='word_1_314' title='bbox 1628 2297 1825 2351; x_wconf 78' lang='lat' dir='ltr'><strong>exper-</strong></span> 
     </span>
    </p>
   </div>
   <div class='ocr_carea' id='block_1_40' title="bbox 191 2365 1822 2447">
    <p class='ocr_par' dir='ltr' id='par_1_40' title="bbox 191 2365 1822 2447">
     <span class='ocr_line' id='line_1_40' title="bbox 191 2365 1822 2447; baseline 0.01 -30"><span class='ocrx_word' id='word_1_315' title='bbox 191 2365 317 2420; x_wconf 85' lang='lat' dir='ltr'><strong>tus?</strong></span> <span class='ocrx_word' id='word_1_316' title='bbox 347 2366 674 2441; x_wconf 66' lang='lat' dir='ltr'><strong>liedditque</strong></span> <span class='ocrx_word' id='word_1_317' title='bbox 693 2383 908 2437; x_wconf 89' lang='lat' dir='ltr'><strong>causas,</strong></span> <span class='ocrx_word' id='word_1_318' title='bbox 928 2387 1097 2442; x_wconf 90' lang='lat' dir='ltr'><strong>quare</strong></span> <span class='ocrx_word' id='word_1_319' title='bbox 1126 2388 1251 2429; x_wconf 92' lang='lat' dir='ltr'><strong>eum</strong></span> <span class='ocrx_word' id='word_1_320' title='bbox 1281 2375 1413 2430; x_wconf 80' lang='lat' dir='ltr'><strong>velit</strong></span> <span class='ocrx_word' id='word_1_321' title='bbox 1447 2375 1537 2431; x_wconf 93' lang='lat' dir='ltr'><strong>Dei</strong></span> <span class='ocrx_word' id='word_1_322' title='bbox 1555 2376 1822 2447; x_wconf 83' lang='lat' dir='ltr'><strong>justitiam</strong></span> 
     </span>
    </p>
   </div>
   <div class='ocr_carea' id='block_1_41' title="bbox 186 2457 1826 2540">
    <p class='ocr_par' dir='ltr' id='par_1_41' title="bbox 186 2457 1826 2540">
     <span class='ocr_line' id='line_1_41' title="bbox 186 2457 1826 2540; baseline 0.009 -28"><span class='ocrx_word' id='word_1_323' title='bbox 186 2457 400 2518; x_wconf 86' lang='lat' dir='ltr'><strong>discere</strong></span> <span class='ocrx_word' id='word_1_324' title='bbox 444 2464 632 2535; x_wconf 88' lang='lat' dir='ltr'><strong>:quia</strong></span> <span class='ocrx_word' id='word_1_325' title='bbox 673 2463 727 2519; x_wconf 90' lang='lat' dir='ltr'><strong>in</strong></span> <span class='ocrx_word' id='word_1_326' title='bbox 777 2473 922 2521; x_wconf 82' lang='lat' dir='ltr'><strong>terra</strong></span> <span class='ocrx_word' id='word_1_327' title='bbox 955 2475 1268 2522; x_wconf 87' lang='lat' dir='ltr'><strong>sanctorum</strong></span> <span class='ocrx_word' id='word_1_328' title='bbox 1318 2468 1503 2540; x_wconf 90' lang='lat' dir='ltr'><strong>inique</strong></span> <span class='ocrx_word' id='word_1_329' title='bbox 1550 2470 1744 2540; x_wconf 81' lang='lat' dir='ltr'><strong>gessit,</strong></span> <span class='ocrx_word' id='word_1_330' title='bbox 1769 2479 1826 2526; x_wconf 90' lang='lat' dir='ltr'><strong>et</strong></span> 
     </span>
    </p>
   </div>
   <div class='ocr_carea' id='block_1_42' title="bbox 189 2559 1825 2630">
    <p class='ocr_par' dir='ltr' id='par_1_42' title="bbox 189 2559 1825 2630">
     <span class='ocr_line' id='line_1_42' title="bbox 189 2559 1825 2630; baseline 0.007 -24"><span class='ocrx_word' id='word_1_331' title='bbox 189 2564 380 2609; x_wconf 88' lang='lat' dir='ltr'><strong>contra</strong></span> <span class='ocrx_word' id='word_1_332' title='bbox 422 2567 664 2612; x_wconf 88' lang='lat' dir='ltr'><strong>sanctos</strong></span> <span class='ocrx_word' id='word_1_333' title='bbox 706 2565 832 2614; x_wconf 90' lang='lat' dir='ltr'><strong>tuos</strong></span> <span class='ocrx_word' id='word_1_334' title='bbox 857 2559 1060 2630; x_wconf 89' lang='lat' dir='ltr'><strong>jugiter</strong></span> <span class='ocrx_word' id='word_1_335' title='bbox 1078 2559 1383 2629; x_wconf 87' lang='lat' dir='ltr'><strong>dimicavit,</strong></span> <span class='ocrx_word' id='word_1_336' title='bbox 1415 2562 1578 2618; x_wconf 89' lang='lat' dir='ltr'><strong>debet</strong></span> <span class='ocrx_word' id='word_1_337' title='bbox 1618 2564 1825 2618; x_wconf 86' lang='lat' dir='ltr'><strong>sentire</strong></span> 
     </span>
    </p>
   </div>
   <div class='ocr_carea' id='block_1_43' title="bbox 187 2649 1828 2726">
    <p class='ocr_par' dir='ltr' id='par_1_43' title="bbox 187 2649 1828 2726">
     <span class='ocr_line' id='line_1_43' title="bbox 187 2649 1828 2726; baseline 0.009 -27"><span class='ocrx_word' id='word_1_338' title='bbox 187 2655 495 2704; x_wconf 83' lang='lat' dir='ltr'><strong>termeuta.</strong></span> <span class='ocrx_word' id='word_1_339' title='bbox 534 2649 898 2723; x_wconf 80' lang='lat' dir='ltr'><strong>Rursumque</strong></span> <span class='ocrx_word' id='word_1_340' title='bbox 925 2653 1190 2710; x_wconf 82' lang='lat' dir='ltr'><strong>Dominus</strong></span> <span class='ocrx_word' id='word_1_341' title='bbox 1237 2657 1566 2712; x_wconf 88' lang='lat' dir='ltr'><strong>sententiam</strong></span> <span class='ocrx_word' id='word_1_342' title='bbox 1621 2667 1828 2726; x_wconf 84' lang='lat' dir='ltr'><strong>tempe-</strong></span> 
     </span>
    </p>
   </div>
   <div class='ocr_carea' id='block_1_44' title="bbox 1922 1913 3526 1985">
    <p class='ocr_par' dir='ltr' id='par_1_44' title="bbox 1922 1913 3526 1985">
     <span class='ocr_line' id='line_1_44' title="bbox 1922 1913 3526 1985; baseline -0.001 -14"><span class='ocrx_word' id='word_1_343' title='bbox 1922 1916 2086 1971; x_wconf 90' lang='lat' dir='ltr'><strong>deant</strong></span> <span class='ocrx_word' id='word_1_344' title='bbox 2117 1914 2269 1985; x_wconf 90' lang='lat' dir='ltr'><strong>impii</strong></span> <span class='ocrx_word' id='word_1_345' title='bbox 2296 1955 2312 1982; x_wconf 89' lang='lat'><strong>,</strong></span> <span class='ocrx_word' id='word_1_346' title='bbox 2344 1922 2400 1968; x_wconf 85' lang='lat' dir='ltr'><strong>et</strong></span> <span class='ocrx_word' id='word_1_347' title='bbox 2422 1923 2526 1969; x_wconf 72' lang='lat' dir='ltr'><strong>tua:</strong></span> <span class='ocrx_word' id='word_1_348' title='bbox 2554 1914 2766 1983; x_wconf 65' lang='lat' dir='ltr'><strong>glorim,</strong></span> <span class='ocrx_word' id='word_1_349' title='bbox 2805 1930 2874 1968; x_wconf 89' lang='lat' dir='ltr'><strong>ne</strong></span> <span class='ocrx_word' id='word_1_350' title='bbox 2900 1913 2968 1968; x_wconf 90' lang='lat' dir='ltr'><strong>ad</strong></span> <span class='ocrx_word' id='word_1_351' title='bbox 3002 1915 3377 1984; x_wconf 63' lang='lat' dir='ltr'><strong>paenitendum</strong></span> <span class='ocrx_word' id='word_1_352' title='bbox 3403 1916 3526 1983; x_wconf 86' lang='lat' dir='ltr'><strong>qui-</strong></span> 
     </span>
    </p>
   </div>
   <div class='ocr_carea' id='block_1_45' title="bbox 1922 2003 3520 2075">
    <p class='ocr_par' dir='ltr' id='par_1_45' title="bbox 1922 2003 3520 2075">
     <span class='ocr_line' id='line_1_45' title="bbox 1922 2003 3520 2075; baseline -0.001 -13"><span class='ocrx_word' id='word_1_353' title='bbox 1922 2007 2047 2062; x_wconf 91' lang='lat' dir='ltr'><strong>dem</strong></span> <span class='ocrx_word' id='word_1_354' title='bbox 2074 2048 2090 2070; x_wconf 92' lang='lat'><strong>,</strong></span> <span class='ocrx_word' id='word_1_355' title='bbox 2123 2005 2328 2062; x_wconf 87' lang='lat' dir='ltr'><strong>lumine</strong></span> <span class='ocrx_word' id='word_1_356' title='bbox 2360 2007 2734 2075; x_wconf 79' lang='lat' dir='ltr'><strong>perfruantur.</strong></span> <span class='ocrx_word' id='word_1_357' title='bbox 2763 2003 2865 2060; x_wconf 88' lang='lat' dir='ltr'><strong>Cui</strong></span> <span class='ocrx_word' id='word_1_358' title='bbox 2901 2005 3186 2074; x_wconf 67' lang='lat' dir='ltr'><strong>restiondit</strong></span> <span class='ocrx_word' id='word_1_359' title='bbox 3220 2007 3520 2062; x_wconf 86' lang='lat' dir='ltr'><strong>Dominus:</strong></span> 
     </span>
    </p>
   </div>
   <div class='ocr_carea' id='block_1_46' title="bbox 1923 2096 3526 2169">
    <p class='ocr_par' dir='ltr' id='par_1_46' title="bbox 1923 2096 3526 2169">
     <span class='ocr_line' id='line_1_46' title="bbox 1923 2096 3526 2169; baseline 0.001 -17"><span class='ocrx_word' id='word_1_360' title='bbox 1923 2097 2158 2154; x_wconf 77' lang='lat' dir='ltr'><strong>Videant</strong></span> <span class='ocrx_word' id='word_1_361' title='bbox 2179 2098 2354 2168; x_wconf 87' lang='lat' dir='ltr'><strong>magis</strong></span> <span class='ocrx_word' id='word_1_362' title='bbox 2380 2108 2430 2153; x_wconf 91' lang='lat' dir='ltr'><strong>et</strong></span> <span class='ocrx_word' id='word_1_363' title='bbox 2455 2096 2889 2165; x_wconf 82' lang='lat' dir='ltr'><strong>confundantur,</strong></span> <span class='ocrx_word' id='word_1_364' title='bbox 2920 2099 3007 2153; x_wconf 86' lang='lat' dir='ltr'><strong>vel</strong></span> <span class='ocrx_word' id='word_1_365' title='bbox 3033 2098 3184 2154; x_wconf 87' lang='lat' dir='ltr'><strong>zelus</strong></span> <span class='ocrx_word' id='word_1_366' title='bbox 3205 2099 3417 2169; x_wconf 89' lang='lat' dir='ltr'><strong>populi,</strong></span> <span class='ocrx_word' id='word_1_367' title='bbox 3441 2099 3526 2154; x_wconf 87' lang='lat' dir='ltr'><strong>vel</strong></span> 
     </span>
    </p>
   </div>
   <div class='ocr_carea' id='block_1_47' title="bbox 1924 2189 3530 2261">
    <p class='ocr_par' dir='ltr' id='par_1_47' title="bbox 1924 2189 3530 2261">
     <span class='ocr_line' id='line_1_47' title="bbox 1924 2189 3530 2261; baseline -0.001 -14"><span class='ocrx_word' id='word_1_368' title='bbox 1924 2193 2168 2248; x_wconf 84' lang='lat' dir='ltr'><strong>zelantes</strong></span> <span class='ocrx_word' id='word_1_369' title='bbox 2200 2191 2422 2261; x_wconf 91' lang='lat' dir='ltr'><strong>populi,</strong></span> <span class='ocrx_word' id='word_1_370' title='bbox 2453 2198 2513 2244; x_wconf 90' lang='lat' dir='ltr'><strong>et</strong></span> <span class='ocrx_word' id='word_1_371' title='bbox 2541 2191 2682 2260; x_wconf 88' lang='lat' dir='ltr'><strong>ignis</strong></span> <span class='ocrx_word' id='word_1_372' title='bbox 2729 2189 3078 2246; x_wconf 82' lang='lat' dir='ltr'><strong>adversarios</strong></span> <span class='ocrx_word' id='word_1_373' title='bbox 3119 2202 3243 2246; x_wconf 91' lang='lat' dir='ltr'><strong>tuos</strong></span> <span class='ocrx_word' id='word_1_374' title='bbox 3272 2233 3287 2257; x_wconf 90' lang='lat'><strong>,</strong></span> <span class='ocrx_word' id='word_1_375' title='bbox 3319 2191 3370 2245; x_wconf 92' lang='lat' dir='ltr'><strong>id</strong></span> <span class='ocrx_word' id='word_1_376' title='bbox 3403 2201 3530 2260; x_wconf 89' lang='lat' dir='ltr'><strong>est,</strong></span> 
     </span>
    </p>
   </div>
   <div class='ocr_carea' id='block_1_48' title="bbox 1925 2282 3524 2353">
    <p class='ocr_par' dir='ltr' id='par_1_48' title="bbox 1925 2282 3524 2353">
     <span class='ocr_line' id='line_1_48' title="bbox 1925 2282 3524 2353; baseline -0.001 -14"><span class='ocrx_word' id='word_1_377' title='bbox 1925 2293 2239 2339; x_wconf 88' lang='lat' dir='ltr'><strong>sanctorum</strong></span> <span class='ocrx_word' id='word_1_378' title='bbox 2293 2283 2520 2353; x_wconf 91' lang='lat' dir='ltr'><strong>populi,</strong></span> <span class='ocrx_word' id='word_1_379' title='bbox 2569 2282 2798 2336; x_wconf 86' lang='lat' dir='ltr'><strong>devoret</strong></span> <span class='ocrx_word' id='word_1_380' title='bbox 2843 2292 3005 2351; x_wconf 87' lang='lat' dir='ltr'><strong>atque</strong></span> <span class='ocrx_word' id='word_1_381' title='bbox 3035 2291 3340 2337; x_wconf 77' lang='lat' dir='ltr'><strong>consumat.</strong></span> <span class='ocrx_word' id='word_1_382' title='bbox 3376 2282 3524 2352; x_wconf 74' lang='lat' dir='ltr'><strong>Ignis</strong></span> 
     </span>
    </p>
   </div>
   <div class='ocr_carea' id='block_1_49' title="bbox 1926 2372 3530 2443">
    <p class='ocr_par' dir='ltr' id='par_1_49' title="bbox 1926 2372 3530 2443">
     <span class='ocr_line' id='line_1_49' title="bbox 1926 2372 3530 2443; baseline -0.001 -12"><span class='ocrx_word' id='word_1_383' title='bbox 1926 2387 2107 2431; x_wconf 85' lang='lat' dir='ltr'><strong>autem</strong></span> <span class='ocrx_word' id='word_1_384' title='bbox 2138 2374 2471 2443; x_wconf 58' lang='lat' dir='ltr'><strong>paenitentia:</strong></span> <span class='ocrx_word' id='word_1_385' title='bbox 2492 2412 2506 2433; x_wconf 87' lang='lat'><strong>,</strong></span> <span class='ocrx_word' id='word_1_386' title='bbox 2538 2372 2628 2442; x_wconf 92' lang='lat' dir='ltr'><strong>qui</strong></span> <span class='ocrx_word' id='word_1_387' title='bbox 2651 2388 2838 2427; x_wconf 91' lang='lat' dir='ltr'><strong>eorum</strong></span> <span class='ocrx_word' id='word_1_388' title='bbox 2862 2373 3027 2427; x_wconf 88' lang='lat' dir='ltr'><strong>corda</strong></span> <span class='ocrx_word' id='word_1_389' title='bbox 3055 2377 3356 2440; x_wconf 72' lang='lat' dir='ltr'><strong>excruciet,</strong></span> <span class='ocrx_word' id='word_1_390' title='bbox 3383 2374 3530 2442; x_wconf 86' lang='lat' dir='ltr'><strong>quod</strong></span> 
     </span>
    </p>
   </div>
   <div class='ocr_carea' id='block_1_50' title="bbox 1928 2462 3534 2534">
    <p class='ocr_par' dir='ltr' id='par_1_50' title="bbox 1928 2462 3534 2534">
     <span class='ocr_line' id='line_1_50' title="bbox 1928 2462 3534 2534; baseline -0.002 -10"><span class='ocrx_word' id='word_1_391' title='bbox 1928 2469 2089 2524; x_wconf 80' lang='lat' dir='ltr'><strong>talem</strong></span> <span class='ocrx_word' id='word_1_392' title='bbox 2134 2466 2424 2521; x_wconf 83' lang='lat' dir='ltr'><strong>Dominum</strong></span> <span class='ocrx_word' id='word_1_393' title='bbox 2472 2464 2851 2534; x_wconf 84' lang='lat' dir='ltr'><strong>perdiderunt.</strong></span> <span class='ocrx_word' id='word_1_394' title='bbox 2885 2462 3077 2519; x_wconf 81' lang='lat' dir='ltr'><strong>Potest</strong></span> <span class='ocrx_word' id='word_1_395' title='bbox 3117 2464 3222 2518; x_wconf 86' lang='lat' dir='ltr'><strong>hoc</strong></span> <span class='ocrx_word' id='word_1_396' title='bbox 3269 2473 3326 2520; x_wconf 87' lang='lat' dir='ltr'><strong>et.</strong></span> <span class='ocrx_word' id='word_1_397' title='bbox 3369 2481 3534 2533; x_wconf 81' lang='lat' dir='ltr'><strong>super</strong></span> 
     </span>
    </p>
   </div>
   <div class='ocr_carea' id='block_1_51' title="bbox 1926 2555 3534 2629">
    <p class='ocr_par' dir='ltr' id='par_1_51' title="bbox 1926 2555 3534 2629">
     <span class='ocr_line' id='line_1_51' title="bbox 1926 2555 3534 2629; baseline -0.001 -13"><span class='ocrx_word' id='word_1_398' title='bbox 1926 2560 2132 2616; x_wconf 72' lang='lat' dir='ltr'><strong>Jutlzeis</strong></span> <span class='ocrx_word' id='word_1_399' title='bbox 2157 2558 2387 2629; x_wconf 88' lang='lat' dir='ltr'><strong>intelligi</strong></span> <span class='ocrx_word' id='word_1_400' title='bbox 2414 2597 2429 2621; x_wconf 94' lang='lat'><strong>,</strong></span> <span class='ocrx_word' id='word_1_401' title='bbox 2464 2558 2553 2628; x_wconf 93' lang='lat' dir='ltr'><strong>qui</strong></span> <span class='ocrx_word' id='word_1_402' title='bbox 2575 2555 2854 2610; x_wconf 83' lang='lat' dir='ltr'><strong>Christum</strong></span> <span class='ocrx_word' id='word_1_403' title='bbox 2886 2556 3168 2611; x_wconf 82' lang='lat' dir='ltr'><strong>brachium</strong></span> <span class='ocrx_word' id='word_1_404' title='bbox 3203 2557 3414 2611; x_wconf 89' lang='lat' dir='ltr'><strong>Domini</strong></span> <span class='ocrx_word' id='word_1_405' title='bbox 3440 2572 3534 2614; x_wconf 87' lang='lat' dir='ltr'><strong>ue-</strong></span> 
     </span>
    </p>
   </div>
   <div class='ocr_carea' id='block_1_52' title="bbox 1929 2652 3533 2723">
    <p class='ocr_par' dir='ltr' id='par_1_52' title="bbox 1929 2652 3533 2723">
     <span class='ocr_line' id='line_1_52' title="bbox 1929 2652 3533 2723; baseline -0.003 -11"><span class='ocrx_word' id='word_1_406' title='bbox 1929 2658 2212 2721; x_wconf 89' lang='lat' dir='ltr'><strong>scierunt,</strong></span> <span class='ocrx_word' id='word_1_407' title='bbox 2241 2669 2476 2722; x_wconf 83' lang='lat' dir='ltr'><strong>cumque</strong></span> <span class='ocrx_word' id='word_1_408' title='bbox 2514 2652 2755 2706; x_wconf 87' lang='lat' dir='ltr'><strong>viderint</strong></span> <span class='ocrx_word' id='word_1_409' title='bbox 2783 2667 2909 2706; x_wconf 90' lang='lat' dir='ltr'><strong>eum</strong></span> <span class='ocrx_word' id='word_1_410' title='bbox 2941 2663 3110 2722; x_wconf 83' lang='lat' dir='ltr'><strong>atque</strong></span> <span class='ocrx_word' id='word_1_411' title='bbox 3149 2654 3533 2723; x_wconf 84' lang='lat' dir='ltr'><strong>cognoverint,</strong></span> 
     </span>
    </p>
   </div>
   <div class='ocr_carea' id='block_1_53' title="bbox 185 2737 1827 2824">
    <p class='ocr_par' dir='ltr' id='par_1_53' title="bbox 185 2737 1827 2824">
     <span class='ocr_line' id='line_1_53' title="bbox 185 2737 1827 2824; baseline 0.006 -32"><span class='ocrx_word' id='word_1_412' title='bbox 185 2753 334 2807; x_wconf 82' lang='lat' dir='ltr'><strong>rans,</strong></span> <span class='ocrx_word' id='word_1_413' title='bbox 375 2737 454 2796; x_wconf 87' lang='lat' dir='ltr'><strong>Et</strong></span> <span class='ocrx_word' id='word_1_414' title='bbox 502 2759 622 2797; x_wconf 86' lang='lat' dir='ltr'><strong>non</strong></span> <span class='ocrx_word' id='word_1_415' title='bbox 649 2743 841 2811; x_wconf 72' lang='lat' dir='ltr'><strong>rideat,</strong></span> <span class='ocrx_word' id='word_1_416' title='bbox 877 2745 1075 2816; x_wconf 87' lang='lat' dir='ltr'><strong>inquit,</strong></span> <span class='ocrx_word' id='word_1_417' title='bbox 1105 2751 1221 2802; x_wconf 86' lang='lat' dir='ltr'><strong>sive</strong></span> <span class='ocrx_word' id='word_1_418' title='bbox 1250 2764 1353 2802; x_wconf 92' lang='lat' dir='ltr'><strong>non</strong></span> <span class='ocrx_word' id='word_1_419' title='bbox 1391 2748 1582 2803; x_wconf 82' lang='lat' dir='ltr'><strong>videbit</strong></span> <span class='ocrx_word' id='word_1_420' title='bbox 1606 2751 1827 2824; x_wconf 85' lang='lat' dir='ltr'><strong>gloriam</strong></span> 
     </span>
    </p>
   </div>
   <div class='ocr_carea' id='block_1_54' title="bbox 179 2827 1830 2910">
    <p class='ocr_par' dir='ltr' id='par_1_54' title="bbox 179 2827 1830 2910">
     <span class='ocr_line' id='line_1_54' title="bbox 179 2827 1830 2910; baseline 0.007 -25"><span class='ocrx_word' id='word_1_421' title='bbox 179 2827 426 2889; x_wconf 81' lang='lat' dir='ltr'><strong>Domini.</strong></span> <span class='ocrx_word' id='word_1_422' title='bbox 466 2833 690 2902; x_wconf 76' lang='lat' dir='ltr'><strong>EStque</strong></span> <span class='ocrx_word' id='word_1_423' title='bbox 719 2851 914 2891; x_wconf 87' lang='lat' dir='ltr'><strong>sensus</strong></span> <span class='ocrx_word' id='word_1_424' title='bbox 947 2854 962 2890; x_wconf 94' lang='lat'><strong>:</strong></span> <span class='ocrx_word' id='word_1_425' title='bbox 996 2837 1198 2893; x_wconf 86' lang='lat' dir='ltr'><strong>sullicit</strong></span> <span class='ocrx_word' id='word_1_426' title='bbox 1225 2839 1276 2894; x_wconf 91' lang='lat' dir='ltr'><strong>ei</strong></span> <span class='ocrx_word' id='word_1_427' title='bbox 1304 2855 1403 2910; x_wconf 90' lang='lat' dir='ltr'><strong>pro</strong></span> <span class='ocrx_word' id='word_1_428' title='bbox 1431 2843 1684 2894; x_wconf 82' lang='lat' dir='ltr'><strong>universa</strong></span> <span class='ocrx_word' id='word_1_429' title='bbox 1716 2855 1830 2906; x_wconf 69' lang='lat' dir='ltr'><strong>pte-</strong></span> 
     </span>
    </p>
   </div>
   <div class='ocr_carea' id='block_1_55' title="bbox 180 2925 1831 2994">
    <p class='ocr_par' dir='ltr' id='par_1_55' title="bbox 180 2925 1831 2994">
     <span class='ocr_line' id='line_1_55' title="bbox 180 2925 1831 2994; baseline 0.006 -17"><span class='ocrx_word' id='word_1_430' title='bbox 180 2937 272 2990; x_wconf 86' lang='lat' dir='ltr'><strong>na,</strong></span> <span class='ocrx_word' id='word_1_431' title='bbox 305 2925 466 2994; x_wconf 87' lang='lat' dir='ltr'><strong>quod</strong></span> <span class='ocrx_word' id='word_1_432' title='bbox 522 2941 622 2981; x_wconf 90' lang='lat' dir='ltr'><strong>me</strong></span> <span class='ocrx_word' id='word_1_433' title='bbox 658 2942 785 2982; x_wconf 90' lang='lat' dir='ltr'><strong>cum</strong></span> <span class='ocrx_word' id='word_1_434' title='bbox 823 2929 1031 2984; x_wconf 85' lang='lat' dir='ltr'><strong>sanctis</strong></span> <span class='ocrx_word' id='word_1_435' title='bbox 1062 2932 1199 2985; x_wconf 90' lang='lat' dir='ltr'><strong>meis</strong></span> <span class='ocrx_word' id='word_1_436' title='bbox 1231 2943 1339 2985; x_wconf 90' lang='lat' dir='ltr'><strong>non</strong></span> <span class='ocrx_word' id='word_1_437' title='bbox 1367 2931 1576 2985; x_wconf 77' lang='lat' dir='ltr'><strong>videbit</strong></span> <span class='ocrx_word' id='word_1_438' title='bbox 1615 2931 1668 2986; x_wconf 90' lang='lat' dir='ltr'><strong>in</strong></span> <span class='ocrx_word' id='word_1_439' title='bbox 1711 2947 1831 2987; x_wconf 89' lang='lat' dir='ltr'><strong>mea</strong></span> 
     </span>
    </p>
   </div>
   <div class='ocr_carea' id='block_1_56' title="bbox 174 3020 3538 3092">
    <p class='ocr_par' dir='ltr' id='par_1_56' title="bbox 174 3020 3538 3092">
     <span class='ocr_line' id='line_1_56' title="bbox 174 3020 3538 3092; baseline 0 -20"><span class='ocrx_word' id='word_1_440' title='bbox 174 3027 495 3085; x_wconf 75' lang='lat' dir='ltr'><strong>maje~tate</strong></span> <span class='ocrx_word' id='word_1_441' title='bbox 525 3029 885 3090; x_wconf 83' lang='lat' dir='ltr'><strong>regnantem.</strong></span> <span class='ocrx_word' id='word_1_442' title='bbox 915 3021 1146 3089; x_wconf 84' lang='lat' dir='ltr'><strong>Quidam</strong></span> <span class='ocrx_word' id='word_1_443' title='bbox 1168 3021 1418 3092; x_wconf 88' lang='lat' dir='ltr'><strong>iu-pium,</strong></span> <span class='ocrx_word' id='word_1_444' title='bbox 1452 3021 1556 3077; x_wconf 92' lang='lat' dir='ltr'><strong>hoc</strong></span> <span class='ocrx_word' id='word_1_445' title='bbox 1581 3033 1833 3087; x_wconf 70' lang='lat' dir='ltr'><strong>est,nssa</strong></span> <span class='ocrx_word' id='word_1_446' title='bbox 1935 3027 2078 3081; x_wconf 90' lang='lat' dir='ltr'><strong>sisse</strong></span> <span class='ocrx_word' id='word_1_447' title='bbox 2108 3025 2314 3089; x_wconf 90' lang='lat' dir='ltr'><strong>locum,</strong></span> <span class='ocrx_word' id='word_1_448' title='bbox 2337 3034 2394 3077; x_wconf 91' lang='lat' dir='ltr'><strong>et</strong></span> <span class='ocrx_word' id='word_1_449' title='bbox 2422 3024 2547 3091; x_wconf 86' lang='lat' dir='ltr'><strong>igne</strong></span> <span class='ocrx_word' id='word_1_450' title='bbox 2571 3021 2928 3090; x_wconf 77' lang='lat' dir='ltr'><strong>paenitudinis</strong></span> <span class='ocrx_word' id='word_1_451' title='bbox 2950 3021 3170 3084; x_wconf 77' lang='lat' dir='ltr'><strong>arserit,</strong></span> <span class='ocrx_word' id='word_1_452' title='bbox 3206 3022 3322 3075; x_wconf 86' lang='lat' dir='ltr'><strong>sive</strong></span> <span class='ocrx_word' id='word_1_453' title='bbox 3347 3020 3538 3075; x_wconf 89' lang='lat' dir='ltr'><strong>dolore</strong></span> 
     </span>
    </p>
   </div>
   <div class='ocr_carea' id='block_1_57' title="bbox 175 3109 3536 3184">
    <p class='ocr_par' dir='ltr' id='par_1_57' title="bbox 175 3109 3536 3184">
     <span class='ocr_line' id='line_1_57' title="bbox 175 3109 3536 3184; baseline -0.001 -19"><span class='ocrx_word' id='word_1_454' title='bbox 175 3110 379 3176; x_wconf 60' lang='grc' dir='ltr'><strong>(νυ-Ι),</strong></span> <span class='ocrx_word' id='word_1_455' title='bbox 425 3110 735 3165; x_wconf 84' lang='lat' dir='ltr'><strong>diabolum</strong></span> <span class='ocrx_word' id='word_1_456' title='bbox 784 3110 1017 3182; x_wconf 85' lang='lat' dir='ltr'><strong>intelligi</strong></span> <span class='ocrx_word' id='word_1_457' title='bbox 1059 3114 1282 3177; x_wconf 84' lang='lat' dir='ltr'><strong>volunt,</strong></span> <span class='ocrx_word' id='word_1_458' title='bbox 1313 3112 1383 3168; x_wconf 88' lang='lat' dir='ltr'><strong>de</strong></span> <span class='ocrx_word' id='word_1_459' title='bbox 1424 3128 1535 3182; x_wconf 92' lang='lat' dir='ltr'><strong>quo</strong></span> <span class='ocrx_word' id='word_1_460' title='bbox 1582 3111 1639 3166; x_wconf 88' lang='lat' dir='ltr'><strong>in</strong></span> <span class='ocrx_word' id='word_1_461' title='bbox 1691 3128 1836 3167; x_wconf 89' lang='lat' dir='ltr'><strong>nouo</strong></span> <span class='ocrx_word' id='word_1_462' title='bbox 1937 3115 2097 3184; x_wconf 89' lang='lat' dir='ltr'><strong>suppl</strong></span> <span class='ocrx_word' id='word_1_463' title='bbox 2120 3115 2188 3167; x_wconf 90' lang='lat' dir='ltr'><strong>cii</strong></span> <span class='ocrx_word' id='word_1_464' title='bbox 2220 3154 2234 3176; x_wconf 90' lang='lat'><strong>,</strong></span> <span class='ocrx_word' id='word_1_465' title='bbox 2265 3114 2484 3181; x_wconf 80' lang='lat' dir='ltr'><strong>quando</strong></span> <span class='ocrx_word' id='word_1_466' title='bbox 2512 3112 2750 3164; x_wconf 80' lang='lat' dir='ltr'><strong>audierit</strong></span> <span class='ocrx_word' id='word_1_467' title='bbox 2781 3109 2914 3162; x_wconf 91' lang='lat' dir='ltr'><strong>illud</strong></span> <span class='ocrx_word' id='word_1_468' title='bbox 2947 3112 3092 3180; x_wconf 89' lang='lat' dir='ltr'><strong>quod</strong></span> <span class='ocrx_word' id='word_1_469' title='bbox 3117 3111 3382 3180; x_wconf 81' lang='lat' dir='ltr'><strong>scriptum</strong></span> <span class='ocrx_word' id='word_1_470' title='bbox 3413 3120 3496 3165; x_wconf 83' lang='lat' dir='ltr'><strong>est</strong></span> <span class='ocrx_word' id='word_1_471' title='bbox 3523 3127 3536 3163; x_wconf 90' lang='lat'>:</span> 
     </span>
    </p>
   </div>
   <div class='ocr_carea' id='block_1_58' title="bbox 170 3199 3539 3277">
    <p class='ocr_par' dir='ltr' id='par_1_58' title="bbox 170 3199 3539 3277">
     <span class='ocr_line' id='line_1_58' title="bbox 170 3199 3539 3277; baseline -0.001 -21"><span class='ocrx_word' id='word_1_472' title='bbox 170 3205 405 3270; x_wconf 79' lang='lat' dir='ltr'><strong>psalmo</strong></span> <span class='ocrx_word' id='word_1_473' title='bbox 433 3201 729 3257; x_wconf 79' lang='lat' dir='ltr'><strong>scribitur</strong></span> <span class='ocrx_word' id='word_1_474' title='bbox 753 3220 766 3257; x_wconf 91' lang='lat'>:</span> <span class='ocrx_word' id='word_1_475' title='bbox 793 3200 1089 3273; x_wconf 74' lang='lat' dir='ltr'><strong>Inc-reposti</strong></span> <span class='ocrx_word' id='word_1_476' title='bbox 1113 3213 1312 3274; x_wconf 80' lang='lat' dir='ltr'><strong>gentes,</strong></span> <span class='ocrx_word' id='word_1_477' title='bbox 1346 3213 1395 3258; x_wconf 88' lang='lat' dir='ltr'><strong>et</strong></span> <span class='ocrx_word' id='word_1_478' title='bbox 1424 3204 1573 3273; x_wconf 87' lang='lat' dir='ltr'><strong>periit</strong></span> <span class='ocrx_word' id='word_1_479' title='bbox 1596 3204 1785 3274; x_wconf 87' lang='lat' dir='ltr'><strong>impius</strong></span> <span class='ocrx_word' id='word_1_480' title='bbox 1818 3216 1837 3256; x_wconf 90' lang='lat'><strong><em>:</em></strong></span> <span class='ocrx_word' id='word_1_481' title='bbox 1865 3206 1911 3270; x_wconf 87' lang='lat' dir='ltr'><strong>C</strong></span> <span class='ocrx_word' id='word_1_482' title='bbox 1944 3204 2028 3260; x_wconf 83' lang='lat' dir='ltr'><strong>Ite</strong></span> <span class='ocrx_word' id='word_1_483' title='bbox 2058 3205 2113 3257; x_wconf 88' lang='lat' dir='ltr'><strong>in</strong></span> <span class='ocrx_word' id='word_1_484' title='bbox 2133 3205 2303 3277; x_wconf 86' lang='lat' dir='ltr'><strong>ignem</strong></span> <span class='ocrx_word' id='word_1_485' title='bbox 2332 3215 2580 3257; x_wconf 68' lang='lat' dir='ltr'><strong>internum</strong></span> <span class='ocrx_word' id='word_1_486' title='bbox 2603 3240 2617 3262; x_wconf 89' lang='lat'><strong>,</strong></span> <span class='ocrx_word' id='word_1_487' title='bbox 2650 3199 2738 3270; x_wconf 87' lang='lat' dir='ltr'><strong>qui</strong></span> <span class='ocrx_word' id='word_1_488' title='bbox 2762 3211 3084 3268; x_wconf 65' lang='lat' dir='ltr'><strong>praeparatus</strong></span> <span class='ocrx_word' id='word_1_489' title='bbox 3104 3208 3180 3252; x_wconf 86' lang='lat' dir='ltr'><strong>est</strong></span> <span class='ocrx_word' id='word_1_490' title='bbox 3209 3199 3421 3254; x_wconf 84' lang='lat' dir='ltr'><strong>diabolo</strong></span> <span class='ocrx_word' id='word_1_491' title='bbox 3442 3243 3458 3267; x_wconf 92' lang='lat'><strong>,</strong></span> <span class='ocrx_word' id='word_1_492' title='bbox 3493 3210 3539 3254; x_wconf 88' lang='lat' dir='ltr'><strong>et</strong></span> 
     </span>
    </p>
   </div>
   <div class='ocr_carea' id='block_1_59' title="bbox 169 3289 2818 3371">
    <p class='ocr_par' dir='ltr' id='par_1_59' title="bbox 169 3289 2818 3371">
     <span class='ocr_line' id='line_1_59' title="bbox 169 3289 2818 3371; baseline -0.003 -19"><span class='ocrx_word' id='word_1_493' title='bbox 169 3312 369 3352; x_wconf 83' lang='lat' dir='ltr'><strong>nomen</strong></span> <span class='ocrx_word' id='word_1_494' title='bbox 409 3314 620 3352; x_wconf 85' lang='lat' dir='ltr'><strong>eorum</strong></span> <span class='ocrx_word' id='word_1_495' title='bbox 648 3299 830 3352; x_wconf 86' lang='lat' dir='ltr'><strong>delesti</strong></span> <span class='ocrx_word' id='word_1_496' title='bbox 856 3301 911 3352; x_wconf 86' lang='lat' dir='ltr'><strong>in</strong></span> <span class='ocrx_word' id='word_1_497' title='bbox 941 3315 1190 3354; x_wconf 67' lang='lat' dir='ltr'><strong>internum</strong></span> <span class='ocrx_word' id='word_1_498' title='bbox 1222 3308 1269 3352; x_wconf 91' lang='lat' dir='ltr'><strong>et</strong></span> <span class='ocrx_word' id='word_1_499' title='bbox 1291 3301 1345 3354; x_wconf 87' lang='lat' dir='ltr'><strong>in</strong></span> <span class='ocrx_word' id='word_1_500' title='bbox 1368 3301 1613 3354; x_wconf 80' lang='lat' dir='ltr'><strong>steculum</strong></span> <span class='ocrx_word' id='word_1_501' title='bbox 1635 3299 1834 3355; x_wconf 75' lang='lat' dir='ltr'><strong>swculi.</strong></span> <span class='ocrx_word' id='word_1_502' title='bbox 1940 3296 2139 3371; x_wconf 82' lang='lat' dir='ltr'><strong>angelis</strong></span> <span class='ocrx_word' id='word_1_503' title='bbox 2165 3299 2276 3369; x_wconf 79' lang='lat' dir='ltr'><strong>ejus</strong></span> <span class='ocrx_word' id='word_1_504' title='bbox 2295 3295 2514 3363; x_wconf 79' lang='lat' dir='ltr'><strong>(Matth.</strong></span> <span class='ocrx_word' id='word_1_505' title='bbox 2551 3307 2680 3355; x_wconf 77' lang='lat' dir='ltr'><strong>xxv,</strong></span> <span class='ocrx_word' id='word_1_506' title='bbox 2703 3289 2818 3358; x_wconf 79' lang='grc'><strong>41).</strong></span> 
     </span>
    </p>
   </div>
   <div class='ocr_carea' id='block_1_60' title="bbox 163 3382 3540 3461">
    <p class='ocr_par' dir='ltr' id='par_1_60' title="bbox 163 3382 3540 3461">
     <span class='ocr_line' id='line_1_60' title="bbox 163 3382 3540 3461; baseline -0.002 -18"><span class='ocrx_word' id='word_1_507' title='bbox 163 3386 408 3445; x_wconf 77' lang='lat' dir='ltr'><strong>Inimici</strong></span> <span class='ocrx_word' id='word_1_508' title='bbox 434 3391 760 3460; x_wconf 81' lang='lat' dir='ltr'><strong>defecerunt</strong></span> <span class='ocrx_word' id='word_1_509' title='bbox 788 3393 999 3461; x_wconf 71' lang='lat' dir='ltr'><strong>framea:</strong></span> <span class='ocrx_word' id='word_1_510' title='bbox 1028 3393 1081 3444; x_wconf 86' lang='lat' dir='ltr'><strong>in</strong></span> <span class='ocrx_word' id='word_1_511' title='bbox 1128 3392 1305 3458; x_wconf 81' lang='lat' dir='ltr'><strong>ﬁnem,</strong></span> <span class='ocrx_word' id='word_1_512' title='bbox 1337 3403 1386 3446; x_wconf 88' lang='lat' dir='ltr'><strong>et</strong></span> <span class='ocrx_word' id='word_1_513' title='bbox 1411 3393 1643 3446; x_wconf 80' lang='lat' dir='ltr'><strong>civitates</strong></span> <span class='ocrx_word' id='word_1_514' title='bbox 1663 3407 1839 3445; x_wconf 85' lang='lat' dir='ltr'><strong>eorum</strong></span> <span class='ocrx_word' id='word_1_515' title='bbox 2013 3385 2337 3461; x_wconf 71' lang='lat' dir='ltr'><strong>(Vers.12.)</strong></span> <span class='ocrx_word' id='word_1_516' title='bbox 2372 3384 2611 3451; x_wconf 89' lang='lat' dir='ltr'><strong>Domine,</strong></span> <span class='ocrx_word' id='word_1_517' title='bbox 2637 3382 2782 3436; x_wconf 85' lang='lat' dir='ltr'><strong>dabis</strong></span> <span class='ocrx_word' id='word_1_518' title='bbox 2811 3397 2986 3449; x_wconf 83' lang='lat' dir='ltr'><strong>parem</strong></span> <span class='ocrx_word' id='word_1_519' title='bbox 3009 3382 3379 3437; x_wconf 89' lang='lat' dir='ltr'><strong>nobis:omnia</strong></span> <span class='ocrx_word' id='word_1_520' title='bbox 3403 3384 3540 3436; x_wconf 89' lang='lat' dir='ltr'><strong>enim</strong></span> 
     </span>
    </p>
   </div>
   <div class='ocr_carea' id='block_1_61' title="bbox 163 3473 3536 3576">
    <p class='ocr_par' dir='ltr' id='par_1_61' title="bbox 163 3473 3536 3576">
     <span class='ocr_line' id='line_1_61' title="bbox 163 3473 3536 3576; baseline -0.002 -40"><span class='ocrx_word' id='word_1_521' title='bbox 163 3483 513 3540; x_wconf 72' lang='lat' dir='ltr'><strong>destruxisti</strong></span> <span class='ocrx_word' id='word_1_522' title='bbox 549 3479 737 3552; x_wconf 78' lang='lat' dir='ltr'><strong>(Psal.</strong></span> <span class='ocrx_word' id='word_1_523' title='bbox 767 3497 843 3548; x_wconf 79' lang='lat' dir='ltr'><strong>ts,</strong></span> <span class='ocrx_word' id='word_1_524' title='bbox 875 3483 954 3553; x_wconf 84' lang='lat'><strong>6).</strong></span> <span class='ocrx_word' id='word_1_525' title='bbox 987 3483 1098 3538; x_wconf 81' lang='lat' dir='ltr'><strong>Nos</strong></span> <span class='ocrx_word' id='word_1_526' title='bbox 1138 3493 1319 3540; x_wconf 80' lang='lat' dir='ltr'><strong>autem</strong></span> <span class='ocrx_word' id='word_1_527' title='bbox 1365 3484 1700 3556; x_wconf 86' lang='lat' dir='ltr'><strong>generaliter</strong></span> <span class='ocrx_word' id='word_1_528' title='bbox 1741 3484 1842 3537; x_wconf 90' lang='lat' dir='ltr'><strong>itn-</strong></span> <span class='ocrx_word' id='word_1_529' title='bbox 1943 3498 2097 3556; x_wconf 80' lang='lat' dir='ltr'><strong>Opera</strong></span> <span class='ocrx_word' id='word_1_530' title='bbox 2120 3488 2297 3534; x_wconf 81' lang='lat' dir='ltr'><strong>nostra</strong></span> <span class='ocrx_word' id='word_1_531' title='bbox 2341 3486 2582 3550; x_wconf 81' lang='lat' dir='ltr'><strong>operatus</strong></span> <span class='ocrx_word' id='word_1_532' title='bbox 2623 3492 2676 3528; x_wconf 86' lang='lat' dir='ltr'><strong>es</strong></span> <span class='ocrx_word' id='word_1_533' title='bbox 2715 3473 2881 3576; x_wconf 35' lang='lat' dir='ltr'><strong>nobis.</strong></span> <span class='ocrx_word' id='word_1_534' title='bbox 2931 3473 3068 3576; x_wconf 57' lang='lat' dir='ltr'><strong>CXX</strong></span> <span class='ocrx_word' id='word_1_535' title='bbox 3093 3491 3112 3528; x_wconf 90' lang='lat'><strong><em>:</em></strong></span> <span class='ocrx_word' id='word_1_536' title='bbox 3146 3474 3365 3576; x_wconf 63' lang='lat' dir='ltr'><strong>Domine</strong></span> <span class='ocrx_word' id='word_1_537' title='bbox 3398 3473 3536 3576; x_wconf 75' lang='lat' dir='ltr'><strong>Deus</strong></span> 
     </span>
    </p>
   </div>
   <div class='ocr_carea' id='block_1_62' title="bbox 162 3565 3536 3669">
    <p class='ocr_par' dir='ltr' id='par_1_62' title="bbox 162 3565 3536 3669">
     <span class='ocr_line' id='line_1_62' title="bbox 162 3565 3536 3669; baseline -0.003 -40"><span class='ocrx_word' id='word_1_538' title='bbox 162 3575 327 3647; x_wconf 74' lang='lat' dir='ltr'><strong>pium&#39;</strong></span> <span class='ocrx_word' id='word_1_539' title='bbox 357 3576 460 3633; x_wconf 83' lang='lat' dir='ltr'><strong>vel</strong></span> <span class='ocrx_word' id='word_1_540' title='bbox 507 3589 627 3647; x_wconf 89' lang='lat' dir='ltr'><strong>pro</strong></span> <span class='ocrx_word' id='word_1_541' title='bbox 668 3583 979 3646; x_wconf 81' lang='lat' dir='ltr'><strong>peccatore,</strong></span> <span class='ocrx_word' id='word_1_542' title='bbox 1007 3579 1095 3631; x_wconf 88' lang='lat' dir='ltr'><strong>vel</strong></span> <span class='ocrx_word' id='word_1_543' title='bbox 1123 3593 1220 3647; x_wconf 87' lang='lat' dir='ltr'><strong>pro</strong></span> <span class='ocrx_word' id='word_1_544' title='bbox 1249 3593 1318 3633; x_wconf 93' lang='lat' dir='ltr'><strong>eo</strong></span> <span class='ocrx_word' id='word_1_545' title='bbox 1358 3579 1452 3648; x_wconf 83' lang='lat' dir='ltr'><strong>qui</strong></span> <span class='ocrx_word' id='word_1_546' title='bbox 1507 3576 1602 3633; x_wconf 86' lang='lat' dir='ltr'><strong>Det</strong></span> <span class='ocrx_word' id='word_1_547' title='bbox 1633 3577 1840 3634; x_wconf 90' lang='lat' dir='ltr'><strong>cultum</strong></span> <span class='ocrx_word' id='word_1_548' title='bbox 1942 3583 2136 3634; x_wconf 87' lang='lat' dir='ltr'><strong>noster,</strong></span> <span class='ocrx_word' id='word_1_549' title='bbox 2171 3586 2269 3644; x_wconf 78' lang='lat' dir='ltr'><strong>pm:</strong></span> <span class='ocrx_word' id='word_1_550' title='bbox 2302 3589 2350 3624; x_wconf 92' lang='lat' dir='ltr'><strong>m</strong></span> <span class='ocrx_word' id='word_1_551' title='bbox 2380 3569 2451 3622; x_wconf 89' lang='lat' dir='ltr'><strong>da</strong></span> <span class='ocrx_word' id='word_1_552' title='bbox 2477 3569 2659 3622; x_wconf 89' lang='lat' dir='ltr'><strong>nobis:</strong></span> <span class='ocrx_word' id='word_1_553' title='bbox 2687 3566 2864 3669; x_wconf 76' lang='lat' dir='ltr'><strong>omnia</strong></span> <span class='ocrx_word' id='word_1_554' title='bbox 2886 3567 3020 3619; x_wconf 87' lang='lat' dir='ltr'><strong>enim</strong></span> <span class='ocrx_word' id='word_1_555' title='bbox 3066 3565 3347 3620; x_wconf 78' lang='lat' dir='ltr'><strong>red..iaisti</strong></span> 
     </span>
    </p>
   </div>
   <div class='ocr_carea' id='block_1_63' title="bbox 161 3658 3542 3741">
    <p class='ocr_par' dir='ltr' id='par_1_63' title="bbox 161 3658 3542 3741">
     <span class='ocr_line' id='line_1_63' title="bbox 161 3658 3542 3741; baseline 0.002 -18"><span class='ocrx_word' id='word_1_556' title='bbox 161 3684 275 3723; x_wconf 93' lang='lat' dir='ltr'><strong>non</strong></span> <span class='ocrx_word' id='word_1_557' title='bbox 335 3669 562 3732; x_wconf 75' lang='lat' dir='ltr'><strong>habet,</strong></span> <span class='ocrx_word' id='word_1_558' title='bbox 603 3668 961 3739; x_wconf 88' lang='lat' dir='ltr'><strong>accipiamus.</strong></span> <span class='ocrx_word' id='word_1_559' title='bbox 993 3669 1154 3725; x_wconf 77' lang='lat' dir='ltr'><strong>Juxta</strong></span> <span class='ocrx_word' id='word_1_560' title='bbox 1183 3669 1536 3741; x_wconf 85' lang='lat' dir='ltr'><strong>Septuaginta</strong></span> <span class='ocrx_word' id='word_1_561' title='bbox 1568 3670 1841 3740; x_wconf 62' lang='lat' dir='ltr'><strong>.jubentur</strong></span> <span class='ocrx_word' id='word_1_562' title='bbox 1940 3665 2249 3721; x_wconf 80' lang='lat' dir='ltr'><strong>Nomndum</strong></span> <span class='ocrx_word' id='word_1_563' title='bbox 2273 3661 2415 3730; x_wconf 73' lang='lat' dir='ltr'><strong>quod</strong></span> <span class='ocrx_word' id='word_1_564' title='bbox 2442 3669 2728 3731; x_wconf 63' lang='lat' dir='ltr'><strong>postquam</strong></span> <span class='ocrx_word' id='word_1_565' title='bbox 2759 3658 2916 3712; x_wconf 62' lang='lat' dir='ltr'><strong>&quot;0N5</strong></span> <span class='ocrx_word' id='word_1_566' title='bbox 2948 3673 3116 3728; x_wconf 66' lang='grc'><strong>09⁸⁸⁵³</strong></span> <span class='ocrx_word' id='word_1_567' title='bbox 3148 3669 3334 3712; x_wconf 60' lang='grc' dir='ltr'><strong>¹³⁰θ¹¹⁸⁵¹</strong></span> <span class='ocrx_word' id='word_1_568' title='bbox 3362 3658 3542 3712; x_wconf 66' lang='grc' dir='ltr'><strong>’θιίάί⁴</strong></span> 
     </span>
    </p>
   </div>
   <div class='ocr_carea' id='block_1_64' title="bbox 161 3751 3542 3833">
    <p class='ocr_par' dir='ltr' id='par_1_64' title="bbox 161 3751 3542 3833">
     <span class='ocr_line' id='line_1_64' title="bbox 161 3751 3542 3833; baseline -0.004 -15"><span class='ocrx_word' id='word_1_569' title='bbox 161 3761 554 3820; x_wconf 78' lang='lat' dir='ltr'><strong>habitatores</strong></span> <span class='ocrx_word' id='word_1_570' title='bbox 595 3771 759 3818; x_wconf 69' lang='lat' dir='ltr'><strong>terrae</strong></span> <span class='ocrx_word' id='word_1_571' title='bbox 799 3763 1064 3833; x_wconf 84' lang='lat' dir='ltr'><strong>justitiam</strong></span> <span class='ocrx_word' id='word_1_572' title='bbox 1097 3765 1334 3820; x_wconf 83' lang='lat' dir='ltr'><strong>discere.</strong></span> <span class='ocrx_word' id='word_1_573' title='bbox 1365 3764 1555 3820; x_wconf 87' lang='lat' dir='ltr'><strong>Utnuis</strong></span> <span class='ocrx_word' id='word_1_574' title='bbox 1585 3764 1728 3819; x_wconf 91' lang='lat' dir='ltr'><strong>enim</strong></span> <span class='ocrx_word' id='word_1_575' title='bbox 1759 3764 1841 3818; x_wconf 81' lang='lat' dir='ltr'><strong>vir</strong></span> <span class='ocrx_word' id='word_1_576' title='bbox 1941 3759 2117 3826; x_wconf 87' lang='lat' dir='ltr'><strong>derit,</strong></span> <span class='ocrx_word' id='word_1_577' title='bbox 2151 3756 2340 3825; x_wconf 75' lang='lat' dir='ltr'><strong>pa&#39;crm</strong></span> <span class='ocrx_word' id='word_1_578' title='bbox 2370 3755 2599 3809; x_wconf 89' lang='lat' dir='ltr'><strong>daturus</strong></span> <span class='ocrx_word' id='word_1_579' title='bbox 2628 3755 2721 3818; x_wconf 91' lang='lat' dir='ltr'><strong>sit,</strong></span> <span class='ocrx_word' id='word_1_580' title='bbox 2755 3760 2810 3806; x_wconf 88' lang='lat' dir='ltr'><strong>et</strong></span> <span class='ocrx_word' id='word_1_581' title='bbox 2837 3751 3112 3820; x_wconf 90' lang='lat' dir='ltr'><strong>quomodo</strong></span> <span class='ocrx_word' id='word_1_582' title='bbox 3143 3767 3203 3805; x_wconf 79' lang='lat' dir='ltr'><strong>es</strong></span> <span class='ocrx_word' id='word_1_583' title='bbox 3216 3759 3386 3822; x_wconf 91' lang='lat' dir='ltr'><strong>ponat</strong></span> <span class='ocrx_word' id='word_1_584' title='bbox 3414 3768 3542 3807; x_wconf 83' lang='lat' dir='ltr'><strong>t-au-</strong></span> 
     </span>
    </p>
   </div>
   <div class='ocr_carea' id='block_1_65' title="bbox 161 3843 3536 3926">
    <p class='ocr_par' dir='ltr' id='par_1_65' title="bbox 161 3843 3536 3926">
     <span class='ocr_line' id='line_1_65' title="bbox 161 3843 3536 3926; baseline 0.003 -17"><span class='ocrx_word' id='word_1_585' title='bbox 161 3859 410 3914; x_wconf 84' lang='lat' dir='ltr'><strong>videtur</strong></span> <span class='ocrx_word' id='word_1_586' title='bbox 427 3857 554 3912; x_wconf 86' lang='lat' dir='ltr'><strong>sibi</strong></span> <span class='ocrx_word' id='word_1_587' title='bbox 587 3855 808 3926; x_wconf 76' lang='lat' dir='ltr'><strong>justus;</strong></span> <span class='ocrx_word' id='word_1_588' title='bbox 837 3857 978 3914; x_wconf 90' lang='lat' dir='ltr'><strong>Deus</strong></span> <span class='ocrx_word' id='word_1_589' title='bbox 996 3869 1178 3913; x_wconf 88' lang='lat' dir='ltr'><strong>autem</strong></span> <span class='ocrx_word' id='word_1_590' title='bbox 1202 3858 1368 3914; x_wconf 87' lang='lat' dir='ltr'><strong>corda</strong></span> <span class='ocrx_word' id='word_1_591' title='bbox 1391 3859 1635 3914; x_wconf 91' lang='lat' dir='ltr'><strong>omnium</strong></span> <span class='ocrx_word' id='word_1_592' title='bbox 1667 3858 1839 3925; x_wconf 89' lang='lat' dir='ltr'><strong>novit,</strong></span> <span class='ocrx_word' id='word_1_593' title='bbox 1942 3868 2071 3920; x_wconf 88' lang='lat' dir='ltr'><strong>sas,</strong></span> <span class='ocrx_word' id='word_1_594' title='bbox 2108 3867 2204 3906; x_wconf 92' lang='lat' dir='ltr'><strong>cur</strong></span> <span class='ocrx_word' id='word_1_595' title='bbox 2231 3847 2474 3920; x_wconf 81' lang='lat' dir='ltr'><strong>postulet</strong></span> <span class='ocrx_word' id='word_1_596' title='bbox 2521 3861 2734 3916; x_wconf 68' lang='lat' dir='ltr'><strong>patelll-</strong></span> <span class='ocrx_word' id='word_1_597' title='bbox 2784 3843 2944 3916; x_wconf 79' lang='lat'><strong>351</strong></span> <span class='ocrx_word' id='word_1_598' title='bbox 2987 3844 3094 3900; x_wconf 70' lang='grc' dir='ltr'><strong>Ρτο</strong></span> <span class='ocrx_word' id='word_1_599' title='bbox 3139 3844 3351 3899; x_wconf 72' lang='grc' dir='ltr'><strong>θυυοῑίε</strong></span> <span class='ocrx_word' id='word_1_600' title='bbox 3392 3850 3536 3901; x_wconf 56' lang='lat' dir='ltr'><strong>em“</strong></span> 
     </span>
    </p>
   </div>
   <div class='ocr_carea' id='block_1_66' title="bbox 159 3938 3546 4040">
    <p class='ocr_par' dir='ltr' id='par_1_66' title="bbox 159 3938 3546 4040">
     <span class='ocr_line' id='line_1_66' title="bbox 159 3938 3546 4040; baseline -0.004 -35"><span class='ocrx_word' id='word_1_601' title='bbox 159 3951 262 4022; x_wconf 89' lang='lat' dir='ltr'><strong>qui</strong></span> <span class='ocrx_word' id='word_1_602' title='bbox 285 3951 518 4007; x_wconf 81' lang='lat' dir='ltr'><strong>reddet</strong></span> <span class='ocrx_word' id='word_1_603' title='bbox 539 3951 851 4021; x_wconf 77' lang='lat' dir='ltr'><strong>unicuique</strong></span> <span class='ocrx_word' id='word_1_604' title='bbox 875 3951 1174 4006; x_wconf 88' lang='lat' dir='ltr'><strong>secundum</strong></span> <span class='ocrx_word' id='word_1_605' title='bbox 1200 3967 1366 4022; x_wconf 88' lang='lat' dir='ltr'><strong>opera</strong></span> <span class='ocrx_word' id='word_1_606' title='bbox 1385 3967 1478 4005; x_wconf 90' lang='lat' dir='ltr'><strong>sua</strong></span> <span class='ocrx_word' id='word_1_607' title='bbox 1498 3949 1680 4023; x_wconf 86' lang='lat' dir='ltr'><strong>(Prov.</strong></span> <span class='ocrx_word' id='word_1_608' title='bbox 1701 3949 1840 4020; x_wconf 73' lang='lat' dir='ltr'><strong>ut).</strong></span> <span class='ocrx_word' id='word_1_609' title='bbox 1944 3945 2207 4018; x_wconf 87' lang='lat' dir='ltr'><strong>operibus</strong></span> <span class='ocrx_word' id='word_1_610' title='bbox 2229 3959 2354 4013; x_wconf 79' lang='lat' dir='ltr'><strong>qua:</strong></span> <span class='ocrx_word' id='word_1_611' title='bbox 2379 3942 2592 4010; x_wconf 84' lang='lat' dir='ltr'><strong>operati</strong></span> <span class='ocrx_word' id='word_1_612' title='bbox 2625 3947 2760 4040; x_wconf 77' lang='lat' dir='ltr'><strong>sunt</strong></span> <span class='ocrx_word' id='word_1_613' title='bbox 2792 3953 2961 4006; x_wconf 82' lang='lat' dir='ltr'><strong>super</strong></span> <span class='ocrx_word' id='word_1_614' title='bbox 2993 3947 3194 4040; x_wconf 87' lang='lat' dir='ltr'><strong>terram</strong></span> <span class='ocrx_word' id='word_1_615' title='bbox 3223 3977 3238 4000; x_wconf 94' lang='lat'><strong>,</strong></span> <span class='ocrx_word' id='word_1_616' title='bbox 3269 3938 3458 4040; x_wconf 56' lang='lat' dir='ltr'><strong>(ilt‘lllll</strong></span> 
     </span>
    </p>
   </div>
   <div class='ocr_carea' id='block_1_67' title="bbox 158 4029 3547 4130">
    <p class='ocr_par' dir='ltr' id='par_1_67' title="bbox 158 4029 3547 4130">
     <span class='ocr_line' id='line_1_67' title="bbox 158 4029 3547 4130; baseline -0.006 -32"><span class='ocrx_word' id='word_1_617' title='bbox 158 4044 229 4098; x_wconf 82' lang='lat' dir='ltr'><strong>Et</strong></span> <span class='ocrx_word' id='word_1_618' title='bbox 252 4044 316 4098; x_wconf 87' lang='lat' dir='ltr'><strong>in</strong></span> <span class='ocrx_word' id='word_1_619' title='bbox 353 4044 483 4099; x_wconf 86' lang='lat' dir='ltr'><strong>alio</strong></span> <span class='ocrx_word' id='word_1_620' title='bbox 520 4043 659 4097; x_wconf 77' lang='lat' dir='ltr'><strong>lacu</strong></span> <span class='ocrx_word' id='word_1_621' title='bbox 685 4043 930 4109; x_wconf 90' lang='lat' dir='ltr'><strong>ejusdem</strong></span> <span class='ocrx_word' id='word_1_622' title='bbox 957 4043 1248 4098; x_wconf 78' lang='lat' dir='ltr'><strong>Voluminis</strong></span> <span class='ocrx_word' id='word_1_623' title='bbox 1278 4046 1478 4099; x_wconf 76' lang='lat' dir='ltr'><strong>dlCillll‘</strong></span> <span class='ocrx_word' id='word_1_624' title='bbox 1509 4061 1524 4096; x_wconf 92' lang='lat'><strong>:</strong></span> <span class='ocrx_word' id='word_1_625' title='bbox 1572 4043 1711 4098; x_wconf 83' lang='lat' dir='ltr'><strong>Sunt</strong></span> <span class='ocrx_word' id='word_1_626' title='bbox 1747 4043 1844 4096; x_wconf 77' lang='lat' dir='ltr'><strong>vite</strong></span> <span class='ocrx_word' id='word_1_627' title='bbox 1944 4037 2274 4095; x_wconf 78' lang='lat' dir='ltr'><strong>sustinuisse</strong></span> <span class='ocrx_word' id='word_1_628' title='bbox 2305 4042 2602 4097; x_wconf 90' lang='lat' dir='ltr'><strong>tormenta,</strong></span> <span class='ocrx_word' id='word_1_629' title='bbox 2633 4041 2692 4086; x_wconf 88' lang='lat' dir='ltr'><strong>et</strong></span> <span class='ocrx_word' id='word_1_630' title='bbox 2713 4031 2924 4130; x_wconf 76' lang='lat' dir='ltr'><strong>justum</strong></span> <span class='ocrx_word' id='word_1_631' title='bbox 2955 4043 3078 4130; x_wconf 56' lang='lat' dir='ltr'><strong>esse</strong></span> <span class='ocrx_word' id='word_1_632' title='bbox 3106 4039 3166 4081; x_wconf 94' lang='lat' dir='ltr'><strong>ut</strong></span> <span class='ocrx_word' id='word_1_633' title='bbox 3193 4037 3316 4096; x_wconf 89' lang='lat' dir='ltr'><strong>post</strong></span> <span class='ocrx_word' id='word_1_634' title='bbox 3341 4029 3547 4095; x_wconf 76' lang='lat' dir='ltr'><strong>suppli-</strong></span> 
     </span>
    </p>
   </div>
   <div class='ocr_carea' id='block_1_68' title="bbox 161 4119 3543 4221">
    <p class='ocr_par' dir='ltr' id='par_1_68' title="bbox 161 4119 3543 4221">
     <span class='ocr_line' id='line_1_68' title="bbox 161 4119 3543 4221; baseline -0.005 -35"><span class='ocrx_word' id='word_1_635' title='bbox 161 4133 292 4196; x_wconf 75' lang='lat' dir='ltr'><strong>viri,</strong></span> <span class='ocrx_word' id='word_1_636' title='bbox 317 4147 459 4204; x_wconf 65' lang='lat' dir='ltr'><strong>qua:</strong></span> <span class='ocrx_word' id='word_1_637' title='bbox 486 4133 744 4186; x_wconf 77' lang='lat' dir='ltr'><strong>videntur</strong></span> <span class='ocrx_word' id='word_1_638' title='bbox 765 4143 949 4198; x_wconf 72' lang='lat' dir='ltr'><strong>rectm;</strong></span> <span class='ocrx_word' id='word_1_639' title='bbox 971 4135 1249 4189; x_wconf 78' lang='lat' dir='ltr'><strong>novissima</strong></span> <span class='ocrx_word' id='word_1_640' title='bbox 1273 4145 1446 4190; x_wconf 86' lang='lat' dir='ltr'><strong>autem</strong></span> <span class='ocrx_word' id='word_1_641' title='bbox 1471 4151 1646 4188; x_wconf 87' lang='lat' dir='ltr'><strong>earum</strong></span> <span class='ocrx_word' id='word_1_642' title='bbox 1675 4133 1844 4203; x_wconf 86' lang='lat' dir='ltr'><strong>respi-</strong></span> <span class='ocrx_word' id='word_1_643' title='bbox 1947 4133 2030 4187; x_wconf 86' lang='lat' dir='ltr'><strong>cia</strong></span> <span class='ocrx_word' id='word_1_644' title='bbox 2074 4141 2235 4200; x_wconf 77' lang='lat' dir='ltr'><strong>atque</strong></span> <span class='ocrx_word' id='word_1_645' title='bbox 2279 4128 2557 4182; x_wconf 87' lang='lat' dir='ltr'><strong>cruciatus</strong></span> <span class='ocrx_word' id='word_1_646' title='bbox 2587 4164 2602 4189; x_wconf 93' lang='lat'><strong>,</strong></span> <span class='ocrx_word' id='word_1_647' title='bbox 2645 4119 3080 4221; x_wconf 74' lang='lat' dir='ltr'><strong>misericordiam</strong></span> <span class='ocrx_word' id='word_1_648' title='bbox 3110 4129 3543 4221; x_wconf 40' lang='lat' dir='ltr'><strong>con-sequantur.</strong></span> 
     </span>
    </p>
   </div>
   <div class='ocr_carea' id='block_1_69' title="bbox 155 4210 3551 4299">
    <p class='ocr_par' dir='ltr' id='par_1_69' title="bbox 155 4210 3551 4299">
     <span class='ocr_line' id='line_1_69' title="bbox 155 4210 3551 4299; baseline 0 -22"><span class='ocrx_word' id='word_1_649' title='bbox 155 4227 324 4278; x_wconf 86' lang='lat' dir='ltr'><strong>ciunt</strong></span> <span class='ocrx_word' id='word_1_650' title='bbox 353 4226 418 4277; x_wconf 87' lang='lat' dir='ltr'><strong>in</strong></span> <span class='ocrx_word' id='word_1_651' title='bbox 449 4225 797 4296; x_wconf 78' lang='lat' dir='ltr'><strong>profundum</strong></span> <span class='ocrx_word' id='word_1_652' title='bbox 830 4227 1023 4299; x_wconf 76' lang='lat' dir='ltr'><strong>inferni</strong></span> <span class='ocrx_word' id='word_1_653' title='bbox 1047 4225 1231 4298; x_wconf 83' lang='lat' dir='ltr'><strong>(Prov.</strong></span> <span class='ocrx_word' id='word_1_654' title='bbox 1269 4241 1382 4290; x_wconf 80' lang='lat' dir='ltr'><strong>xtv,</strong></span> <span class='ocrx_word' id='word_1_655' title='bbox 1415 4226 1532 4296; x_wconf 70' lang='grc' dir='ltr'><strong>η).</strong></span> <span class='ocrx_word' id='word_1_656' title='bbox 1567 4226 1722 4281; x_wconf 85' lang='lat' dir='ltr'><strong>Unde</strong></span> <span class='ocrx_word' id='word_1_657' title='bbox 1747 4225 1843 4280; x_wconf 83' lang='lat' dir='ltr'><strong>de-</strong></span> <span class='ocrx_word' id='word_1_658' title='bbox 1949 4225 2077 4280; x_wconf 82' lang='lat' dir='ltr'><strong>Sive</strong></span> <span class='ocrx_word' id='word_1_659' title='bbox 2093 4219 2443 4287; x_wconf 84' lang='lat' dir='ltr'><strong>aliter:Quia</strong></span> <span class='ocrx_word' id='word_1_660' title='bbox 2465 4216 2618 4270; x_wconf 70' lang='lat' dir='ltr'><strong>venit</strong></span> <span class='ocrx_word' id='word_1_661' title='bbox 2645 4210 2833 4266; x_wconf 73' lang='lat' dir='ltr'><strong>Iltlmdi</strong></span> <span class='ocrx_word' id='word_1_662' title='bbox 2856 4211 3346 4275; x_wconf 67' lang='grc' dir='ltr'><strong>ουιιειιηιπιειιίοιει</strong></span> <span class='ocrx_word' id='word_1_663' title='bbox 3369 4211 3551 4265; x_wconf 67' lang='lat' dir='ltr'><strong>&quot;milia</strong></span> 
     </span>
    </p>
   </div>
   <div class='ocr_carea' id='block_1_70' title="bbox 156 4303 1815 4388">
    <p class='ocr_par' dir='ltr' id='par_1_70' title="bbox 156 4315 1815 4387">
     <span class='ocr_line' id='line_1_70' title="bbox 156 4315 1815 4387; baseline -0.001 -13"><span class='ocrx_word' id='word_1_664' title='bbox 156 4318 386 4374; x_wconf 83' lang='lat' dir='ltr'><strong>bemus</strong></span> <span class='ocrx_word' id='word_1_665' title='bbox 441 4315 742 4386; x_wconf 80' lang='lat' dir='ltr'><strong>justitiam</strong></span> <span class='ocrx_word' id='word_1_666' title='bbox 795 4318 1033 4386; x_wconf 88' lang='lat' dir='ltr'><strong>discere,</strong></span> <span class='ocrx_word' id='word_1_667' title='bbox 1072 4335 1172 4374; x_wconf 84' lang='lat' dir='ltr'><strong>nec</strong></span> <span class='ocrx_word' id='word_1_668' title='bbox 1203 4318 1486 4373; x_wconf 82' lang='lat' dir='ltr'><strong>ceulidere</strong></span> <span class='ocrx_word' id='word_1_669' title='bbox 1532 4317 1584 4372; x_wconf 91' lang='lat' dir='ltr'><strong>in</strong></span> <span class='ocrx_word' id='word_1_670' title='bbox 1626 4318 1815 4387; x_wconf 88' lang='lat' dir='ltr'><strong>propri</strong></span> 
     </span>
    </p>
   </div>
   <div class='ocr_carea' id='block_1_71' title="bbox 1918 4303 3545 4388">
    <p class='ocr_par' dir='ltr' id='par_1_71' title="bbox 1950 4303 3545 4388">
     <span class='ocr_line' id='line_1_71' title="bbox 1950 4303 3545 4388; baseline -0.006 -20"><span class='ocrx_word' id='word_1_671' title='bbox 1950 4331 2071 4388; x_wconf 70' lang='lat' dir='ltr'><strong>quin</strong></span> <span class='ocrx_word' id='word_1_672' title='bbox 2101 4330 2198 4385; x_wconf 88' lang='lat' dir='ltr'><strong>per</strong></span> <span class='ocrx_word' id='word_1_673' title='bbox 2229 4311 2532 4380; x_wconf 59' lang='lat' dir='ltr'><strong>Prophetas</strong></span> <span class='ocrx_word' id='word_1_674' title='bbox 2560 4309 2774 4361; x_wconf 91' lang='lat' dir='ltr'><strong>locutus</strong></span> <span class='ocrx_word' id='word_1_675' title='bbox 2795 4319 2854 4360; x_wconf 90' lang='lat' dir='ltr'><strong>es</strong></span> <span class='ocrx_word' id='word_1_676' title='bbox 2880 4344 2896 4370; x_wconf 94' lang='lat'><strong>,</strong></span> <span class='ocrx_word' id='word_1_677' title='bbox 2928 4303 3091 4358; x_wconf 86' lang='lat' dir='ltr'><strong>rebus</strong></span> <span class='ocrx_word' id='word_1_678' title='bbox 3129 4305 3345 4373; x_wconf 71' lang='lat' dir='ltr'><strong>ettpluta</strong></span> <span class='ocrx_word' id='word_1_679' title='bbox 3374 4313 3545 4371; x_wconf 88' lang='lat' dir='ltr'><strong>sunt,</strong></span> 
     </span>
    </p>
   </div>
   <div class='ocr_carea' id='block_1_72' title="bbox 152 4396 3555 4483">
    <p class='ocr_par' dir='ltr' id='par_1_72' title="bbox 152 4396 3555 4483">
     <span class='ocr_line' id='line_1_72' title="bbox 152 4396 3555 4483; baseline -0.004 -17"><span class='ocrx_word' id='word_1_680' title='bbox 152 4412 419 4481; x_wconf 87' lang='lat' dir='ltr'><strong>judicio.</strong></span> <span class='ocrx_word' id='word_1_681' title='bbox 475 4410 598 4465; x_wconf 83' lang='lat' dir='ltr'><strong>Est.</strong></span> <span class='ocrx_word' id='word_1_682' title='bbox 643 4411 790 4466; x_wconf 88' lang='lat' dir='ltr'><strong>enim</strong></span> <span class='ocrx_word' id='word_1_683' title='bbox 826 4413 1010 4482; x_wconf 87' lang='lat' dir='ltr'><strong>justus</strong></span> <span class='ocrx_word' id='word_1_684' title='bbox 1048 4413 1142 4483; x_wconf 90' lang='lat' dir='ltr'><strong>qui</strong></span> <span class='ocrx_word' id='word_1_685' title='bbox 1176 4421 1364 4482; x_wconf 83' lang='lat' dir='ltr'><strong>pereat</strong></span> <span class='ocrx_word' id='word_1_686' title='bbox 1403 4412 1454 4466; x_wconf 92' lang='lat' dir='ltr'><strong>in</strong></span> <span class='ocrx_word' id='word_1_687' title='bbox 1491 4412 1704 4481; x_wconf 87' lang='lat' dir='ltr'><strong>justitia</strong></span> <span class='ocrx_word' id='word_1_688' title='bbox 1751 4425 1850 4466; x_wconf 91' lang='lat' dir='ltr'><strong>sua</strong></span> <span class='ocrx_word' id='word_1_689' title='bbox 1954 4417 2012 4462; x_wconf 93' lang='lat' dir='ltr'><strong>et</strong></span> <span class='ocrx_word' id='word_1_690' title='bbox 2037 4404 2326 4461; x_wconf 76' lang='lat' dir='ltr'><strong>reddidisu</strong></span> <span class='ocrx_word' id='word_1_691' title='bbox 2361 4401 2616 4457; x_wconf 79' lang='lat' dir='ltr'><strong>universa</strong></span> <span class='ocrx_word' id='word_1_692' title='bbox 2643 4413 2765 4470; x_wconf 81' lang='lat' dir='ltr'><strong>quae</strong></span> <span class='ocrx_word' id='word_1_693' title='bbox 2799 4396 3077 4467; x_wconf 81' lang='lat' dir='ltr'><strong>pollicitus</strong></span> <span class='ocrx_word' id='word_1_694' title='bbox 3105 4411 3188 4464; x_wconf 91' lang='lat' dir='ltr'><strong>es,</strong></span> <span class='ocrx_word' id='word_1_695' title='bbox 3207 4399 3555 4456; x_wconf 88' lang='lat' dir='ltr'><strong>tribueuobis</strong></span> 
     </span>
    </p>
   </div>
   <div class='ocr_carea' id='block_1_73' title="bbox 161 4501 3147 4577">
    <p class='ocr_par' dir='ltr' id='par_1_73' title="bbox 161 4501 3147 4577">
     <span class='ocr_line' id='line_1_73' title="bbox 161 4501 3147 4577; baseline 0.001 -18"><span class='ocrx_word' id='word_1_696' title='bbox 161 4503 424 4577; x_wconf 80' lang='lat' dir='ltr'><strong>(Eccles.</strong></span> <span class='ocrx_word' id='word_1_697' title='bbox 457 4504 621 4576; x_wconf 79' lang='lat' dir='ltr'><strong>vis);</strong></span> <span class='ocrx_word' id='word_1_698' title='bbox 654 4519 764 4559; x_wconf 90' lang='lat' dir='ltr'><strong>non</strong></span> <span class='ocrx_word' id='word_1_699' title='bbox 795 4520 904 4575; x_wconf 91' lang='lat' dir='ltr'><strong>quo</strong></span> <span class='ocrx_word' id='word_1_700' title='bbox 943 4508 1123 4575; x_wconf 87' lang='lat' dir='ltr'><strong>justus</strong></span> <span class='ocrx_word' id='word_1_701' title='bbox 1148 4508 1241 4572; x_wconf 88' lang='lat' dir='ltr'><strong>sit,</strong></span> <span class='ocrx_word' id='word_1_702' title='bbox 1275 4505 1370 4560; x_wconf 88' lang='lat' dir='ltr'><strong>sed</strong></span> <span class='ocrx_word' id='word_1_703' title='bbox 1398 4519 1507 4576; x_wconf 86' lang='lat' dir='ltr'><strong>quo</strong></span> <span class='ocrx_word' id='word_1_704' title='bbox 1545 4503 1649 4558; x_wconf 88' lang='lat' dir='ltr'><strong>sibi</strong></span> <span class='ocrx_word' id='word_1_705' title='bbox 1671 4506 1853 4572; x_wconf 84' lang='lat' dir='ltr'><strong>jusws</strong></span> <span class='ocrx_word' id='word_1_706' title='bbox 1956 4511 2169 4569; x_wconf 79' lang='lat' dir='ltr'><strong>pacem.</strong></span> <span class='ocrx_word' id='word_1_707' title='bbox 2199 4510 2320 4562; x_wconf 68' lang='grc' dir='ltr'><strong>ίιυεε</strong></span> <span class='ocrx_word' id='word_1_708' title='bbox 2343 4501 2635 4559; x_wconf 68' lang='grc' dir='ltr'><strong>εκειιρετειι</strong></span> <span class='ocrx_word' id='word_1_709' title='bbox 2655 4506 2873 4544; x_wconf 67' lang='lat' dir='ltr'><strong>omnem</strong></span> <span class='ocrx_word' id='word_1_710' title='bbox 2899 4503 3147 4544; x_wconf 66' lang='grc' dir='ltr'><strong>εθηδηηιο</strong></span> 
     </span>
    </p>
   </div>
   <div class='ocr_carea' id='block_1_74' title="bbox 158 4579 3551 4681">
    <p class='ocr_par' dir='ltr' id='par_1_74' title="bbox 158 4579 3551 4681">
     <span class='ocr_line' id='line_1_74' title="bbox 158 4579 3551 4681; baseline -0.007 -24"><span class='ocrx_word' id='word_1_711' title='bbox 158 4616 296 4658; x_wconf 74' lang='lat' dir='ltr'><strong>esse</strong></span> <span class='ocrx_word' id='word_1_712' title='bbox 327 4603 659 4657; x_wconf 81' lang='lat' dir='ltr'><strong>videatur.</strong></span> <span class='ocrx_word' id='word_1_713' title='bbox 703 4598 799 4655; x_wconf 91' lang='lat' dir='ltr'><strong>Sin</strong></span> <span class='ocrx_word' id='word_1_714' title='bbox 838 4610 1024 4656; x_wconf 86' lang='lat' dir='ltr'><strong>autem</strong></span> <span class='ocrx_word' id='word_1_715' title='bbox 1043 4597 1294 4654; x_wconf 88' lang='lat' dir='ltr'><strong>Christus</strong></span> <span class='ocrx_word' id='word_1_716' title='bbox 1318 4599 1494 4654; x_wconf 81' lang='lat' dir='ltr'><strong>laetus</strong></span> <span class='ocrx_word' id='word_1_717' title='bbox 1517 4607 1603 4653; x_wconf 89' lang='lat' dir='ltr'><strong>est</strong></span> <span class='ocrx_word' id='word_1_718' title='bbox 1635 4595 1790 4650; x_wconf 82' lang='lat' dir='ltr'><strong>nobis</strong></span> <span class='ocrx_word' id='word_1_719' title='bbox 1817 4613 1845 4646; x_wconf 88' lang='lat' dir='ltr'><strong>a</strong></span> <span class='ocrx_word' id='word_1_720' title='bbox 1874 4579 1928 4640; x_wconf 86' lang='lat' dir='ltr'><strong>D</strong></span> <span class='ocrx_word' id='word_1_721' title='bbox 2025 4589 2208 4660; x_wconf 80' lang='lat' dir='ltr'><strong>(Vers.</strong></span> <span class='ocrx_word' id='word_1_722' title='bbox 2246 4584 2364 4654; x_wconf 76' lang='grc'><strong>15.)</strong></span> <span class='ocrx_word' id='word_1_723' title='bbox 2401 4583 2619 4635; x_wconf 87' lang='lat' dir='ltr'><strong>Domine</strong></span> <span class='ocrx_word' id='word_1_724' title='bbox 2665 4579 2804 4680; x_wconf 71' lang='lat' dir='ltr'><strong>Deus</strong></span> <span class='ocrx_word' id='word_1_725' title='bbox 2849 4589 3018 4681; x_wconf 78' lang='lat' dir='ltr'><strong>noster</strong></span> <span class='ocrx_word' id='word_1_726' title='bbox 3041 4619 3057 4642; x_wconf 91' lang='lat'><strong>,</strong></span> <span class='ocrx_word' id='word_1_727' title='bbox 3094 4579 3429 4681; x_wconf 76' lang='lat' dir='ltr'><strong>possederunt</strong></span> <span class='ocrx_word' id='word_1_728' title='bbox 3458 4597 3551 4681; x_wconf 71' lang='lat' dir='ltr'><strong>nos</strong></span> 
     </span>
    </p>
   </div>
   <div class='ocr_carea' id='block_1_75' title="bbox 163 4668 1815 4776">
    <p class='ocr_par' dir='ltr' id='par_1_75' title="bbox 163 4688 1813 4767">
     <span class='ocr_line' id='line_1_75' title="bbox 163 4688 1813 4767; baseline -0.005 -17"><span class='ocrx_word' id='word_1_729' title='bbox 163 4695 289 4752; x_wconf 86' lang='lat' dir='ltr'><strong>Deo</strong></span> <span class='ocrx_word' id='word_1_730' title='bbox 316 4693 672 4767; x_wconf 81' lang='lat' dir='ltr'><strong>sapientia,</strong></span> <span class='ocrx_word' id='word_1_731' title='bbox 700 4703 757 4749; x_wconf 93' lang='lat' dir='ltr'><strong>et</strong></span> <span class='ocrx_word' id='word_1_732' title='bbox 779 4693 1012 4761; x_wconf 79' lang='lat' dir='ltr'><strong>iustitia,</strong></span> <span class='ocrx_word' id='word_1_733' title='bbox 1042 4693 1403 4749; x_wconf 81' lang='lat' dir='ltr'><strong>sanctiﬁcatio</strong></span> <span class='ocrx_word' id='word_1_734' title='bbox 1442 4701 1500 4748; x_wconf 91' lang='lat' dir='ltr'><strong>et</strong></span> <span class='ocrx_word' id='word_1_735' title='bbox 1544 4688 1813 4760; x_wconf 86' lang='lat' dir='ltr'><strong>redempti</strong></span> 
     </span>
    </p>
   </div>
   <div class='ocr_carea' id='block_1_76' title="bbox 1918 4668 3551 4776">
    <p class='ocr_par' dir='ltr' id='par_1_76' title="bbox 1955 4668 3551 4776">
     <span class='ocr_line' id='line_1_76' title="bbox 1955 4668 3551 4745; baseline -0.008 -10"><span class='ocrx_word' id='word_1_736' title='bbox 1955 4679 2166 4735; x_wconf 87' lang='lat' dir='ltr'><strong>Domini</strong></span> <span class='ocrx_word' id='word_1_737' title='bbox 2199 4675 2391 4745; x_wconf 83' lang='lat' dir='ltr'><strong>absque</strong></span> <span class='ocrx_word' id='word_1_738' title='bbox 2418 4681 2495 4726; x_wconf 86' lang='lat' dir='ltr'><strong>te:</strong></span> <span class='ocrx_word' id='word_1_739' title='bbox 2524 4679 2724 4724; x_wconf 87' lang='lat' dir='ltr'><strong>tantum</strong></span> <span class='ocrx_word' id='word_1_740' title='bbox 2770 4669 2821 4721; x_wconf 91' lang='lat' dir='ltr'><strong>in</strong></span> <span class='ocrx_word' id='word_1_741' title='bbox 2869 4675 2917 4719; x_wconf 88' lang='lat' dir='ltr'><strong>te</strong></span> <span class='ocrx_word' id='word_1_742' title='bbox 2963 4668 3292 4720; x_wconf 68' lang='lat' dir='ltr'><strong>recordemur</strong></span> <span class='ocrx_word' id='word_1_743' title='bbox 3329 4669 3551 4722; x_wconf 86' lang='lat' dir='ltr'><strong>nominis</strong></span> 
     </span>
     <span class='ocr_line' id='line_1_77' title="bbox 2024 4755 3551 4776; baseline 0 0"><span class='ocrx_word' id='word_1_744' title='bbox 2024 4775 2029 4776; x_wconf 61' lang='lat'><strong><em>,</em></strong></span> <span class='ocrx_word' id='word_1_745' title='bbox 2079 4767 2218 4776; x_wconf 73' lang='grc'><strong>----.</strong></span> <span class='ocrx_word' id='word_1_746' title='bbox 2296 4765 2329 4776; x_wconf 60' lang='grc' dir='ltr'><strong>Α</strong></span> <span class='ocrx_word' id='word_1_747' title='bbox 2429 4764 2440 4776; x_wconf 82' lang='lat' dir='ltr'><strong>s</strong></span> <span class='ocrx_word' id='word_1_748' title='bbox 2576 4755 2614 4776; x_wconf 64' lang='grc' dir='ltr'>ἢ</span> <span class='ocrx_word' id='word_1_749' title='bbox 2828 4770 2840 4776; x_wconf 91' lang='grc'><strong>-</strong></span> <span class='ocrx_word' id='word_1_750' title='bbox 2880 4775 2897 4776; x_wconf 45' lang='grc' dir='ltr'>η</span> <span class='ocrx_word' id='word_1_751' title='bbox 2975 4757 3130 4776; x_wconf 53' lang='lat' dir='ltr'><strong>,_-!J-</strong></span> <span class='ocrx_word' id='word_1_752' title='bbox 3160 4755 3497 4776; x_wconf 46' lang='lat' dir='ltr'><strong>__A,_h,u,!,,</strong></span> <span class='ocrx_word' id='word_1_753' title='bbox 3541 4773 3551 4776; x_wconf 66' lang='lat'><strong><em>_</em></strong></span> 
     </span>
    </p>
   </div>
   <div class='ocr_carea' id='block_1_77' title="bbox 159 4755 3555 4865">
    <p class='ocr_par' dir='ltr' id='par_1_77' title="bbox 159 4755 3555 4865">
     <span class='ocr_line' id='line_1_78' title="bbox 159 4755 3555 4865; baseline -0.006 -20"><span class='ocrx_word' id='word_1_754' title='bbox 159 4789 212 4859; x_wconf 82' lang='grc' dir='ltr'><strong>(ι</strong></span> <span class='ocrx_word' id='word_1_755' title='bbox 237 4755 501 4859; x_wconf 65' lang='grc' dir='ltr'><strong>(Ζον.ἰ),</strong></span> <span class='ocrx_word' id='word_1_756' title='bbox 537 4755 756 4858; x_wconf 79' lang='lat' dir='ltr'><strong>quibus</strong></span> <span class='ocrx_word' id='word_1_757' title='bbox 779 4755 1106 4857; x_wconf 63' lang='lat' dir='ltr'><strong>praecipitur</strong></span> <span class='ocrx_word' id='word_1_758' title='bbox 1128 4795 1186 4840; x_wconf 91' lang='lat' dir='ltr'><strong>ut</strong></span> <span class='ocrx_word' id='word_1_759' title='bbox 1211 4755 1852 4857; x_wconf 75' lang='lat' dir='ltr'><strong>cognoscautjustitiam,</strong></span> <span class='ocrx_word' id='word_1_760' title='bbox 1959 4775 2052 4828; x_wconf 84' lang='lat' dir='ltr'><strong>tui.</strong></span> <span class='ocrx_word' id='word_1_761' title='bbox 2079 4767 2223 4826; x_wconf 78' lang='lat' dir='ltr'><strong>LXX</strong></span> <span class='ocrx_word' id='word_1_762' title='bbox 2243 4764 2538 4865; x_wconf 46' lang='lat' dir='ltr'><strong>{Dominus</strong></span> <span class='ocrx_word' id='word_1_763' title='bbox 2564 4755 2705 4816; x_wconf 86' lang='lat' dir='ltr'><strong>Deus</strong></span> <span class='ocrx_word' id='word_1_764' title='bbox 2727 4757 3288 4865; x_wconf 72' lang='lat' dir='ltr'><strong>noster,possideuos:</strong></span> <span class='ocrx_word' id='word_1_765' title='bbox 3313 4755 3555 4865; x_wconf 51' lang='lat' dir='ltr'><strong>Domi???</strong></span> 
     </span>
    </p>
   </div>
   <div class='ocr_carea' id='block_1_78' title="bbox 159 4849 3557 4958">
    <p class='ocr_par' dir='ltr' id='par_1_78' title="bbox 159 4849 3557 4958">
     <span class='ocr_line' id='line_1_79' title="bbox 159 4849 3557 4958; baseline -0.009 -23"><span class='ocrx_word' id='word_1_766' title='bbox 159 4849 278 4935; x_wconf 69' lang='lat' dir='ltr'><strong>hoc</strong></span> <span class='ocrx_word' id='word_1_767' title='bbox 310 4849 593 4951; x_wconf 67' lang='lat' dir='ltr'><strong>jubetur</strong></span> <span class='ocrx_word' id='word_1_768' title='bbox 623 4890 680 4932; x_wconf 89' lang='lat' dir='ltr'><strong>ut</strong></span> <span class='ocrx_word' id='word_1_769' title='bbox 711 4877 986 4933; x_wconf 89' lang='lat' dir='ltr'><strong>Christum</strong></span> <span class='ocrx_word' id='word_1_770' title='bbox 1033 4879 1248 4934; x_wconf 87' lang='lat' dir='ltr'><strong>discant</strong></span> <span class='ocrx_word' id='word_1_771' title='bbox 1287 4888 1451 4947; x_wconf 81' lang='lat' dir='ltr'><strong>atque</strong></span> <span class='ocrx_word' id='word_1_772' title='bbox 1499 4886 1851 4950; x_wconf 78' lang='lat' dir='ltr'><strong>cognoscant.</strong></span> <span class='ocrx_word' id='word_1_773' title='bbox 1956 4876 2103 4920; x_wconf 68' lang='lat' dir='ltr'><strong>extra</strong></span> <span class='ocrx_word' id='word_1_774' title='bbox 2133 4871 2179 4916; x_wconf 84' lang='lat' dir='ltr'><strong>le</strong></span> <span class='ocrx_word' id='word_1_775' title='bbox 2199 4860 2368 4958; x_wconf 2' lang='lat' dir='ltr'><strong>(alium</strong></span> <span class='ocrx_word' id='word_1_776' title='bbox 2398 4870 2651 4958; x_wconf 69' lang='lat' dir='ltr'><strong>nesctmus</strong></span> <span class='ocrx_word' id='word_1_777' title='bbox 2677 4894 2693 4919; x_wconf 90' lang='lat'><strong>,</strong></span> <span class='ocrx_word' id='word_1_778' title='bbox 2727 4867 2912 4906; x_wconf 84' lang='lat' dir='ltr'><strong>nomen</strong></span> <span class='ocrx_word' id='word_1_779' title='bbox 2945 4849 3557 4958; x_wconf 43' lang='lat' dir='ltr'><strong>invocantem”:</strong></span> 
     </span>
    </p>
   </div>
   <div class='ocr_carea' id='block_1_79' title="bbox 157 4950 3559 5050">
    <p class='ocr_par' dir='ltr' id='par_1_79' title="bbox 157 4950 3559 5050">
     <span class='ocr_line' id='line_1_80' title="bbox 157 4950 3559 5050; baseline -0.008 -20"><span class='ocrx_word' id='word_1_780' title='bbox 157 4950 523 5044; x_wconf 76' lang='lat' dir='ltr'><strong>Propterea</strong></span> <span class='ocrx_word' id='word_1_781' title='bbox 561 4982 756 5026; x_wconf 79' lang='lat' dir='ltr'><strong>autem</strong></span> <span class='ocrx_word' id='word_1_782' title='bbox 787 4972 1072 5041; x_wconf 62' lang='lat' dir='ltr'><strong>principio,</strong></span> <span class='ocrx_word' id='word_1_783' title='bbox 1094 4972 1192 5037; x_wconf 88' lang='lat' dir='ltr'><strong>ait,</strong></span> <span class='ocrx_word' id='word_1_784' title='bbox 1221 4970 1377 5025; x_wconf 86' lang='lat' dir='ltr'><strong>vobis</strong></span> <span class='ocrx_word' id='word_1_785' title='bbox 1405 4979 1462 5024; x_wconf 91' lang='lat' dir='ltr'><strong>ut</strong></span> <span class='ocrx_word' id='word_1_786' title='bbox 1488 4968 1716 5025; x_wconf 85' lang='lat' dir='ltr'><strong>discatis</strong></span> <span class='ocrx_word' id='word_1_787' title='bbox 1740 4969 1856 5038; x_wconf 86' lang='lat' dir='ltr'><strong>jus-</strong></span> <span class='ocrx_word' id='word_1_788' title='bbox 1959 4961 2109 5012; x_wconf 90' lang='lat' dir='ltr'><strong>circo</strong></span> <span class='ocrx_word' id='word_1_789' title='bbox 2141 4952 2573 5050; x_wconf 58' lang='lat' dir='ltr'><strong>tttiseriCOrtliaIII</strong></span> <span class='ocrx_word' id='word_1_790' title='bbox 2607 4950 3258 5050; x_wconf 44' lang='grc' dir='ltr'><strong>ιιυεξὲευηιυῆθιιιεξθξὲηιιῖ</strong></span> <span class='ocrx_word' id='word_1_791' title='bbox 3279 4956 3408 5045; x_wconf 39' lang='lat' dir='ltr'><strong>illiw.</strong></span> <span class='ocrx_word' id='word_1_792' title='bbox 3433 4951 3559 5012; x_wconf 72' lang='lat' dir='ltr'><strong>pust</strong></span> 
     </span>
    </p>
   </div>
   <div class='ocr_carea' id='block_1_80' title="bbox 159 5033 1815 5140">
    <p class='ocr_par' dir='ltr' id='par_1_80' title="bbox 159 5033 1815 5137">
     <span class='ocr_line' id='line_1_81' title="bbox 159 5033 1815 5137; baseline -0.002 -17"><span class='ocrx_word' id='word_1_793' title='bbox 159 5033 398 5129; x_wconf 61' lang='lat' dir='ltr'><strong>titiam,</strong></span> <span class='ocrx_word' id='word_1_794' title='bbox 432 5065 593 5137; x_wconf 74' lang='lat' dir='ltr'><strong>quia</strong></span> <span class='ocrx_word' id='word_1_795' title='bbox 633 5064 846 5120; x_wconf 89' lang='lat' dir='ltr'><strong>ablatus</strong></span> <span class='ocrx_word' id='word_1_796' title='bbox 884 5074 967 5120; x_wconf 83' lang='lat' dir='ltr'><strong>est</strong></span> <span class='ocrx_word' id='word_1_797' title='bbox 994 5063 1224 5134; x_wconf 86' lang='lat' dir='ltr'><strong>impius;</strong></span> <span class='ocrx_word' id='word_1_798' title='bbox 1260 5074 1314 5116; x_wconf 87' lang='lat' dir='ltr'><strong>et</strong></span> <span class='ocrx_word' id='word_1_799' title='bbox 1347 5078 1572 5133; x_wconf 84' lang='lat' dir='ltr'><strong>regnum</strong></span> <span class='ocrx_word' id='word_1_800' title='bbox 1603 5062 1745 5116; x_wconf 90' lang='lat' dir='ltr'><strong>illius</strong></span> <span class='ocrx_word' id='word_1_801' title='bbox 1764 5063 1815 5116; x_wconf 88' lang='lat' dir='ltr'><strong>dt</strong></span> 
     </span>
    </p>
   </div>
   <div class='ocr_carea' id='block_1_81' title="bbox 1918 5033 3562 5140">
    <p class='ocr_par' dir='ltr' id='par_1_81' title="bbox 1961 5033 3562 5108">
     <span class='ocr_line' id='line_1_82' title="bbox 1961 5033 3562 5108; baseline -0.012 -2"><span class='ocrx_word' id='word_1_802' title='bbox 1961 5058 2157 5106; x_wconf 80' lang='lat' dir='ltr'><strong>Cuncta</strong></span> <span class='ocrx_word' id='word_1_803' title='bbox 2185 5040 2476 5101; x_wconf 86' lang='lat' dir='ltr'><strong>tribuenda</strong></span> <span class='ocrx_word' id='word_1_804' title='bbox 2500 5049 2602 5096; x_wconf 79' lang='lat' dir='ltr'><strong>est.</strong></span> <span class='ocrx_word' id='word_1_805' title='bbox 2620 5037 2746 5108; x_wconf 87' lang='lat' dir='ltr'><strong>quia</strong></span> <span class='ocrx_word' id='word_1_806' title='bbox 2770 5053 2866 5090; x_wconf 86' lang='lat' dir='ltr'><strong>nos</strong></span> <span class='ocrx_word' id='word_1_807' title='bbox 2886 5034 3093 5104; x_wconf 69' lang='lat' dir='ltr'><strong>absque</strong></span> <span class='ocrx_word' id='word_1_808' title='bbox 3119 5044 3172 5089; x_wconf 88' lang='lat' dir='ltr'><strong>te</strong></span> <span class='ocrx_word' id='word_1_809' title='bbox 3197 5033 3408 5088; x_wconf 89' lang='lat' dir='ltr'><strong>domini</strong></span> <span class='ocrx_word' id='word_1_810' title='bbox 3435 5049 3562 5104; x_wconf 74' lang='lat' dir='ltr'><strong>p0s-</strong></span> 
     </span>
    </p>
   </div>
   <div class='ocr_carea' id='block_1_82' title="bbox 158 5129 3564 5232">
    <p class='ocr_par' dir='ltr' id='par_1_82' title="bbox 158 5129 3564 5232">
     <span class='ocr_line' id='line_1_83' title="bbox 158 5129 3564 5232; baseline -0.003 -40"><span class='ocrx_word' id='word_1_811' title='bbox 158 5129 622 5218; x_wconf 54' lang='lat' dir='ltr'><strong>“.ucmm&#39;e,.,</strong></span> <span class='ocrx_word' id='word_1_812' title='bbox 651 5157 745 5228; x_wconf 61' lang='lat' dir='ltr'><strong>qui</strong></span> <span class='ocrx_word' id='word_1_813' title='bbox 773 5157 1033 5228; x_wconf 65' lang='lat' dir='ltr'><strong>quamdiu</strong></span> <span class='ocrx_word' id='word_1_814' title='bbox 1065 5129 1330 5228; x_wconf 57' lang='grc' dir='ltr'><strong>έρεηθωι</strong></span> <span class='ocrx_word' id='word_1_815' title='bbox 1374 5129 1539 5229; x_wconf 56' lang='grc' dir='ltr'><strong>έεο</strong></span> <span class='ocrx_word' id='word_1_816' title='bbox 1584 5155 1638 5210; x_wconf 72' lang='lat' dir='ltr'><strong>in</strong></span> <span class='ocrx_word' id='word_1_817' title='bbox 1691 5166 1857 5218; x_wconf 66' lang='lat' dir='ltr'><strong>terra,</strong></span> <span class='ocrx_word' id='word_1_818' title='bbox 1965 5143 2230 5200; x_wconf 86' lang='lat' dir='ltr'><strong>sederunt</strong></span> <span class='ocrx_word' id='word_1_819' title='bbox 2252 5178 2269 5205; x_wconf 94' lang='lat'><strong>,</strong></span> <span class='ocrx_word' id='word_1_820' title='bbox 2303 5137 2447 5191; x_wconf 88' lang='lat' dir='ltr'><strong>idola</strong></span> <span class='ocrx_word' id='word_1_821' title='bbox 2478 5132 2731 5232; x_wconf 45' lang='lat' dir='ltr'><strong>vident-pi</strong></span> <span class='ocrx_word' id='word_1_822' title='bbox 2753 5172 2768 5197; x_wconf 92' lang='lat'><strong>,</strong></span> <span class='ocrx_word' id='word_1_823' title='bbox 2815 5129 2909 5232; x_wconf 79' lang='lat' dir='ltr'><strong>vel</strong></span> <span class='ocrx_word' id='word_1_824' title='bbox 2931 5133 3212 5230; x_wconf 73' lang='lat' dir='ltr'><strong>tlanuones</strong></span> <span class='ocrx_word' id='word_1_825' title='bbox 3240 5129 3398 5232; x_wconf 71' lang='lat' dir='ltr'><strong>idolis</strong></span> <span class='ocrx_word' id='word_1_826' title='bbox 3419 5129 3564 5232; x_wconf 49' lang='lat' dir='ltr'><strong>nSsi:</strong></span> 
     </span>
    </p>
   </div>
   <div class='ocr_carea' id='block_1_83' title="bbox 86 5219 3569 5324">
    <p class='ocr_par' dir='ltr' id='par_1_83' title="bbox 86 5219 3569 5324">
     <span class='ocr_line' id='line_1_84' title="bbox 86 5219 3569 5324; baseline -0.003 -16"><span class='ocrx_word' id='word_1_827' title='bbox 86 5289 98 5297; x_wconf 64' lang='lat'><strong>.</strong></span> <span class='ocrx_word' id='word_1_828' title='bbox 152 5253 478 5324; x_wconf 79' lang='lat' dir='ltr'><strong>justitiam</strong></span> <span class='ocrx_word' id='word_1_829' title='bbox 508 5219 684 5306; x_wconf 78' lang='lat' dir='ltr'><strong>scire</strong></span> <span class='ocrx_word' id='word_1_830' title='bbox 701 5219 808 5306; x_wconf 76' lang='lat' dir='ltr'><strong>non</strong></span> <span class='ocrx_word' id='word_1_831' title='bbox 841 5260 1078 5322; x_wconf 87' lang='lat' dir='ltr'><strong>poterat.</strong></span> <span class='ocrx_word' id='word_1_832' title='bbox 1107 5219 1206 5307; x_wconf 48' lang='grc' dir='ltr'><strong>τινος</strong></span> <span class='ocrx_word' id='word_1_833' title='bbox 1229 5219 1746 5307; x_wconf 58' lang='lat' dir='ltr'><strong>facereveritattem.</strong></span> <span class='ocrx_word' id='word_1_834' title='bbox 1779 5247 1857 5304; x_wconf 86' lang='lat' dir='ltr'><strong>De</strong></span> <span class='ocrx_word' id='word_1_835' title='bbox 1965 5237 2158 5293; x_wconf 74' lang='lat' dir='ltr'><strong>dei-les</strong></span> <span class='ocrx_word' id='word_1_836' title='bbox 2197 5250 2212 5286; x_wconf 72' lang='lat'><strong><em>=</em></strong></span> <span class='ocrx_word' id='word_1_837' title='bbox 2247 5229 2494 5297; x_wconf 64' lang='lat' dir='ltr'><strong>&quot;nmque</strong></span> <span class='ocrx_word' id='word_1_838' title='bbox 2536 5223 2708 5324; x_wconf 69' lang='lat' dir='ltr'><strong>a“_&quot;d_</strong></span> <span class='ocrx_word' id='word_1_839' title='bbox 2732 5221 3111 5324; x_wconf 46' lang='lat' dir='ltr'><strong>Pi&#39;s&#39;m‘mf‘ls.’</strong></span> <span class='ocrx_word' id='word_1_840' title='bbox 3159 5219 3268 5320; x_wconf 41' lang='lat' dir='ltr'><strong>&quot;isi</strong></span> <span class='ocrx_word' id='word_1_841' title='bbox 3312 5229 3370 5321; x_wconf 61' lang='grc' dir='ltr'><strong>ξ⁸ι</strong></span> <span class='ocrx_word' id='word_1_842' title='bbox 3413 5219 3569 5288; x_wconf 50' lang='lat' dir='ltr'><strong>mg“</strong></span> 
     </span>
    </p>
   </div>
   <div class='ocr_carea' id='block_1_84' title="bbox 151 5318 3573 5420">
    <p class='ocr_par' dir='ltr' id='par_1_84' title="bbox 151 5318 3573 5420">
     <span class='ocr_line' id='line_1_85' title="bbox 151 5318 3573 5420; baseline -0.009 -3"><span class='ocrx_word' id='word_1_843' title='bbox 151 5318 280 5417; x_wconf 56' lang='grc' dir='ltr'><strong>ἱιιιτι</strong></span> <span class='ocrx_word' id='word_1_844' title='bbox 306 5343 473 5401; x_wconf 80' lang='lat' dir='ltr'><strong>alibi</strong></span> <span class='ocrx_word' id='word_1_845' title='bbox 515 5318 982 5416; x_wconf 56' lang='lat' dir='ltr'><strong>scribiturtlluod</strong></span> <span class='ocrx_word' id='word_1_846' title='bbox 1013 5344 1185 5415; x_wconf 74' lang='lat' dir='ltr'><strong>gratia</strong></span> <span class='ocrx_word' id='word_1_847' title='bbox 1220 5355 1279 5400; x_wconf 87' lang='lat' dir='ltr'><strong>et</strong></span> <span class='ocrx_word' id='word_1_848' title='bbox 1309 5343 1512 5400; x_wconf 85' lang='lat' dir='ltr'><strong>veritas</strong></span> <span class='ocrx_word' id='word_1_849' title='bbox 1543 5358 1640 5413; x_wconf 85' lang='lat' dir='ltr'><strong>per</strong></span> <span class='ocrx_word' id='word_1_850' title='bbox 1678 5341 1862 5397; x_wconf 81' lang='lat' dir='ltr'><strong>Jesum</strong></span> <span class='ocrx_word' id='word_1_851' title='bbox 1967 5332 2141 5386; x_wconf 80' lang='lat' dir='ltr'><strong>simus</strong></span> <span class='ocrx_word' id='word_1_852' title='bbox 2173 5335 2292 5420; x_wconf 74' lang='lat' dir='ltr'><strong>post</strong></span> <span class='ocrx_word' id='word_1_853' title='bbox 2319 5333 2541 5420; x_wconf 39' lang='lat' dir='ltr'><strong>errares</strong></span> <span class='ocrx_word' id='word_1_854' title='bbox 2570 5318 2996 5420; x_wconf 47' lang='grc' dir='ltr'><strong>ριιιξάξιξοςνίιιξξ</strong></span> <span class='ocrx_word' id='word_1_855' title='bbox 3019 5318 3573 5420; x_wconf 42' lang='lat'><em>“3</em></span> 
     </span>
    </p>
   </div>
   <div class='ocr_carea' id='block_1_85' title="bbox 157 5397 3570 5511">
    <p class='ocr_par' dir='ltr' id='par_1_85' title="bbox 157 5397 3570 5511">
     <span class='ocr_line' id='line_1_86' title="bbox 157 5397 3570 5511; baseline -0.005 -13"><span class='ocrx_word' id='word_1_856' title='bbox 157 5397 700 5498; x_wconf 64' lang='lat' dir='ltr'><strong>Ei.;.;;.;;..‘.-a...</strong></span> <span class='ocrx_word' id='word_1_857' title='bbox 736 5397 1194 5511; x_wconf 52' lang='lat' dir='ltr'><strong>gi.’n..;..:.;;);</strong></span> <span class='ocrx_word' id='word_1_858' title='bbox 1222 5397 1290 5494; x_wconf 56' lang='lat' dir='ltr'><strong>ei</strong></span> <span class='ocrx_word' id='word_1_859' title='bbox 1317 5397 1526 5509; x_wconf 52' lang='lat' dir='ltr'><strong>qui.</strong></span> <span class='ocrx_word' id='word_1_860' title='bbox 1543 5397 1694 5493; x_wconf 63' lang='lat'><strong>1......</strong></span> <span class='ocrx_word' id='word_1_861' title='bbox 1728 5436 1867 5491; x_wconf 78' lang='lat' dir='ltr'><strong>vt-ri-</strong></span> <span class='ocrx_word' id='word_1_862' title='bbox 1971 5423 2183 5479; x_wconf 60' lang='lat' dir='ltr'><strong>dentur.</strong></span> <span class='ocrx_word' id='word_1_863' title='bbox 2207 5416 2367 5511; x_wconf 54' lang='lat' dir='ltr'><strong>tam</strong></span> <span class='ocrx_word' id='word_1_864' title='bbox 2397 5410 2561 5474; x_wconf 76' lang='lat' dir='ltr'><strong>LXX.</strong></span> <span class='ocrx_word' id='word_1_865' title='bbox 2584 5410 2677 5477; x_wconf 77' lang='grc' dir='ltr'><strong>«ιιιί</strong></span> <span class='ocrx_word' id='word_1_866' title='bbox 2709 5408 3009 5511; x_wconf 59' lang='grc' dir='ltr'><strong>ἀειειξιξιξξ</strong></span> <span class='ocrx_word' id='word_1_867' title='bbox 3025 5397 3570 5511; x_wconf 43' lang='grc' dir='ltr'><strong>ξξξξξπξῗξθξῇέςεξξέξ</strong></span> 
     </span>
    </p>
   </div>
   <div class='ocr_carea' id='block_1_86' title="bbox 154 5487 1815 5636">
    <p class='ocr_par' dir='ltr' id='par_1_86' title="bbox 154 5487 1815 5603">
     <span class='ocr_line' id='line_1_87' title="bbox 164 5487 1811 5511; baseline -0.004 -14"><span class='ocrx_word' id='word_1_868' title='bbox 164 5487 276 5498; x_wconf 67' lang='grc' dir='ltr'><strong>ν--.</strong></span> <span class='ocrx_word' id='word_1_869' title='bbox 298 5487 502 5495; x_wconf 46' lang='grc' dir='ltr'><strong>.--τ-ρ</strong></span> <span class='ocrx_word' id='word_1_870' title='bbox 550 5487 700 5493; x_wconf 18' lang='grc' dir='ltr'><strong>--ὴν-η</strong></span> <span class='ocrx_word' id='word_1_871' title='bbox 736 5487 804 5494; x_wconf 85' lang='grc'><strong>-.-</strong></span> <span class='ocrx_word' id='word_1_872' title='bbox 829 5487 872 5504; x_wconf 50' lang='grc' dir='ltr'><strong>ι-</strong></span> <span class='ocrx_word' id='word_1_873' title='bbox 890 5487 1009 5494; x_wconf 66' lang='grc' dir='ltr'><strong>--.η</strong></span> <span class='ocrx_word' id='word_1_874' title='bbox 1040 5487 1194 5511; x_wconf 87' lang='lat'><strong>._---,-</strong></span> <span class='ocrx_word' id='word_1_875' title='bbox 1222 5487 1289 5494; x_wconf 83' lang='lat'><strong>_-</strong></span> <span class='ocrx_word' id='word_1_876' title='bbox 1319 5487 1439 5509; x_wconf 50' lang='grc' dir='ltr'><strong>γ-.-</strong></span> <span class='ocrx_word' id='word_1_877' title='bbox 1555 5487 1694 5493; x_wconf 42' lang='grc' dir='ltr'><strong>---π</strong></span> <span class='ocrx_word' id='word_1_878' title='bbox 1768 5487 1811 5489; x_wconf 59' lang='lat'><strong>,_</strong></span> 
     </span>
     <span class='ocr_line' id='line_1_88' title="bbox 154 5527 1815 5603; baseline -0.003 -14"><span class='ocrx_word' id='word_1_879' title='bbox 154 5544 356 5589; x_wconf 80' lang='lat' dir='ltr'><strong>tatem</strong></span> <span class='ocrx_word' id='word_1_880' title='bbox 391 5547 538 5587; x_wconf 83' lang='lat' dir='ltr'><strong>non</strong></span> <span class='ocrx_word' id='word_1_881' title='bbox 579 5527 723 5584; x_wconf 76' lang='lat' dir='ltr'><strong>facit</strong></span> <span class='ocrx_word' id='word_1_882' title='bbox 749 5530 1263 5603; x_wconf 83' lang='lat' dir='ltr'><strong>impius,aulerelur</strong></span> <span class='ocrx_word' id='word_1_883' title='bbox 1287 5550 1300 5588; x_wconf 89' lang='lat'><strong>:</strong></span> <span class='ocrx_word' id='word_1_884' title='bbox 1322 5549 1428 5588; x_wconf 93' lang='lat' dir='ltr'><strong>non</strong></span> <span class='ocrx_word' id='word_1_885' title='bbox 1455 5532 1599 5588; x_wconf 90' lang='lat' dir='ltr'><strong>enim</strong></span> <span class='ocrx_word' id='word_1_886' title='bbox 1622 5537 1815 5588; x_wconf 88' lang='lat' dir='ltr'><strong>merett</strong></span> 
     </span>
    </p>
   </div>
   <div class='ocr_carea' id='block_1_87' title="bbox 1918 5487 3570 5636">
    <p class='ocr_par' dir='ltr' id='par_1_87' title="bbox 1973 5487 3570 5636">
     <span class='ocr_line' id='line_1_89' title="bbox 1973 5487 3570 5575; baseline -0.021 -3"><span class='ocrx_word' id='word_1_887' title='bbox 1973 5517 2084 5573; x_wconf 85' lang='lat' dir='ltr'><strong>side</strong></span> <span class='ocrx_word' id='word_1_888' title='bbox 2112 5527 2226 5573; x_wconf 85' lang='lat' dir='ltr'><strong>nos,</strong></span> <span class='ocrx_word' id='word_1_889' title='bbox 2256 5508 2360 5562; x_wconf 85' lang='lat' dir='ltr'><strong>hoc</strong></span> <span class='ocrx_word' id='word_1_890' title='bbox 2383 5511 2696 5575; x_wconf 81' lang='lat' dir='ltr'><strong>pret-antur,</strong></span> <span class='ocrx_word' id='word_1_891' title='bbox 2722 5511 2776 5552; x_wconf 88' lang='lat' dir='ltr'><strong>ut</strong></span> <span class='ocrx_word' id='word_1_892' title='bbox 2806 5505 2927 5564; x_wconf 76' lang='lat' dir='ltr'><strong>poet</strong></span> <span class='ocrx_word' id='word_1_893' title='bbox 2953 5503 3140 5560; x_wconf 86' lang='lat' dir='ltr'><strong>pacem</strong></span> <span class='ocrx_word' id='word_1_894' title='bbox 3169 5487 3275 5542; x_wconf 88' lang='lat' dir='ltr'><strong>sibi</strong></span> <span class='ocrx_word' id='word_1_895' title='bbox 3301 5487 3570 5545; x_wconf 81' lang='lat' dir='ltr'><strong>redditam</strong></span> 
     </span>
     <span class='ocr_line' id='line_1_90' title="bbox 1977 5580 3570 5636; baseline -0.004 7"><span class='ocrx_word' id='word_1_896' title='bbox 1977 5611 2069 5636; x_wconf 49' lang='grc' dir='ltr'><strong>τιμε</strong></span> <span class='ocrx_word' id='word_1_897' title='bbox 2103 5602 2377 5636; x_wconf 53' lang='grc' dir='ltr'><strong>..λυποίη</strong></span> <span class='ocrx_word' id='word_1_898' title='bbox 2417 5598 2567 5636; x_wconf 61' lang='grc' dir='ltr'><strong>(ιηηι,</strong></span> <span class='ocrx_word' id='word_1_899' title='bbox 2618 5589 2776 5636; x_wconf 76' lang='lat' dir='ltr'><strong>Humi</strong></span> <span class='ocrx_word' id='word_1_900' title='bbox 2822 5583 3044 5636; x_wconf 86' lang='lat' dir='ltr'><strong>auidem</strong></span> <span class='ocrx_word' id='word_1_901' title='bbox 3088 5591 3145 5636; x_wconf 93' lang='lat' dir='ltr'><strong>et</strong></span> <span class='ocrx_word' id='word_1_902' title='bbox 3186 5581 3255 5636; x_wconf 92' lang='lat' dir='ltr'><strong>de</strong></span> <span class='ocrx_word' id='word_1_903' title='bbox 3295 5580 3570 5636; x_wconf 77' lang='lat' dir='ltr'><strong>Sapientia</strong></span> 
     </span>
    </p>
   </div>
   <div class='ocr_carea' id='block_1_88' title="bbox 158 5584 1815 5694">
    <p class='ocr_par' dir='ltr' id='par_1_88' title="bbox 158 5618 1146 5694">
     <span class='ocr_line' id='line_1_91' title="bbox 158 5618 1146 5694; baseline -0.002 -14"><span class='ocrx_word' id='word_1_904' title='bbox 158 5623 531 5680; x_wconf 84' lang='lat' dir='ltr'><strong>Dominum</strong></span> <span class='ocrx_word' id='word_1_905' title='bbox 573 5618 775 5678; x_wconf 76' lang='lat' dir='ltr'><strong>videre</strong></span> <span class='ocrx_word' id='word_1_906' title='bbox 802 5633 1146 5694; x_wconf 84' lang='lat' dir='ltr'><strong>regnantem.</strong></span> 
     </span>
    </p>
   </div>
   <div class='ocr_carea' id='block_1_89' title="bbox 1918 5584 3574 5694">
    <p class='ocr_par' dir='ltr' id='par_1_89' title="bbox 1977 5584 3574 5680">
     <span class='ocr_line' id='line_1_92' title="bbox 1977 5584 3574 5680; baseline -0.019 -14"><span class='ocrx_word' id='word_1_907' title='bbox 1977 5611 2070 5665; x_wconf 90' lang='lat' dir='ltr'><strong>Dei</strong></span> <span class='ocrx_word' id='word_1_908' title='bbox 2103 5602 2377 5680; x_wconf 85' lang='lat' dir='ltr'><strong>possessio</strong></span> <span class='ocrx_word' id='word_1_909' title='bbox 2416 5598 2570 5653; x_wconf 86' lang='lat' dir='ltr'><strong>liaut.</strong></span> <span class='ocrx_word' id='word_1_910' title='bbox 2618 5589 2776 5658; x_wconf 73' lang='lat' dir='ltr'><strong>Quod</strong></span> <span class='ocrx_word' id='word_1_911' title='bbox 2822 5584 3044 5657; x_wconf 88' lang='lat' dir='ltr'><strong>quidem</strong></span> <span class='ocrx_word' id='word_1_912' title='bbox 3088 5591 3145 5638; x_wconf 93' lang='lat' dir='ltr'><strong>et</strong></span> <span class='ocrx_word' id='word_1_913' title='bbox 3186 5584 3255 5636; x_wconf 93' lang='lat' dir='ltr'><strong>de</strong></span> <span class='ocrx_word' id='word_1_914' title='bbox 3295 5584 3574 5650; x_wconf 88' lang='lat' dir='ltr'><strong>Sapientia</strong></span> 
     </span>
    </p>
   </div>
   <div class='ocr_carea' id='block_1_90' title="bbox 240 5715 3576 5832">
    <p class='ocr_par' dir='ltr' id='par_1_90' title="bbox 240 5715 3576 5832">
     <span class='ocr_line' id='line_1_93' title="bbox 240 5715 3576 5832; baseline -0.011 -17"><span class='ocrx_word' id='word_1_915' title='bbox 240 5769 274 5797; x_wconf 71' lang='grc' dir='ltr'><strong>τι</strong></span> <span class='ocrx_word' id='word_1_916' title='bbox 316 5760 553 5815; x_wconf 78' lang='lat' dir='ltr'><strong>Antea</strong></span> <span class='ocrx_word' id='word_1_917' title='bbox 597 5761 723 5808; x_wconf 83' lang='lat' dir='ltr'><strong>erat.</strong></span> <span class='ocrx_word' id='word_1_918' title='bbox 749 5793 765 5816; x_wconf 88' lang='lat'><strong>,</strong></span> <span class='ocrx_word' id='word_1_919' title='bbox 793 5771 904 5809; x_wconf 89' lang='lat' dir='ltr'><strong>sum</strong></span> <span class='ocrx_word' id='word_1_920' title='bbox 927 5757 1060 5810; x_wconf 79' lang='lat' dir='ltr'><strong>enim</strong></span> <span class='ocrx_word' id='word_1_921' title='bbox 1083 5756 1190 5829; x_wconf 88' lang='lat' dir='ltr'><strong>ipse</strong></span> <span class='ocrx_word' id='word_1_922' title='bbox 1219 5753 1481 5822; x_wconf 66' lang='lat' dir='ltr'><strong>Salvator.</strong></span> <span class='ocrx_word' id='word_1_923' title='bbox 1507 5753 1862 5832; x_wconf 70' lang='lat' dir='ltr'><strong>Restitujmus</strong></span> <span class='ocrx_word' id='word_1_924' title='bbox 1889 5764 1955 5832; x_wconf 72' lang='lat' dir='ltr'><strong>ex</strong></span> <span class='ocrx_word' id='word_1_925' title='bbox 1977 5745 2339 5832; x_wconf 22' lang='lat' dir='ltr'><strong>ﬂaucorum,</strong></span> <span class='ocrx_word' id='word_1_926' title='bbox 2690 5739 2796 5797; x_wconf 79' lang='lat' dir='ltr'><strong>ipse</strong></span> <span class='ocrx_word' id='word_1_927' title='bbox 2817 5719 3067 5785; x_wconf 76' lang='lat' dir='ltr'><strong>solvatur,</strong></span> <span class='ocrx_word' id='word_1_928' title='bbox 3090 5729 3253 5790; x_wconf 89' lang='lat' dir='ltr'><strong>quam</strong></span> <span class='ocrx_word' id='word_1_929' title='bbox 3286 5715 3576 5778; x_wconf 81' lang='lat' dir='ltr'><strong>lectionem</strong></span> 
     </span>
    </p>
   </div>
   <div class='ocr_carea' id='block_1_91' title="bbox 152 5805 3130 5946">
    <p class='ocr_par' dir='ltr' id='par_1_91' title="bbox 152 5805 3130 5946">
     <span class='ocr_line' id='line_1_94' title="bbox 152 5805 3130 5946; baseline -0.009 -61"><span class='ocrx_word' id='word_1_930' title='bbox 152 5831 286 5905; x_wconf 80' lang='lat' dir='ltr'><strong>jam</strong></span> <span class='ocrx_word' id='word_1_931' title='bbox 316 5805 634 5901; x_wconf 55' lang='lat' dir='ltr'><strong>’p’éiuém</strong></span> <span class='ocrx_word' id='word_1_932' title='bbox 669 5805 1040 5882; x_wconf 42' lang='lat' dir='ltr'><strong>Videbis};</strong></span> <span class='ocrx_word' id='word_1_933' title='bbox 1083 5805 1485 5898; x_wconf 56' lang='lat' dir='ltr'><strong>iﬁinttjtie&#39;iiuis</strong></span> <span class='ocrx_word' id='word_1_934' title='bbox 1509 5805 2022 5884; x_wconf 67' lang='lat' dir='ltr'><strong>Florentinis</strong></span> <span class='ocrx_word' id='word_1_935' title='bbox 2051 5834 2104 5874; x_wconf 88' lang='lat' dir='ltr'><strong>tu</strong></span> <span class='ocrx_word' id='word_1_936' title='bbox 2136 5827 2343 5872; x_wconf 69' lang='lat' dir='ltr'><strong>testutu</strong></span> <span class='ocrx_word' id='word_1_937' title='bbox 2376 5805 2658 5863; x_wconf 85' lang='lat' dir='ltr'><strong>retulerat.</strong></span> <span class='ocrx_word' id='word_1_938' title='bbox 3053 5884 3130 5946; x_wconf 71' lang='grc'><strong>10</strong></span> 
     </span>
     <span class='ocr_line' id='line_1_95' title="bbox 717 5921 1260 5946; baseline 0 0"><span class='ocrx_word' id='word_1_939' title='bbox 717 5921 763 5946; x_wconf 61' lang='lat' dir='ltr'><strong>Ii</strong></span> <span class='ocrx_word' id='word_1_940' title='bbox 780 5939 790 5946; x_wconf 83' lang='grc'>.</span> <span class='ocrx_word' id='word_1_941' title='bbox 806 5937 880 5946; x_wconf 83' lang='lat'><strong>__</strong></span> <span class='ocrx_word' id='word_1_942' title='bbox 897 5939 956 5946; x_wconf 63' lang='grc' dir='ltr'><strong>Α-</strong></span> <span class='ocrx_word' id='word_1_943' title='bbox 1047 5921 1099 5946; x_wconf 86' lang='grc' dir='ltr'><strong>ν</strong></span> <span class='ocrx_word' id='word_1_944' title='bbox 1117 5921 1162 5946; x_wconf 80' lang='grc' dir='ltr'><strong>ν</strong></span> <span class='ocrx_word' id='word_1_945' title='bbox 1178 5921 1260 5946; x_wconf 69' lang='lat' dir='ltr'><strong>II?</strong></span> 
     </span>
    </p>
   </div>
   <div class='ocr_carea' id='block_1_92' title="bbox 717 5921 1284 5984">
    <p class='ocr_par' dir='ltr' id='par_1_92' title="bbox 717 5921 1284 5984">
     <span class='ocr_line' id='line_1_96' title="bbox 717 5921 1284 5984; baseline -0.004 -2"><span class='ocrx_word' id='word_1_946' title='bbox 717 5921 991 5982; x_wconf 73' lang='grc' dir='ltr'><strong>ιἈτιιοι..</strong></span> <span class='ocrx_word' id='word_1_947' title='bbox 1047 5921 1284 5984; x_wconf 84' lang='lat' dir='ltr'><strong>XXIV.</strong></span> 
     </span>
    </p>
   </div>
   <div class='ocr_carea' id='block_1_93' title="bbox 1929 2743 3532 2821">
    <p class='ocr_par' dir='ltr' id='par_1_93' title="bbox 1929 2743 3532 2821">
     <span class='ocr_line' id='line_1_97' title="bbox 1929 2743 3532 2821; baseline -0.002 -17"><span class='ocrx_word' id='word_1_948' title='bbox 1929 2765 2090 2821; x_wconf 89' lang='lat' dir='ltr'><strong>quem</strong></span> <span class='ocrx_word' id='word_1_949' title='bbox 2122 2749 2364 2818; x_wconf 81' lang='lat' dir='ltr'><strong>patibulo</strong></span> <span class='ocrx_word' id='word_1_950' title='bbox 2393 2746 2686 2800; x_wconf 71' lang='lat' dir='ltr'><strong>alliserant</strong></span> <span class='ocrx_word' id='word_1_951' title='bbox 2712 2785 2727 2808; x_wconf 91' lang='lat'><strong>,</strong></span> <span class='ocrx_word' id='word_1_952' title='bbox 2771 2743 3198 2800; x_wconf 79' lang='lat' dir='ltr'><strong>confundentur.</strong></span> <span class='ocrx_word' id='word_1_953' title='bbox 3233 2745 3388 2799; x_wconf 80' lang='lat' dir='ltr'><strong>Tunc</strong></span> <span class='ocrx_word' id='word_1_954' title='bbox 3444 2745 3532 2800; x_wconf 87' lang='lat' dir='ltr'><strong>in-</strong></span> 
     </span>
    </p>
   </div>
   <div class='ocr_carea' id='block_1_94' title="bbox 1931 2836 3530 2910">
    <p class='ocr_par' dir='ltr' id='par_1_94' title="bbox 1931 2836 3530 2910">
     <span class='ocr_line' id='line_1_98' title="bbox 1931 2836 3530 2910; baseline -0.003 -12"><span class='ocrx_word' id='word_1_955' title='bbox 1931 2841 2184 2898; x_wconf 88' lang='lat' dir='ltr'><strong>eruditus</strong></span> <span class='ocrx_word' id='word_1_956' title='bbox 2212 2840 2444 2910; x_wconf 83' lang='lat' dir='ltr'><strong>populus</strong></span> <span class='ocrx_word' id='word_1_957' title='bbox 2462 2848 2518 2894; x_wconf 87' lang='lat' dir='ltr'><strong>et</strong></span> <span class='ocrx_word' id='word_1_958' title='bbox 2542 2837 2799 2892; x_wconf 85' lang='lat' dir='ltr'><strong>nesciens</strong></span> <span class='ocrx_word' id='word_1_959' title='bbox 2818 2839 2990 2906; x_wconf 78' lang='lat' dir='ltr'><strong>legem</strong></span> <span class='ocrx_word' id='word_1_960' title='bbox 3015 2836 3130 2903; x_wconf 87' lang='lat' dir='ltr'><strong>Dei,</strong></span> <span class='ocrx_word' id='word_1_961' title='bbox 3165 2837 3267 2891; x_wconf 82' lang='lat' dir='ltr'><strong>zeli</strong></span> <span class='ocrx_word' id='word_1_962' title='bbox 3292 2836 3530 2893; x_wconf 89' lang='lat' dir='ltr'><strong>stimulis</strong></span> 
     </span>
    </p>
   </div>
   <div class='ocr_carea' id='block_1_95' title="bbox 1933 2929 3538 3002">
    <p class='ocr_par' dir='ltr' id='par_1_95' title="bbox 1933 2929 3538 3002">
     <span class='ocr_line' id='line_1_99' title="bbox 1933 2929 3538 3002; baseline -0.003 -13"><span class='ocrx_word' id='word_1_963' title='bbox 1933 2935 2275 2999; x_wconf 84' lang='lat' dir='ltr'><strong>incitabitur,</strong></span> <span class='ocrx_word' id='word_1_964' title='bbox 2303 2932 2524 3002; x_wconf 87' lang='lat' dir='ltr'><strong>quando</strong></span> <span class='ocrx_word' id='word_1_965' title='bbox 2542 2929 2740 2984; x_wconf 82' lang='lat' dir='ltr'><strong>viderit</strong></span> <span class='ocrx_word' id='word_1_966' title='bbox 2769 2934 3020 2984; x_wconf 75' lang='lat' dir='ltr'><strong>nationes</strong></span> <span class='ocrx_word' id='word_1_967' title='bbox 3045 2931 3098 2983; x_wconf 91' lang='lat' dir='ltr'><strong>in</strong></span> <span class='ocrx_word' id='word_1_968' title='bbox 3130 2945 3288 2985; x_wconf 90' lang='lat' dir='ltr'><strong>suum</strong></span> <span class='ocrx_word' id='word_1_969' title='bbox 3317 2945 3538 2984; x_wconf 81' lang='lat' dir='ltr'><strong>succes-</strong></span> 
     </span>
    </p>
   </div>
  </div>
