4010 6378
527 308 637 368 ιιι

530 506 675 569 hiis:
709 510 847 564 Deus
876 506 1107 579 possedit
1130 521 1210 560 me
1235 504 1440 561 initium
1468 505 1671 560 viarum
1697 521 1913 562 suarum
1938 505 2123 578 (Prov.

528 615 624 657 vni
647 640 663 666 ,
692 599 802 668 22),
837 596 966 653 licet
994 594 1242 668 quaedam
1270 595 1609 671 exemplaria
1641 605 1668 634 ⁸
1703 597 1850 653 male
1875 611 1975 666 pro
2006 611 2133 667 pos-

539 691 766 748 sessione
815 686 1055 746 habeant
1104 699 1414 746 creaturam.
1456 687 1487 728 1’
1539 689 1781 761 Denique
1829 689 2129 761 sequitur:

530 785 661 840 Ante
688 799 864 839 omnes
891 793 1061 841 autem
1084 784 1242 840 colles
1267 785 1529 860 generauit
1551 801 1653 843 me.
1678 784 1961 854 Quomodo
1983 785 2130 840 enim

530 887 799 935 creatura:
830 878 1120 949 generatio
1142 878 1350 950 poterit
1378 879 1651 950 coaptari,
1676 894 1795 947 qua:
1821 878 1991 949 magis
2012 893 2133 950 pos-

533 970 770 1028 sessioni
812 971 1101 1042 congruit?
1146 970 1420 1042 Scriptum
1463 978 1549 1027 est
1581 971 1634 1027 in
1665 969 2129 1027 Deuterunomio:

531 1061 725 1118 Nonne
752 1062 849 1119 iste
877 1072 1027 1135 pater
1055 1070 1177 1118 tuus
1203 1064 1429 1135 possedit
1454 1072 1536 1127 te,
1569 1069 1616 1116 et
1639 1062 1758 1133 l‘ecit
1778 1068 1848 1126 te,
1879 1069 1926 1115 et
1946 1060 2133 1114 creauit

529 1165 577 1213 te
607 1154 790 1227 (Deut.
836 1172 983 1211 xxxn
1008 1197 1023 1221 ,
1055 1155 1158 1226 6)?
1188 1156 1257 1211 Et
1286 1154 1392 1211 hoc
1430 1153 1893 1210 considerandum
1925 1192 1942 1219 ,
1988 1151 2134 1223 quod

528 1264 638 1303 non
669 1248 894 1314 dixerit,
928 1242 1187 1304 Dominus
1212 1289 1226 1315 ,
1261 1248 1376 1304 sive
1401 1245 1564 1314 Deus,
1596 1247 1821 1320 possedit
1848 1255 1917 1311 te,
1946 1255 1993 1300 et
2014 1246 2134 1315 fecit

523 1342 601 1407 te,
628 1348 676 1394 et
700 1340 889 1395 crearit
913 1349 997 1408 te;
1025 1341 1120 1397 sed
1151 1348 1318 1411 pater,
1352 1350 1409 1396 ut
1441 1339 1739 1395 clementia
1768 1337 2009 1394 nominis
2033 1353 2133 1391 au-

534 1430 840 1489 steritatem
886 1433 1143 1503 potentia:
1176 1431 1475 1502 mitigaret.
1527 1430 1800 1500 Quodque
1844 1430 2132 1500 sequitur:

528 1518 757 1579 Domine
784 1566 798 1591 ,
830 1526 1024 1598 absque
1054 1533 1103 1580 te
1128 1524 1292 1581 alium
1319 1541 1421 1581 non
1453 1525 1687 1579 novimus
1711 1564 1728 1591 ,
1758 1539 1865 1578 non
1895 1522 2140 1579 excludit

543 1611 764 1683 Filium,
796 1617 892 1672 sed
934 1616 1112 1689 jungit
1133 1616 1305 1687 Patri,
1337 1632 1510 1689 neque
1556 1618 1702 1673 enim
1733 1616 1867 1671 dixit
1903 1635 1924 1673 t
1957 1616 2136 1672 Alium

525 1721 639 1763 non
660 1708 929 1769 novimus.
962 1725 982 1761 ι
1006 1708 1101 1763 sed
1132 1726 1151 1761 ι
1187 1709 1351 1763 Extra
1389 1721 1442 1765 te
1471 1710 1637 1765 alium
1664 1723 1770 1765 non
1802 1709 2073 1764 novimus.
2111 1726 2132 1762 ι

1786 302 1848 361 Β.
1887 301 2124 361 EUSEB]

2233 300 2582 361 "unouno
3131 393 3134 395 Α
3426 390 3435 395 _
3716 302 3803 366 tot

524 421 763 494 legimus
786 461 802 487 ,
832 400 1139 489 quas-juxta
1168 412 1497 470 Hebraicum
1523 412 1768 485 loquitur
1806 414 1861 471 in
1892 405 2124 470 Prover-
2153 406 2208 487 Α
2230 402 2447 469 mortuis
2479 400 2666 483 (Hebr.
2692 425 2768 477 vr,
2802 410 2882 483 l).
2911 410 3007 468 Sin
3027 418 3212 469 autem
3236 404 3465 480 peccata
3488 398 3832 483 appellantur.

2231 518 2400 573 opera
2419 513 2634 558 niurias
2655 520 2668 557 :
2689 516 2863 574 quare
2886 517 2993 557 non
3016 519 3047 558 e
3072 506 3368 560 contrario
3384 505 3614 560 virtutes
3641 506 3804 575 appel-

2231 594 2415 651 lentur
2455 610 2620 665 opera
2664 595 2820 650 vivat
2848 595 3114 665 Quodque
3154 598 3408 666 sequitur
3436 638 3450 663 ,
3502 596 3620 652 Nec
3650 597 3807 652 medici

2232 687 2580 754 suscitabunt,
2607 701 2804 744 sensus
2832 690 3152 758 perspicuus
3176 700 3284 754 est,
3309 689 3662 745 condemnari
3680 688 3810 745 fabu-

2234 780 2319 836 las
2352 792 2638 849 poetarum
2662 821 2678 846 ,
2723 780 2816 851 qui
2847 779 2915 836 ab
2944 779 3266 852 Esculapio
3285 781 3499 852 iactant
3528 791 3551 821 ο
3588 781 3807 837 Virbium

2236 874 2585 928 suscitatum.
2618 871 2737 929 Non
2767 873 2947 929 solum
2980 881 3162 928 autem
3194 875 3298 931 hoc
3335 874 3406 930 de
3434 875 3662 930 mortuis
3685 918 3699 940 ,
3725 876 3807 932 sed

2234 962 2305 1018 de
2329 963 2477 1019 omni
2507 963 2823 1020 inﬁrmitate
2848 964 3144 1021 dicendum
3174 975 3297 1031 est,
3327 964 3474 1035 quod
3505 966 3707 1036 absque
3729 966 3810 1022 Dei

2236 1056 2618 1112 misericordia
2665 1056 2801 1112 nihil
2846 1057 3099 1113 medendi
3146 1071 3237 1112 ars
3285 1056 3485 1113 valeat.
3538 1059 3648 1116 Sed
3691 1074 3810 1130 quo-

2227 1147 2441 1203 .modo?
2473 1148 2595 1203 Nisi
2626 1147 2885 1205 Dominus
2912 1149 3250 1219 adi/iceram
3295 1150 3532 1219 domum,
3564 1152 3619 1205 in
3652 1166 3813 1206 vanum

2237 1239 2595 1298 laboraverunt
2633 1242 2723 1310 qui
2761 1240 3025 1311 aediﬁcant
3051 1257 3199 1296 eam:
3230 1240 3351 1297 Nisi
3392 1240 3645 1297 Dominus
3667 1252 3815 1298 cuzlo-

2239 1331 2390 1386 dicrit
2415 1332 2692 1399 civitatem,
2728 1337 2921 1401 {rustra
2952 1334 3181 1407 uigilauit
3207 1336 3296 1408 qui
3325 1332 3550 1391 custodit
3572 1353 3681 1393 eam
3709 1337 3814 1410 (Ps.

2239 1436 2436 1490 cxxvt,
2471 1424 2497 1480 1
2532 1464 2548 1492 ,
2584 1424 2664 1496 9).
2713 1426 2805 1482 Sic
2828 1426 2933 1482 nisi
2966 1428 3229 1484 Dominus
3257 1430 3573 1501 languorem
3618 1446 3817 1487 curave-

2241 1516 2355 1583 rit,
2389 1518 2442 1572 in
2494 1532 2691 1573 vanum
2733 1519 2987 1576 laborant
3015 1522 3215 1577 medici
3252 1524 3344 1592 qui
3383 1523 3611 1593 cupiunt
3644 1538 3817 1580 sanare

2243 1607 2587 1680 languentes.
2617 1609 2732 1666 Nisi
2767 1611 3032 1669 Dominus
3062 1615 3389 1671 custodierit
3417 1618 3703 1673 sanitatem
3726 1658 3742 1687 ,
3770 1618 3816 1674 in

2243 1714 2439 1755 vanum
2469 1701 2817 1771 custodiunt,
2845 1706 2939 1775 qui
2968 1707 3133 1762 etiam
3164 1719 3439 1780 praecepta
3465 1710 3818 1766 custodienda:

524 1790 660 1856 Cum
684 1808 865 1856 autem
908 1801 1049 1855 dicat
1077 1800 1244 1856 Filius
1266 1818 1279 1856 :
1301 1800 1416 1876 Ego
1438 1806 1491 1858 in
1519 1801 1677 1858 Patre
1698 1818 1741 1857 e:
1768 1802 1930 1858 Pater
1949 1804 2003 1857 in
2034 1819 2124 1867 me,

2244 1794 2438 1848 salutis
2470 1795 2701 1865 propriis
2727 1797 2895 1853 edunt
2923 1799 3080 1855 libris
3105 1819 3119 1855 :
3165 1816 3497 1874 semperque
3520 1803 3817 1862 discendum

527 1898 686 1946 extra
726 1886 943 1947 Patrem
986 1907 1092 1948 non
1125 1892 1380 1948 novimus
1421 1892 1621 1950 Filium
1645 1892 1829 1965 (Joan.
1863 1909 1973 1960 xlv,
2016 1893 2128 1963 l0),

517 1981 648 2053 quia
693 1980 746 2037 in
785 1980 948 2039 Patre
972 1986 1359 2055 cognoscimus
1384 2000 1535 2043 eum.
1572 1987 1819 2057 Denique
1847 1993 1904 2041 et
1932 2001 2132 2042 nomen

525 2069 680 2130 illius
733 2076 1077 2131 nominamus
1127 2076 1378 2132 dicentes
1409 2077 1465 2133 in
1493 2076 1758 2135 Oratione
1802 2077 2130 2133 Dominica:

530 2158 694 2222 Pater
720 2174 895 2224 uoster
921 2169 1013 2239 qui
1040 2184 1094 2225 es
1124 2169 1178 2224 in
1207 2168 1348 2225 cretis
1378 2168 1596 2233 (Matth.
1630 2186 1706 2234 vr,
1738 2169 1817 2241 9).

598 2254 761 2333 352
789 2258 974 2334 (Vers.
1023 2261 1139 2331 14).
1174 2259 1457 2317 Morientes
1502 2279 1609 2317 non
1650 2263 1825 2317 uiuant
1849 2279 1867 2316 :
1899 2262 2132 2334 gigantes

521 2368 628 2407 non
655 2362 947 2425 resurgant.
987 2351 1274 2425 Propterea
1305 2355 1522 2411 visitasti
1552 2364 1600 2410 et
1631 2354 1915 2409 contrivisti
1943 2370 2050 2420 eos,
2083 2361 2133 2406 et

521 2444 797 2519 perdidisti
844 2461 1046 2501 omnem
1094 2447 1396 2502 memoriam
1442 2461 1646 2502 eorum.
1701 2443 1888 2500 LXX:
1934 2442 2134 2497 Μοτιαὶ

519 2538 662 2593 enim
707 2538 863 2592 vitam
903 2553 1006 2593 non
1037 2538 1319 2592 videbunt:
1350 2553 1512 2609 neque
1557 2537 1742 2591 medici
1783 2533 2127 2590 suscitabunt.

520 2624 733 2686 Idcirco
760 2630 1015 2685 induxiin
1038 2673 1053 2699 ,
1088 2638 1132 2683 e!
1162 2629 1454 2703 perdidisti,
1486 2638 1535 2685 et
1562 2628 1727 2683 tulisti
1751 2643 1899 2681 omne
1926 2642 2132 2683 mascu-

519 2724 628 2780 lum
675 2722 787 2798 [ΑΙ.
837 2739 1041 2778 omnem
1089 2719 1460 2794 masculinum]
1508 2736 1709 2777 eorum.
1760 2717 2130 2789 Symmachus

520 2827 675 2869 more
717 2829 820 2868 suo
865 2812 1250 2869 manifestius:
1285 2810 1485 2867 Μονευὶ
1513 2827 1615 2865 non
1647 2808 2016 2880 viviﬁcabunt:
2046 2808 2126 2879 gi-

523 2915 703 2980 gantes
731 2914 836 2959 non
868 2904 1209 2960 suscitabunt.
1241 2902 1527 2976 Propterea
1555 2902 1775 2957 uisitain
1802 2940 1819 2966 ,
1849 2909 1897 2954 et
1929 2901 2124 2954 contri-

520 2999 641 3053 visti
671 3012 757 3053 eos
781 3037 798 3064 ,
842 3006 890 3052 et
938 2996 1295 3069 disperdidisti
1339 3012 1539 3050 onmem
1580 2994 1878 3049 memoriam
1925 3008 2125 3049 eorum.

514 3086 778 3148 Dicamus
805 3090 1043 3163 primum
1084 3088 1242 3157 juxta
1276 3086 1421 3143 LXX
1446 3105 1459 3141 ς
1494 3086 1739 3156 Quaestio
1765 3085 1982 3141 videtur
2004 3099 2129 3141 esse

524 3181 773 3240 difﬁcilis
799 3218 815 3250 ,
846 3176 1126 3252 quomodo
1148 3179 1352 3236 mortui
1379 3179 1547 3235 vitam
1572 3193 1680 3237 non
1712 3177 1971 3233 videant?
1996 3176 2128 3244 Quae

2239 1894 2326 1940 est
2352 1901 2460 1940 non
2484 1888 2661 1942 solum
2688 1889 2740 1944 in
2764 1894 3035 1960 corporis,
3066 1893 3161 1948 sed
3189 1893 3355 1949 etiam
3388 1896 3441 1949 in
3466 1897 3666 1950 ultima:
3693 1900 3819 1952 saui-

2237 1984 2381 2031 ta‘te:
2413 1975 2638 2035 Benedic
2660 2021 2675 2048 ,
2705 1981 2880 2035 animo
2909 1997 3023 2035 mea
3041 2022 3056 2046 ,
3084 1981 3333 2049 Domino,
3364 1989 3455 2057 qui
3484 1997 3636 2041 sanat
3664 1998 3818 2043 omnes

2233 2066 2639 2141 languorestuos
2656 2070 2773 2141 (Ps.
2789 2088 2883 2139 cn,
2905 2076 2956 2135 l.
2971 2073 3053 2145 ὅ).
3076 2074 3248 2132 Porro
3268 2077 3357 2148 qui
3386 2090 3615 2147 peccato
3638 2078 3818 2135 mortui

2233 2174 2632 2232 perseverant,
2664 2166 2828 2240 353
2856 2179 2910 2224 et
2936 2170 3077 2225 nulla
3123 2180 3241 2226 arte
3285 2175 3578 2248 medicina:
3606 2185 3820 2246 possunt

2234 2254 2480 2325 recipere
2510 2257 2707 2313 anima:
2734 2261 3058 2329 sanitatem,
3091 2263 3182 2319 isti
3212 2264 3610 2335 disperdentur
3636 2276 3692 2323 et
3722 2268 3815 2324 tol-

2234 2345 2418 2403 lentur
2445 2363 2475 2403 a
2507 2349 2735 2405 Domino
2757 2394 2772 2419 ,
2808 2364 2859 2409 et
2887 2354 3150 2426 quidquid
3195 2358 3479 2414 robustum
3525 2368 3611 2416 est
3638 2360 3689 2415 in
3727 2362 3817 2425 eis,

2232 2437 2377 2506 quod
2404 2439 2763 2497 masculinum
2791 2454 3019 2500 vocatur
3040 2483 3057 2510 ,
3087 2447 3305 2515 penitus
3343 2447 3648 2504 auferetur.
3682 2447 3818 2504 Unde

2230 2536 2289 2583 et
2317 2527 2531 2583 Pharao
2561 2546 2669 2586 nun
2692 2532 2810 2587 vult
2840 2534 3152 2592 interﬁcere
3179 2552 3374 2593 sexum
3407 2539 3817 2611 femineum,qui

2233 2635 2333 2691 per
2357 2635 2416 2676 se
2443 2619 2651 2694 fragilis
2673 2633 2762 2681 est
2787 2638 2842 2683 et
2865 2627 3024 2685 facile
3046 2630 3277 2687 interim
3308 2641 3511 2703 potest,
3544 2635 3640 2691 sed
3673 2650 3818 2691 omne

2233 2714 2596 2777 masculinum
2623 2757 2638 2783 ,
2667 2720 2814 2790 quod
2856 2723 2901 2776 si
2932 2723 3175 2779 adultum
3210 2727 3370 2781 fuerit
3393 2764 3410 2793 ,
3438 2737 3495 2784 et
3525 2728 3580 2782 iu
3620 2727 3815 2784 virilem

2232 2814 2448 2862 tetatem
2504 2813 2863 2883 pervenerit,
2912 2816 3210 2874 difﬁculter
3243 2821 3518 2877 occiditur
3544 2819 3821 2896 (Earum).

2231 2901 2390 2959 Juxta
2420 2903 2801 2976 Symmachum
2827 2947 2843 2974 ,
2886 2908 3089 2964 mortui
3133 2926 3240 2965 non
3283 2913 3637 2970 viviﬁcabunt
3660 2957 3676 2983 ,
3705 2916 3817 2985 quia

2231 3008 2459 3069 peccato
2499 2998 2743 3065 mortui,
2782 2998 2923 3056 alios
2967 3000 3245 3059 virilis-are
3286 3019 3392 3059 non
3432 3016 3699 3076 possunt,
3729 3018 3819 3062 nec

2232 3090 2463 3160 pulchra
2490 3102 2575 3146 est
2608 3092 2850 3151 laudatio
2873 3093 2927 3150 in
2949 3110 3049 3151 ore
3088 3100 3419 3167 peccatoris.
3454 3100 3521 3157 Et
3547 3102 3781 3173 gigantes
3805 3143 3817 3167 ,

2230 3183 2283 3240 id
2308 3191 2395 3239 est
2416 3216 2436 3249 ν
2464 3200 2696 3243 ιιλιιιιιιιι
2728 3186 2991 3261 (ωηιξη),
3022 3204 3135 3249 “Dn
3162 3193 3513 3250 suscitsbunt
3537 3196 3674 3251 alios
3698 3237 3711 3261 ,
3736 3195 3818 3266 qui

523 3277 607 3332 sic
628 3277 896 3332 solvitur:
925 3274 1131 3330 tamdiu
1162 3289 1258 3329 eos
1288 3274 1455 3329 vitam
1480 3288 1589 3329 non
1623 3271 1837 3337 videre,
1865 3270 2124 3343 quamdiu
2152 3260 2198 3326 C
2231 3273 2335 3344 ipsi
2376 3275 2533 3346 juxta
2585 3277 2867 3334 Geneseos
2912 3260 3116 3337 librum
3158 3285 3511 3353 appellantur
3571 3260 3812 3341 cadentes.

521 3368 726 3425 mortui
758 3376 906 3429 sunt.
934 3365 1223 3434 Quomodo
1250 3364 1295 3421 si
1324 3364 1605 3433 dicamus,
1634 3377 1814 3420 ctecus
1842 3378 1949 3418 non
1979 3362 2127 3417 videt

523 3458 712 3518 lumen
729 3458 992 3531 quamdiu
1005 3472 1186 3513 cacus
1215 3466 1336 3525 est;
1363 3458 1447 3512 sin
1475 3465 1656 3515 autem
1690 3454 1960 3527 receperit
1983 3454 2124 3510 sani-

518 3558 713 3615 tatem,
740 3553 926 3607 lumen
953 3551 1185 3619 aspiciet
1211 3566 1225 3603 :
1259 3549 1341 3604 sic
1362 3557 1417 3604 et
1444 3549 1533 3620 qui
1564 3547 1853 3619 iniquitate
1876 3556 2128 3607 mortuus

522 3651 610 3698 est
624 3651 790 3714 atque
814 3645 1376 3713 peccatis,antequam
1401 3640 1707 3695 viviﬁcetur
1726 3639 1939 3712 iustitia
1960 3651 2125 3708 atque

522 3734 822 3790 virtutibus
845 3776 863 3798 ,
894 3749 992 3801 per
1017 3748 1142 3788 eum
1173 3732 1268 3804 qui
1307 3731 1462 3794 dicit.
1498 3731 1610 3803 Ego
1638 3748 1753 3786 sum
1791 3733 1896 3786 vita
1942 3729 2124 3803 (Joan.

526 3824 640 3895 xtv)
665 3866 684 3896 ,
713 3824 903 3881 vivere
930 3839 1039 3883 non
1067 3826 1293 3892 poterit.
1327 3821 1484 3878 Unde
1512 3830 1570 3878 et
1599 3823 1739 3879 Deus
1764 3824 2011 3878 vivorum
2043 3823 2127 3879 di-

524 3918 709 3985 citur,
757 3930 866 3972 non
902 3922 1249 3972 mortuorum
1299 3913 1518 3988 (Matth.
1565 3915 1723 3985 χιιι).
1771 3916 1961 3970 Anima
1988 3917 2127 3977 enim

522 4023 639 4083 quae
665 4007 969 4084 peccaverit,
1000 4008 1116 4077 ipsa
1133 4007 1386 4062 morietur
1412 4004 1627 4077 (Exacta.
1659 4020 1821 4074 xvnt,
1853 4007 1930 4078 4).
1961 4006 2126 4078 Legi-

524 4118 647 4159 mus
678 4105 730 4158 in
763 4101 1007 4174 Epistula
1034 4115 1157 4171 qua:
1189 4098 1255 4155 ad
1286 4098 1548 4157 Hebraeos
1577 4099 1872 4155 scribitur:
1906 4100 1988 4155 Ne
2008 4118 2126 4158 rur-

518 4212 639 4258 sum
684 4195 1079 4268 fundamentum
1114 4194 1376 4265 iaciamus
1418 4192 1734 4264 pauitentio:
1776 4192 1840 4251 ab
1886 4197 2122 4266 operibus

597 4497 623 4527 ι
648 4487 798 4543 lianc
823 4483 951 4541 alibi
970 4498 1120 4555 sape
1140 4482 1458 4549 Latinorum
1487 4484 1845 4555 quorumdam
1867 4486 2119 4544 codicum

520 4561 813 4616 lectionem
846 4566 1007 4612 vexat
1050 4553 1114 4611 ex
1164 4555 1454 4611 llebraico.
1502 4553 1563 4610 In
1608 4554 2037 4614 Cuinmeutariis
2065 4560 2118 4613 in

525 4629 805 4688 Michzeam
834 4640 956 4698 cap.
991 4638 1043 4682 tv
1068 4666 1083 4693 ,
1114 4624 1445 4699 etinEpist.
1477 4624 1545 4680 ad
1577 4622 1779 4695 Ephes.
1811 4638 1932 4699 cap.
1966 4644 2077 4685 χχιι

989 4671 2121 4771 iuuari;mussitanda?tt

520 4768 1297 4845 cypriauntttn,nnm.6,quem
1323 4768 1502 4822 locum
1521 4769 1739 4823 videsis.
1764 4773 1842 4825 Ad
1867 4770 2119 4845 eumdem

520 4840 743 4902 modum
791 4842 1110 4898 Hebraicam
1153 4840 1435 4894 veritatem
1460 4850 1681 4908 augent
1711 4850 1899 4895 cutura
1933 4840 2116 4896 Euno-

522 4914 693 4968 mium
723 4912 782 4969 S.
816 4910 1051 4966 Basilius
1075 4956 1095 4980 ,Α
1120 4909 1213 4964 lib.
1245 4925 1284 4963 ιι
1310 4950 1323 4972 ,
1353 4916 1410 4963 et
1446 4904 1749 4980 Gregorius
1796 4908 2071 4980 Nyssenus
2097 4953 2113 4978 ,

520 4982 619 5039 in).
663 4999 697 5037 ι.
742 4982 925 5050 Quare
967 4982 1022 5035 in
1052 4978 1318 5036 Vaticano
1349 4994 1452 5033 ms.
1485 4978 1944 5050 quemadmodum
1977 4993 2032 5034 et
2062 4983 2114 5036 in

518 5049 867 5135 Cluniacensi
897 5051 1133 5133 quodam
1157 5049 1725 5135 {laniarunsreperit
1742 5049 1956 5135 Lhucce
1989 5052 2119 5135 lite-

523 5122 742 5196 ronymi
788 5121 1118 5187 prascoiiium
1170 5121 1271 5177 hoc
1304 5123 1422 5175 loco
1449 5122 1704 5175 additur:
1750 5120 1928 5176 Vicisti
1955 5124 2118 5192 μετῇ-

519 5190 664 5247 diam
693 5191 1129 5261 Arianorum,qui
1151 5189 1469 5245 Falholicam
1492 5193 1752 5246 veritatem
1771 5194 1867 5245 hoc
1894 5208 1948 5245 se
1970 5195 2087 5247 testi
2096 5222 2114 5233 ο

517 5266 693 5319 monia
752 5274 1051 5334 expugnare
1115 5263 1385 5329 putabant.
1434 5261 1567 5328 Qun
1617 5262 1777 5317 Verba
1836 5262 2117 5334 studiosus

517 5348 799 5393 mouente
816 5330 885 5405 an
902 5330 1031 5405 libri
1048 5344 1198 5387 uram
1226 5334 1600 5400 ancteras-it,
1621 5335 1805 5389 scriba
1832 5333 2117 5405 ἱιηραὴυι

515 5407 573 5463 in
597 5417 806 5473 textum
833 5403 1081 5463 intum.

587 5471 893 5549 bgDem‘que
946 5474 1198 5549 sequitur.
1253 5471 1457 5549 Locus,
1486 5473 1851 5549 interpolatus
1898 5477 1948 5532 in
1993 5477 2114 5549 qui-

516 5546 747 5604 busdam
768 5534 898 5601 ηὗδε.
923 5534 1202 5601 codicibus
1227 5561 1239 5598 :
1262 5542 1315 5599 in
1341 5542 1528 5616 codice
1544 5534 1762 5616 quidem
1794 5534 2109 5604 Monasterii

516 5620 692 5675 neutri
728 5617 897 5674 Silva
930 5615 1186 5688 nmths,
1232 5619 1304 5671 ita
1352 5614 1610 5688 tegitur:
1669 5616 1817 5673 Licet
1866 5617 2106 5688 quedam

515 5689 832 5760 exemplaria
865 5687 1002 5740 male
1023 5703 1116 5760 pro
1147 5689 1495 5755 possessione
1514 5686 1738 5760 habeant
1763 5686 2100 5760 creaturam:

518 5766 572 5809 lt
596 5757 863 5814 Dominus
891 5757 1096 5813 creavit
1135 5768 1243 5823 me,
1279 5770 1375 5823 pro
1403 5758 1647 5829 possedit
1690 5770 1777 5815 me
1812 5777 1828 5814 :
1871 5759 2106 5833 Denique

2234 3364 2540 3439 Visitatque
2566 3383 2663 3425 eos
2704 3369 2967 3427 Dominus
2991 3412 3008 3441 ,
3040 3385 3098 3428 ut
3122 3383 3179 3430 et
3196 3387 3539 3435 mortuorum
3566 3388 3621 3435 et
3647 3379 3814 3452 gigan-

2235 3458 2368 3513 timn
2403 3460 2584 3516 omnis
2605 3460 2855 3518 deleatur
2881 3466 3174 3522 memoria.
3224 3469 3387 3525 Solus
3426 3473 3579 3528 enim
3617 3482 3694 3528 est
3736 3472 3816 3542 qui

2233 3550 2466 3606 suscitat
2487 3562 2733 3607 mortuos
2757 3553 2828 3609 de
2849 3570 2961 3624 quo
2991 3555 3227 3613 dicitur:
3256 3561 3405 3616 Sicut
3432 3560 3595 3619 Pater
3622 3564 3817 3619 suscitat

2232 3652 2462 3698 mortuos
2510 3652 2558 3697 et
2598 3645 2818 3713 viuiﬁcat
2843 3687 2857 3711 ,
2887 3648 2961 3701 sic
3007 3658 3055 3703 et
3097 3649 3269 3708 Filius
3307 3655 3536 3726 sioiﬁcal
3564 3673 3686 3728 quos
3725 3655 3819 3711 suit

2232 3731 2415 3805 (Joan.
2446 3750 2497 3801 γ,
2514 3735 2634 3806 21).
2658 3737 2955 3796 Possumus
2982 3752 3227 3800 mortuos
3245 3748 3539 3805 simulacra
3561 3751 3819 3821 appellare

2236 3823 2516 3881 hominum
2568 3838 2907 3888 mortuorum
2930 3874 2947 3900 ,
2989 3843 3047 3890 et
3086 3829 3336 3908 gigantes
3383 3841 3661 3898 “mones
3684 3886 3698 3908 ,
3736 3841 3817 3910 qui

2234 3916 2543 3974 simulacris
2571 3935 2762 3978 eorum
2795 3925 3064 3982 assident.
3098 3928 3211 3985 Nec
3251 3941 3468 3990 terrere
3498 3950 3601 3992 nos
3628 3935 3813 4000 debet,

2231 4025 2402 4082 quare
2419 4012 2563 4081 LXX
2586 4020 2894 4085 masculum,
2909 4031 2964 4076 et
2980 4023 3165 4079 caeteri
3184 4024 3521 4097 intemretcs
3538 4030 3819 4085 memoriam

2234 4107 2657 4177 transtulerunt,
2682 4127 2806 4167 cum
2835 4113 3043 4171 eisdem
3077 4116 3250 4173 tribus
3274 4120 3477 4177 litteris
3500 4117 3530 4160 ει
3554 4136 3641 4178 zu
3659 4122 3744 4193 (τ),
3765 4126 3815 4175 el

2229 4212 2405 4258 cura
2431 4199 2512 4275 (ἓν)
2537 4243 2551 4268 .
2581 4212 2638 4261 et
2674 4220 2772 4263 ass
2800 4204 2886 4279 (Ἴ)
2922 4217 3214 4283 utrumque
3251 4214 3526 4272 scribatur
3550 4216 3689 4288 aliud
3717 4212 3817 4270 lies

2227 4493 2612 4577 sequam-nete.
2638 4495 2693 4550 In
2716 4496 2910 4577 codice
2935 4512 3069 4577 vero
3089 4499 3616 4577 pltrnisciensiglm-c
3642 4503 3815 4559 addita

2231 4564 2873 4645 reperi:_Licelquwdant
2923 4570 3105 4627 vicisti
3144 4575 3423 4643 perﬁdiam
3466 4575 3813 4637 Arianorum,

2229 4637 2320 4701 qui
2349 4634 2686 4715 Catholicam
2721 4637 3009 4715 veritatem
3042 4634 3159 4715 linc'
3194 4659 3253 4715 se
3301 4647 3616 4703 testimonio
3648 4634 3816 4715 expa-

2226 4714 2399 4788 gnnre
2422 4707 2751 4788 reputabant
2795 4712 3117 4781 exemplaria
3144 4714 3390 4788 mate‘pro
3418 4707 3813 4788 possessionem

2226 4771 2450 4828 [subeant
2483 4771 2815 4835 creaturam.

2300 4855 2336 4928 ᾗ
2365 4845 2626 4928 Menduse
2652 4849 2907 4928 blarrian.
2941 4850 3158 4928 Urbium
3185 4857 3413 4926 legerat.
3440 4858 3604 4915 γίὼῆ
3634 4868 3815 4913 autem

2225 4918 2510 4972 notissima
2541 4930 2626 4974 est
2653 4918 2831 4976 fabula
2860 4939 2926 4977 ex
2953 4926 3145 4980 Umliu
3171 4918 3533 5002 lllétamorph.
3566 4946 3663 4986 xv:

2749 5061 2943 5126 Quique
2963 5063 3098 5117 fuisti

2378 5136 2687 5217 Hippolytus,
2706 5142 2852 5208 dixit,
2874 5158 3006 5198 nunc
3026 5149 3159 5200 idem
3178 5150 3374 5203 Virbius
3397 5161 3523 5205 esto.

2224 5258 2446 5353 Videas.
2470 5269 2644 5353 Patris
2673 5267 3045 5353 Commentar.
3075 5279 3126 5353 in
3153 5274 3329 5348 Epist.
3353 5282 3420 5336 ad
3463 5274 3720 5353 Ephesios
3746 5291 3807 5331 c.

2215 5353 2290 5423 ιν.
2321 5340 2414 5423 σεε
2444 5353 2498 5394 et
2520 5344 2611 5411 qui
2640 5346 2967 5423 eumloctm
2998 5340 3805 5423 acriter'suggillat,'Rutinum,

2215 5408 2474 5483 Invectiv.
2508 5408 2554 5477 ιζ
2566 5428 2728 5483 num.
2764 5414 2856 5470 4'2.

2236 5549 2251 5563 .
2286 5479 2314 5517 σι
2348 5480 2569 5564 νυξβιιῑῑ
2624 5482 2758 5540 Ζαὶη
2809 5488 2992 5558 legunt
3036 5507 3113 5564 ex
3153 5495 3444 5551 recentiori
3494 5490 3810 5564 pronuntia:

2424 5550 2632 5636 Contra
2658 5572 2837 5636 _rnss_.,
2862 5550 2991 5614 lum
3034 5561 3122 5617 hic
3161 5579 3283 5619 cum
3327 5550 3386 5636 in
3418 5550 3570 5636 epist.
3606 5563 3701 5636 A50,
3728 5555 3807 5610 all

2212 5620 2457 5706 Ρίιυιέηιιι
2495 5620 2942 5706 ἀςοΑΙρὶιριιὸιρ,
2987 5642 3302 5706 constanter
3342 5620 3797 5706 Zai'prasferugtl.

2211 5692 2439 5779 quodet
2464 5695 2627 5779 nobis
2659 5692 2717 5779 et
2750 5692 2947 5757 Drusio
2978 5703 3240 5773 probatur
3269 5722 3335 5762 ex
3364 5692 3574 5779 antiqua
3610 5700 3796 5760 decla-

2211 5765 2425 5820 ratione
2450 5764 2575 5836 ejus
2591 5767 2806 5825 litteras.
