4010 6374
231 336 323 408 101
669 336 1348 403 ΪΟΟΜΜΕΝΤΑΒΙΟΠῸΜ
1388 340 1455 401 IN
1492 340 1725 402 ISAIAM
1765 340 2186 400 PROPHETAM
2225 343 2357 401 LIB.
2404 346 2538 405 Vlll.
2580 345 2735 408 CAP.
2778 349 2972 407 XXVI.
3389 356 3497 413 802

233 459 414 514 brazos.
440 453 542 513 Sed
565 456 784 529 quando
811 457 1100 512 memoriale
1126 456 1387 524 dicimus,
1422 457 1619 528 legitur
1648 466 1673 496 ³
1703 474 1798 514 ιΑ-
1821 457 1879 519 Α
1900 458 1970 511 vit
2010 474 2089 514 me
2127 460 2180 513 in
2213 459 2484 515 latitudine
2511 461 2634 534 (Ps.
2668 479 2835 530 cxvn,
2868 464 2941 536 5).
2994 466 3059 521 Et
3089 466 3142 521 in
3178 469 3285 523 alio
3324 470 3446 527 loco
3478 491 3493 528 :

231 564 392 616 cum;
411 546 615 620 quando
642 547 943 613 masculum,
973 562 1197 605 zocuon.
1229 549 1292 604 Et
1315 548 1418 605 hac
1438 548 1590 605 verbi
1612 549 1791 605 ambi-
1898 546 1979 600 Ad
2009 546 2291 603 Dominum
2316 566 2433 603 cum
2471 551 2748 607 tribularer
2771 553 3011 622 clamavi,
3052 564 3098 609 et
3126 558 3385 613 exaudivit
3415 578 3496 616 me

234 643 420 714 guitate
444 641 720 710 deceptum
752 641 1087 697 arbitrantur
1108 642 1261 709 Saul,
1292 643 1510 714 quando
1540 643 1795 715 pugnavit
1898 636 2018 707 (Ps.
2041 654 2184 701 extx,
2221 640 2292 711 1).
2323 638 2477 696 Unde
2510 644 2802 711 Apostolus
2830 645 3109 715 loquitur:
3142 645 3493 717 Tribulamur,

231 744 402 792 contra
462 732 713 792 Amalech
778 741 835 789 et
892 733 1168 791 interfecit
1216 751 1379 792 omne
1429 738 1791 793 masculinum
1896 728 1988 783 sed
2008 746 2107 784 non
2139 733 2538 801 angustismur:
2566 737 2965 805 persecutione»:
2992 740 3235 808 patimur,
3260 743 3350 795 sed
3392 760 3496 798 non

231 842 404 884 eorum
435 824 475 897 (l
506 824 631 896 Reg.
662 821 777 895 xv).
811 826 923 881 Deo
952 828 1099 882 enim
1131 830 1487 902 praecipiente
1512 875 1526 897 ν
1554 829 1583 870 b
1615 840 1671 885 ιιι
1698 830 1797 887 de-
1898 818 2303 893 derelinquimur
2351 822 2393 895 (l
2433 822 2554 879 Cor.
2598 840 2672 892 tv,
2715 824 2825 896 l2).
2860 826 2929 883 Et
2950 829 3001 882 in
3043 830 3153 887 alio
3182 832 3341 889 loco:
3376 832 3498 889 Non

225 917 351 974 lere:
377 932 580 973 omnem
615 918 919 973 memoriam
948 919 1205 976 Amalech
1229 918 1333 979 sub
1357 922 1501 980 εωιυ
1526 965 1542 991 ,
1576 922 1671 979 me
1697 938 1795 992 pro
1897 921 2017 965 sunt
2057 914 2328 984 condigna:
2358 903 2631 985 passiones
2667 918 2825 992 Itujus
2856 923 3101 989 temporis
3134 925 3202 977 ad
3236 933 3504 981 venturam

224 1012 467 1070 memoria
492 1054 507 1078 ,
548 1025 653 1069 nou
697 1020 807 1069 tam
848 1028 1037 1070 errore
1060 1057 1077 1081 ,
1110 1031 1272 1085 quam
1306 1017 1505 1088 praedae
1536 1018 1796 1074 seductus

222 1102 463 1174 cupidine
490 1145 504 1169 ,
535 1102 789 1159 masculos
821 1106 1210 1176 interpretatus
1236 1118 1317 1163 est
1339 1150 1354 1174 ,
1392 1109 1642 1166 nesciens
1663 1108 1797 1165 illud

222 1195 487 1268 Apostoli:
517 1194 696 1254 Nolite
740 1213 951 1264 errare,
992 1197 1126 1253 Deus
1158 1216 1263 1254 non
1302 1199 1550 1256 irridetur
1594 1200 1795 1271 (Colat.

222 1305 289 1358 rt,
321 1280 390 1361 7).
1748 1289 1753 1298 ’

287 1374 463 1451 (Vera.
485 1372 601 1454 15.)
614 1381 895 1438 Indulsiin
913 1383 1073 1458 genti,
1090 1381 1335 1453 Domine,
1354 1385 1621 1442 indulsisti
1638 1391 1799 1460 genti.

214 1464 476 1547 Numquid
491 1476 819 1548 gloriﬁcatur
839 1492 892 1531 es
915 1472 939 1531 ?
959 1477 1214 1550 elongasti
1241 1494 1414 1533 omnes
1439 1479 1683 1536 terminos
1703 1489 1802 1536 ter—

211 1585 298 1626 ra’.
323 1558 462 1625 LXX
487 1586 501 1624 :
538 1568 685 1623 Adde
705 1569 781 1625 eis
800 1567 963 1636 mala,
991 1566 1234 1637 Domine,
1257 1571 1394 1625 adde
1412 1573 1550 1628 mala
1568 1562 1806 1643 gloriosis

207 1668 355 1718 terrte
379 1677 401 1715 .’
420 1658 584 1732 longe
607 1661 775 1732 fecisti
794 1677 969 1716 omnes
995 1663 1243 1718 terminos
1275 1673 1445 1719 terrte.
1492 1664 1641 1720 Mala
1686 1683 1806 1738 quae

200 1742 336 1811 LXX
374 1754 633 1812 secundo
671 1767 998 1828 posuerunt,
1033 1757 1086 1812 in
1119 1756 1388 1815 llebraico
1434 1775 1540 1814 non
1598 1759 1806 1818 haben-

1899 1003 2119 1078 glariam
2148 1024 2264 1077 qum
2305 1008 2613 1064 revelabitur
2648 1010 2703 1064 in
2744 1013 2889 1066 nobis
2917 1013 3093 1078 (Rom.
3135 1031 3256 1084 vm,
3288 1015 3399 1089 18).
3442 1018 3499 1075 Si

1901 1108 2081 1153 autem
2121 1114 2285 1169 parva
2317 1100 2599 1157 tribulatio
2628 1102 2810 1172 docet,
2836 1114 2890 1160 et
2924 1107 3201 1176 emendat,
3246 1118 3304 1165 et
3333 1113 3506 1166 corri-

1902 1192 2002 1263 pit,
2033 1205 2234 1264 quanto
2264 1195 2436 1265 magis
2460 1212 2678 1267 magna,
2703 1213 2826 1253 cum
2856 1198 3215 1258 admonemur
3236 1204 3508 1262 conditio-

1904 1286 1989 1341 nis
2018 1297 2243 1352 uostrte,
2272 1296 2328 1344 et
2357 1288 2453 1344 Dei
2486 1292 2742 1360 potentia:
2764 1293 3147 1351 recordamur!

1974 1378 2139 1451 355
2187 1379 2372 1451 (Vers.
2433 1383 2521 1448 17,
2584 1383 2710 1454 18.)
2746 1384 2892 1440 Sicut
2948 1404 3066 1458 quae
3109 1391 3343 1462 concepit
3392 1407 3508 1447 eum

1907 1475 2396 1546 appropinquauerit
2411 1475 2479 1529 ad
2500 1487 2728 1545 partum,
2751 1479 2933 1535 dolens
2947 1482 3133 1537 clamat
3157 1485 3211 1537 in
3248 1484 3513 1541 doloribus

1908 1567 2016 1622 suis
2040 1583 2058 1620 :
2084 1567 2159 1621 sic
2174 1568 2305 1638 facti
2319 1583 2494 1623 sumus
2510 1585 2543 1622 α
2557 1571 2693 1641 [acie
2714 1581 2826 1637 tua,
2845 1572 3083 1629 Domine.
3102 1573 3448 1643 Concepimus
3464 1588 3511 1633 et

1910 1659 2056 1728 quasi
2095 1661 2484 1730 parturivimus,
2524 1671 2574 1716 et
2613 1664 2903 1734 peperimus
2926 1667 3186 1738 spiritum.
3218 1668 3359 1725 LXX
3392 1689 3404 1725 :
3446 1670 3514 1727 Et

1910 1750 2043 1804 sicut
2070 1751 2363 1823 parturiens
2383 1767 2496 1806 cum
2516 1756 2896 1827 appropinun
2917 1760 2986 1811 ad
3020 1768 3229 1828 partum
3256 1766 3309 1814 in
3340 1762 3519 1818 dolore

201 1859 313 1917 tur;
346 1849 438 1906 sed
466 1848 608 1919 quia
636 1865 801 1921 supra
840 1850 1079 1917 dixerat,
1112 1842 1243 1907 Ideo
1269 1852 1520 1908 induisti
1549 1865 1597 1908 et
1628 1854 1803 1922 perdi-

1918 1861 2006 1899 suo
2041 1844 2233 1899 clamat
2270 1861 2290 1899 :
2334 1846 2409 1899 sic
2453 1848 2582 1916 facti
2612 1864 2790 1902 sumus
2826 1850 3085 1915 σιξ-ἀείρετο
3120 1860 3209 1906 tuo
3239 1871 3262 1914 ι
3309 1863 3519 1925 propter

197 1945 332 2013 disti,
350 1953 399 1999 et
419 1944 604 2000 tulisti
626 1943 1074 2007 omnemasculum
1092 1944 1202 2018 [ΑΙ.
1224 1945 1591 2019 masculinum]
1607 1964 1809 2013 coruus,

197 2036 439 2094 eumdem
469 2051 714 2093 sensum
748 2036 944 2104 secuti,
984 2035 1315 2093 addiderunt
1354 2038 1422 2094 de
1466 2054 1588 2105 suo,
1621 2040 1761 2094 mala
1793 2057 1811 2095 :

192 2136 248 2184 ut
273 2129 363 2200 qui
386 2128 636 2203 gloriosi
669 2128 722 2183 in
745 2135 888 2184 terra
918 2136 1067 2194 sunt,
1100 2130 1258 2184 malis
1289 2128 1600 2200 duplicibus
1631 2133 1815 2202 oppri-

191 2226 423 2274 tuantur.
456 2218 656 2275 Porro
684 2218 834 2288 juxta
874 2218 1136 2275 Hebra-os
1172 2219 1342 2276 multo
1370 2222 1532 2277 aliter
1559 2232 1643 2278 est
1690 2237 1816 2278 seu-

188 2323 295 2376 sus,
326 2308 383 2367 et
415 2298 613 2380 priori
641 2307 993 2380 disputationi
1020 2310 1186 2385 35‘
1232 2327 1561 2382 congruens.
1599 2314 1817 2371 Dixerat

190 2390 457 2458 Dominus
508 2419 522 2457 :
588 2389 933 2459 Misereamur
978 2404 1160 2478 impio.
1204 2406 1476 2475 Propheta
1518 2406 1819 2477 responde-

184 2502 310 2549 rat:
357 2484 434 2550 Et
480 2484 593 2549 ubi
634 2502 720 2549 est
747 2493 958 2565 justitia
992 2497 1125 2551 tua?
1159 2500 1460 2565 praesertim
1502 2515 1628 2555 cum
1669 2508 1817 2554 tanta

188 2586 327 2642 mala
359 2585 417 2641 in
465 2594 707 2642 sanctos
749 2594 875 2642 tuos
907 2598 1162 2657 operatus
1185 2591 1278 2647 sit.
1310 2591 1390 2646 Ad
1437 2592 1583 2663 quod
1634 2592 1819 2648 Domi-

184 2694 285 2735 nus
309 2700 324 2735 :
360 2668 431 2734 Et
461 2696 586 2735 non
614 2678 828 2747 videbit,
856 2682 1054 2752 inquit,
1079 2683 1300 2754 gloriam
1320 2681 1551 2740 Domini.
1581 2685 1817 2741 Rursum

185 2760 470 2841 Propheta
498 2789 514 2825 :
551 2770 843 2826 Exaltetur
865 2787 1061 2828 manus
1092 2783 1180 2829 tua
1208 2773 1275 2830 ad
1299 2776 1739 2844 percutiendum,
1766 2785 1823 2833 et

185 2876 295 2918 non
325 2854 573 2919 videant
602 2860 832 2934 gloriam
864 2872 1035 2930 tuam,
1083 2878 1245 2934 quam
1278 2880 1386 2920 non
1428 2875 1706 2922 merentur
1736 2882 1823 2923 as—

186 2953 402 3026 picere.
442 2946 533 3012 Ad
560 2952 710 3025 quod
737 2944 999 3010 Dominus
1026 2972 1039 3008 :
1082 2954 1305 3011 Videant
1325 2956 1497 3028 magis
1527 2966 1573 3011 et
1602 2961 1825 3029 confun-

180 3044 410 3104 dantur.
445 3042 703 3103 Rursum
748 3045 1021 3117 Propheta
1056 3063 1070 3101 :
1106 3046 1356 3113 Domine,
1400 3061 1588 3118 pacem
1630 3047 1695 3103 da
1729 3063 1828 3103 no-

179 3132 288 3206 bis,
336 3146 403 3196 et
458 3136 697 3208 posside
741 3151 860 3205 nos,
894 3138 987 3208 qui
1036 3138 1115 3193 tui
1162 3139 1401 3194 nominis
1446 3139 1822 3195 recordamur.

1915 1936 2148 1992 timorem
2179 1947 2343 2005 tuum,
2386 1935 2627 2007 Domine,
2675 1950 2699 1979 ο
2728 1940 2783 1994 in
2806 1952 2952 1997 utero
2982 1944 3293 2012 occepimus,
3327 1955 3373 1999 et
3400 1962 3524 2014 par-

1911 2028 2208 2095 turivimus,
2240 2040 2288 2085 et
2328 2032 2620 2098 peperimus
2648 2034 2895 2100 spiritum
2932 2037 3120 2091 salutis
3148 2046 3271 2103 tuae,
3305 2054 3423 2107 quae
3447 2042 3523 2111 [e-

1917 2122 2080 2176 cimus
2108 2138 2266 2193 super
2300 2132 2514 2178 terram.
2554 2125 2710 2181 Sicut
2746 2126 2812 2181 ad
2837 2135 3053 2197 partum
3093 2130 3289 2185 mulier
3320 2146 3521 2202 oppro-

1918 2214 2215 2284 pinquans.
2252 2215 2445 2272 dolore
2474 2218 2690 2287 cogitur
2719 2219 3032 2276 exclamare
3061 2239 3074 2275 :
3108 2221 3189 2275 sic.
3218 2236 3317 2277 uos
3346 2224 3399 2277 in
3429 2238 3526 2277 an-

1918 2307 2099 2376 gustia
2177 2307 2510 2378 requirimus
2552 2315 2642 2373 te,
2696 2316 2751 2364 et
2780 2325 2809 2362 a
2853 2310 2993 2366 faeie
3062 2311 3373 2367 formidinis
3422 2322 3529 2368 tua:

1919 2391 1947 2432 ἀ
1972 2396 2327 2468 concepimus
2353 2438 2370 2464 ,
2408 2407 2461 2453 et
2512 2399 2935 2467 parturivimus,
2963 2410 3019 2455 et
3052 2404 3390 2471 peperimus,
3418 2418 3526 2459 non

1919 2491 2103 2546 carnis
2155 2490 2384 2557 liberos,
2439 2489 2537 2546 sed
2581 2491 2851 2561 spiritus:
2903 2501 2960 2545 ut
2991 2501 3100 2546 tota
3142 2492 3196 2547 in
3239 2504 3290 2549 te
3343 2505 3531 2549 mente

1920 2581 2232 2647 credamus,
2265 2591 2320 2635 ut
2348 2597 2510 2652 quem
2544 2597 2642 2652 per
2669 2582 2934 2639 beneﬁcia
2961 2599 3067 2638 non
3105 2585 3397 2653 sensimus,
3433 2601 3533 2656 per

1923 2685 2192 2732 tormenta
2221 2675 2518 2733 discamus.
2551 2676 2666 2734 lioc
2706 2677 2855 2748 quod
2885 2677 3030 2734 LXX
3059 2679 3427 2746 addiderunt,
3458 2682 3534 2735 sic

1923 2770 2048 2841 {acti
2088 2786 2264 2826 sumus
2299 2770 2488 2826 dilecto
2539 2780 2661 2839 tuo;
2710 2786 2812 2842 pro
2859 2788 2967 2843 quo
2998 2773 3188 2828 caeteri
3240 2773 3533 2828 transtule-

1923 2873 2074 2931 runt,
2100 2865 2174 2918 sic
2200 2865 2325 2934 [acti
2351 2882 2533 2921 sumus
2559 2881 2591 2918 α
2621 2865 2755 2936 {acie
2787 2874 2899 2931 tua,
2930 2864 3173 2932 Domine,
3198 2866 3361 2921 obelo
3393 2882 3534 2937 prte-

1925 2955 2227 3011 notandum
2275 2966 2381 3013 est.
2433 2955 2734 3011 Possumus
2781 2965 2962 3012 autem
3003 2957 3267 3013 dilectum
3316 2957 3533 3012 Domini

1927 3045 2207 3101 Christum
2234 3048 2506 3116 accipere,
2554 3056 2777 3116 propter
2806 3048 2961 3117 cujus
2994 3050 3248 3105 timorem
3289 3049 3535 3119 concipi-

1932 3151 2080 3202 mus,
2105 3146 2159 3191 et
2191 3137 2551 3206 parturimus,
2590 3149 2644 3192 et
2670 3138 2935 3207 parimus,
2966 3148 3021 3194 et
3048 3142 3300 3209 spiritum
3340 3142 3533 3196 salutis

171 3220 341 3306 impii
392 3242 604 3290 autem
634 3241 689 3287 et
718 3232 939 3301 superbi
975 3247 1083 3287 non
1110 3232 1317 3295 vivant.
1340 3246 1441 3290 nec
1461 3242 1745 3303 resurgant
1777 3232 1828 3288 in
1855 3218 1902 3282 C
1934 3230 2165 3287 iacimus
2193 3244 2358 3299 super
2389 3239 2614 3287 terram.
2646 3231 2833 3287 Potest
2863 3233 2961 3288 hoc
3002 3245 3057 3289 et
3083 3233 3433 3304 Apostolicus
3456 3237 3539 3293 vir

174 3326 392 3401 gloria,
430 3318 547 3381 sed
583 3331 807 3380 centere
846 3338 1066 3380 omnem
1106 3325 1428 3399 memoriam
1451 3339 1661 3381 eorum.
1690 3324 1833 3380 Cau—
1933 3323 2145 3387 dicere,
2178 3322 2405 3393 quando
2445 3321 2677 3392 p0pulos
2719 3322 2902 3378 erudit
2938 3333 2994 3378 et
3030 3324 3272 3380 imitatur
3320 3336 3540 3397 aposto-

166 3435 391 3493 sasque
445 3410 672 3484 reddit,
732 3432 831 3473 cur
870 3420 967 3474 eds
1014 3418 1197 3488 cupiat
1253 3417 1503 3474 interire.
1551 3416 1833 3473 lndulsisti
1936 3414 2045 3469 lum
2074 3414 2299 3470 Paulum
2336 3412 2559 3468 :Ftlioli
2581 3414 2698 3477 mei,
2728 3430 2854 3483 quos
2882 3415 3066 3469 iterum
3090 3417 3347 3487 parturio,
3375 3417 3540 3471 donec

168 3516 345 3589 genti,
408 3500 678 3568 Domine.
726 3510 990 3565 indulsisti
1028 3512 1191 3582 genti,
1224 3511 1475 3582 numquid
1511 3510 1833 3583 gloriﬁcatus
1935 3505 2176 3561 Christus
2192 3510 2443 3577 formetur
2468 3507 2521 3560 in
2553 3507 2692 3561 vobis
2722 3504 3540 3579 (Ca/at.tv,19).Audubitan-

168 3609 269 3664 es?
293 3606 367 3662 Et
396 3611 501 3661 est
516 3615 724 3657 sensus
749 3601 942 3673 :Stepe
969 3602 1226 3657 misertus
1255 3616 1314 3657 es
1341 3601 1614 3671 gentibus,
1642 3601 1692 3656 id
1724 3609 1829 3667 est,
1938 3599 2065 3653 dum
2093 3607 2179 3655 est
2197 3598 2342 3669 quod
2367 3599 2565 3655 Paulus
2585 3600 2865 3671 apostolus
2889 3599 3142 3669 spiritum
3173 3601 3363 3658 salutis
3394 3602 3537 3659 lece-

170 3690 439 3757 bumano
502 3695 726 3767 generi,
767 3706 821 3751 et
874 3694 1165 3752 exercuisti
1213 3694 1269 3750 in
1310 3710 1405 3751 eas
1455 3694 1828 3752 incredibilem
1934 3690 2006 3747 rit
2033 3706 2201 3758 super
2233 3701 2460 3758 terram,
2494 3692 2586 3762 qui
2614 3691 2683 3748 de
2723 3692 3029 3748 Jerusalem
3067 3709 3236 3765 usque
3267 3694 3334 3749 ad
3362 3694 3540 3767 [lyri-

167 3780 593 3861 clementiam,
628 3783 893 3856 numquid
917 3794 968 3841 te
993 3788 1409 3858 cognoverunt?
1432 3786 1693 3858 numquid
1715 3787 1832 3858 glo-
1934 3799 2055 3841 cum
2089 3785 2443 3856 Evangelium
2478 3785 2795 3857 praedicavit
2821 3785 2997 3860 (Rom.
3027 3788 3140 3862 xv),
3180 3800 3233 3845 et
3266 3790 3419 3861 quasi
3450 3806 3538 3847 sa-

170 3882 576 3942 rltieaverunt
624 3895 829 3937 nomen
861 3882 1062 3937 tuum?
1109 3879 1299 3937 Nonne
1342 3896 1374 3937 e
1403 3882 1683 3937 contrario
1715 3896 1746 3938 a
1779 3891 1830 3938 te
1935 3879 2090 3948 piens
2130 3879 2464 3936 architectus
2504 3877 2917 3936 fundamentum
2951 3881 3156 3952 posuit,
3197 3893 3352 3938 extra
3396 3885 3539 3954 quod

171 3978 348 4052 longe
402 3974 530 4054 [ΑΙ.
602 3974 844 4048 longius]
895 3977 1285 4033 recesserunt?
1334 3975 1615 4033 Securitas
1682 3976 1829 4033 enim
1934 3974 2119 4030 nullus
2165 3975 2304 4030 alius
2346 3983 2527 4045 p0test
2573 3990 2800 4046 ponere,
2835 3978 2924 4047 qui
2962 3987 3050 4032 est
3088 3976 3340 4032 Christus
3378 3976 3539 4031 Jesus

171 4074 641 4148 negligentiam,
671 4071 1001 4141 negligentia
1032 4078 1413 4137 contemptum
1446 4070 1610 4139 parit.
1936 4066 1983 4139 (l
2012 4067 2135 4122 Cor.
2170 4066 2294 4138 tu)?
2332 4067 2461 4124 Sive
2491 4067 2654 4136 igitur
2683 4068 3014 4137 legerimus,
3055 4077 3265 4139 prapter
3302 4069 3539 4123 timorem

252 4167 467 4240 (Vera.
505 4164 632 4237 16.)
669 4160 907 4226 Domine,
938 4162 997 4215 in
1022 4163 1265 4233 angustia
1287 4162 1634 4232 requisierunt
1664 4169 1733 4225 te,
1779 4161 1835 4214 in
1936 4168 2104 4226 tuum,
2140 4158 2376 4224 Domine,
2407 4158 2459 4213 in
2478 4170 2623 4212 utero
2650 4158 3108 4229 accepimus:sive
3131 4157 3282 4228 juxta
3312 4157 3543 4214 Hebrai-

170 4246 564 4320 tribulatione
591 4256 871 4312 murmuris
891 4253 1130 4309 doctrina
1151 4261 1242 4308 tua
1258 4252 1354 4307 eis.
1378 4250 1522 4307 LXX
1548 4269 1561 4305 :
1594 4250 1833 4318 Domine,
1937 4265 2085 4315 eum,
2116 4266 2149 4304 a
2178 4251 2311 4322 facie
2339 4259 2453 4316 tua,
2481 4247 2726 4315 Domine,
2758 4249 3109 4320 concepimus,
3134 4260 3182 4305 et
3199 4250 3251 4305 in
3279 4259 3423 4305 utero
3451 4268 3541 4305 ac-

164 4355 229 4413 in
289 4350 671 4411 tribulatione
706 4348 1005 4404 recordatus
1059 4361 1177 4403 sum
1212 4345 1309 4411 tui,
1367 4343 1422 4397 in
1505 4340 1840 4397 tribulatione
1940 4342 2187 4413 cepimus,
2227 4350 2518 4411 utrumque
2557 4340 2624 4395 ad
2666 4339 2721 4395 id
2760 4342 3019 4413 pertinet,
3051 4352 3112 4397 ut
3148 4357 3215 4398 ex
3248 4343 3442 4398 timore
3485 4354 3539 4397 et

171 4465 356 4523 ραι-να
398 4444 675 4503 doctrina
704 4452 794 4497 tua
838 4442 1005 4498 nobis.
1035 4440 1168 4509 Quia
1202 4438 1493 4509 indulgens
1520 4451 1666 4506 saepe
1712 4450 1841 4491 con-
1941 4431 2324 4488 recordatione
2367 4432 2583 4488 Domini
2631 4448 2939 4490 sermonem
2993 4436 3370 4507 concipiamus
3416 4436 3538 4501 Dei,

173 4522 447 4616 temptas
480 4554 582 4604 es,
618 4550 719 4593 nec
738 4534 1107 4607 gloriﬁcatus;
1144 4531 1239 4589 sed
1281 4547 1313 4587 e
1338 4528 1615 4586 contrario
1647 4542 1840 4582 omnes
1865 4589 1918 4616 ῃ
1942 4533 2000 4583 et
2027 4525 2361 4580 illuminetur
2388 4540 2485 4580 cor
2512 4535 2754 4581 nostrum
2783 4528 3080 4584 dicentium
3107 4546 3121 4582 :
3153 4522 3431 4600 Signatum
3467 4539 3541 4584 est

172 4589 649 4693 ;';Z';iéniis
664 4589 1058 4691 regesserunt;
1091 4589 1398 4694 propterea,
1422 4620 1683 4686 Domine,
1715 4633 1839 4689 per-
1865 4589 1919 4651 Β
1944 4632 2102 4689 super
2129 4632 2219 4672 nos
2259 4617 2431 4671 lumen
2471 4616 2643 4671 vultus
2682 4619 2775 4684 tui,
2820 4618 3040 4674 Domine
3085 4589 3310 4693 (Psfrv,
3340 4622 3419 4690 7).
3454 4622 3544 4687 Et,

172 4734 312 4787 cute
344 4740 489 4791 eos.
524 4729 598 4779 ut
630 4719 688 4776 in
717 4718 967 4787 angustia
995 4726 1049 4773 te
1080 4717 1380 4787 requirant,
1415 4723 1470 4769 et
1497 4713 1551 4769 in
1611 4711 1839 4767 tribula-
1949 4707 2159 4765 ostende
2185 4709 2365 4780 [aciem
2391 4718 2556 4773 suam,
2584 4716 2633 4763 et
2654 4710 2787 4764 salvi
2810 4710 2999 4767 erimus
3024 4711 3143 4785 (Ps.
3176 4729 3358 4779 LXXIX,
3389 4710 3470 4780 4).

176 4823 344 4879 tione
377 4813 725 4875 murmuris
773 4811 1022 4868 doctrina
1054 4816 1147 4864 tua
1188 4809 1260 4864 sit
1297 4809 1379 4864 eis
1414 4826 1429 4863 :
1460 4804 1678 4877 quando
1725 4813 1843 4859 tan-
2024 4801 2233 4858 Saintes
2272 4818 2374 4857 non
2404 4802 2617 4874 fecimus
2648 4802 2702 4857 in
2746 4812 2884 4857 terra
2911 4818 2929 4857 :
2956 4802 3071 4858 ideo
3112 4820 3215 4859 non
3255 4803 3550 4863 ceciderunt

178 4919 301 4969 tum
334 4911 432 4969 eis
475 4905 773 4964 malorum
818 4901 1032 4974 pondus
1062 4899 1365 4961 incumbet.
1406 4907 1459 4953 ut
1508 4913 1576 4954 ne
1605 4897 1843 4952 clamare
1952 4894 2261 4950 habitatores
2286 4895 2447 4951 orbis.
2486 4893 2670 4953 LXX:
2704 4894 2828 4951 Non
2854 4895 3229 4962 cademus,sed
3257 4898 3551 4957 cadentha—

172 5005 419 5078 quidem
467 4998 739 5056 audeant
766 4995 1128 5059 conﬁdenter,
1169 4991 1262 5048 sed
1308 4990 1551 5048 dolorem
1582 5006 1737 5048 suum
1770 4990 1847 5046 si-
1953 4988 2194 5044 bitatores
2236 4999 2402 5045 terrae.
2454 4988 2675 5045 Diversa
2707 4991 3087 5061 interpretatio
3128 5009 3355 5051 necesse
3386 5006 3469 5051 est
3493 5007 3552 5050 ut

172 5094 365 5154 lentio
415 5092 751 5149 devorent.
798 5087 964 5144 Juxta
1004 5082 1171 5145 LXX.
1214 5085 1267 5140 in
1315 5082 1666 5139 tribulatione
1713 5082 1846 5139 Pro-
1954 5082 2235 5139 diversum
2275 5083 2470 5140 habeat
2501 5093 2557 5138 et
2595 5098 2839 5140 sensum.
2886 5084 3048 5142 Juxta
3082 5087 3406 5144 llebraicutn
3448 5088 3552 5145 hoc

171 5188 355 5259 pheta
397 5176 657 5243 Domini
686 5179 1032 5243 recordatur,
1052 5178 1207 5249 juxta
1232 5175 1367 5232 illud
1393 5175 1536 5245 quod
1565 5176 1616 5229 iu
1639 5175 1848 5243 psalmo
1956 5174 2156 5232 dicitur
2185 5193 2199 5232 :
2231 5175 2366 5243 Quia
2411 5174 2548 5230 nihil
2575 5175 2798 5249 dignum
2847 5188 2934 5234 tua
2968 5180 3197 5237 fecimus
3237 5182 3554 5237 misericor-

172 5266 452 5341 dicitur:
484 5272 586 5331 De
620 5261 953 5331 tribulatione
976 5270 1206 5328 invocavi
1230 5269 1533 5336 Dominum,
1554 5276 1601 5323 et
1626 5266 1847 5324 eaautli-
1958 5269 2071 5338 diu,
2124 5277 2418 5342 propterea
2469 5265 2621 5339 impii
2668 5285 2776 5326 non
2830 5281 3180 5338 corruerunt,
3234 5273 3333 5329 sed
3387 5288 3560 5341 usque

252 5529 285 5572 ι
331 5521 616 5597 ungit!!!
672 5510 902 5597 rescribi
948 5508 1064 5574 Vult
1117 5506 1532 5597 {actamquae
1579 5512 1809 5597 Exempli

1961 5512 2153 5597 γαστρί
2175 5502 2459 5597 ,εμέτηξενκ
2479 5508 2600 5597 ξνίίξξ
2640 5516 2833 5597 eum
2853 5515 2974 5597 re
3011 5504 3265 5597 relative
3303 5500 3567 5597 “ﬁcum

252 5529 285 5572 ι
331 5524 616 5585 bnis“!!!
672 5524 902 5576 rescribi
948 5524 1064 5574 Vult
1117 5524 1338 5582 lucttor,
1390 5524 1532 5586 quoe
1586 5524 1852 5585 exemplis
1995 5524 2153 5591 αστρὶ
2186 5524 2600 5592 ἑΜδομιν..ΜοΧ
2640 5524 2819 5563 tamen
2860 5524 2974 5579 quia
3011 5524 3265 5566 relativus
3303 5524 3567 5572 amemus

172 5600 402 5666 sua,
449 5589 887 5659 PithestArss,
912 5596 1079 5660 atauo
1097 5589 1222 5645 alits
1239 5586 1551 5645 conﬁrmat.
1578 5582 1687 5643 Sed
1720 5599 1850 5642 mss.
1959 5524 2117 5715 Enna
2159 5581 2596 5666 alexandrinum
2652 5580 2936 5649 exemplar
2975 5582 3147 5664 abest.
3218 5582 3570 5652 Prosequitur

172 5690 298 5715 .m-
338 5666 788 5715 ιιιιῐηιαειιιιυτ.
2014 5666 2245 5712 ictorum
2263 5660 2308 5706 et
2334 5650 2594 5707 doluimus
2627 5667 2725 5715 pro
2751 5660 2796 5706 et
2828 5660 3221 5715 parturiunt”,
3242 5654 3394 5715 juxta
3422 5654 3570 5712 Gras-

169 5654 298 5736 ξδ’
319 5654 337 5657 ⁷
356 5654 788 5735 ring-agantur.
871 5654 883 5659 ⁷
989 5654 1006 5660 ’

246 5690 298 5787 C
320 5688 572 5800 satia,
607 5740 673 5785 ut
697 5718 960 5807 deleretur
983 5733 1148 5807 omnis
1176 5730 1443 5807 meritoria,
1468 5736 1572 5783 etc.
1792 5797 1805 5807 _

1959 5654 2245 5715 Victorius
2263 5660 2308 5706 et
2334 5654 2594 5707 doluimus
2627 5667 2725 5721 pro
2751 5660 2796 5706 et
2828 5654 3221 5723 parturisimus,
3242 5654 3394 5723 juxta
3422 5654 3575 5712 (ᾖτε).

1967 5725 2360 5807 cumucodicetu
2398 5722 2747 5807 diduuriaattesv.
2803 5795 2814 5807 .
2860 5796 2870 5806 .
3155 5802 3164 5807 Δ
3242 5796 3252 5807 .

257 5828 283 5856 ε
323 5795 455 5870 Pro
495 5795 571 5861 inv
602 5811 758 5858 utero
785 5804 1107 5870 accepimus,
1131 5804 1182 5861 in
1217 5802 1391 5870 vatio.
1422 5808 1509 5856 est
1537 5813 1645 5870 uno
1690 5797 1809 5870 seri

2040 5797 2067 5834 ἀ
2097 5796 2267 5852 Vatic.
2305 5796 2356 5848 in
2411 5795 2635 5851 instanti
2668 5795 3010 5868 concipimus,
3049 5796 3365 5865 parturimus
3404 5806 3458 5854 ct
3489 5816 3579 5866 pu-

170 5860 606 5958 tansepiinus,
655 5870 845 5931 Graeco
882 5860 1170 5940 renitstiiri,
1207 5860 1300 5944 qui
1328 5872 1586 5942 espresse
1612 5860 1779 5925 habet
1814 5871 1863 5925 iv
1970 5870 2157 5924 rimus.
