4010 6364
522 336 628 393 505

1788 326 1849 383 S.
1892 324 2164 384 EUSEBII
2204 323 2581 384 HIERONYMI
3698 327 3781 386 304

522 474 688 546 356
742 467 904 524 hodie
948 465 1252 535 praevalent
1289 471 1346 519 et
1385 462 1674 532 possident
1711 469 1936 518 terram.
1977 462 2121 518 LXX
2150 444 2197 504 Α
2227 479 2330 516 non
2359 462 2620 527 videbunt,
2653 467 2713 516 ut
2749 459 3088 517 manifestius
3112 460 3511 518 demonstraret
3566 477 3667 518 non
3701 465 3786 522 dici

518 579 700 619 autem
732 563 834 614 hoc
877 566 1153 622 asserunt,
1181 557 1326 627 quod
1367 555 1694 610 facientilms
1715 556 1919 610 sanctis
1964 556 2126 624 spiri-

521 664 638 710 tum
673 652 870 706 salutis
887 665 1054 720 super
1083 659 1311 713 terram,
1330 647 1423 718 qui
1447 657 1605 703 terrtr
1631 647 1964 703 habitatores
1993 656 2123 702 sunt

527 753 813 808 corruant,
864 743 994 799 licet
1035 742 1178 797 inter
1230 741 1424 804 orbem,
1466 739 1558 809 qui
1600 739 1868 795 lli-braice
1911 756 2124 795 ranam.

520 821 694 907 5:111).
728 844 785 891 et
826 834 1016 889 Graece
1044 834 1244 888 dicitur
1273 835 1560 904 οἰκουμένη,
1605 845 1669 885 ac
1699 840 1909 896 terram,
1953 832 2122 884 nmlta

513 928 812 984 diversitas
842 925 933 980 sit.
983 924 1193 980 Cadent
1239 939 1372 994 ergo
1402 923 1730 993 quicumque
1801 921 2124 976 habitationi

516 1032 678 1074 terrm
708 1034 768 1073 se
791 1018 1088 1082 dederunt,
1131 1025 1187 1072 et
1222 1017 1276 1070 in
1326 1017 1562 1070 terrenis
1604 1015 1863 1085 operibus
1895 1014 1998 1068 fixa
2031 1029 2121 1069 ra-

515 1113 639 1169 dice
666 1112 873 1166 fundati
909 1121 1071 1174 sunt;
1105 1121 1159 1166 et
1191 1124 1296 1164 non
1328 1108 1527 1164 cadent
1569 1110 1658 1180 qui
1691 1109 1886 1164 sedent
1914 1111 1968 1162 in
1989 1109 2124 1164 orbe

516 1215 785 1260 terrarum
818 1213 873 1259 et
898 1203 1248 1271 requiescunt
1277 1201 1330 1256 in
1369 1200 1639 1267 Ecclesia,
1672 1216 1795 1271 quae
1839 1199 2124 1255 habitacu-

513 1300 624 1355 lum
661 1300 859 1360 Patris.
889 1309 946 1353 et
977 1297 1124 1361 Filii,
1158 1305 1214 1352 et
1237 1295 1475 1365 Spiritus
1504 1294 1690 1349 Sancti
1728 1302 1832 1347 est.

588 1391 772 1464 (Vers.
800 1391 916 1462 19.)
957 1391 1140 1444 Vivant
1182 1389 1372 1444 mortui
1403 1388 1500 1452 tui,
1527 1389 1782 1459 interfecti
1813 1388 1911 1441 mei
1950 1403 2122 1442 resur-

513 1494 638 1559 gant
667 1499 687 1538 :
716 1481 1134 1551 expergiscimini
1158 1489 1203 1533 et
1248 1477 1483 1545 laudate,
1509 1479 1597 1547 qui
1624 1478 1870 1531 habitatis
1917 1479 1970 1532 in
2001 1480 2120 1550 pul-

516 1595 650 1636 vere.
682 1581 806 1646 quia
834 1593 919 1629 ros
965 1574 1220 1628 luminum
1251 1589 1336 1626 ros
1364 1582 1503 1633 tuus.
1531 1581 1579 1626 et
1618 1581 1803 1624 terrain
1829 1572 2121 1644 gigantium

513 1670 753 1724 detrahes
777 1673 828 1721 in
847 1669 1078 1720 ruinam.
1105 1665 1246 1721 LXX
1274 1683 1286 1718 :
1319 1664 1605 1738 Iiesurgent
1629 1667 1839 1734 mortui,
1871 1675 1918 1717 et
1947 1681 2120 1719 resur-

501 1773 621 1833 geut
663 1762 727 1815 de
771 1761 1043 1825 sepulcris,
1079 1769 1126 1812 et
1179 1760 1492 1812 lwtabuutur
1533 1759 1623 1829 qui
1665 1768 1785 1812 sunt
1840 1759 1892 1811 in
1955 1767 2114 1811 terra.

2229 555 2300 610 ibi
2337 555 2404 608 de
2445 556 2678 608 mortuis
2728 554 2850 624 lege
2878 565 3108 619 natura,
3142 566 3194 610 et
3225 556 3572 624 separatione
3627 557 3787 614 anima:

2226 661 2289 700 ac
2328 645 2609 711 corporis;
2643 645 2740 701 sed
2780 646 2848 700 de
2898 646 2981 700 his
3015 646 3106 717 qui
3147 656 3369 715 peccato
3413 647 3610 701 mortui
3653 658 3786 702 sunt:

2228 755 2370 794 nunc
2399 755 2431 794 e
2460 740 2736 795 ('Ollll'al‘io
2765 739 2898 795 dicit
2927 740 2994 794 ad
3026 741 3193 794 Deum
3222 758 3234 793 :
3265 738 3461 794 Vivent
3488 742 3681 796 mortui
3709 742 3787 810 ltti,

2224 834 2314 899 qui
2342 832 2610 886 interfecti
2637 841 2765 886 sunt
2791 841 3020 902 propter
3048 845 3121 896 te,
3149 832 3238 896 qui
3275 847 3378 888 non
3408 832 3790 889 absolutetuor-

2226 923 2325 983 tui.
2376 933 2432 976 ut
2477 922 2618 978 LXX
2673 925 3102 986 transtulerunt;
3144 925 3238 978 sed
3283 923 3439 992 juxta
3495 924 3790 981 Hebraicum

2225 1017 2318 1072 ubi
2365 1017 2565 1072 dicitur
2614 1033 2733 1074 JEJU
2781 1019 3460 1105 uerueca(rm:1m?),
3511 1019 3704 1075 mortui
3732 1020 3791 1075 uti

2226 1110 2592 1179 appellantur.

2303 1201 2478 1262 Vade.
2513 1202 2740 1274 populus
2770 1220 2933 1270 meus,
2976 1205 3116 1258 intra
3146 1205 3198 1259 in
3229 1205 3467 1260 cubicula
3498 1214 3612 1268 tua,
3643 1205 3793 1262 claude

2224 1297 2358 1349 ostia
2389 1303 2477 1348 tua
2505 1311 2661 1366 super
2691 1305 2739 1350 te
2771 1312 2790 1350 .'
2819 1297 3131 1351 abscondere
3175 1298 3434 1351 modicum
3481 1299 3552 1352 ad
3599 1315 3799 1353 momen-

2223 1394 2350 1449 tum,
2385 1385 2545 1439 donec
2577 1396 2900 1454 pertranseat
2938 1387 3250 1460 indignatio.
3307 1389 3439 1444 Ecce
3480 1393 3619 1444 enim
3648 1388 3798 1444 Domi-

2224 1493 2322 1531 nus
2351 1477 2639 1546 egredietur
2667 1478 2730 1532 de
2761 1479 2872 1532 loco
2901 1496 3015 1546 suo,
3046 1490 3104 1534 ut
3133 1480 3298 1534 visitet
3327 1481 3649 1549 iniquitatem
3671 1481 3800 1536 habi-

2223 1567 2404 1624 tatoris
2436 1581 2586 1626 teme
2615 1583 2798 1626 contra
2827 1589 2967 1637 eunt,
2999 1583 3045 1626 et
3076 1572 3316 1628 reuelabit
3353 1585 3419 1627 tet
3432 1593 3493 1629 ra
3521 1576 3800 1646 sanguinem

2222 1680 2394 1727 suum,
2417 1674 2464 1717 et
2495 1681 2596 1718 non
2630 1666 2821 1736 aperiet
2852 1665 2989 1718 ultra
3009 1666 3306 1736 interfectos
3336 1684 3478 1722 suos.
3504 1667 3651 1724 LXX
3675 1687 3686 1722 :
3714 1667 3805 1721 Va-

2223 1755 2310 1819 de,
2323 1755 2549 1825 populus
2572 1773 2735 1821 meus,
2755 1757 3026 1828 ingredere
3045 1757 3280 1812 cubicula
3300 1770 3412 1821 tua,
3435 1760 3626 1813 claude
3645 1761 3803 1814 ostium

507 1832 615 1912 Ras
662 1857 797 1910 enim
817 1865 934 1908 tuus
965 1853 1164 1906 sanitas
1203 1867 1380 1905 eorum
1403 1893 1418 1914 ,
1453 1861 1589 1904 terra
1627 1861 1797 1904 autem
1839 1850 2117 1920 impiorum
2147 1832 2194 1894 Β
2222 1859 2366 1902 tuum
2399 1864 2416 1901 :
2445 1848 2759 1902 abscondere
2787 1849 3054 1920 paululum
3082 1849 3635 1922 quantulumcumque,
3665 1852 3806 1907 donec

507 1949 676 2001 cadet.
732 1947 947 2001 Sanctis
988 1943 1424 2014 parturientibus
1471 1952 1525 1998 et
1575 1943 1912 2012 parientibus
1957 1944 2115 2013 spiri-

509 2049 648 2103 tum,
682 2048 738 2094 et
778 2038 1184 2092 habitatoribus
1215 2046 1377 2092 terrae
1409 2036 1816 2101 corruentibus,
1859 2037 1982 2105 quia
2029 2050 2116 2089 suo

500 2135 647 2189 lutes
678 2149 784 2187 non
819 2132 1065 2187 fecerunt
1091 2133 1144 2185 iu
1181 2143 1350 2195 terra,
1385 2131 1436 2184 bi
1466 2145 1607 2200 quos
1637 2131 1690 2184 in
1723 2127 1950 2184 Christo
1973 2146 2118 2184 mor-

503 2239 631 2285 tuos
660 2229 956 2299 Aposmlus
978 2237 1162 2293 vocat,
1193 2235 1249 2280 et
1286 2233 1511 2296 propter
1542 2240 1741 2280 nomen
1783 2224 2000 2279 Domini
2030 2225 2116 2278 in-

500 2326 715 2380 terfecti
760 2332 908 2388 sunt,
956 2327 1248 2391 resurgent
1291 2322 1344 2374 in
1391 2319 1566 2390 gloria
1614 2318 1656 2389 (Ι
1693 2317 1873 2372 Thess.
1903 2316 2015 2387 tv).
2052 2318 2117 2371 Et

501 2419 627 2490 quia
671 2432 818 2472 mors
871 2431 1061 2470 eormn
1119 2427 1345 2468 somnus
1400 2423 1506 2477 est,
1561 2426 1908 2481 nequaquam
1962 2410 2114 2478 juxta

498 2509 645 2566 LXX
677 2524 988 2578 resurgere,
1033 2509 1130 2562 sed
1173 2506 1482 2576 expergisci
1515 2515 1571 2560 et
1606 2505 1873 2574 evigilare
1926 2502 2118 2557 dicun-

499 2614 611 2660 tur.
636 2603 789 2660 Unde
809 2613 864 2657 et
887 2601 1126 2656 Lazarus
1148 2600 1240 2666 qui
1258 2599 1599 2666 evigilandus
1620 2609 1761 2663 erat,
1789 2606 1814 2632 οι
1833 2612 1862 2650 a
1884 2596 2115 2650 Domino

501 2696 786 2752 dormiens
811 2693 1124 2762 appellatur
1148 2688 1366 2762 (Joann.
1407 2692 1505 2759 ιι).
1535 2686 1740 2743 Omnes
1769 2688 1932 2757 igitur
1971 2703 2116 2741 mar-

499 2801 657 2861 tyres
686 2799 741 2842 et
786 2787 960 2841 sancti
1006 2785 1130 2847 viri,
1165 2785 1256 2853 qui
1291 2797 1390 2853 pro
1429 2781 1653 2837 Cbrism
1690 2781 1948 2837 fuderunt
1990 2797 2116 2837 san-

499 2882 748 2954 guinem,
778 2888 835 2933 et
864 2892 1096 2947 quorum
1129 2875 1231 2930 fuit
1274 2883 1384 2929 tota
1415 2875 1520 2930 vita
1553 2875 1894 2946 martyrium,
1937 2890 2114 2929 resur-

499 2982 631 3047 gent
657 2984 712 3029 et
757 2970 1112 3040 evigilahunt,
1143 2977 1308 3037 atque
1340 2968 1640 3022 laudabunt
1669 2967 1838 3023 Deum
1886 2965 2114 3022 Creato-

497 3081 617 3122 rem
651 3079 831 3126 suum,
872 3061 966 3133 qui
999 3076 1142 3116 nunc
1173 3060 1423 3116 ltabitant
1457 3062 1510 3114 in
1539 3061 1787 3128 pulvere,
1813 3060 1884 3116 de
1910 3060 2109 3130 quibus

500 3160 554 3216 in
589 3159 811 3215 Daniele
839 3156 1100 3225 scriptum
1139 3164 1223 3209 est
1255 3171 1267 3207 :
1305 3154 1460 3210 Multi
1483 3153 1850 3208 dormientium
1885 3154 2111 3208 interra:
2136 3189 2182 3252 Ο

501 3253 711 3320 pulvere
739 3259 1025 3320 resurgent,
1047 3245 1103 3299 hi
1130 3246 1182 3299 in
1204 3245 1359 3298 vitam
1383 3258 1650 3308 (sternam,
1677 3253 1724 3297 et
1751 3245 1804 3297 hi
1839 3245 1892 3298 in
1921 3259 2111 3314 appro-

502 3346 692 3408 brium,
726 3353 778 3398 et
820 3341 1175 3412 confusionem
1204 3339 1568 3406 sempiternam
1602 3337 1767 3405 (Dan.
1800 3352 1900 3402 xtl,
1936 3337 2012 3406 1).
2047 3335 2114 3390 Et

498 3440 552 3494 in
577 3439 788 3494 Joanne
816 3436 1164 3505 Evangelista
1193 3432 1423 3503 legimus
1449 3449 1461 3485 :
1489 3430 1687 3486 Veniet
1709 3430 1868 3495 hora,
1891 3439 1944 3485 et
1969 3446 2114 3486 nunc

500 3544 608 3599 est,
657 3531 878 3603 quando
927 3530 1022 3600 qui
1072 3530 1126 3583 in
1178 3526 1454 3596 sepulcris
1483 3533 1610 3578 sunt
1657 3524 1884 3579 audient
1921 3539 2110 3578 vocent

502 3623 628 3676 Filii
659 3623 778 3684 Dei,
818 3630 874 3676 et
902 3622 993 3688 qui
1021 3617 1299 3673 audierint
1328 3617 1532 3684 vivent,
1561 3626 1615 3671 et
1644 3615 1995 3685 egredieutur
2020 3614 2113 3685 qui

505 3713 647 3766 bona
691 3711 945 3767 fecerunt
973 3712 1028 3765 in
1056 3709 1522 3765 resurrectionem
1548 3709 1691 3774 vitae,
1722 3719 1779 3763 et
1823 3710 1911 3776 qui
1947 3708 2111 3773 mala,

423 3809 456 3842 ἰ
507 3811 560 3861 in
604 3805 1069 3861 resurrectionem
1109 3803 1298 3872 judieii
1348 3801 1567 3872 (Joann.
1611 3817 1664 3867 v,
1705 3802 1797 3866 28,
1842 3802 1960 3868 29).
2003 3801 2114 3857 Bos

505 3897 654 3954 enim
703 3895 946 3960 Domini,
975 3895 1126 3963 juxta
1161 3892 1374 3947 fabulas
1406 3893 1696 3947 Poetarum
1729 3892 1951 3946 vincens
1996 3909 2115 3947 om-

508 4006 610 4048 nes
651 3986 904 4045 berbasb
954 3987 1228 4050 Paeonias,
1260 3984 1560 4040 vivificabit
1602 3977 1827 4053 corpora
1875 3994 2114 4038 mortuo-

505 4099 648 4140 rum.
686 4082 751 4137 Et
805 4079 1080 4148 quomodo
1103 4079 1265 4148 jactis
1305 4078 1356 4130 in
1411 4085 1611 4131 terram
1662 4075 1983 4138 seminibus,
2023 4089 2115 4131 ros

514 4177 777 4246 paulatim
802 4190 1060 4230 crescere
1085 4173 1217 4228 facit
1244 4170 1524 4234 herbas,et
1551 4169 1616 4224 ad
1639 4168 1822 4241 fruges
1843 4171 1924 4225 sui
1949 4185 2116 4241 gene-

509 4273 590 4327 ris
622 4269 914 4340 pervenire
943 4285 957 4322 :
992 4268 1070 4323 sic
1108 4266 1316 4322 Domini
1360 4280 1451 4319 ros
1473 4266 1563 4335 qui
1607 4280 1707 4334 pro
1739 4265 2117 4321 misericordia

516 4365 757 4433 ponitur,
795 4374 886 4416 res
923 4360 1028 4415 erit
1069 4357 1334 4413 luminum
1383 4357 1765 4426 plurimorum,
1816 4357 1958 4428 quod
2009 4359 2114 4413 lle-
2155 4343 2165 4350 ”

515 4453 701 4511 braice
731 4451 892 4524 357
935 4450 1132 4506 dicitur
1160 4462 1341 4506 onortt
1371 4450 1607 4520 (ni-tn).
1649 4449 1874 4505 Terram
1909 4460 2114 4519 autem,

512 4547 566 4602 id
595 4554 699 4609 est,
729 4560 958 4612 c0rpora
992 4542 1278 4613 Raphaim,
1307 4543 1604 4614 gigantium
1637 4541 1892 4598 videlicet
1921 4553 1973 4597 et
2015 4543 2114 4597 im-

513 4641 754 4710 piorum,
803 4638 1061 4693 Dominus
1102 4637 1156 4691 in
1196 4651 1384 4706 pennas
1425 4635 1678 4690 detrahet
1725 4635 2109 4704 sempiternas.

512 4737 757 4802 Denique
781 4747 882 4804 pro
907 4743 1142 4788 narum
1162 4729 1399 4803 (avum)
1427 4729 1530 4783 soli
1562 4727 1701 4782 LXX
1721 4729 1905 4798 impios
1935 4741 2112 4783 trans-

501 4831 772 4884 tulerunt.
808 4828 874 4882 Et
897 4828 1025 4894 quia
1063 4842 1226 4895 supra
1266 4826 1494 4893 legimus
1527 4839 1540 4875 :
1577 4821 1772 4876 Mortui
1815 4826 1970 4876 vitam
2005 4840 2108 4876 non

505 4919 768 4980 ridebunt,
801 4934 891 4972 nec
929 4918 1114 4971 medici
1161 4915 1504 4980 suscitabunt,
1542 4927 1640 4982 pro
1680 4928 1784 4982 qtto
1835 4915 2026 4983 Aquila
2057 4924 2113 4970 et

511 5011 897 5081 Symmachus,
932 5007 1189 5077 Raphaim
1215 5017 1260 5060 et
1290 5009 1522 5078 gigantes
1551 5004 1892 5072 interpretati
1935 5014 2060 5060 sunt
2090 5023 2106 5061 :

509 5102 806 5173 qumritum
832 5116 953 5169 quze
981 5101 1188 5155 erroris
1214 5114 1375 5155 enisa
1401 5099 1493 5162 sit,
1524 5105 1582 5151 ut
1614 5111 1710 5165 rro
1739 5112 1974 5152 BAPIMII
2002 5097 2108 5154 He-

509 5194 717 5257 braico,
759 5189 848 5245 alii
879 5190 1133 5261 gigantes,
1163 5190 1252 5244 alii
1277 5189 1499 5244 medicos
1527 5189 1832 5257 posuerint.
1866 5187 2104 5245 Verbum

511 5285 844 5343 llebraicum
877 5296 1109 5338 attenuat
1137 5280 1186 5336 si
1209 5292 1330 5353 post
1359 5297 1457 5337 nes
1489 5280 1714 5350 primam
1758 5283 1994 5338 litteram
2025 5297 2112 5338 se—

505 5392 767 5450 queutern
815 5377 1017 5433 habeat
1052 5393 1178 5438 vw.
1227 5376 1424 5446 legitur
1465 5392 1698 5432 norum
1746 5375 1867 5448 [Αι.
1911 5376 2112 5450 nosm]

411 5483 421 5491 ο
510 5470 762 5542 (manu)
789 5481 845 5526 et
873 5469 1143 5541 signiﬁcat
1176 5469 1433 5534 medicos;
1463 5467 1548 5522 sin
1576 5479 1758 5522 autem
1785 5468 1994 5539 absque
2009 5482 2110 5523 rw

507 5562 698 5618 littera
737 5561 1032 5626 scribatur,
1083 5562 1282 5632 legitur
1311 5577 1568 5627 narrum,
1626 5569 1683 5616 et
1711 5561 2032 5616 transfertur
2057 5561 2110 5615 in

504 5653 755 5724 gigantes.
787 5651 1068 5722 Simulque
1089 5653 1212 5722 quia
1240 5667 1401 5724 supra
1437 5653 1692 5709 dixerat:
1719 5651 1917 5707 Μοντιιί
1953 5659 2111 5708 vitam

572 5819 596 5848 ι
623 5813 823 5876 Vatic.,
851 5815 940 5882 qui
964 5814 1302 5886 uigilatur-us
1331 5826 1461 5871 erat.

2219 1949 2539 2010 pertransrat
2568 1941 2648 1992 ira
2683 1938 2912 1994 Domini.
2947 1940 3084 1996 Ecce
3112 1943 3248 1996 enim
3271 1941 3524 1997 Dominus
3556 1944 3621 1997 de
3647 1956 3805 1999 sancto

2219 2033 2426 2088 inducet
2457 2035 2587 2087 iram
2618 2050 2775 2103 super
2804 2035 3117 2090 habitatores
3145 2047 3315 2104 terrae,
3339 2047 3384 2091 et
3414 2038 3659 2093 revtlabit
3687 2050 3807 2094 terra

2219 2127 2524 2200 sanguinem
2553 2144 2737 2195 suum,
2785 2136 2835 2182 et
2884 2145 2987 2182 non
3033 2130 3312 2184 abscondet
3339 2131 3478 2185 ultra
3509 2133 3808 2203 interfectos.

2221 2215 2395 2281 Supra
2441 2217 2509 2271 de
2550 2219 2768 2272 Sanctis
2799 2218 3030 2287 dixerat,
3065 2218 3368 2291 Resurgent
3403 2209 3627 2290 mortui,
3657 2235 3707 2280 et
3737 2238 3812 2280 re-

2219 2317 2443 2378 surgent
2467 2309 2555 2378 qui
2589 2309 2643 2364 in
2687 2311 2953 2377 sepulcris
2981 2320 3104 2366 sunt
3143 2329 3158 2377 ;
3191 2329 3273 2368 ros
3303 2313 3439 2367 enim
3471 2333 3500 2367 a
3539 2325 3586 2370 te
3629 2317 3811 2370 sanitas

2220 2419 2396 2457 eorum
2417 2414 2493 2458 est
2511 2420 2530 2458 :
2559 2414 2615 2458 et
2639 2419 2670 2459 e
2689 2409 2965 2460 contrario
2993 2405 3060 2460 de
3095 2407 3274 2473 impiis
3301 2449 3315 2471 ,
3351 2417 3489 2462 terra
3519 2421 3692 2464 autem
3720 2411 3807 2464 int-

2220 2496 2423 2565 piorum
2470 2497 2655 2561 cadet;
2687 2513 2831 2551 nunc
2868 2497 2933 2552 ad
2963 2508 3181 2553 sanctos
3211 2499 3450 2566 loquitur
3475 2544 3489 2567 ,
3524 2502 3650 2571 quia
3672 2502 3814 2558 vobis

2219 2593 2552 2646 resurrectio
2582 2591 2906 2661 repromissa
2952 2602 3076 2658 est,
3113 2592 3289 2649 donec
3331 2595 3382 2649 in
3422 2604 3731 2665 peceatores
3765 2602 3816 2652 et

2219 2683 2413 2754 impios
2461 2684 2537 2738 ira
2594 2685 2684 2738 Dei
2717 2685 2973 2740 desteviat
3022 2685 3412 2756 :iugredimini
3469 2687 3521 2741 in
3573 2688 3812 2759 sepulcra

2219 2786 2423 2838 vestra.
2459 2786 2512 2831 et
2562 2775 2882 2832 abscondite
2929 2793 3022 2831 vos
3049 2820 3062 2842 ,
3112 2778 3278 2834 breve
3323 2781 3468 2834 enim
3500 2787 3715 2850 tempus
3741 2788 3816 2836 est

2214 2869 2389 2924 d0occ
2424 2870 2516 2925 Dei
2553 2879 2891 2941 pertranseat
2917 2871 3237 2942 indignatio.
3284 2873 3562 2943 Siquidem
3605 2873 3811 2943 egredi-

2217 2968 2304 3016 tur
2332 2961 2597 3017 Dominus
2623 2964 2691 3019 de
2723 2963 2843 3018 loco
2872 2979 2996 3030 suo,
3026 2965 3150 3033 quia
3184 2965 3497 3020 misericors
3522 2976 3578 3021 et
3601 2968 3815 3022 misera-

2217 3063 2302 3108 tor
2335 3054 2596 3112 Dominus
2619 3097 2634 3122 ,
2685 3066 2740 3111 et
2781 3056 3242 3114 clementissimus
3270 3069 3425 3127 pater
3473 3059 3618 3114 filios
3648 3057 3814 3130 negli-

2216 3158 2407 3216 gentes
2435 3145 2598 3202 ferire
2629 3148 3022 3215 compellitur.
3074 3160 3125 3204 et
3170 3150 3576 3219 quodammodo
3618 3152 3686 3208 de
3728 3167 3818 3208 sua

2215 3240 2482 3294 Sententia
2514 3241 2860 3308 commutari,
2889 3252 2944 3294 ut
2973 3241 3159 3297 visitet
3182 3253 3234 3297 et
3265 3243 3480 3300 inducat
3512 3245 3651 3301 iram
3678 3260 3820 3300 suam

2215 3345 2379 3400 super
2410 3329 2748 3395 habitatores
2797 3343 2979 3397 terrm,
3021 3333 3190 3408 358
3217 3334 3284 3388 de
3311 3336 3508 3405 quibus
3543 3337 3746 3394 dicitur
3769 3337 3818 3392 in

2213 3423 2355 3479 Osee
2382 3443 2394 3479 :
2429 3423 2733 3479 Mali-dictio
2753 3437 2800 3480 et
2824 3427 3176 3493 mendacium,
3203 3438 3250 3482 et
3270 3428 3616 3496 adulterium,
3647 3441 3698 3487 et
3718 3434 3824 3502 fure

2214 3527 2323 3572 tum
2353 3516 2520 3584 effusa
2549 3529 2666 3572 sunt
2693 3533 2852 3586 super
2883 3518 3198 3576 habitatores
3229 3531 3378 3575 terra:
3408 3521 3592 3592 (Osee,
3623 3541 3692 3588 tv,
3722 3523 3756 3576 2
3780 3522 3818 3593 ).

2215 3607 2282 3662 Ει
2314 3609 2364 3661 iu
2394 3608 2715 3679 Apocalypsi
2749 3608 2911 3664 tertio
2944 3610 3190 3680 legimus,
3224 3611 3312 3667 Va:
3333 3629 3488 3682 super
3514 3614 3825 3670 habitatores

2217 3709 2368 3755 terra:
2395 3701 2578 3774 (Apoc.
2613 3719 2726 3769 vnt,
2762 3704 2874 3776 15).
2927 3703 3097 3760 Porro
3137 3705 3294 3775 justi,
3339 3708 3466 3764 licet
3491 3709 3822 3766 videnturin

2217 3803 2362 3848 terra
2392 3837 2406 3861 ,
2444 3803 2624 3850 tamen
2669 3797 3012 3853 conversatio
3056 3813 3243 3854 eorum
3285 3800 3339 3856 in
3385 3801 3542 3858 ccelis
3580 3812 3708 3868 est,
3738 3801 3824 3873 qui

2219 3897 2445 3956 possunt
2465 3886 2648 3943 dicere
2673 3905 2686 3942 :
2711 3890 2922 3944 Advena
2939 3908 3031 3963 ego
3053 3909 3168 3946 sum
3186 3892 3237 3946 in
3264 3902 3424 3957 terra,
3452 3906 3500 3950 et
3522 3897 3823 3968 peregrinus

2215 3978 2349 4032 sicut
2377 3995 2551 4032 omnes
2583 3991 2756 4050 patres
2785 3983 2882 4036 mei
2909 3982 3028 4055 (Ps.
3062 4000 3285 4049 xxxvnt,
3320 3985 3434 4057 l5),
3466 3995 3523 4043 et
3574 3988 3828 4044 fruuntur

2219 4068 2553 4124 habitatione
2579 4070 2843 4128 Altissimi
2873 4117 2888 4141 ,
2920 4074 2988 4128 de
3022 4075 3222 4143 quibus
3266 4088 3489 4132 sanctus
3534 4079 3820 4150 loquitur:

2223 4163 2322 4230 Qui
2363 4163 2560 4218 habitat
2591 4165 2643 4219 in
2671 4166 2934 4228 adiutorio
2964 4166 3221 4223 Altissimi
3248 4211 3263 4235 ,
3295 4171 3346 4224 in
3377 4173 3703 4243 protectione
3738 4169 3830 4226 Dei

2220 4257 2332 4312 coeli
2351 4259 2788 4333 commorabitur(
2815 4259 2908 4315 Ps.
2933 4276 3023 4327 xc,
3050 4262 3074 4316 1
3103 4261 3146 4333 ).
3197 4262 3346 4320 Tunc
3381 4266 3651 4323 revelabit
3685 4276 3828 4321 terra

2221 4353 2541 4424 sanguinem
2589 4369 2746 4409 suum
2777 4397 2792 4420 ,
2833 4353 2903 4410 de
2940 4371 3049 4426 quo
3079 4355 3224 4413 Deus
3264 4357 3502 4428 loquitur
3543 4361 3610 4416 ad
3644 4359 3781 4416 Cain
3810 4375 3828 4412 ι

2229 4443 2342 4498 Vox
2360 4445 2629 4517 sanguinis
2655 4445 2832 4516 fratris
2864 4446 2942 4500 tui
2971 4449 3162 4503 clamat
3200 4449 3270 4502 ad
3309 4467 3389 4504 me
3420 4451 3486 4506 de
3521 4462 3688 4518 terra,
3713 4465 3834 4522 qua

2139 4577 2194 4639 D
2219 4536 2422 4604 aperuit
2445 4553 2502 4590 os
2525 4552 2692 4601 suum,
2717 4546 2773 4589 ut
2795 4537 3074 4606 susciperet
3107 4541 3408 4611 sanguinem
3448 4543 3634 4610 fratris
3665 4543 3746 4598 tui
3769 4541 3835 4597 de

2216 4647 2374 4684 manu
2391 4639 2480 4684 tua
2502 4629 2714 4698 (Cenes.
2741 4645 2814 4696 tv,
2841 4632 2930 4698 10,
2966 4633 3078 4703 Η).
3128 4633 3312 4690 Potest
3347 4644 3404 4689 ct
3443 4635 3548 4692 hoc
3574 4635 3651 4691 de
3683 4635 3834 4692 hlar-

2216 4723 2427 4794 tyribus
2458 4722 2727 4793 intelligi,
2775 4725 2863 4794 qui
2909 4740 3009 4795 pro
3033 4724 3254 4782 Christo
3302 4727 3563 4785 fuderunt
3594 4727 3834 4801 sangui-

2215 4835 2362 4883 nem,
2385 4820 2556 4875 etsub
2583 4822 2740 4876 altari
2773 4821 2865 4876 Dei
2893 4821 3172 4877 clamitant
3199 4840 3213 4874 :
3249 4823 3546 4896 Usquequo,
3571 4823 3836 4887 Domine.

2216 4931 2318 4967 non
2347 4912 2606 4968 ulcisceris
2649 4915 2953 4984 sanguinem
2977 4925 3208 4969 nostrum
3241 4918 3305 4970 de
3338 4916 3421 4970 his
3446 4919 3536 4986 qui
3576 4918 3837 4970 habitant

2215 5019 2368 5075 super
2415 5013 2602 5082 (eripit:
2653 5005 2850 5076 (Apoc.
2877 5020 2952 5069 vt,
2985 5005 3051 5060 ll)
3079 5007 3139 5073 )?
3188 5007 3263 5062 De
3289 5007 3487 5075 quibtts
3515 5017 3569 5064 et
3600 5007 3840 5078 Moyses

2215 5098 2345 5155 dicit
2375 5099 2426 5154 in
2449 5099 2675 5153 Cantico
2708 5117 2721 5153 :
2756 5098 2983 5170 Sanguis
3005 5098 3233 5166 ﬁliorum
3258 5104 3368 5174 ejus
3395 5101 3760 5157 vindicabitur
3787 5107 3841 5156 et

2215 5192 2506 5257 ulciscetur,
2523 5201 2570 5246 et
2591 5191 2832 5246 retribuet
2857 5192 3132 5247 vindictam
3171 5194 3393 5248 inimicis
3430 5193 3613 5268 (Deut.
3651 5207 3841 5256 χχιιι,

2211 5282 2326 5355 45).
2363 5283 2512 5338 llunc
2542 5284 2858 5354 sanguinem
2895 5294 3040 5340 terra
3065 5301 3184 5356 quae
3229 5297 3568 5354 susceperat,
3603 5285 3842 5340 reri-la-

2211 5377 2310 5440 bit,
2353 5387 2408 5432 et
2439 5377 2754 5432 interfectos
2787 5377 3000 5432 Domini
3031 5393 3372 5448 nequaquam
3403 5378 3620 5446 aperiet
3651 5396 3669 5444 ;
3736 5376 3843 5433 sed

2214 5467 2474 5539 producet
2519 5469 2570 5523 iu
2623 5468 2893 5537 publicum
2953 5469 3020 5525 ad
3061 5469 3566 5528 condemnationem
3613 5484 3834 5524 eorum

2212 5563 2301 5632 qui
2340 5560 2603 5633 Martyres
2645 5563 2984 5617 occiderunt.
3037 5561 3148 5616 Hoc
3193 5561 3265 5618 de
3290 5563 3524 5635 simplici
3551 5558 3844 5616 resurre-

2213 5652 2396 5709 ctione
2423 5651 2757 5708 intellectum
2791 5653 2884 5710 sit.
2917 5653 3238 5725 Praecipitur
3266 5664 3446 5713 autem
3484 5656 3645 5726 juxta
3683 5651 3848 5709 Ana-

2243 5811 2272 5852 δ
2305 5811 2471 5869 Addit
2498 5811 2702 5882 Vatic.,
2733 5822 2786 5870 et
2816 5817 3012 5886 fruges.
