4010 6362
258 403 350 458 505

717 394 1361 455 COMMENTARIORUM
1395 397 1462 456 IN
1501 402 1738 460 ISAIAM
1775 397 2200 455 PBOPHETAM
2240 398 2372 456 LIB.
2415 399 2554 456 VIII.
2596 398 2754 455 CAP.
2801 399 3010 464 XXVII.

3400 410 3505 468 506

256 529 414 586 gogen
441 513 630 586 populo
662 511 780 577 Dei,
814 521 866 565 ut
910 510 1243 581 ingrediatur
1285 512 1529 569 cubicula
1571 532 1668 572 sua
1695 517 1811 573 sive
1834 516 1887 574 Α
1915 511 2098 586 (ΖαεΙι.
2133 527 2212 576 ιιι.
2239 513 2316 585 1).
2346 514 2768 582 Appellaturqne
2790 526 2839 570 et
2865 532 3055 573 BELIAL
3081 501 3376 589 (ὕψει),ἰά
3399 536 3504 594 est.

255 609 490 674 cellaria,
523 616 546 644 ³
588 613 777 678 ταμεῖα
823 604 1025 674 quippe
1064 614 1350 677 utrumque
1392 608 1660 679 signiﬁcat
1708 622 1813 667 :ut

252 701 449 757 claudat
469 700 608 770 juxta
641 697 1024 768 itit-angelicum
1058 707 1389 770 praeceptum
1419 703 1617 755 ostium
1658 704 1810 758 cubi-

253 795 349 850 culi
372 793 445 849 sni
478 791 684 866 (Matth.
717 789 814 864 vt),
847 802 902 846 et
936 793 1081 846 dicat
1119 807 1240 847 cum
1275 793 1540 866 Propheta
1576 815 1589 850 :
1623 796 1768 852 Pone
1789 839 1805 864 ,

247 885 465 948 Domine,
486 885 767 939 custodiam
802 886 881 938 ori
902 902 1034 953 meo,
1060 896 1108 940 et
1141 888 1326 943 ostium
1365 894 1622 946 nmnitum
1659 892 1808 948 labiis

244 977 491 1046 meis(Ps.
522 991 643 1042 οη,
683 976 763 1047 3).
796 976 862 1031 Et
889 979 1254 1034 altscondatur
1277 983 1547 1047 paululum
1577 997 1811 1056 quantu-

238 1067 581 1138 lutncmnque,
611 1068 786 1124 donec
816 1079 1156 1139 pertranseat
1186 1073 1261 1126 ira
1292 1073 1501 1129 Domini
1527 1117 1543 1141 ,
1585 1085 1646 1131 ut
1675 1078 1806 1133 nihil

237 1160 414 1231 gloria:
439 1175 589 1216 causa
621 1159 821 1229 faciat;
870 1161 966 1216 sed
1010 1162 1220 1218 fruatur
1248 1166 1388 1221 bono
1433 1167 1803 1237 conscientiae,

233 1253 470 1306 etsolum
495 1251 730 1321 judicem
757 1264 1045 1324 exspectet
1070 1256 1260 1310 Deum.
1310 1257 1447 1314 Sunt
1477 1271 1658 1315 autem
1706 1262 1809 1317 cel-

227 1341 348 1396 laria
378 1357 492 1413 qua'.
519 1344 816 1399 claudenda
843 1354 969 1400 sunt
989 1357 1045 1400 et
1072 1349 1457 1405 abscondenda
1507 1351 1577 1406 ab
1605 1354 1688 1407 his
1713 1354 1806 1423 qui

225 1435 408 1492 divites
448 1437 570 1493 laeti
633 1448 761 1494 sunt
803 1439 855 1494 in
910 1441 1166 1509 operibus
1220 1455 1384 1514 atque
1426 1447 1804 1514 sermonibus,

223 1531 508 1600 prudentia,
542 1535 924 1601 temperantia,
952 1535 1236 1604 fortitudo,
1257 1536 1485 1608 jostitia,
1513 1549 1572 1596 ut
1601 1545 1806 1598 nesciat

218 1621 424 1678 sinistra
450 1625 576 1695 quid
609 1625 1036 1692 faciatdestera,
1057 1639 1113 1682 ιιι
1132 1627 1291 1699 Legts
1308 1639 1364 1686 et
1385 1632 1800 1704 PrOphetarum,

216 1723 265 1768 et
292 1714 555 1788 Evangelii
590 1719 791 1788 opibus
823 1723 1186 1788 perfruamur.
1219 1723 1373 1791 Quod
1405 1737 1580 1782 autem
1611 1743 1803 1786 omnes

212 1805 318 1861 dies
342 1810 458 1862 vita-
483 1821 693 1864 nostra:
739 1811 933 1868 breves
976 1816 1086 1868 sint
1113 1825 1168 1869 et
1199 1818 1402 1884 parvuli
1447 1816 1555 1890 [AL
1601 1821 1795 1895 parvi],

1912 616 2170 676 apostata,
2192 605 2577 675 praevaricator,
2606 617 2656 660 et
2684 607 2869 678 absque
2887 613 3039 682 jugo.
3084 609 3238 668 Unde
3278 625 3332 668 ct
3361 617 3510 684 Apo-

1910 701 2121 755 stolus:
2163 699 2311 764 Quas.
2348 700 2532 766 inquit,
2576 703 2970 755 communicatio
3011 702 3202 758 Christi
3237 707 3305 760 ad
3335 706 3506 764 Belial

1911 790 1975 863 (ΙΙ
2003 789 2123 845 Cor.
2150 807 2224 859 vt,
2259 792 2388 862 15)?
2414 802 2469 846 et
2489 793 2815 861 ubiCnmquc
2841 793 2982 848 LXX
3016 807 3219 864 ponunt
3243 801 3377 858 ﬁlios
3415 819 3503 870 pe-

1909 882 2168 949 stilentiae,
2213 887 2264 937 in
2295 883 2563 938 Hebraico
2586 886 2847 954 scriptum
2876 899 2978 944 est,
3009 885 3109 955 ﬁlii
3138 886 3326 943 Belial.
3355 890 3506 948 Unde

1909 975 2111 1031 etillud
2141 977 2284 1046 quod
2315 977 2365 1029 in
2392 977 2599 1044 psalmo
2629 982 2838 1031 cantur
2861 977 2930 1032 de
2969 981 3231 1049 mysterio
3256 984 3504 1039 Salvato-

1908 1068 1984 1124 ris
2037 1086 2050 1122 :
2101 1066 2272 1122 Filius
2309 1069 2598 1140 iniquitatis
2641 1085 2744 1121 non
2785 1081 3012 1137 apponet
3048 1087 3231 1124 nocere
3273 1075 3322 1128 ei
3363 1075 3498 1146 (Ps.

1910 1177 2166 1228 unt-nt,
2197 1163 2315 1232 25),
2355 1163 2410 1216 in
2450 1163 2718 1216 Hebraico
2743 1163 2962 1228 dicitur,
2987 1164 3130 1232 ﬁlius
3158 1163 3346 1220 Belial.
3392 1173 3506 1238 Ap-

1907 1257 2248 1327 pellaturque
2274 1257 2466 1310 ctaliis
2495 1255 2822 1323 nominibus,
2853 1265 2911 1310 ut
2933 1257 2984 1310 in
3011 1257 3120 1310 alio
3145 1259 3353 1324 psalmo
3374 1262 3510 1316 scri-

1909 1360 2059 1419 ptum
2089 1358 2175 1403 est
2217 1367 2231 1401 :
2272 1348 2444 1418 Super
2465 1349 2694 1418 aspidem
2714 1365 2757 1401 et
2785 1349 3080 1402 basi/iscum
3103 1349 3392 1404 ambulabis
3415 1393 3430 1416 ,
3459 1365 3509 1408 et

1908 1440 2230 1496 conculcabis
2245 1444 2441 1493 leonem
2460 1450 2505 1493 et
2520 1440 2793 1492 draconem
2815 1438 2981 1511 (Psal.
3007 1455 3092 1508 xc,
3122 1442 3230 1512 ιδ).
3247 1443 3346 1508 Qui
3369 1443 3498 1497 dra-

1906 1549 1970 1588 co
1997 1533 2215 1604 proprie
2240 1532 2292 1586 in
2313 1532 2574 1588 Hebraictt
2600 1548 2852 1588 sermone
2875 1535 3498 1603 appellaltIrLthATnAN

1907 1610 2116 1717 (F1715).
2145 1626 2265 1695 Ipse
2285 1636 2372 1681 est
2403 1642 2628 1694 magnos
2655 1638 2828 1691 cetus,
2855 1627 2923 1682 dc
2952 1644 3080 1696 quo,
3114 1631 3256 1698 quod
3283 1647 3311 1684 a
3339 1633 3498 1687 Curi-

1903 1732 1992 1777 sto
2020 1721 2320 1792 capiendos
2341 1722 2432 1789 sit,
2450 1719 2612 1792 360
2638 1724 2865 1792 mystico
2889 1722 2942 1775 in
2975 1721 3076 1776 Job
3094 1737 3348 1778 sermone
3377 1742 3502 1781 oar-

1904 1826 2057 1872 ratur
2088 1835 2101 1871 :
2139 1818 2240 1884 Qui
2255 1833 2496 1887 magnum
2517 1827 2942 1886 cetumcapmrus
2966 1828 3042 1871 est
3068 1817 3209 1888 (Job.
3241 1835 3330 1885 XL,
3362 1819 3455 1890 ευ)
3484 1838 3499 1886 ;

206 1897 360 1954 Leob
382 1903 660 1959 exvedens
708 1920 880 1960 annos
909 1917 1124 1962 centum
1154 1909 1394 1978 loquitur
1434 1929 1446 1964 :
1478 1911 1637 1967 Parvi
1677 1928 1797 1970 sunt
1828 1901 1877 1961 B
1903 1926 2026 1965 nam
2058 1919 2113 1964 et
2141 1909 2214 1964 ibi
2254 1925 2351 1978 pro
2380 1920 2488 1964 ccta
2515 1952 2528 1975 ,
2578 1909 2862 1964 Levia'han
2900 1911 3153 1979 ponitur;
3185 1922 3239 1964 et
3262 1913 3497 1966 iterum:

207 2002 251 2047 et
279 1995 474 2063 pessimi
505 1997 628 2052 dies
657 1999 758 2054 mei
792 1996 1000 2067 (Cenes.
1028 2017 1190 2067 vatt,
1220 2003 1298 2073 9).
1347 2005 1425 2058 Ira
1466 2018 1646 2062 autem
1686 2008 1796 2063 Do-

203 2088 320 2143 mini
347 2091 649 2146 transitura
689 2092 777 2146 illa
809 2101 934 2159 est,
969 2110 1128 2163 quam
1151 2095 1517 2153 tltesaurizant
1545 2100 1671 2166 sibi,
1702 2103 1795 2172 qui

201 2182 375 2236 nolunt
400 2199 564 2254 agere
599 2185 1009 2254 paenitentiam;
1037 2204 1158 2258 qua:
1186 2200 1469 2261 postquam
1496 2196 1792 2262 transierit,

202 2289 528 2347 nequaquam
550 2279 782 2333 cellaria
808 2280 946 2334 ultra
973 2282 1315 2348 claudentur,
1361 2284 1457 2340 Sed
1487 2287 1796 2356 itnplcbitur

198 2370 326 2438 quod
366 2373 641 2442 scriptum
675 2383 759 2427 est
798 2389 811 2426 :
847 2370 997 2427 Nihil
1031 2373 1287 2429 occultum
1311 2376 1476 2450 359
1513 2381 1652 2448 quod
1691 2398 1794 2435 non

195 2459 508 2531 revelabitur,
535 2474 588 2518 et
612 2463 972 2519 absconditum
992 2468 1130 2535 quod
1155 2485 1259 2522 non
1281 2471 1791 2544 ntunifestetur(Luc.

195 2564 298 2613 vm,
331 2555 442 2625 17).
473 2555 748 2625 Quodque
775 2561 1020 2628 sequitur
1049 2577 1064 2615 :
1111 2559 1246 2614 Ecce
1284 2563 1417 2616 enim
1456 2563 1708 2620 Dominus
1732 2569 1795 2622 de

193 2659 354 2701 sancto
370 2649 586 2704 inducet
608 2651 743 2704 iram
758 2667 905 2706 suam
928 2669 947 2706 :
969 2652 1096 2707 illud
1122 2655 1412 2724 signiﬁcat,
1445 2658 1586 2726 quod
1610 2677 1638 2710 a
1669 2674 1795 2714 san-

197 2740 288 2792 ctis
315 2740 407 2796 Dei
440 2741 521 2796 ira
552 2743 815 2813 incipiat,
853 2746 933 2798 vel
962 2746 1141 2800 omnis
1177 2747 1321 2800 illius
1346 2749 1477 2802 ultio
1497 2749 1641 2818 jnsta
1671 2767 1794 2806 san-

189 2842 374 2900 ctaque
400 2831 496 2899 sit,
530 2848 642 2889 non
683 2835 971 2890 dementis
998 2838 1404 2904 perturbatione
1427 2841 1788 2905 descendi-ns,

189 2933 240 2976 ut
268 2924 318 2978 iu
363 2924 690 2982 hominibus
716 2928 852 2983 Solet
881 2946 896 2994 ;
952 2930 1048 2984 sed
1091 2931 1269 2986 studio
1294 2931 1624 3002 Corrigendi.
1659 2935 1794 2990 Ter-

185 3028 292 3070 ram
324 3030 515 3074 autem
552 3021 919 3076 habitatorum
951 3023 1096 3076 illam
1130 3039 1273 3086 reor,
1311 3025 1377 3080 de
1404 3041 1510 3095 qua
1533 3030 1792 3097 scriptum

183 3119 258 3162 est
289 3127 301 3162 :
331 3111 537 3166 Audiat
577 3122 714 3167 terra
738 3131 999 3169 sermones
1020 3118 1122 3168 oris
1152 3118 1250 3170 mei
1276 3120 1292 3188 (
1320 3117 1473 3172 Deut.
1503 3135 1670 3182 χχχιι.
1696 3121 1720 3174 1
1751 3119 1790 3189 ).

179 3197 239 3254 Et
282 3220 298 3256 :
328 3205 572 3259 Auribus
616 3207 842 3278 percipe,
880 3206 1211 3276 terra(lsai,
1237 3225 1275 3275 ι,
1318 3210 1353 3264 9.
1386 3214 1422 3279 ).
1457 3211 1520 3265 Et
1550 3212 1791 3267 iterum:

1902 2002 2137 2056 Adduces
2155 2012 2324 2056 autem
2346 2003 2621 2056 draconem
2665 2002 2718 2054 in
2756 2001 2909 2054 homo
2936 2043 2950 2068 ,
2979 2003 3321 2056 circumdabis
3357 2004 3502 2074 capi-

1898 2106 2059 2151 strum
2093 2094 2305 2149 naribus
2345 2099 2499 2168 ejus;
2535 2095 2837 2166 Statimque
2867 2112 2880 2148 :
2919 2094 3030 2148 Hoc
3069 2106 3142 2149 est
3183 2096 3498 2168 principium

1899 2186 2162 2258 plasmatis
2185 2185 2392 2240 Domini
2413 2189 2548 2255 quod
2574 2188 2768 2256 factum
2789 2200 2884 2252 est,
2924 2200 2977 2240 ut
3009 2186 3262 2242 illudatur
3295 2188 3360 2241 ab
3395 2190 3502 2242 An-

1898 2280 2028 2348 gelis
2050 2281 2181 2348 ejus.
2205 2279 2270 2332 Et
2303 2279 2356 2331 in
2382 2281 2589 2346 psalmo
2618 2297 2630 2330 :
2670 2278 2786 2331 Hoc
2805 2295 2948 2331 mare
2965 2296 3211 2350 magnum
3235 2290 3281 2334 et
3302 2283 3501 2353 spatio-

1898 2387 2013 2424 sum
2049 2387 2067 2424 :
2105 2370 2175 2423 ibi
2209 2369 2418 2440 reptilia
2447 2386 2668 2438 quorum
2703 2386 2804 2422 non
2836 2379 2909 2423 est
2944 2387 3185 2423 numerus
3208 2387 3226 2424 :
3251 2372 3500 2426 animalia

1898 2480 2060 2533 parva
2098 2480 2214 2517 cum
2256 2463 2476 2532 magnis.
2516 2461 2688 2516 Draco
2716 2463 2812 2516 iste
2832 2478 2980 2524 quem
3005 2463 3240 2531 formasti
3280 2461 3350 2514 ad
3374 2464 3502 2516 illu-

1898 2556 2122 2610 dendum
2142 2555 2326 2620 ei(Ps.
2351 2571 2460 2612 CIII.
2486 2555 2574 2616 25.
2597 2553 2712 2625 26).
2748 2555 2822 2608 De
2854 2557 2958 2610 ltoc
2991 2565 3045 2609 et
3086 2555 3136 2608 in
3169 2556 3500 2626 Apocalypsi

1898 2649 2082 2704 scribit
2110 2647 2350 2704 Joannes
2383 2666 2395 2700 :
2422 2644 2590 2701 Facta
2615 2659 2689 2702 est
2719 2665 2894 2720 pugna
2923 2651 2974 2701 in
3003 2647 3130 2702 ccelo
3153 2665 3171 2702 :
3203 2647 3428 2702 Michael
3454 2660 3503 2704 et

1897 2741 2082 2813 Angeli
2107 2745 2217 2814 ejus
2240 2740 2502 2795 bellabant
2531 2756 2646 2794 cum
2686 2743 2934 2802 dracone,
2964 2751 3014 2796 et
3048 2742 3208 2795 draco
3238 2744 3501 2812 pugnabat

1895 2844 1942 2888 et
1971 2832 2156 2904 Angeli
2182 2836 2332 2903 ejus,
2363 2845 2408 2888 et
2439 2851 2537 2888 non
2572 2833 2952 2900 prwvalucrunt
2977 2879 2992 2901 ,
3017 2850 3108 2887 nec
3137 2833 3283 2890 locus
3323 2836 3500 2890 iuren-

1899 2935 1978 2978 tus
2004 2936 2074 2979 est
2103 2927 2174 2978 eis
2201 2926 2255 2978 in
2280 2925 2407 2979 caelo
2435 2929 2620 2997 (Apoc.
2647 2943 2742 2993 xu,
2777 2927 2807 2980 7
2835 2938 2882 2981 et
2902 2928 3090 2998 seqq.).
3145 2929 3210 2982 Et
3245 2945 3258 2981 :
3303 2926 3499 2983 Missus

1899 3029 1971 3068 est
2001 3017 2160 3068 draco
2189 3033 2406 3082 magnus
2431 3058 2444 3081 ,
2485 3017 2693 3070 coluber
2717 3021 2956 3087 antiquus
2979 3061 2994 3083 ,
3027 3020 3114 3088 qui
3143 3030 3353 3074 vomtur
3377 3021 3496 3075 dia-

1898 3105 2044 3160 bolus
2072 3119 2117 3158 et
2147 3107 2395 3173 Satanas,
2427 3110 2517 3176 qui
2559 3125 2730 3161 errare
2755 3113 2878 3178 facit
2902 3109 3073 3164 orbem
3093 3122 3350 3167 terrarum
3379 3113 3496 3167 uni-

1900 3212 2140 3263 versum;
2167 3199 2453 3267 missusque
2480 3209 2554 3252 est
2588 3201 2639 3251 in
2672 3208 2888 3266 terram,
2937 3211 2984 3254 et
3015 3203 3198 3274 Angeli
3240 3210 3352 3276 ejus
3381 3222 3496 3259 cum

177 3290 357 3355 Terra,
381 3305 558 3358 terra,
583 3296 706 3348 audi
729 3313 1015 3351 sermonem
1038 3297 1248 3353 Domini
1285 3299 1482 3372 (Jerem
1527 3303 1790 3372 xxn,‘27).
1822 3284 1868 3347 C
1899 3307 1995 3356 eo;
2026 3291 2206 3360 ibique
2234 3291 2470 3344 dicitur:
2516 3289 2713 3345 Missus
2751 3302 2824 3345 est
2853 3303 3124 3346 accusator
3154 3297 3369 3363 fratrum
3400 3315 3497 3353 no-

176 3385 470 3454 Quomodo
492 3387 645 3442 enim
671 3391 760 3459 qui
783 3390 836 3444 in
862 3399 1003 3444 terra
1035 3392 1301 3460 habitant,
1333 3396 1412 3450 sic
1436 3396 1524 3465 qui
1551 3397 1603 3450 in
1633 3411 1796 3451 carne

177 3491 335 3547 sunt,
375 3481 503 3536 Deo
541 3481 762 3549 placere
801 3498 911 3537 non
956 3495 1180 3551 possunt
1225 3484 1399 3556 (Rom.
1445 3486 1581 3559 vttt).
1627 3487 1792 3544 Terra

175 3582 349 3626 autem
385 3574 440 3627 in
474 3572 590 3628 hoc
620 3572 740 3627 loco
769 3573 1038 3643 signiﬁcat
1067 3577 1300 3632 animam
1344 3594 1464 3649 qua:
1506 3581 1635 3634 vivit
1675 3596 1794 3635 car-

176 3663 396 3719 naliter.
429 3665 500 3719 Et
542 3667 1155 3736 revelabitsanguinem
1179 3682 1354 3734 suum,
1399 3672 1443 3724 si
1476 3673 1788 3741 quempiam

176 3757 670 3822 scandalizaverit,
705 3768 759 3811 et
787 3774 908 3812 cum
949 3758 1079 3812 Cain
1129 3771 1367 3815 meretur
1391 3762 1579 3818 audire
1608 3781 1621 3818 :
1679 3762 1790 3817 Vox

177 3851 448 3920 sanguinis
471 3849 661 3918 fratris
686 3850 760 3902 tui
781 3848 971 3904 clamat
993 3849 1061 3903 ad
1084 3869 1164 3906 me
1184 3854 1247 3906 de
1268 3862 1425 3920 terra,
1449 3871 1563 3919 qua!
1586 3856 1790 3922 aperuit

175 3956 425 4006 ossuum,
456 3952 517 3996 ut
559 3944 844 4014 susciperet
871 3945 1172 4014 sanguinem
1209 3947 1388 4014 fratris
1427 3948 1502 4001 tui
1535 3946 1689 4014 (Gen.
1712 3964 1786 4014 Iv,

177 4030 264 4096 10,
297 4032 415 4102 Η).
450 4033 653 4089 Omnis
685 4034 847 4104 igitur
872 4034 1090 4104 Sanguis
1120 4034 1174 4089 in
1214 4035 1302 4090 die
1329 4036 1516 4104 judicii
1546 4039 1789 4106 require-

177 4131 285 4192 tur,
315 4141 420 4180 nec
443 4127 748 4182 abscondet
773 4138 912 4181 terra
942 4126 1258 4196 sanguinem
1290 4143 1446 4181 suum
1471 4145 1488 4192 ;
1539 4138 1592 4181 et
1623 4131 1791 4183 iota-r-

174 4217 353 4272 lectos
383 4235 527 4289 quos
553 4221 779 4287 occidit,
807 4219 893 4275 vel
916 4222 1126 4285 volens,
1147 4221 1230 4273 vel
1259 4235 1354 4288 per
1381 4220 1786 4290 negligentiam,

179 4311 450 4380 producet
480 4313 538 4368 in
564 4313 827 4369 medium.

249 4404 406 4474 (Cap.
440 4405 669 4460 XXVII.
699 4435 768 4445 —
799 4404 953 4460 Vers.
985 4405 1062 4476 l.)
1103 4405 1171 4458 In
1216 4404 1301 4458 die
1329 4403 1422 4458 illo
1442 4405 1666 4458 visitabit
1691 4405 1792 4460 Do-

178 4497 344 4550 minus
367 4499 421 4551 in
451 4499 641 4571 gladio
664 4514 758 4551 suo
784 4497 938 4565 duro,
965 4509 1010 4552 et
1050 4499 1258 4570 grandi,
1307 4509 1354 4552 et
1380 4498 1505 4568 forti
1526 4513 1678 4566 super
1701 4496 1794 4551 Le-

179 4587 383 4641 niat/tan
421 4597 724 4655 serpentem
755 4599 974 4653 vectem,
1004 4599 1050 4642 et
1080 4605 1232 4658 super
1264 4588 1547 4642 Leniat/tan
1585 4603 1796 4655 serpen-

1898 3395 2148 3447 strorum,
2177 3384 2267 3454 qui
2310 3383 2581 3436 accusabat
2616 3400 2704 3436 eos
2739 3400 2912 3438 coram
2948 3385 3054 3439 Deo
3096 3399 3270 3441 nostro
3304 3388 3498 3460 (Ibid.,

1899 3493 1951 3544 v,
1986 3476 2097 3547 10).
2127 3475 2374 3547 llludque
2401 3477 2694 3532 notandum
2724 3480 2867 3547 quod
2897 3479 2947 3532 in
2982 3480 3188 3549 psalmo
3217 3493 3271 3536 et
3299 3483 3351 3536 in
3374 3483 3502 3551 Job,

1896 3582 2187 3642 propterea
2221 3573 2391 3625 lactus
2413 3571 2625 3626 dicatur
2647 3572 2815 3629 draco
2835 3615 2849 3635 .
2881 3572 2985 3628 hoc
3016 3585 3121 3638 εει,
3161 3575 3457 3633 Leviatlian
3478 3623 3492 3648 ,

1895 3678 1953 3719 ut
1986 3665 2312 3718 illuderetur
2335 3662 2386 3718 ei
2406 3663 2475 3718 ab
2499 3664 2740 3732 Angelis.
2795 3666 2950 3721 Unde
2977 3675 3034 3722 et
3061 3667 3309 3740 Apostoli
3350 3671 3498 3726 acci-

1894 3758 2047 3829 piunt
2072 3766 2417 3828 potestatem,
2451 3767 2510 3812 ut
2530 3760 2928 3830 calcentsuper
2957 3774 3240 3831 serpentes
3271 3772 3327 3818 et
3346 3778 3498 3819 scor-

1894 3851 2104 3920 pioaes,
2161 3862 2215 3906 et
2245 3866 2410 3922 super
2437 3867 2652 3906 omnem
2685 3853 2940 3908 virtutem
2984 3852 3188 3909 inimici
3227 3853 3382 3912 (Luc.
3415 3855 3496 3926 χ).

1893 3944 2026 4012 Quia
2055 3944 2218 4014 igitur
2247 3944 2315 3998 ab
2341 3959 2407 3999 eo
2431 3945 2552 3999 loco
2579 3944 2669 3998 ubi
2711 3946 2972 4013 scriptum
2997 3955 3083 4000 est
3107 3964 3119 3998 :
3151 3945 3286 3999 Ecce
3311 3945 3498 4001 Domi-

1893 4053 1988 4090 nus
2011 4037 2284 4106 dissipabit
2301 4049 2513 4100 terram,
2547 4036 2820 4089 etnudabit
2846 4036 3203 4107 eam(8upra,
3235 4053 3384 4102 χειν,
3414 4040 3492 4110 1);

1893 4129 2008 4182 sive
2029 4128 2178 4196 juxta
2210 4127 2393 4182 LXX:
2441 4125 2576 4181 Ecce
2598 4127 2853 4181 Dominus
2883 4127 3145 4197 disperdet
3184 4129 3353 4182 orbem
3389 4140 3494 4185 ter-

1893 4237 2070 4274 rarum
2097 4259 2112 4284 ,
2146 4229 2194 4272 et
2222 4217 2472 4272 desolabit
2509 4236 2621 4274 eum
2649 4259 2663 4283 ,
2709 4235 2881 4290 usque
2910 4219 2978 4272 ad
3015 4235 3255 4288 praesens
3282 4225 3495 4291 capitu-

1894 4311 2030 4376 lum,
2057 4321 2248 4365 contra
2277 4311 2463 4365 orbem
2509 4312 2562 4364 in
2612 4313 3085 4368 consummatione
3123 4314 3308 4368 mundi
3351 4316 3499 4386 judi-

1894 4405 2037 4457 cium
2065 4400 2412 4471 praedicatum
2435 4410 2610 4467 est,et
2631 4404 2957 4460 novissimus
2980 4405 3230 4462 inimicus
3247 4408 3498 4464 destrue-

1899 4504 1987 4550 tur
2017 4509 2166 4548 mors
2200 4494 2252 4564 (l
2282 4491 2403 4546 Cor.
2447 4510 2515 4547 xv
2544 4496 2562 4564 )
2601 4513 2613 4547 :
2645 4510 2930 4566 propterea
2974 4499 3261 4554 adversum
3306 4501 3501 4556 diabo-

1897 4588 2008 4643 lum
2050 4597 2294 4640 extrema
2326 4585 2594 4639 sententia
2626 4599 2741 4651 est,
2772 4601 2828 4641 ut
2858 4589 3149 4645 inducatur
3183 4606 3351 4660 super
3375 4607 3500 4648 eum

182 4686 273 4732 tim
296 4689 622 4746 tortuosum,
655 4689 702 4733 et
731 4679 928 4735 occidet
949 4691 1110 4734 cetum
1130 4681 1218 4744 qui
1257 4693 1330 4735 est
1351 4682 1403 4735 in
1428 4684 1580 4734 mari.
1605 4677 1749 4734 LXX
1775 4697 1788 4732 :
1817 4664 1870 4724 D
1896 4676 2110 4748 gladius
2139 4687 2381 4740 sanctus,
2415 4684 2469 4728 ct
2500 4689 2745 4743 magnus,
2778 4686 2831 4730 et
2861 4677 3042 4743 fortis,
3071 4681 3186 4735 sive
3205 4683 3360 4748 juxta
3385 4684 3495 4737 lle-

183 4766 243 4822 In
288 4772 373 4826 die
416 4771 516 4826 illa
565 4772 780 4826 inducet
815 4771 953 4826 Deus
995 4771 1227 4841 gladium
1261 4781 1524 4837 sanctum,
1563 4783 1612 4826 et
1652 4789 1794 4844 mag-

182 4874 298 4914 num
326 4905 340 4926 ,
373 4875 423 4918 et
470 4869 708 4936 fortem,
756 4879 910 4935 super
962 4867 1239 4916 draconem
1283 4862 1549 4918 colubrum
1590 4868 1794 4938 fugien-

181 4961 277 5006 tem
301 4997 316 5019 ,
361 4974 527 5024 super
579 4957 862 5010 draconem
902 4956 1173 5010 colubrum
1209 4967 1531 5021 tortuosum,
1574 4969 1620 5012 et
1661 4961 1795 5013 occi-

180 5044 260 5099 det
277 5050 567 5104 draconem
592 5051 682 5119 qui
705 5061 779 5103 est
801 5051 854 5102 in
889 5050 1042 5102 mari.
1089 5047 1335 5103 Tradunt
1367 5049 1575 5104 lleltrmi
1615 5051 1797 5106 diabo-

178 5136 308 5207 lum,
344 5141 399 5195 id
435 5152 521 5196 est
549 5182 568 5206 ,
623 5141 1030 5195 criminatorem
1061 5181 1077 5205 ,
1119 5139 1261 5210 quod
1309 5139 1556 5195 Graecum
1603 5158 1800 5197 nomen

182 5243 282 5298 est,
317 5235 608 5291 llebraice
638 5235 898 5305 appellari
926 5250 1096 5291 sunt
1124 5236 1311 5324 quia),
1348 5235 1449 5290 hoc
1473 5247 1588 5302 est,
1620 5237 1803 5292 adver-

181 5329 398 5382 sarium.
430 5328 604 5385 Unde
654 5339 707 5384 et
746 5329 799 5383 in
838 5328 1098 5383 Zacharia
1131 5331 1329 5384 dicitur
1359 5347 1371 5382 :
1406 5329 1588 5385 Stabat
1612 5329 1802 5397 Satan,

181 5417 230 5472 id
267 5430 392 5488 est,
438 5421 802 5490 adversarius,
849 5437 880 5475 a
916 5421 1114 5476 dextris
1145 5425 1255 5494 ejus
1285 5431 1339 5476 ut
1379 5424 1736 5476 adrersaretur
1761 5423 1809 5476 ei

252 5592 278 5621 ⁸
304 5591 534 5655 ταμιεῖα
564 5582 780 5654 quippe,
799 5591 906 5637 etc.
939 5580 1264 5636 Hebraicam
1297 5580 1389 5635 hic
1416 5595 1608 5636 vocem
1640 5586 1809 5659 ἾΨΠΠ

181 5674 531 5730 ltltadarecha
573 5675 734 5726 nobis
773 5673 1073 5726 obtrudunt
1116 5681 1332 5726 veteres
1376 5673 1677 5739 editioiies,
1712 5688 1807 5742 pro

180 5745 377 5816 Graecis
430 5743 672 5800 nomine
712 5743 1386 5816 causiuﬁquoibretinent
1431 5759 1624 5816 «nones
1670 5760 1800 5800 mss.

185 5815 434 5883 Codices;
474 5811 866 5885 leguntietitm
921 5811 1182 5881 TAMLIA
1211 5823 1275 5885 et
1293 5814 1611 5885 _T.»\M|EIA
1645 5816 1802 5885 juxta

189 5883 556 5960 exemplaria
591 5883 738 5942 LXX
771 5885 1173 5956 totamtotam;
1207 5884 1262 5941 in
1292 5883 1539 5943 Romano
1569 5883 1803 5957 namque

1899 4769 2139 4826 braicum
2172 4775 2227 4821 et
2256 4767 2490 4836 reliquos
2520 4765 2883 4836 Interprt-tes,
2917 4769 3124 4838 gladius
3160 4770 3342 4826 durus.
3380 4770 3503 4828 Non

1897 4862 2043 4918 enim
2083 4870 2137 4914 ut
2165 4857 2308 4914 LXX
2337 4859 2585 4912 arbitrati
2616 4867 2744 4912 sunt
2782 4873 2985 4913 ωδε-Α
3021 4861 3230 4950 (mp-rp)
3277 4863 3504 4934 dicitur,

1898 4954 2042 5027 quod
2074 4955 2118 5008 si
2146 4965 2311 5017 esset,
2334 4963 2569 5007 sanctum
2596 4962 2810 5006 sonaret
2833 4969 2848 5011 ;
2869 4952 2963 5006 sed
2994 4959 3504 5045 csss(.‘ttttp),quod

1897 5047 2121 5121 proprie
2148 5043 2472 5100 transfertur
2504 5046 2555 5095 in
2580 5042 2790 5097 durant.
2818 5042 2974 5100 Unde
2989 5060 3043 5100 et
3070 5045 3155 5101 Cis
3184 5042 3503 5120 paterSaul,

1901 5142 2063 5195 durus
2083 5139 2406 5208 appellatur.
2438 5135 2688 5190 Gladium
2716 5149 2895 5192 autem
2937 5149 3186 5195 sanctum
3209 5182 3226 5208 ,
3263 5142 3378 5197 sive
3405 5144 3506 5199 du-

1901 5250 2046 5302 rum,
2076 5233 2148 5287 ob
2173 5232 2292 5298 ejus
2317 5244 2536 5284 sensum
2565 5231 2654 5298 qui
2690 5232 2890 5300 patitur
2909 5271 2926 5298 ,
2947 5233 3164 5302 quidam
3195 5245 3506 5290 nostrorum

1904 5300 2215 5393 intelligunt
2261 5319 2495 5375 Verbum
2541 5322 2665 5385 Dei,
2723 5323 2791 5377 de
2826 5339 2933 5392 quo
2966 5300 3109 5379 dicit
3153 5327 3446 5395 Apostolus
3488 5341 3504 5378 :

1913 5418 2101 5474 Vivens
2128 5423 2300 5468 autem
2322 5413 2419 5468 Dei
2446 5431 2612 5469 sermo
2651 5424 2697 5468 et
2719 5416 2915 5485 efficax,
2935 5425 2983 5468 et
3003 5427 3186 5468 acutus
3213 5432 3371 5485 super
3398 5433 3509 5470 om-

1920 5573 2155 5646 legimus
2184 5574 2415 5646 cautior,
2451 5566 2504 5619 in
2524 5565 3109 5646 _Alexand_rino.aut_em
3142 5575 3373 5638 ταμιεῖα.
3407 5569 3516 5627 Νο-

1920 5634 2045 5703 ιιιῖῗιι
2106 5634 2324 5712 qtmqim
2391 5637 2536 5691 istud
2587 5634 2958 5690 diversimnde
3017 5634 3518 5725 ligujot'namtpres

1919 5706 2353 5783 Grmcif-ruusiov
2383 5722 2602 5783 nempe,
2636 5723 2734 5776 pro
2769 5715 3026 5783 rapuisti.
3059 5706 3194 5783 Vide
3222 5707 3518 5770 lli-rt'tdian.

1915 5790 2013 5846 lib.
2046 5777 2119 5844 vn
2151 5777 2297 5842 Pint.
2330 5783 2400 5838 de
2423 5781 2536 5837 Deo
2565 5777 2857 5837 Sucratis.‘
3124 5779 3396 5841 unum.
