4010 6306
464 282 565 341 511

1715 283 1773 338 8.
1816 281 2089 340 Ευεεειι
2127 282 2516 340 ΒΙΕΒΟΝἸΜΙ

3660 293 3772 351 312

458 399 583 470 quia
607 398 914 453 exsiccatum
935 407 1028 451 est.
1053 397 1362 453 Jerusalem
1385 397 1578 454 civitas
1599 398 1875 469 quondam
1908 399 2065 454 tirma
2092 404 2143 464 Α
2167 408 2224 457 ει
2247 403 2464 458 ueteris
2509 403 2847 473 mulieribus,
2872 419 2994 476 quas
3028 405 3262 476 primum
3284 407 3541 464 viderunt
3581 407 3773 463 Domi.

466 503 630 562 atque
653 490 1022 559 munita,quia
1040 489 1204 562 366
1221 505 1327 546 non
1353 492 1603 558 suscepit
1627 491 2059 561 patrisfamilias,

468 586 636 641 lilium
689 583 785 639 sed
829 583 968 639 dixit
1006 603 1019 639 :
1053 583 1250 653 Venite,
1305 587 1601 641 occidamus
1649 603 1795 654 eum,
1821 589 1944 659 quia
1969 588 2067 642 iste

473 678 636 732 lateres
660 687 734 729 est
769 687 816 728 et
846 687 1024 730 nostra
1051 677 1146 731 erit
1169 678 1442 734 lurreditas
1474 679 1656 752 (Matt.
1685 695 1804 744 χχι,
1832 681 1947 752 58),
1973 680 2068 735 de-

470 768 646 823 solata
669 769 796 822 erit.
815 767 883 823 Et
905 784 1029 838 qua:
1047 771 1324 834 quondam
1339 770 1435 826 fuit
1453 773 1702 842 speciosa
1717 813 1730 837 ,
1746 772 1816 826 de
1831 773 2068 840 quaetiu

471 859 767 916 Ezechiele
787 860 1023 915 dicitur:
1043 860 1309 927 Similam,
1331 873 1379 916 et
1408 862 1507 917 mel
1522 877 1570 917 et
1589 865 1757 918 oleum
1778 866 2067 932 contedisti,

471 965 520 1008 et
545 956 772 1026 speciosa
801 955 941 1019 facta
976 972 1030 1010 es
1065 958 1379 1010 uehementer
1402 958 1558 1010 nimis
1581 955 1796 1027 (Ezrclt.
1827 975 1937 1023 xvr,
1957 960 2071 1029 15),

469 1057 525 1102 et
552 1049 605 1101 in
639 1062 742 1113 qua
775 1047 980 1101 habitat
1025 1047 1119 1102 ille
1148 1048 1220 1102 dc
1253 1065 1363 1118 quo
1393 1050 1659 1119 scriptum
1695 1060 1779 1104 est
1813 1068 1825 1105 :
1860 1051 2076 1122 Specio-

475 1159 563 1197 sus
592 1146 758 1212 forma
796 1158 906 1214 pne
944 1143 1070 1212 ﬁliis
1111 1143 1377 1199 hominum
1414 1145 1434 1218 (
1465 1145 1552 1199 Ps.
1588 1162 1738 1208 xuv.
1771 1147 1806 1201 5
1828 1145 1872 1216 ).
1907 1147 2076 1201 relin-

467 1244 670 1304 quetur
691 1245 746 1288 et
775 1234 1083 1292 dimittetur
1100 1239 1254 1307 quasi
1277 1238 1579 1305 desertum,
1604 1238 1823 1294 dicente
1839 1239 2076 1294 Domino

475 1331 540 1383 ad
571 1329 864 1397 Apostolos
890 1348 902 1383 :
931 1331 1163 1404 Surgite,
1185 1333 1426 1386 abeamus
1459 1334 1580 1386 hinc
1607 1333 1789 1402 (Joau.
1819 1348 1934 1397 stv,
1956 1333 2070 1403 51).

469 1419 550 1476 Ibi
582 1433 836 1492 pascetur
862 1423 1085 1487 vitulus,
1135 1426 1411 1480 Ilomunus
1439 1425 1737 1489 exercitus,
1782 1424 1851 1479 de
1881 1439 1991 1494 quo
2021 1433 2078 1478 ct

476 1517 529 1570 in
553 1515 664 1571 alio
697 1517 820 1570 loco
847 1517 949 1570 sub
990 1517 1212 1571 nomine
1257 1519 1373 1586 apri
1409 1516 1619 1571 dictum
1653 1528 1739 1571 est
1781 1537 1794 1572 :
1847 1514 2080 1570 Vastabit

478 1623 590 1661 eam
612 1624 738 1677 aper
755 1607 820 1660 de
842 1607 972 1661 silva
999 1625 1017 1662 :
1043 1618 1090 1662 et
1111 1607 1395 1680 singularis
1418 1613 1560 1677 ferus
1583 1611 1829 1678 depastus
1851 1617 1926 1662 est
1962 1624 2078 1662 eam

477 1696 652 1770 (Psal.
684 1715 866 1758 ιχχιχ.
897 1699 1006 1770 Ill).
1029 1699 1094 1754 Et
1121 1701 1198 1754 ibi
1227 1701 1520 1756 aet-libabit
1547 1712 1602 1756 et
1622 1711 2080 1755 consumetsum-

2169 509 2296 548 num
2329 507 2728 566 resurgentem,
2757 507 2814 552 et
2841 508 3134 554 tenuerunt
3163 498 3328 568 pedes
3354 499 3498 570 ejus.
3529 509 3586 556 et
3613 502 3683 555 ah
3703 515 3776 557 eo

2171 588 2366 644 audire
2393 600 2740 646 meruerunt:
2761 590 2941 646 Nolite
2969 593 3148 647 timere
3170 610 3189 648 :
3210 592 3316 661 Ite,
3344 597 3578 650 nuntiate
3597 598 3778 668 fratri-

2173 683 2264 737 bus
2293 685 2418 738 meis
2444 693 2501 738 ut
2537 685 2726 740 sudant
2754 687 2807 740 in
2845 684 3123 741 Galilaeam
3145 727 3158 747 .
3199 698 3249 742 et
3293 687 3365 741 ibi
3401 705 3480 743 me
3526 691 3778 745 videbunt

2171 773 2190 843 (
2223 771 2377 827 Matt.
2407 789 2597 836 χχχιιι.
2630 775 2699 831 10
2728 779 2771 846 ).
2810 777 2880 831 De
2910 778 3028 832 istis
3057 777 3380 834 mulieribus
3398 780 3568 835 multo
3594 783 3778 850 prius-

2172 884 2332 939 quam
2364 880 2736 935 nascerentur,
2766 870 3121 938 propheticus
3151 887 3336 927 sermo
3382 875 3723 940 praenuntiat
3754 915 3774 942 ,

2174 972 2228 1017 et
2254 972 2413 1017 vocat
2440 977 2535 1018 eas
2559 980 2587 1017 a
2611 965 2924 1034 spectaculo
2949 965 3243 1021 Dominica:
3275 967 3552 1023 Passionis
3576 980 3627 1024 et
3664 970 3744 1024 Re
3760 997 3778 1010 -

2174 1057 2552 1123 surrectioitis,
2572 1067 2629 1111 ut
2658 1057 3016 1129 Evangelittm
3049 1059 3470 1127 praedicent,et,
3493 1061 3776 1130 justaHe-

2175 1150 2441 1212 brairum,
2465 1150 2698 1207 doceant
2722 1151 3023 1208 Jerusalem
3043 1152 3159 1208 sive
3179 1163 3381 1209 terram
3408 1153 3600 1216 Israel,
3629 1155 3777 1226 quod

2177 1247 2279 1302 iste
2305 1247 2375 1299 sit
2408 1245 2670 1302 Dominus
2697 1259 2750 1302 et
2791 1247 2951 1302 Deus.
3001 1247 3208 1318 Populo
3256 1249 3401 1302 enim
3451 1247 3620 1304 Israel
3663 1263 3776 1304 non

2178 1338 2412 1393 habente
2441 1339 2764 1410 sapientiam
2799 1339 2894 1394 illo
2926 1349 3196 1410 tempore,
3228 1341 3450 1410 quando
3478 1357 3672 1412 passus
3691 1351 3777 1398 est

2178 1431 2442 1488 Dominus
2466 1475 2481 1498 ,
2521 1441 2577 1488 ct
2617 1433 2898 1504 impletum
2929 1441 3018 1488 est
3062 1434 3378 1489 vaticinium
3413 1435 3731 1506 prophetale
3760 1451 3776 1490 :

2181 1523 2398 1580 Salvum
2445 1540 2524 1578 me
2565 1525 2670 1592 fac,
2723 1523 2985 1588 Domine,
3035 1525 3282 1596 quoniam
3328 1527 3517 1597 defecit
3567 1537 3780 1582 sanctus

2180 1613 2372 1688 (Psal.
2407 1630 2479 1684 χι,
2505 1615 2531 1670 1
2557 1615 2600 1686 ).
2631 1615 2699 1670 Ει
2728 1633 2742 1669 :
2778 1615 2966 1671 Omnes
2993 1617 3403 1684 declinaverunt,
3437 1617 3594 1672 simul
3622 1619 3781 1672 inuti-

2180 1706 2252 1762 les
2278 1710 2404 1777 facti
2427 1718 2589 1764 sunt:
2616 1726 2718 1764 non
2740 1720 2812 1765 est
2831 1711 2922 1782 qui
2942 1711 3103 1780 faciat
3127 1709 3336 1772 bonum,
3367 1727 3470 1765 non
3506 1722 3584 1765 est
3621 1728 3779 1782 usque

481 1793 1282 1862 mitatesejussubmetaphora
1303 1793 2071 1865 vitteaaetpropaginumejus,
2105 1783 2153 1844 B
2179 1797 2248 1851 ad
2274 1815 2435 1852 unum
2465 1797 2486 1871 (
2519 1797 2612 1854 Ps.
2642 1815 2756 1867 χιιι,
2785 1799 2820 1854 4
2843 1799 2885 1867 ),
2918 1812 3185 1856 vocantur
3216 1801 3472 1856 mulieres
3515 1801 3586 1858 de
3627 1817 3781 1872 spec-

484 1895 547 1942 ut
571 1887 709 1942 nihil
734 1889 786 1941 in
810 1903 873 1943 ea
906 1887 1093 1952 \iride.
1123 1888 1253 1942 nihil
1279 1899 1563 1942 remaneat
1587 1888 1947 1957 ﬂagellorum,
1977 1885 2073 1941 sed

487 1981 670 2034 omnia
689 1991 977 2035 consumat
1003 1980 1280 2034 inimicus.
1301 1979 1460 2036 Juxta
1476 1978 1783 2050 LXX,qnia
1799 1993 1907 2034 non
1924 1992 2078 2033 rece-

485 2084 684 2144 perunt
723 2083 999 2144 pastorem
1032 2073 1261 2128 bonum:
1283 2083 1573 2142 propterea
1597 2072 2078 2141 eruutquasigrex

479 2169 802 2236 derelictus,
837 2182 893 2224 et
922 2171 1180 2239 patebunt
1213 2168 1489 2224 morsibus
1513 2168 1846 2230 bestiarum;
1869 2164 2076 2221 etnihil

483 2264 538 2319 in
557 2265 635 2319 eis
658 2263 832 2318 viride
846 2265 1168 2328 remanebit,
1183 2263 1306 2330 quia
1326 2261 1544 2316 siccitas
1556 2261 1736 2316 omnia
1755 2257 2074 2330 possidebit.

548 2357 569 2430 (
599 2357 746 2412 Vers.
783 2357 897 2427 11.)
929 2356 994 2411 In
1015 2357 1246 2411 siccitate
1258 2357 1436 2410 messis
1454 2356 1600 2410 illius
1617 2364 1945 2409 conterentur
1966 2368 2078 2405 mu-

476 2453 624 2506 lteres
651 2453 904 2506 venientes
923 2461 972 2506 et
1001 2451 1236 2506 docentes
1258 2465 1392 2504 eam.
1443 2448 1566 2502 Non
1592 2457 1668 2503 est
1691 2448 1824 2502 enim
1853 2446 2079 2516 populus

479 2549 686 2615 sapiens
715 2565 734 2606 :
760 2559 1032 2618 pr0pterea
1062 2561 1164 2600 non
1192 2543 1511 2598 miserebitur
1527 2546 1641 2613 ejus
1661 2542 1748 2611 qui
1773 2540 1891 2610 fecit
1920 2554 2078 2592 eum:

481 2653 528 2696 et
552 2642 639 2712 qui
660 2641 901 2709 formavit
927 2657 1044 2694 eum
1070 2681 1086 2706 ,
1136 2654 1239 2692 non
1289 2648 1464 2706 parcet
1517 2637 1583 2689 ei.
1617 2633 1803 2688 LXX:
1837 2631 2080 2686 Mulieres

479 2741 733 2792 venientes
750 2753 783 2790 a
800 2735 1114 2805 spectaculo,
1131 2731 1292 2786 venite
1319 2747 1337 2784 :
1360 2745 1462 2784 non
1488 2739 1560 2782 est
1577 2728 1714 2782 enim
1736 2725 1962 2797 populus
1987 2725 2082 2778 Ita-

479 2832 602 2885 bens
632 2827 1023 2898 intelligentiam
1048 2843 1065 2890 ;
1094 2834 1365 2896 prapterea
1398 2839 1500 2876 non
1548 2819 1870 2875 miserebitur
1905 2834 2081 2872 eorunt

481 2924 570 2993 qui
590 2922 711 2992 fecit
737 2936 847 2985 eos;
887 2929 937 2973 et
952 2920 1038 2988 qui
1061 2916 1300 2988 formavit
1323 2932 1430 2977 eos,
1453 2930 1555 2968 non
1575 2921 1773 2983 parcet.
1805 2911 1916 2965 lloc
1934 2909 2080 2980 quod

483 3015 702 3082 dicitur,
749 3011 814 3067 In
835 3012 1065 3067 siccitate
1089 3012 1266 3065 messis
1292 3011 1434 3064 illius
1481 3017 1830 3072 conterentur,
1856 3020 1950 3074 pro
1972 3019 2082 3074 quo

486 3105 835 3176 Septuaginta
854 3103 1480 3173 interpretatisunt.non
1513 3101 1610 3154 erit
1631 3100 1685 3152 in
1709 3114 1768 3152 ea
1798 3097 2080 3168 quidquam

481 3202 665 3266 uiride,
696 3201 818 3271 quia
843 3199 1068 3256 exaruit.
1086 3197 1238 3264 juxta
1270 3195 1594 3252 Ilebraicum
1619 3192 1970 3262 sequentibus
1986 3207 2080 3246 co-
2104 3165 2151 3228 Β

482 3296 913 3367 pulatur;juxta
956 3293 1128 3358 LXX,
1179 3293 1345 3363 priori
1391 3291 1598 3346 sensui.
1649 3290 1901 3345 Dicamus
1951 3304 2082 3358 ergo

481 3387 711 3458 primum
736 3387 884 3457 juxta
917 3386 1265 3442 IIelIraicutn.
1313 3382 1450 3438 Cum
1474 3381 1737 3438 siccitatis
1767 3391 1819 3436 et
1853 3380 2082 3435 messiu-

482 3480 567 3534 nis
594 3479 918 3542 JeruSalem,
935 3489 990 3533 et
1007 3477 1320 3548 utapertius
1351 3470 1842 3544 loquar,vastitatls
1866 3480 2082 3542 tempus

479 3572 780 3630 advenerit,
803 3573 870 3625 tle
884 3582 998 3626 toto
1018 3571 1151 3625 orbe
1171 3582 1573 3640 synagogarum
1593 3565 1748 3620 turba
1768 3573 2079 3627 concurret,

478 3674 538 3720 ut
566 3666 820 3734 plangant
845 3663 1149 3718 Jerusalem
1177 3673 1232 3717 et
1257 3661 1400 3716 mala
1425 3661 1568 3715 illius
1598 3659 1970 3714 cumulentur.
1998 3657 2085 3714 Si-

477 3771 544 3811 ve
573 3763 760 3823 aperte
786 3753 856 3808 de
888 3752 1210 3807 mulieribus
1260 3753 1517 3822 loquitur,
1550 3765 1670 3819 qua:
1713 3748 1928 3804 nudatis
1959 3763 2084 3816 pec-

479 3848 710 3910 toribus,
753 3847 1145 3917 sanguinantes
1175 3843 1379 3899 feriunt
1405 3843 1662 3904 lacertos,
1689 3848 1744 3894 et
1771 3840 2083 3911 implebitur

473 3940 602 4014 [ΑΙ.
645 3938 939 4008 impleturl
989 3937 1200 3992 Domini
1250 3934 1569 3990 vaticinium
1622 3952 1636 3988 :
1684 3930 1839 3988 Filia:
1866 3931 2082 3987 Jerusa-

475 4033 598 4098 lem,
628 4033 788 4088 nolite
823 4047 904 4085 me
929 4032 1074 4100 flere,
1105 4029 1197 4084 sed
1217 4029 1451 4101 plangite
1477 4043 1632 4094 super
1653 4043 1740 4081 vos
1770 4036 1818 4080 et
1838 4043 1991 4094 super
2017 4027 2080 4096 ﬁ-

473 4123 574 4179 lios
601 4121 965 4189 vestros(Luc.
993 4137 1146 4186 χχιιι,
1179 4119 1296 4191 28).
1336 4119 1634 4189 Magnaque
1663 4118 1952 4173 infelicitas
1993 4133 2082 4186 po-

479 4214 613 4284 puli,
653 4229 684 4268 a
727 4212 1046 4266 mulieribus
1082 4211 1495 4265 lamentationis
1537 4209 1782 4264 carmina
1822 4209 2076 4274 discere;

477 4304 617 4361 sicut
643 4303 996 4372 reprehensio
1019 4301 1120 4357 fuit
1141 4301 1326 4372 populi
1354 4300 1546 4368 Israel,
1577 4301 1794 4371 quando
1823 4300 1875 4355 in
1925 4299 2079 4355 Judi-

477 4415 604 4456 cum
635 4399 776 4454 libro
813 4396 1034 4468 (ludio.
1068 4412 1118 4450 tv
1143 4398 1196 4464 ),
1238 4397 1290 4451 in
1322 4410 1484 4450 manu
1517 4395 1762 4450 mulieris
1811 4394 2080 4451 Debborae

479 4491 612 4547 fecit
639 4490 869 4545 salutem
900 4489 1185 4554 Dominus,
1217 4497 1273 4543 et
1297 4495 1540 4558 tempore
1567 4486 1761 4542 vicina:
1789 4486 2079 4558 captivita-

2182 1892 2384 1957 laculo,
2419 1901 2474 1944 ut
2515 1891 2664 1962 qttod
2693 1893 2824 1958 ipsze
2873 1893 3130 1949 viderunt
3179 1894 3463 1962 Apostolis
3505 1894 3774 1948 nuntient.

2180 1982 2345 2040 Israel
2375 1993 2555 2038 autem
2591 1984 2659 2040 de
2685 1999 2792 2056 quo
2840 1985 3043 2041 dictum
3083 1995 3170 2041 est
3199 1985 3219 2057 (
3244 1985 3444 2054 Supra,
3472 2000 3509 2045 ι.
3538 1985 3616 2056 5)
3647 2002 3661 2040 :
3696 1983 3779 2039 ls-

2179 2077 2288 2130 rael
2313 2094 2417 2132 non
2443 2080 2679 2150 cognouit
2705 2096 2806 2148 me,
2835 2092 2884 2135 et
2912 2080 3135 2152 pOpulus
3165 2097 3307 2135 meus
3351 2097 3453 2135 non
3484 2081 3735 2135 intellexit
3759 2123 3776 2148 ,

2179 2169 2666 2226 clementissimum
2705 2171 3020 2228 Creatorem
3057 2183 3112 2228 et
3155 2171 3422 2229 factorem
3455 2188 3613 2228 suum
3657 2187 3781 2242 pro-

2181 2266 2397 2318 vocavit
2423 2263 2476 2318 in
2502 2265 2949 2327 amaritudinem,
2984 2276 3042 2320 ut
3071 2281 3411 2337 nequaquam
3459 2266 3579 2336 ejus
3611 2266 3776 2320 misco

2183 2368 2386 2411 reatur.
2427 2356 2554 2412 Haec
2599 2356 2687 2427 pie
2735 2359 2954 2429 quidem
3011 2357 3266 2415 dicuntur
3295 2375 3310 2425 ;
3343 2358 3452 2416 .sed
3500 2357 3778 2430 quomodo

2181 2465 2303 2506 cum
2340 2453 2556 2505 cmteris
2595 2461 2930 2522 congruant,
2971 2460 3028 2506 et
3065 2451 3550 2507 consummationis
3587 2449 3775 2507 mundi

2183 2543 2518 2612 temporibus
2547 2552 2896 2614 coapteutnr,
2928 2543 3162 2599 difﬁcilis
3189 2543 3567 2612 interpretatio
3593 2553 3701 2598 est.

2255 2637 2272 2703 (
2308 2635 2464 2690 Vers.
2500 2636 2585 2691 I2.
2615 2635 2634 2707 )
2687 2636 2751 2691 Et
2781 2639 2876 2690 erit
2906 2637 2958 2690 in
2981 2637 3064 2691 die
3093 2635 3210 2704 illa,
3243 2637 3494 2708 percutiet
3525 2633 3778 2690 Dominus

2182 2727 2244 2782 ab
2261 2727 2405 2783 alveo
2443 2729 2674 2798 ﬂuminis
2715 2745 2871 2795 usque
2905 2729 2974 2783 ad
3012 2738 3286 2783 torrentem
3314 2725 3560 2798 ﬁgypti.
3599 2723 3774 2781 LXX:

2185 2819 2252 2874 Et
2278 2822 2376 2876 erit
2402 2821 2456 2874 in
2483 2821 2566 2874 die
2589 2819 2702 2887 illa,
2732 2820 3004 2874 concludet
3032 2819 3287 2874 Dominus
3311 2836 3343 2874 a
3369 2823 3513 2890 fossa
3549 2819 3778 2888 fluminis

2182 2927 2344 2981 usque
2366 2911 2438 2964 ad
2466 2909 2902 2966 Rhinocoruram.
2933 2911 3044 2966 Nisi
3065 2911 3355 2982 jttnxisset,
3374 2912 3426 2966 in
3441 2912 3524 2966 die
3548 2913 3665 2978 illa,
3686 2926 3779 2982 per

2184 3005 2328 3074 quod
2352 3004 2636 3068 docemur.
2666 3019 2728 3060 ea
2759 3019 2882 3074 qua:
2905 3003 3149 3058 dicturus
3178 3014 3262 3059 est
3291 3005 3670 3075 Superioribus
3690 3019 3780 3060 co-

2187 3097 2452 3167 pulanda,
2496 3108 2808 3166 poteramus
2844 3097 2996 3168 quasi
3031 3098 3306 3168 proprium
3355 3098 3578 3169 capituli
3621 3097 3779 3168 hujus

2183 3204 2402 3245 sensum
2430 3204 2740 3259 exponere;
2767 3204 2910 3244 nunc
2932 3198 3114 3245 autem
3137 3189 3202 3244 ad
3226 3191 3515 3259 superiora
3540 3191 3780 3248 referen-

2184 3282 2248 3337 da
2275 3293 2402 3338 sunt
2422 3283 2626 3337 onmia.
2643 3282 2912 3350 Quoniam
2934 3283 3126 3338 civitas
3147 3285 3351 3339 munita
3372 3283 3619 3341 desolata
3644 3285 3774 3350 erit,

2184 3384 2242 3430 et
2288 3376 2537 3444 speciosa
2581 3375 2856 3446 quondam
2911 3376 3254 3445 relinquetur
3279 3378 3432 3446 quasi
3476 3377 3770 3444 desertum,

2184 3469 2351 3541 368
2373 3478 2428 3524 et
2455 3469 2528 3524 ibi
2557 3470 2759 3524 vitulus
2785 3469 3095 3536 accubabit,
3123 3481 3178 3526 et
3206 3480 3490 3526 censnmet
3534 3471 3778 3544 propagi-

2185 3575 2284 3614 nes
2305 3561 2500 3626 vinem,
2519 3561 2766 3615 etomnia
2781 3561 3150 3626 siccabuntur,
3167 3561 3424 3632 quoniam
3453 3577 3561 3617 non
3583 3575 3666 3618 est
3687 3577 3778 3632 po.

2185 3651 2344 3721 putus
2373 3650 2579 3704 habens
2609 3650 2966 3716 intellectum,
2999 3663 3053 3708 et
3085 3663 3308 3721 promer
3324 3653 3618 3709 stultitiam
3639 3654 3773 3725 ejus,

2185 3744 2388 3798 nullam
2414 3757 2444 3796 a
2471 3741 2733 3799 Creatore
2749 3759 2848 3800 suo
2869 3745 3303 3800 misericordiam
3327 3755 3658 3802 consecutus
3676 3756 3773 3802 est.

2185 3835 2396 3890 Idcirco
2432 3836 2722 3905 percutiet,
2754 3836 2870 3892 sive
2894 3837 3185 3893 concludet
3232 3837 3494 3892 Dominus
3531 3840 3599 3894 ab
3627 3838 3777 3894 alveo

2185 3928 2270 3982 vel
2301 3928 2418 3982 rivo
2448 3926 2686 3983 ﬂuminis
2734 3944 2906 3999 usque
2937 3928 3002 3983 ad
3053 3938 3350 3985 torrentem
3410 3927 3672 4002 Egypti,
3721 3940 3779 3984 ut

2185 4019 2239 4075 in
2279 4021 2529 4075 universa
2571 4018 2779 4087 .ludzna,
2833 4035 2954 4092 quae
3007 4021 3283 4091 quondam
3337 4023 3778 4092 repromissionis

2186 4119 2329 4166 terra
2371 4110 2496 4176 fuit,
2531 4111 2715 4167 nullus
2746 4113 3053 4181 reperiatur
3091 4127 3277 4167 sermo
3314 4113 3605 4180 doctrinm,
3643 4113 3780 4169 nihil

2185 4205 2433 4261 scientia:
2476 4203 2907 4276 Scripturarum,
2950 4205 3018 4260 de
3053 4207 3253 4274 quibus
3283 4216 3338 4264 et
3377 4209 3670 4278 Apostolus
3700 4209 3777 4264 lo~

2183 4297 2369 4366 quitur
2400 4316 2414 4352 :
2442 4295 2512 4352 Ut
2536 4313 2640 4351 non
2678 4297 3008 4353 attendamus
3051 4295 3288 4353 Judaicis
3322 4301 3514 4371 fabulis
3545 4310 3595 4355 et
3630 4317 3776 4355 man-

2185 4391 2321 4445 datis
2348 4391 2637 4457 hominum,
2665 4392 2756 4461 qui
2791 4400 3094 4446 avertuntur
3123 4407 3154 4444 a
3179 4393 3392 4447 veritate
3418 4392 3550 4463 (Tit.
3585 4411 3624 4459 ι,
3649 4393 3771 4464 14);

2182 4497 2239 4542 ει
2266 4488 2460 4542 iterum
2487 4503 2502 4540 :
2538 4485 2674 4540 Sunt
2699 4486 2835 4538 enim
2860 4484 3010 4539 multi
3041 4494 3090 4541 et
3127 4503 3232 4540 non
3259 4486 3453 4541 subditi
3487 4504 3549 4542 ac
3577 4488 3774 4543 vanilo-

478 4583 568 4645 tis,
603 4580 908 4638 tacentibus
939 4580 1102 4647 viris,
1156 4549 1326 4634 IIolda
1359 4549 1560 4635 mulier
1584 4549 1929 4651 pr0phetavit
1961 4581 1980 4650 (
2007 4579 2072 4635 ιν
2103 4549 2158 4610 D
2181 4583 2290 4652 qui,
2325 4588 2371 4632 et
2397 4579 2719 4645 seductores,
2752 4594 2880 4649 quos
2907 4588 3107 4650 oportet
3142 4579 3471 4652 redarguere,
3524 4582 3775 4653 precipue

482 4677 614 4748 Reg.
658 4674 841 4746 χχιι).
870 4673 1162 4744 PrOpterea
1185 4673 1344 4745 367
1379 4684 1560 4729 autem
1613 4674 1871 4729 mulieres
1913 4677 2076 4744 longo

472 4778 825 4824 conterentur
852 4767 1048 4822 itinere
1070 4807 1083 4826 .
1114 4764 1515 4830 imbecillitate,
1563 4763 1707 4819 fante
1736 4776 1791 4820 et
1818 4767 2075 4836 squalore

473 4859 737 4915 conlectae
761 4901 777 4925 ,
825 4870 879 4913 et
916 4858 1192 4914 docebunt
1223 4856 1483 4927 populum
1517 4856 1881 4910 miserabilem
1903 4897 1917 4920 ,
1947 4857 2072 4926 quia

475 4966 584 5006 non
612 4961 697 5004 est
737 4950 972 5017 populus
1001 4949 1249 5018 sapiens,
1298 4963 1400 5002 nec
1439 4946 1710 5002 intellexit
1755 4943 2072 5001 Creatorem

472 5057 655 5103 suum,
673 5039 762 5111 qui
786 5040 1063 5108 neglectus
1084 5039 1152 5094 ab
1182 5040 1261 5094 eis
1291 5049 1452 5110 atque
1469 5048 1817 5108 contemptus
1842 5055 1948 5095 non
1974 5040 2078 5094 mi-

467 5133 744 5190 serebitur
774 5132 1022 5196 facturae,
1051 5140 1107 5185 et
1136 5145 1245 5184 non
1277 5142 1459 5195 parcet
1484 5141 1754 5188 creaturae.
1777 5148 1908 5188 suae.
1938 5132 2072 5188 Jus-

463 5241 518 5286 ta
545 5225 690 5285 LXX
709 5268 724 5292 ,
757 5226 826 5282 de
858 5225 1021 5280 Maria
1046 5225 1244 5280 dicitur
1268 5225 1608 5297 Magdalene,
1635 5237 1689 5282 et
1712 5226 1820 5282 alia
1863 5228 2028 5283 Maria
2056 5272 2072 5295 ,

546 5357 572 5385 ι
601 5345 755 5402 Paria
789 5343 952 5398 habet
978 5344 1031 5398 in
1069 5342 1236 5398 Amos
1274 5357 1392 5408 cap.
1432 5358 1504 5407 vt,
1541 5342 1704 5408 idque
1734 5360 1801 5400 ex
1827 5345 2063 5401 insinua.

465 5421 614 5474 tione
643 5425 744 5475 τῶν
771 5413 932 5477 LXX.
965 5416 1052 5485 qui
1090 5421 1292 5474 DV'I'D
1343 5427 1423 5476 πυ
1457 5424 1530 5479 1y
1561 5430 1730 5478 u~que
1761 5419 1826 5469 ad
1851 5426 2066 5472 torreo-

471 5499 578 5562 tem
613 5487 1422 5562 EgyptiLintt-rpretantnrid);
1443 5485 1845 5562 Ῥινοκορούρων.
1871 5492 1939 5540 ad
1962 5489 2065 5556 ﬂu-

471 5561 612 5613 vium
647 5556 806 5628 juxta
840 5556 1274 5610 thinocoruram.
1320 5558 1517 5611 Verum
1559 5556 1664 5628 no'n
1709 5556 1912 5628 («luere
1933 5574 2063 5612 con-

467 5627 702 5699 tendunt
731 5630 881 5699 docti
908 5629 1032 5684 viri.
1069 5630 1288 5681 nomine
1313 5630 1572 5681 torrentis
1594 5627 1810 5699 {Egypti
1839 5627 2066 5683 minime

469 5697 751 5766 lluviolum
781 5697 1214 5766 Rhinocoruram
1243 5699 1383 5752 inter
1411 5705 1468 5754 et
1497 5697 1788 5766 Pelusium,
1823 5700 1919 5762 sed
1943 5715 2066 5766 pro-

467 5768 587 5837 prie
643 5765 818 5821 Nilum
875 5765 1210 5836 signillcari,
1265 5782 1498 5836 eumque
1549 5783 1737 5824 revera
1785 5765 2063 5826 exsﬁtisse’

2183 4689 2244 4728 ex
2264 4671 2648 4726 circumcisione
2676 4668 2868 4742 (Ibid.,
2895 4670 3006 4742 10).
3052 4672 3279 4728 Alveum
3317 4681 3524 4738 autem,
3559 4673 3674 4729 sive
3706 4673 3773 4728 ri-

2185 4781 2307 4820 vum
2335 4764 2578 4819 ﬂuminis
2605 4763 2756 4834 juxta
2795 4765 3078 4821 historiam
3113 4766 3448 4838 Euphratem
3491 4780 3772 4837 possumus

2183 4860 2386 4924 dicere,
2419 4858 2560 4912 sicut
2587 4869 2640 4913 et
2674 4858 2728 4913 in
2754 4859 3160 4930 septuagesimo
3197 4862 3372 4931 primo
3405 4861 3617 4930 psalmo
3643 4861 3772 4917 scri-

2181 4963 2329 5022 ptum
2358 4961 2444 5006 est
2472 4969 2487 5006 :
2523 4949 2884 5006 Dominabitur
2907 4970 2940 5006 a
2969 4955 3100 5005 mari
3128 4968 3288 5023 usque
3333 4952 3403 5005 ad
3447 4968 3612 5019 mare,
3654 4963 3700 5006 et
3741 4967 3770 5004 a

2175 5043 2390 5116 flumine
2412 5058 2570 5110 usque
2600 5043 2670 5096 ad
2698 5046 2855 5112 finem
2904 5041 3014 5114 [ΑΙ.
3049 5042 3225 5114 ﬁnes],
3256 5043 3395 5097 orbis
3421 5053 3574 5098 terra?
3600 5042 3769 5109 (Psal.

2178 5150 2303 5200 ιχχ,
2327 5132 2409 5203 8).
2449 5132 2556 5188 Alii
2603 5132 2896 5188 Jordanem
2938 5141 3149 5202 putant.
3188 5131 3253 5186 Et
3299 5133 3402 5188 hoc
3447 5134 3768 5199 notandum,

2175 5227 2322 5299 quod
2365 5227 2417 5280 in
2465 5224 2999 5295 Judreaznerminis,
3033 5225 3223 5295 ﬂuuius
3257 5234 3282 5262 ι
3321 5225 3666 5294 appelletur;
3719 5227 3772 5281 in

2172 5352 2332 5400 terra:
2360 5350 2565 5406 sanctis
2602 5341 2891 5396 terminum
2925 5357 2953 5395 a
2993 5342 3103 5397 Deo
3132 5341 3488 5396 constitutum
3513 5385 3527 5404 ,
3558 5345 3768 5400 tametsi

2173 5429 2488 5485 numquam,
2516 5427 2611 5467 sua
2634 5411 2812 5479 culpa,
2841 5427 2909 5485 eo
2935 5429 3107 5485 usque
3138 5427 3197 5467 se
3226 5411 3574 5468 extendi-rint
3598 5415 3768 5472 Israe-

2171 5483 2394 5542 littefln
2423 5501 2584 5554 quam
2630 5498 2743 5539 rem
2789 5483 3015 5538 laudant
3059 5483 3223 5538 .losue
3263 5485 3428 5554 verba
3475 5500 3594 5548 χιιι,
3622 5487 3676 5549 2,
3708 5487 3760 5548 5.

2173 5557 2262 5611 ιιΙιί
2285 5568 2336 5609 ει
2365 5552 2488 5609 Sior
2516 5554 2714 5609 dicitur
2741 5554 2882 5608 idem
2912 5558 3026 5621 ipse
3058 5554 3230 5622 Nilus,
3267 5563 3322 5608 et
3347 5552 3554 5611 .lerem.
3585 5572 3644 5618 lt,
3677 5557 3758 5612 18.

2173 5627 2471 5682 Diodorum
2504 5636 2766 5694 przelerea
2795 5625 3032 5681 Siculum
3052 5665 3067 5688 ,
3095 5625 3186 5693 qui
3210 5623 3437 5696 omnino
3461 5643 3660 5696 IIPgal'e
3686 5629 3757 5679 vi-

2171 5698 2332 5755 detur
2383 5698 2552 5754 ullum
2606 5696 2884 5755 εχειίιίεεε
2936 5697 3212 5753 lluviolum
3271 5695 3427 5764 juxta
3486 5695 3753 5755 Rhinoco-

2172 5778 2374 5826 turam.
