4010 6372
164 416 261 473 διδ

641 399 1291 461 COMMENTARIORUM
1325 399 1395 455 ΙΝ
1432 397 1668 457 ιεΑιΑΜ
1707 397 2133 457 PROPHETAM
2171 398 2304 456 LIB.
2346 398 2441 456 lX.
2480 399 2640 458 CAP.
2685 398 2924 456 XXVIII.

3318 405 3424 461 5M

164 531 377 605 Egypti
404 529 609 591 ﬁnibus,
642 534 861 590 torrens,
886 520 977 590 qui
999 518 1242 576 turbidas
1262 534 1432 588 aquas
1464 518 1650 587 habet,
1673 528 1730 577 et
1753 523 1809 584 Α
1831 521 2093 593 perierant
2133 521 2187 574 in
2226 522 2436 590 regione
2472 521 2829 592 Assyriorum,
2860 531 2908 577 et
2950 522 3039 591 qui
3075 524 3335 595 perierant
3372 528 3427 583 in

162 639 267 681 non
294 633 585 694 perpetuas.
619 616 725 671 Pro
747 623 987 670 torrente
1015 610 1256 684 Egypti,
1288 610 1431 667 LXX
1454 610 1728 667 Rhinoco-

162 731 336 772 ruram
369 710 774 772 transtulerunt,
807 705 949 777 quod
990 715 1075 760 est
1113 704 1368 774 oppidum
1412 704 1466 759 in
1505 703 1726 777 Egypti

161 806 548 871 Patla'stinaique
591 796 852 865 conﬁnio,
900 812 1006 851 non
1064 806 1173 851 tam
1215 795 1381 851 verba
1419 795 1729 863 Scriptura-

158 911 286 961 ram,
323 909 478 966 quam
523 904 745 948 sensum
796 888 1088 944 verborum
1129 888 1517 958 exprimentes.
1570 887 1728 956 Quod

158 1000 323 1044 autem
352 1003 448 1042 nos
489 983 743 1048 diximus,
794 982 1064 1054 percutiet,
1114 995 1212 1052 pro
1253 995 1364 1047 quo
1409 979 1554 1035 LXX
1593 1002 1728 1054 συμ-

156 1082 334 1158 epoto.
366 1078 416 1134 id
445 1086 548 1145 est,
589 1074 861 1129 concludet
886 1116 901 1139 ,
943 1073 1347 1129 transtulerunt
1384 1090 1399 1127 :
1438 1072 1633 1144 Aquila
1672 1080 1730 1127 et

156 1171 482 1234 Tlteodotio,
531 1165 780 1244 ραϐδήσει
837 1165 1176 1236 interpretati
1216 1173 1368 1230 sunt,
1416 1166 1563 1233 quod
1611 1166 1728 1221 sive

154 1264 292 1336 virga
327 1263 590 1333 percutiet,
625 1263 739 1317 sive
777 1259 847 1314 ad
881 1259 1081 1331 uirgam
1121 1256 1402 1312 recensebit
1440 1273 1728 1313 numerum

152 1356 317 1425 gregis
343 1356 445 1420 sui,
469 1352 696 1422 intelligi
730 1358 910 1420 potest
941 1368 955 1404 :
986 1361 1044 1405 ut
1066 1363 1175 1405 non
1209 1349 1264 1404 itt
1294 1348 1520 1416 malam,
1543 1347 1639 1404 sed
1673 1347 1726 1404 in

151 1448 332 1504 bonam
364 1456 570 1514 partem
596 1442 915 1513 accipiatur.

215 1537 278 1594 Et
318 1554 400 1594 ros
442 1535 882 1610 congregabimini
926 1549 1063 1588 unus
1103 1541 1149 1588 et
1197 1548 1351 1596 unus,
1399 1531 1501 1603 ﬁlii
1540 1530 1726 1587 Israel.

148 1629 280 1686 LXX
312 1647 325 1684 :
368 1629 465 1684 Vos
510 1637 683 1682 autem
723 1636 1040 1700 congregato
1076 1640 1241 1678 unum
1280 1634 1329 1678 et
1366 1640 1550 1690 unum,
1590 1624 1730 1692 ﬁlios

148 1721 318 1778 Israel.
345 1718 389 1777 Ο
410 1721 506 1775 ﬁlii
538 1719 730 1782 Israel.
764 1732 864 1788 pro
900 1732 1008 1786 qoo
1038 1717 1433 1786 interpretatus
1457 1724 1539 1771 est
1565 1713 1723 1785 Sym-

144 1816 372 1883 machus,
405 1818 600 1870 domus
628 1812 796 1868 Israel
820 1829 839 1868 :
872 1811 1150 1882 percussis
1175 1810 1503 1866 adversariis
1532 1811 1729 1866 vestris

1828 612 2067 685 zEgypto
2091 613 2490 669 :etadorabunt
2534 611 2812 668 Dominum
2848 631 3005 684 super
3043 627 3269 671 montem
3306 634 3430 672 san-

1826 715 1963 761 ctum
1991 706 2045 759 in
2074 705 2384 760 Jerusalem.
2421 704 2477 760 In
2509 705 2612 761 hoc
2639 705 2763 760 loco
2789 705 2962 762 Judaei
2989 721 3144 763 cassa
3173 707 3280 763 sibi
3304 718 3427 765 tota

1828 796 2172 867 promittunt,
2199 797 2344 867 quod
2368 797 2422 851 in
2454 798 2930 854 consummatione
2958 799 3185 863 mundi,
3209 801 3429 871 quando

1829 886 1855 926 δ
1881 888 2273 954 Antichristus,
2297 900 2351 943 ut
2376 888 2575 944 dicitur
2607 890 2904 963 ἠλειμμένος
2930 905 3064 946 suus
3094 892 3326 956 venerit,
3357 890 3429 948 de

1827 977 2067 1051 Assyriis
2088 990 2143 1035 et
2166 978 2237 1035 de
2266 990 2411 1036 terra
2439 980 2661 1053 Epypti
2696 982 2983 1052 dispersus
3021 983 3253 1052 |0pttlus
3295 998 3429 1039 con-

1827 1082 2106 1143 gregetur,
2140 1082 2198 1128 et
2220 1076 2408 1128 veniat
2447 1073 2501 1127 itt
2540 1071 2870 1136 Jerusalem.
2904 1085 2959 1129 et
2992 1073 3261 1129 :rdiiicato
3288 1083 3424 1130 tom-

1829 1167 1941 1236 plo,
1971 1165 2163 1220 adoret
2192 1165 2481 1220 Domimtm
2516 1165 2684 1220 Deum
2717 1181 2899 1220 suum.
2926 1165 3087 1233 Quod
3125 1165 3423 1220 secundum

1828 1259 2065 1315 litteram
2094 1260 2320 1314 omnino
2358 1267 2508 1314 stare
2551 1274 2659 1313 non
2692 1267 2897 1328 potest.
2944 1257 3130 1328 Neque
3170 1255 3318 1313 enim
3361 1257 3431 1313 de

1829 1350 2070 1422 Assyriis
2119 1361 2326 1405 tantum
2357 1361 2414 1406 et
2461 1351 2530 1405 de
2574 1350 2833 1422 Egypto,
2880 1349 2976 1406 sed
3022 1350 3094 1407 de
3137 1361 3252 1405 tuto
3293 1351 3429 1408 orbe

1832 1452 2125 1509 terrarum,
2153 1443 2319 1515 37o
2343 1444 2431 1510 qtti
2459 1443 2515 1499 in
2543 1442 2820 1498 Christum
2843 1442 3106 1499 credituri
3137 1451 3297 1509 sunt,
3330 1458 3426 1498 vo-

1830 1533 2119 1588 cabuntur.
2169 1536 2309 1604 Ergo
2348 1534 2453 1588 hoc
2496 1534 2794 1604 signiﬁcat,
2836 1534 2981 1601 quod
3030 1534 3084 1589 in
3127 1533 3427 1590 novissima

1833 1625 1986 1692 tuba,
2011 1629 2164 1695 juxta
2210 1627 2532 1693 Apostolum
2573 1627 2802 1684 Paulum
2848 1628 2891 1698 (I
2931 1625 3056 1683 Cor.
3088 1626 3205 1698 xv),
3237 1641 3431 1683 omnes

1831 1723 1921 1792 qui
1949 1722 2226 1792 perierant
2248 1721 2305 1777 in
2329 1723 2568 1795 Assyriis
2594 1733 2648 1778 et
2677 1725 2728 1778 in
2763 1721 3004 1794 Egypto
3042 1723 3111 1776 ad
3142 1724 3426 1777 hominum

1833 1814 2098 1870 veniant:
2133 1812 2243 1870 Nec
2280 1814 2420 1869 dixit
2450 1828 2640 1869 omnes
2681 1816 2822 1869 ﬁlios
2865 1815 3053 1877 lsrael.
3095 1812 3189 1869 sed
3235 1828 3428 1867 omnes

145 1924 171 1963 a
198 1908 307 1963 tivo
338 1907 607 1971 ﬂuminis,
638 1919 807 1974 usique
835 1903 904 1959 ad
930 1910 1225 1958 torrentem
1258 1899 1500 1973 anpli,
1534 1901 1585 1957 id
1617 1910 1723 1956 est,
1758 1904 1803 1965 Β
1831 1908 1921 1977 qui
1947 1909 2249 1979 perierant,
2276 1923 2374 1977 per
2411 1908 2556 1978 quod
2597 1905 2875 1978 signiﬁcat
2901 1905 3149 1977 gentium
3192 1906 3435 1960 multitu-

143 2000 203 2055 ab
226 1999 497 2069 Euphrate
534 2013 705 2069 usque
733 1998 800 2052 ad
833 1996 1036 2063 Nilum,
1067 2010 1164 2051 vos
1191 1996 1275 2052 vel
1300 1996 1401 2061 ipsi
1428 2009 1724 2065 congrega-

141 2090 313 2147 bimini
348 2092 413 2147 ad
441 2090 615 2148 ﬁdem
655 2089 874 2145 Domini
900 2104 1043 2145 unus
1071 2097 1124 2143 et
1153 2103 1315 2155 unus,
1348 2088 1473 2158 quia
1509 2086 1727 2144 Iudaeo-

144 2201 246 2240 rum
268 2186 418 2241 tnrha
460 2199 580 2240 non
608 2182 863 2248 credidit,
891 2196 991 2252 per
1021 2180 1164 2251 quod
1205 2179 1496 2251 signiﬁcat,
1529 2192 1730 2248 paucos

141 2291 200 2332 ex
224 2276 421 2334 ludteis
447 2278 510 2332 in
540 2276 879 2333 Salvatorem
905 2273 1193 2327 Dominum
1222 2270 1730 2343 crediturus.369

144 2366 226 2423 Vel
254 2379 423 2435 certe,
453 2384 492 2424 ο
530 2366 777 2438 Apostoli
818 2375 873 2421 et
918 2363 1206 2434 apostolici
1247 2361 1369 2428 viri,
1413 2361 1726 2417 Judaeoruut

143 2461 469 2517 multitudine
506 2474 621 2515 non
649 2458 933 2522 credente,
972 2473 1068 2510 vos
1115 2456 1187 2511 de
1231 2465 1346 2510 toto
1385 2454 1545 2520 orbe,
1591 2467 1730 2524 quos

144 2554 434 2621 potueritis,
475 2551 643 2623 quasi
683 2565 816 2605 oves
861 2548 1136 2604 morbidos
1180 2546 1379 2603 referte
1424 2546 1492 2601 ad
1543 2547 1731 2602 caulas

145 2644 363 2713 Dnnitti,
396 2659 451 2702 et
479 2653 816 2715 congregati:
845 2656 941 2697 eas
978 2657 1101 2696 cum
1139 2639 1387 2710 gentium
1422 2640 1647 2709 p0pulo,
1673 2646 1733 2694 ut

145 2735 420 2807 impleatur
448 2737 611 2802 illud,
642 2738 786 2808 quod
818 2734 1020 2790 Paulus
1041 2731 1337 2802 Apostolus
1366 2741 1422 2787 et
1456 2732 1731 2786 Barnabas

144 2825 420 2896 loquuntur
450 2829 528 2884 ad
549 2827 769 2884 Iuda-os
802 2844 818 2881 :
857 2825 1015 2881 Vobis
1039 2825 1248 2894 quidem
1275 2824 1499 2892 primum
1523 2831 1731 2889 oporte-

144 2918 219 2973 bat
244 2923 564 2976 annuntiare
588 2921 794 2975 verbum
823 2917 956 2983 Dei;
986 2917 1074 2971 sed
1106 2917 1229 2985 quia
1253 2915 1494 2987 indignos
1524 2931 1614 2969 ros
1642 2919 1735 2988 ju-

142 3009 336 3067 dicastis
361 3013 563 3077 salute,
597 3026 709 3066 ecce
750 3008 1097 3077 convertimur
1127 3008 1197 3060 ad
1224 3015 1399 3075 gentes
1437 3006 1576 3076 (Act.
1615 3019 1732 3071 xui,

148 3105 252 3178 te).

205 3202 388 3274 (Vers.
426 3202 553 3275 15.)
586 3202 652 3257 Et
695 3201 791 3257 erit
829 3202 887 3255 in
920 3201 1005 3256 die
1032 3200 1173 3254 illa:
1212 3198 1479 3270 clangetur
1523 3197 1579 3250 in
1620 3195 1740 3249 tuba

1830 2002 2036 2066 dinem,
2069 2001 2211 2071 quod
2240 2010 2296 2057 et
2325 2000 2674 2067 idololatrim,
2704 2008 2760 2055 et
2797 1998 3046 2071 magicis,
3085 2014 3149 2053 ac
3182 1997 3430 2068 philoso-

1831 2095 1973 2165 phia:
2001 2093 2209 2149 artibus
2255 2093 2503 2163 obligati,
2536 2094 2762 2148 veniant
2807 2092 2874 2147 ad
2905 2093 3068 2147 ﬁdem
3110 2090 3342 2155 Christi,
3374 2099 3433 2146 et

1830 2186 2063 2242 adorent
2083 2202 2206 2242 eum
2238 2186 2290 2241 in
2322 2185 2596 2243 Ecclesia.
2628 2186 2780 2242 'l‘nba
2805 2195 2985 2241 autem
3022 2200 3217 2258 magna
3253 2195 3435 2254 potest

1832 2278 2063 2348 intelligi
2095 2294 2279 2334 sermo
2307 2280 2691 2350 Evangelictts,
2719 2280 2787 2335 de
2809 2294 2917 2347 quo
2936 2291 2991 2334 et
3015 2280 3068 2334 in
3103 2280 3206 2335 hoc
3232 2278 3429 2334 eodem

1832 2369 2103 2441 Propheta
2133 2371 2364 2441 legimus
2395 2390 2407 2425 :
2437 2371 2614 2442 Super
2636 2381 2858 2427 montem
2882 2372 3140 2426 excelsum
3179 2371 3424 2439 ascende,

1831 2465 1922 2536 qui
1945 2464 2271 2538 euangelizas
2293 2464 2423 2520 Sion
2453 2481 2471 2518 :
2501 2462 2675 2519 exaltu
2704 2479 2876 2517 vocem
2907 2472 3069 2528 tuam,
3101 2461 3189 2531 qui
3214 2477 3433 2530 evange-

1833 2557 1962 2611 lizas
1986 2554 2278 2611 Jerusalem
2307 2554 2508 2629 (Infra,
2530 2572 2619 2619 η,
2649 2554 2728 2625 9).
2766 2554 2922 2609 Mons
2951 2568 3083 2623 ergo
3123 2561 3347 2608 sanctus
3375 2559 3433 2607 et

1832 2648 2137 2705 Jerusalem
2162 2650 2256 2703 illa
2286 2658 2396 2714 est,
2427 2649 2497 2705 de
2526 2665 2629 2717 qua
2656 2662 2804 2716 sa-pe
2830 2646 3069 2700 diximus
3094 2663 3107 2698 :
3132 2644 3434 2699 Accessistis

1834 2741 1904 2796 ad
1935 2742 2066 2797 Sion
2100 2753 2321 2796 montem
2348 2752 2396 2794 et
2426 2742 2682 2796 civitatem
2725 2738 2823 2794 Dei
2854 2739 3100 2805 virentis,
3138 2736 3434 2791 Jerusalem

1835 2835 2107 2902 caelestem,
2131 2846 2178 2890 et
2200 2836 2482 2891 multorum
2514 2834 2830 2908 Augelorum
2854 2832 3057 2897 millia;
3079 2842 3128 2887 et
3146 2830 3433 2885 Ecclesium

1838 2928 2235 2999 primitivorum,
2266 2931 2351 2994 qui
2383 2929 2566 2999 scripti
2589 2931 2783 2983 suntin
2815 2927 2955 2980 caelis
2980 2924 3165 2996 (Hebr.
3192 2940 3283 2988 xu,
3311 2922 3431 2995 22).

1840 3018 2132 3087 Hucusque
2159 3018 2227 3071 de
2264 3020 2737 3074 consummatione
2782 3018 2968 3072 mundi
3012 3017 3218 3072 dictum
3250 3027 3335 3070 est
3365 3015 3434 3071 ab

1841 3121 1910 3162 eo
1940 3107 2061 3161 loco
2104 3107 2156 3160 in
2197 3122 2306 3175 quo
2352 3122 2626 3177 exponere
2668 3108 2936 3176 coepimus
2969 3107 3144 3161 :Ecce
3185 3106 3439 3161 Dominus

1845 3196 2119 3267 dissipabit
2157 3204 2365 3262 terram,
2416 3205 2465 3249 et
2512 3198 2729 3250 nudabit
2770 3212 2881 3249 eam
2916 3198 3135 3267 (Supra,
3178 3213 3321 3260 μιν.
3353 3195 3434 3268 1),

144 3312 351 3368 magna;
382 3308 434 3351 et
466 3297 669 3352 venient
698 3296 787 3365 qui
808 3293 996 3362 perditi
1026 3294 1231 3362 fuerant
1260 3291 1324 3345 de
1343 3300 1480 3345 terra
1502 3288 1739 3359 Assyrio-
1765 3279 1810 3341 C
1841 3288 1988 3360 quod
2013 3287 2268 3358 praesenti
2291 3287 2564 3341 volumine
2585 3288 2919 3342 continetur.
2948 3286 3102 3342 Nunc
3123 3288 3442 3357 adjuvaute,

141 3405 261 3458 rtun,
297 3401 347 3444 et
368 3390 468 3461 qui
490 3389 637 3457 eiecti
666 3398 811 3442 erant
834 3395 859 3424 α
883 3387 938 3440 in
968 3396 1158 3441 terram
1184 3383 1409 3454 Egypti
1434 3399 1453 3436 :
1470 3388 1519 3435 et
1544 3381 1738 3434 adora-

144 3484 248 3537 bunt
282 3484 581 3538 Dominum
608 3482 661 3536 in
690 3490 862 3536 monte
893 3489 1075 3534 sancto
1112 3480 1167 3534 in
1200 3475 1515 3532 Jerusalem.
1545 3473 1691 3530 LXX
1723 3492 1736 3529 :

146 3571 202 3629 Et
227 3577 320 3631 erit
350 3576 409 3630 in
448 3575 541 3630 die
566 3574 681 3639 illa,
715 3583 901 3629 canent
933 3571 1056 3627 tuba
1091 3586 1318 3645 magna;
1349 3579 1398 3626 et
1421 3570 1621 3625 venient
1645 3570 1735 3640 qui

208 3724 231 3786 ξι
262 3715 505 3786 Ropnnit
530 3712 802 3786 Victorius
825 3712 890 3765 de
909 3721 1065 3786 terra.

205 3784 231 3823 δ
254 3776 433 3844 Verba
469 3783 843 3848 Antichristus,
874 3794 929 3840 ut
958 3782 1169 3844 dicitur,
1195 3780 1247 3834 in
1271 3778 1391 3834 aliis
1414 3777 1569 3833 libris
1593 3776 1739 3832 desi-

145 3854 410 3981 dera(nlt.or.
434 3858 758 3929 ἰιλσιμμὲνος
779 3868 911 3909 vero
934 3853 1177 3908 Messium
1198 3860 1375 3915 sonat,
1395 3851 1516 3905 sive
1528 3861 1737 3905 unctum

144 3937 224 3981 aut
274 3968 282 3977 .
328 3930 538 3981 tistum.

175 3937 631 4074 ult-(#:1733309
655 3995 1006 4074 Manuscriptj
1028 3994 1245 4050 codices
1257 3992 1736 4074 legttotltelimenus

145 4077 192 4122 et
212 4064 588 4137 belimm'eitus;
614 4085 680 4125 ex
695 4083 803 4140 quo
821 4064 1108 4123 manifeste
1121 4065 1424 4119 ostenditur
1448 4064 1735 4134 legendum

1848 3380 2018 3436 immo
2082 3380 2388 3450 inspirante
2462 3380 2618 3436 nobis
2670 3379 2922 3449 Christo,
2982 3391 3320 3436 transeamus
3370 3381 3441 3434 ad

1850 3486 2055 3527 nonum
2086 3512 2101 3538 ,
2131 3470 2277 3542 quod
2346 3470 2575 3526 alterius
2630 3469 2933 3542 prophetia:
3004 3469 3230 3525 habebit
3280 3484 3449 3524 exor-

1847 3566 2023 3624 dium.

1843 3722 1965 3780 esse
1994 3707 2290 3780 ἠλειμμένος
2311 3747 2327 3773 9
2360 3704 2505 3774 Quod
2532 3703 2677 3780 idem
2696 3710 2781 3780 est
2806 3717 2871 3780 ac
2902 3700 3435 3780 "diminutum,

1843 3779 2058 3840 Messiu,
2081 3772 2268 3843 iil'est,
2295 3772 2508 3831 unctus.
2532 3774 2688 3831 Unde
2714 3773 3111 3836 Nazianzenus,
3140 3789 3168 3826 a
3196 3772 3435 3827 Mariano

1840 3852 2062 3910 citatus,
2106 3849 2240 3904 dicit
2277 3860 2495 3916 gentem
2522 3846 2835 3902 ludat-orum
2869 3861 2974 3899 non
3007 3859 3132 3899 esse
3179 3843 3439 3912 abiicien-

1840 3922 1987 3988 dam,
2019 3920 2065 3977 si
2097 3934 2195 3991 pro
2227 3917 2434 3975 Christo
2459 3959 2476 3987 ,
2510 3932 2697 3973 vocent
2729 3918 3020 3990 ἠλιιμμένος
3051 3917 3328 4039 hriequirat.

3104 3998 3317 4039 ABTIAN.

3104 3998 3296 4039 ABTIAN
3305 4023 3317 4037 .

136 4203 3290 4253 ______________________________________.___._.

1222 4365 1694 4477 LIBER
1773 4357 2369 4467 NONUS.

1624 4578 1965 4599 “ﬂ

209 4763 564 4841 369-370
598 4765 777 4822 Variis
806 4761 1077 4819 molestiis
1097 4757 1369 4830 occupati,
1394 4752 1736 4827 explanatio-
1766 4750 1822 4811 D
1844 4764 1987 4806 sum.
2014 4747 2185 4817 Quam
2212 4753 2267 4801 et
2294 4741 2564 4813 Pr0plteta
2586 4737 2856 4841 desiderat
2878 4734 3163 4841 clamitans
3186 4748 3201 4785 :

151 4866 239 4910 nes
274 4859 325 4912 in
367 4859 569 4915 Isaiam
622 4857 941 4928 prophetam
981 4868 1080 4925 per
1119 4851 1400 4908 intervalla
1451 4848 1736 4905 dictamus.

150 4939 291 5003 Unde
336 4952 559 5021 expleto
599 4961 793 5005 octavo
820 4945 1097 5002 volumine
1117 4984 1134 5009 ,
1166 4957 1306 4997 nunc
1341 4950 1463 5012 post
1489 4939 1741 5008 aliquau-

152 5050 256 5097 tum
281 5044 545 5115 temporis
569 5043 806 5114 spatium
826 5039 1120 5096 transimus
1133 5034 1201 5089 ad
1224 5046 1430 5088 nonum
1453 5048 1466 5086 :
1493 5045 1598 5085 non
1619 5028 1743 5084 abs-

151 5151 248 5206 que
274 5153 462 5194 morsu
492 5146 550 5194 et
586 5132 1074 5192 obtrectationibus
1115 5126 1441 5190 invidorum,
1472 5121 1566 5192 qui
1591 5123 1745 5192 igno-

153 5241 325 5286 rantes
354 5232 488 5303 quid
513 5230 770 5295 audiant,
798 5227 929 5299 quid
964 5225 1253 5294 loquantur
1278 5261 1293 5286 ,
1333 5218 1401 5274 de
1443 5231 1511 5272 eo
1544 5215 1744 5270 audent

150 5321 388 5389 iwlicare
407 5325 552 5395 quod
581 5321 830 5378 nesciunt
845 5360 861 5387 ,
888 5329 942 5374 et
967 5325 1096 5372 ante
1114 5313 1423 5383 despiciunt
1441 5322 1602 5379 quam
1628 5322 1747 5383 pro-

154 5413 308 5484 bent,
361 5417 715 5486 eruditosque
765 5429 827 5471 se
877 5412 1149 5467 assumant
1191 5419 1244 5463 et
1286 5405 1540 5466 disertos,
1587 5400 1634 5457 si
1680 5398 1748 5455 de

155 5512 356 5565 cunctis
386 5509 761 5580 Scriptorihus
798 5505 1108 5563 detrahant.
1150 5502 1391 5571 Quorum
1429 5499 1657 5553 livorem
1693 5503 1749 5550 et

156 5603 584 5659 mussitationem
606 5602 877 5672 garrulam
894 5606 1326 5659 contemnentes,
1342 5593 1436 5648 Dei
1462 5602 1750 5662 poscamus

156 5692 440 5759 auxilium,
470 5705 525 5750 et
557 5694 857 5751 Psalmisla:
894 5690 1277 5762 imprecatione
1315 5686 1556 5743 dicamus
1586 5699 1598 5735 :
1635 5681 1749 5735 Dis-

156 5788 263 5863 tipa
298 5799 479 5860 gentes
504 5805 617 5861 quce
645 5788 779 5845 bella
803 5786 976 5842 uolunt
1003 5786 1022 5857 (
1052 5784 1146 5839 Ps.
1178 5790 1343 5863 vau,
1371 5779 1497 5851 δί).
1541 5773 1753 5832 Domini

162 5858 493 5938 enim—locus
517 5858 566 5936 in
603 5864 735 5952 pace
767 5888 879 5947 est,
910 5873 1030 5948 quae
1061 5858 1346 5945 exsuperat
1376 5874 1592 5927 omnem
1633 5882 1756 5925 seue

1846 4840 1989 4898 Deus
2028 4850 2220 4908 noster,
2255 4853 2431 4911 pacem
2472 4835 2541 4890 da
2568 4832 2713 4889 nobis
2749 4848 2768 4887 :
2804 4828 2980 4885 omnia
3010 4825 3145 4880 enim
3177 4824 3453 4879 reddidisti

1847 4937 1992 4993 nobis
2034 4931 2205 5005 (Isai.
2247 4946 2404 4997 xth,
2434 4928 2547 4992 12).
2597 4924 2702 4984 Sed
2734 4925 2846 4997 jam
2885 4933 3246 4992 proponamus
3297 4916 3447 4973 Isaiae

1848 5029 2174 5101 capitulum,
2202 5035 2259 5083 et
2275 5023 2599 5094 cuutMoyse
2628 5018 2996 5089 ingrediantur
3017 5012 3210 5069 nubem
3239 5025 3291 5070 et
3314 5014 3450 5070 cali-

1849 5125 2059 5195 ginent,
2100 5131 2158 5176 ut
2196 5116 2526 5175 clariﬁcetur
2561 5113 2744 5167 vultus
2795 5121 3001 5175 noster,
3040 5117 3116 5175 et,
3145 5106 3298 5180 juxta
3334 5106 3445 5162 He-

1850 5216 2116 5280 braicum,
2155 5220 2380 5268 cornuta
2431 5207 2503 5264 sit
2551 5206 2713 5262 iacies
2746 5225 2760 5261 :
2793 5204 3184 5274 audiunturque
3212 5213 3269 5259 et
3313 5202 3449 5257 ruti-

1848 5310 1962 5365 lent
2010 5307 2245 5362 tonitrua
2284 5312 2341 5357 et
2375 5301 2604 5371 fulgura,
2627 5315 2747 5371 qua:
2762 5299 2917 5371 plebs
2943 5298 3099 5352 vilior
3128 5295 3315 5350 videre
3340 5308 3446 5349 non

1851 5399 2016 5470 potuit
2045 5394 2240 5468 (Exod.
2271 5390 2407 5465 xu).

1922 5487 2242 5564 371(Cnp.
2259 5484 2736 5541 XXVIIL—Vers.
2756 5484 2832 5551 i.)
2856 5481 2948 5535 Va:
2968 5493 3176 5532 corona:
3192 5473 3447 5540 superbire

1857 5586 2008 5641 ebriis
2055 5579 2329 5657 Ephraim,
2353 5587 2402 5631 et
2425 5577 2546 5646 ﬂori
2583 5575 2838 5630 decidenti
2877 5572 3059 5643 gloria:
3088 5566 3445 5624 exsultationis

1857 5678 1991 5749 ejus,
2021 5673 2111 5745 qui
2136 5680 2283 5727 erant
2301 5671 2355 5726 in
2388 5670 2571 5725 vertice
2593 5668 2741 5723 vallis
2761 5665 3136 5740 pinguissima).
3159 5670 3387 5717 errantes
3416 5679 3448 5717 a

1858 5772 1996 5826 uino.
2042 5768 2177 5823 Ecce
2223 5764 2428 5820 calidus
2479 5772 2525 5817 et
2579 5763 2730 5836 fortis
2771 5758 3013 5822 Domini,
3057 5757 3189 5811 sicut
3224 5756 3449 5822 impetus

1862 5862 2128 5931 grandinis
2171 5860 2316 5914 turbo
2356 5855 2715 5928 confringens;
2757 5853 2887 5908 sicut
2929 5851 3150 5921 impetus
3191 5854 3445 5908 aquarum
