4010 6314
513 343 621 403 819

1766 335 1824 391 S.
1865 333 2136 392 EUSEBII
2175 331 2558 390 HIERONYMI

3708 325 3820 384 520

589 459 772 534 (Vers.
811 456 876 514 l0
918 455 1102 526 seqq.)
1137 454 1301 520 Quem
1329 451 1532 506 docebit
1561 450 1856 516 scientiam,
1888 459 1936 505 et
1965 465 2114 520 quem
2143 450 2197 512 Α
2219 451 2362 507 lum:
2392 448 2520 505 Πιεε
2548 459 2623 504 est
2648 447 2852 520 requies
2878 463 3014 512 mea,
3035 445 3656 518 reﬁcitelassum,mnlto
3680 455 3820 501 tem-

515 551 810 622 intelligere
837 549 992 618 faciet
1019 545 1258 600 auditum
1284 546 1308 600 ?
1334 542 1631 599 Ablaclalos
1661 560 1693 596 a
1732 541 1886 608 lacte,
1911 539 2120 595 auulsas

516 643 579 698 ab
605 641 848 696 uberibus
871 657 891 693 :
918 640 1044 712 quia
1067 639 1278 704 manda,
1309 637 1584 702 remanda;
1614 638 1825 698 manda.
1847 636 2119 702 remando;

517 742 774 801 exspecta,
794 742 1114 801 reexspecta;
1129 738 1386 796 exspecta,
1402 739 1724 798 reexspecla;
1740 725 2001 780 modicum
2022 726 2117 794 ibi,

521 825 781 881 modicum
805 825 896 879 ibi.
928 822 996 878 In
1045 821 1253 891 loquela
1283 824 1418 877 enim
1449 821 1574 876 labii
1599 831 1646 876 et
1669 823 1724 875 in
1748 825 1925 894 lingua
1953 819 2122 874 altera

524 918 768 992 loquetur
788 917 857 972 ad
882 919 1134 991 populum
1162 916 1340 982 istum,
1365 917 1447 969 cui
1479 915 1612 970 dixit
1633 913 1799 970 :Htec
1820 925 1890 968 est
1917 913 2120 984 requies

521 1027 635 1066 mea
660 1027 680 1077 ;
707 1013 902 1079 reﬁcite
929 1009 1144 1075 lassum,
1175 1018 1222 1062 et
1250 1009 1345 1061 hoc
1386 1018 1459 1062 est
1484 1023 1652 1060 meum
1700 1004 2050 1074 rel‘rigerium,
2073 1013 2120 1058 et

523 1103 799 1160 noluerunt
823 1103 1026 1158 audire.
1053 1101 1123 1156 Et
1150 1103 1243 1155 erit
1274 1101 1346 1156 eis
1381 1099 1590 1154 verbum
1617 1095 1832 1150 Domini
1863 1114 1882 1150 :
1905 1095 2119 1160 manda,

518 1200 791 1265 remanda;
823 1199 1035 1263 manda,
1066 1197 1339 1260 remauda;
1369 1205 1627 1266 exspecta,
1659 1200 1958 1263 reexspecta
1975 1206 1996 1254 ;
2024 1204 2118 1243 ea:-

522 1290 714 1355 suecla,
741 1301 1040 1358 reexspecta
1063 1305 1082 1354 ;
1113 1287 1374 1340 modicum
1399 1285 1490 1351 ibi,
1518 1283 1776 1338 modicum
1805 1282 1876 1336 ibi
1900 1298 1919 1346 ;
1948 1292 2001 1333 ut
2033 1296 2121 1334 va-

523 1381 650 1435 daut
684 1392 728 1435 et
760 1381 950 1434 cadant
979 1391 1278 1442 retrorsum,
1313 1389 1358 1430 et
1386 1385 1739 1435 conterantur,
1759 1382 1805 1427 et
1832 1371 2112 1442 illaqueen-

524 1483 608 1529 tur
653 1481 701 1526 et
730 1475 1025 1544 capiantur.
1071 1469 1215 1525 LXX
1251 1486 1265 1523 :
1303 1468 1401 1525 Cui
1429 1468 1850 1522 aununtiabimus
1879 1465 2041 1529 mala,
2071 1475 2121 1520 et

519 1566 604 1620 cui
632 1565 1054 1620 annuntiabimus
1073 1565 1310 1618 nuntium
1328 1563 1448 1633 ?qui
1467 1562 1712 1616 ablactati
1737 1569 1856 1614 sunt
1881 1577 1912 1612 a
1944 1559 2077 1613 lacte
2099 1574 2119 1613 :

519 1661 608 1730 qui
628 1661 871 1714 abstracti
898 1658 962 1712 ab
991 1657 1169 1716 ubere.
1199 1657 1608 1712 Tribulutionem
1640 1671 1797 1723 super
1827 1650 2120 1707 tribulatio-

519 1771 632 1809 nem
655 1763 894 1820 exspecta
918 1767 938 1816 ;
960 1753 1262 1824 prtzstolare
1277 1767 1419 1821 spem
1435 1766 1588 1822 super
1615 1765 1793 1820 spem;
1823 1749 1996 1802 adhuc
2025 1765 2119 1818 pa-

2221 560 2356 616 pore
2384 543 2650 608 laboravi,
2683 543 2737 597 in
2783 541 2934 596 nullo
2981 540 3162 596 inveni
3210 543 3477 611 requiem.
3516 537 3712 609 Vulpes
3735 542 3821 610 fo-

2219 651 2336 691 veas
2365 634 2572 699 habent,
2595 644 2642 687 et
2674 631 2905 686 uolucres
2934 631 3053 686 coeli
3098 631 3278 696 nidos;
3310 627 3484 684 Filius
3511 639 3686 683 autem
3717 631 3820 683 ho-

2221 730 2375 782 minis
2404 744 2506 782 non
2535 727 2684 780 habet
2733 725 2818 779 ubi
2844 733 2999 794 caput
3025 741 3174 778 suum
3197 724 3405 777 reclinet
3428 721 3647 794 (Matth.
3677 739 3771 779 vttt
3801 740 3820 790 ;

2220 824 2351 878 Luc.
2383 821 2479 894 ix).
2509 821 2575 876 Et
2607 821 2711 875 hoc
2757 831 2840 874 εει
2879 834 3058 873 meum
3089 815 3459 888 refrigerium,
3490 827 3542 871 ut
3570 817 3627 872 in
3661 819 3822 872 vobis

2221 913 2514 986 aliquando
2541 911 2901 982 requiescam.
2923 910 3026 978 Qtti
3055 909 3352 964 noluerunt
3375 908 3590 973 audire,
3617 917 3671 963 et
3695 923 3820 963 mea

2221 1015 2423 1064 monita
2449 1017 2904 1078 contempserunt
2936 1023 2951 1072 ;
2985 1003 3341 1076 quamobrem
3389 1004 3531 1073 quod
3559 1005 3822 1060 solebant

2221 1102 2473 1158 ludentes
2497 1101 2683 1156 dicere
2717 1100 3033 1170 prephet'ts:
3057 1098 3272 1163 Munda,
3300 1096 3816 1164 remandu;manda,

2221 1193 2468 1248 remanda
2493 1209 2511 1246 :
2543 1201 2804 1263 exspecta,
2835 1199 3412 1258 reexspecta;e1:specla
3430 1229 3445 1255 ,
3468 1197 3770 1250 reexspecta
3796 1203 3817 1242 :

2222 1286 2479 1340 modicum
2529 1285 2622 1351 ibi,
2673 1285 2932 1338 modicum
2977 1284 3070 1348 ibi,
3109 1293 3166 1338 et
3213 1281 3449 1337 irridere
3495 1282 3817 1352 patientiam

2223 1395 2423 1446 meam,
2455 1395 2579 1434 cum
2609 1394 2696 1435 tne
2721 1378 3064 1433 arbitrantur
3090 1376 3352 1442 minitari,
3377 1388 3500 1446 qua:
3522 1390 3821 1444 numquam

2223 1470 2464 1526 facturus
2483 1471 2588 1526 sim
2614 1488 2626 1524 :
2653 1469 2893 1524 sentiant
2917 1468 3080 1523 rebus
3104 1467 3338 1535 expleti,
3357 1474 3415 1520 ut
3437 1465 3641 1520 vadaut
3659 1467 3710 1520 in
3737 1466 3822 1520 in-

2223 1563 2468 1627 teritum,
2485 1571 2540 1616 et
2561 1561 2761 1616 cadant
2781 1573 3084 1616 retrorsum
3113 1568 3139 1596 ἰ
3160 1559 3465 1630 ὀπισθοτὸνῳ
3487 1557 3817 1624 insanabili;

2221 1671 2627 1727 numquamque
2667 1656 2734 1710 ad
2767 1659 2948 1726 priora
2977 1654 3288 1726 proficiant.
3324 1667 3424 1707 nec
3452 1653 3666 1722 possint
3691 1667 3820 1707 cum

2221 1751 2474 1821 Apostolo
2485 1750 2700 1805 dicere:
2720 1747 3110 1803 Pra'terilorum
3139 1747 3308 1811 obliti,
3336 1746 3404 1799 ad
3423 1762 3485 1800 ea
3499 1762 3616 1814 qua:
3640 1748 3821 1814 priora

515 1865 657 1909 rtem,
689 1847 864 1901 adhuc
891 1862 1119 1916 parum:
1140 1855 1351 1917 propter
1372 1843 1962 1908 irrisionemlabiorum,
1993 1860 2114 1912 pro-
2143 1842 2190 1902 B
2217 1856 2338 1900 sunt
2383 1843 2709 1898 extendimur
2767 1841 2939 1914 (Phil.
2987 1857 3068 1905 ιιι,
3103 1841 3230 1913 15);
3264 1839 3360 1895 sed
3383 1847 3739 1895 conterantur
3765 1846 3823 1894 et

515 1952 628 2010 pter
658 1939 889 2012 linguam
939 1943 1154 1993 alteram
1199 1955 1302 2008 qua
1346 1938 1622 2006 loquentur
1651 1935 1847 2006 populo
1889 1935 2010 1988 huic
2034 1935 2118 1988 di-

517 2041 684 2087 centes
710 2035 783 2086 eis
813 2047 831 2084 :
856 2029 985 2085 Here
1018 2041 1096 2085 est
1121 2031 1318 2100 requies
1346 2029 1606 2093 esurienti,
1638 2038 1685 2082 et
1715 2029 1822 2082 hac
1851 2028 2114 2089 contritio,

521 2133 571 2178 et
601 2124 878 2178 noluerunt
909 2123 1114 2178 audire.
1142 2121 1319 2177 Eterit
1343 2123 1415 2177 eis
1442 2138 1613 2176 sermo
1645 2122 1853 2176 Domini
1879 2137 1897 2177 :
1925 2119 2117 2175 Tribu-

518 2213 644 2270 latto
668 2232 821 2287 super
848 2215 1264 2270 tribulationem:
1283 2224 1546 2282 exspecta,
1568 2225 1976 2285 ex;pecta;spes
2005 2210 2117 2284 [ΑΙ.

518 2307 682 2381 spem]
703 2325 859 2377 super
909 2325 1050 2380 spem
1077 2326 1099 2363 :
1135 2309 1306 2364 adhuc
1335 2326 1542 2380 parum,
1573 2309 1742 2362 adhuc
1799 2324 1985 2378 parum
2017 2323 2036 2373 ;
2067 2315 2122 2360 ut

520 2405 710 2455 vadunt
727 2411 774 2455 et
796 2401 990 2455 cadant
1015 2410 1320 2469 retrorsum,
1369 2413 1417 2457 et
1448 2412 1802 2466 conterantur,
1833 2411 1881 2455 et
1911 2401 2123 2472 pericli-

521 2503 711 2561 tentur,
736 2507 781 2548 et
811 2495 1106 2562 capiantur.
1131 2495 1284 2561 Quis,
1315 2495 1514 2566 inquit,
1542 2495 1742 2564 dignus
1762 2506 1845 2550 est
1874 2493 2122 2547 doetrina

522 2585 761 2644 Domini.
783 2587 875 2656 qui
899 2587 1080 2642 verbis
1110 2586 1418 2642 Salvatoris
1435 2587 1672 2640 dicentis
1697 2604 1710 2640 :
1736 2586 1838 2653 Qui
1859 2585 2010 2638 habet
2029 2601 2125 2639 au-

521 2694 602 2733 res
628 2677 876 2732 audiendi
899 2677 1081 2730 audiat
1113 2676 1333 2747 (Matth.
1367 2692 1462 2741 ait,
1487 2677 1608 2748 15):
1635 2687 1692 2730 Ill
1721 2676 1866 2746 quod
1895 2675 2125 2730 auribus

524 2773 790 2837 hauserit,
822 2773 990 2829 corde
1021 2773 1583 2842 intelligat‘lQuinatn
1615 2773 1689 2826 illi
1725 2772 1851 2835 sint,
1889 2784 2126 2839 sequens

527 2879 723 2920 versus
751 2864 995 2920 Ostendit
1041 2884 1053 2919 :
1087 2863 1344 2918 Ablactati
1393 2881 1426 2918 a
1477 2863 1628 2928 lacte,
1662 2863 1829 2917 avulsi
1857 2861 1922 2915 ab
1950 2863 2124 2925 ubere,

529 2959 622 3028 qui
651 2973 994 3029 nequaquam
1024 2957 1168 3013 lacte
1197 2958 1512 3012 nutriuntur
1536 2956 1801 3023 infantiae,
1831 2955 1926 3009 sed
1954 2953 2128 3022 solido

531 3062 830 3106 vescuntur
846 3055 996 3118 cibo;
1030 3051 1120 3119 qui
1143 3051 1312 3105 avulsi
1341 3060 1468 3104 sunt
1485 3051 1555 3104 ab
1579 3051 1751 3104 ubere
1782 3063 1904 3103 cum
1937 3047 2124 3101 Isaac:

535 3154 762 3215 propter
786 3161 948 3216 quam
975 3145 1218 3200 laetitiam
1247 3145 1372 3200 fecit
1395 3142 1674 3198 Abraham
1705 3140 1915 3212 grande
1942 3138 2129 3194 eonvi-

2222 1940 2614 2008 illaqneentur,
2659 1947 2716 1992 et
2765 1937 2844 1991 vel
2874 1952 2902 1990 a
2933 1935 3257 2007 Babylonio,
3287 1935 3427 1989 vela
3449 1932 3690 1988 Romano
3720 1947 3821 1987 ca-

2224 2032 2442 2103 piantur
2463 2031 2730 2086 exorcitu.
2752 2029 2861 2084 Pro
2886 2043 2954 2083 eo
2981 2028 3127 2099 quod
3159 2043 3258 2082 nos
3281 2026 3518 2082 diximus
3546 2042 3561 2080 :
3595 2024 3818 2093 Blanda,

2223 2125 2473 2179 remanda
2501 2140 2520 2187 ;
2549 2123 2763 2183 manda,
2790 2123 3036 2176 remanda
3056 2138 3074 2175 :
3094 2131 3665 2190 exspecta,reexspecla
3681 2136 3700 2185 ;
3729 2135 3823 2174 ea:-

2223 2228 2418 2290 specta,
2446 2226 2745 2289 reexspecla
2767 2233 2785 2283 ;
2809 2217 3068 2270 modicum
3098 2217 3192 2280 ibi,
3223 2216 3482 2270 modicum
3511 2217 3604 2280 ibi,
3637 2216 3689 2269 in
3716 2215 3825 2271 He-

2226 2310 2373 2365 brmo
2399 2310 2477 2365 sic
2507 2309 2771 2378 scriptum
2802 2319 2885 2364 est
2917 2325 2932 2362 :
2961 2324 3059 2363 SAU
3089 2325 3280 2375 ιΑεΑυ,
3305 2309 3469 2382 378
3495 2324 3596 2365 suo
3620 2325 3823 2377 LASAU;

2225 2417 2328 2457 cm
2361 2417 2559 2465 ucw,
2599 2417 2703 2457 cau
2733 2416 2906 2457 LACAIJ
2941 2417 3078 2456 :zen
3101 2417 3204 2456 SM!
3225 2445 3239 2468 ,
3272 2418 3373 2457 zeu
3402 2418 3532 2467 ›Ακ;
3563 2401 3592 2440 δ
3625 2403 3830 2472 bisque

2226 2495 2408 2551 verbis
2439 2495 2585 2550 abuti
2609 2495 2749 2551 solet
2780 2495 3218 2550 immnndissima
3269 2495 3496 2551 haeresis
3523 2495 3664 2564 apud
3688 2497 3832 2550 sim-

2227 2588 2398 2658 plices
2430 2601 2675 2658 quosquc
2725 2597 2888 2659 atque
2913 2587 3193 2653 deceptos,
3224 2599 3246 2628 ο
3272 2599 3330 2643 ιιι
3361 2599 3622 2644 terrorem
3653 2588 3831 2644 faciat

2228 2683 2470 2739 novitate
2496 2698 2836 2749 sermonum,
2857 2683 2998 2752 quod
3029 2683 3238 2737 scilicet
3269 2685 3359 2752 qui
3394 2683 3511 2738 haec
3537 2682 3704 2736 verba
3738 2697 3838 2737 co-

2228 2775 2498 2846 gnoverit.
2529 2786 2583 2830 et
2612 2774 2664 2828 in
2691 2773 2837 2829 enitu
2869 2790 3064 2830 eorum
3097 2773 3202 2848 [Αι.
3237 2775 3458 2849 borum]
3490 2776 3834 2844 meminerit,

2231 2869 2300 2923 ab
2329 2883 2437 2938 que
2468 2868 2577 2922 ulla
2605 2867 2949 2924 dubitatione
2982 2877 3229 2924 transeat
3255 2868 3323 2923 ad
3354 2885 3520 2938 regna
3537 2869 3836 2924 caelorum.

2232 2958 2488 3027 Legimus
2535 2959 2588 3012 in
2627 2959 2895 3030 Apostolo
2929 2975 2943 3012 :
2983 2957 3048 3012 In
3085 2961 3206 3014 aliis
3232 2958 3446 3030 linguis.
3477 2973 3528 3014 et
3575 2963 3630 3014 in
3684 2961 3841 3016 labiis

2232 3055 2350 3106 aliis
2378 3053 2563 3124 loquar
2584 3053 2776 3124 populo
2799 3053 2938 3115 huic,
2965 3064 3010 3108 et
3039 3071 3128 3107 nec
3150 3055 3225 3108 sic
3261 3056 3546 3109 exaudienl
3573 3072 3675 3118 me,
3713 3058 3842 3111 dicit

2235 3145 2489 3200 Dominus
2515 3145 2560 3213 (l
2587 3143 2707 3200 Cor.
2738 3162 2849 3212 ιιν,
2878 3145 2994 3216 21).
3035 3146 3188 3214 Quod
3235 3148 3364 3202 mihi
3415 3147 3634 3203 videtur
3673 3149 3841 3218 juxta

533 3239 680 3292 vium
713 3236 922 3308 (Cenes.
949 3239 1083 3303 χχιι)
1110 3254 1125 3302 ;
1155 3237 1206 3289 lti
1239 3247 1522 3291 merentur
1556 3236 1770 3290 Domini
1797 3232 1986 3287 audire
2014 3246 2130 3302 tny-
2157 3226 2202 3289 C
2236 3239 2564 3294 Hebraicum
2611 3239 2680 3293 de
2712 3239 2967 3308 prmscnti
3016 3252 3292 3308 sumptum
3325 3241 3598 3306 capitulo;
3631 3252 3695 3296 et
3741 3241 3845 3297 hoc

534 3332 723 3398 stet-ia,
757 3341 814 3385 et
837 3332 1142 3401 intelligere
1163 3330 1322 3402 377
1353 3344 1474 3400 qua:
1501 3328 1757 3384 sacerdos
1784 3339 1838 3380 et
1863 3323 2128 3396 propheta

534 3424 788 3478 nesciunt
813 3423 923 3493 (Al.
958 3422 1241 3492 nescivit).
1269 3422 1521 3476 inebriati
1564 3432 1616 3475 et
1645 3419 1887 3488 absorpti
1920 3433 1951 3472 a
1979 3419 2128 3482 vino,

535 3515 627 3583 qui
651 3523 1051 3569 erraveruntet
1099 3514 1412 3567 nescierunt
1453 3510 1751 3572 videntem,
1783 3509 1912 3578 quia
1938 3523 2131 3563 omnes

538 3621 742 3660 mensae
769 3622 962 3661 eorum
987 3606 1210 3673 repletae
1239 3615 1366 3659 sunt
1395 3604 1601 3659 vomitu
1628 3603 2006 3672 sordiumqne,
2039 3603 2130 3670 qui

539 3698 829 3768 protthetis
859 3709 1084 3753 ventura
1110 3699 1582 3762 annuntiantibus,
1612 3694 1666 3752 ét
1712 3697 1818 3752 nisi
1875 3695 2135 3752 fecissent

539 3803 664 3856 qua:
691 3799 961 3858 prmeepta
1014 3798 1191 3853 erant,
1223 3798 1492 3843 tormenta
1549 3787 1948 3852 minitantibus,
1990 3786 2136 3843 sole-

543 3880 672 3935 bant
699 3880 888 3936 dicere
917 3881 1320 3937 subsannantes
1338 3899 1353 3937 :
1372 3880 1592 3948 Munda,
1613 3880 1859 3936 reuianda
1885 3880 2132 3946 ;manda,

540 3974 811 4040 remanda,
833 3974 884 4028 id
918 3983 1026 4044 est,
1050 3976 1550 4046 prtecipe,prtecipe,
1579 3974 1782 4044 impera
1805 3988 1926 4042 qua:
1957 3972 2136 4027 facere

541 4066 860 4124 debeamus.
891 4067 1141 4140 Cumque
1171 4069 1536 4123 abuterentur
1585 4067 1679 4122 Dei
1731 4065 2012 4135 patientia,
2043 4065 2136 4135 qui

541 4161 727 4218 differt
750 4164 908 4231 iram,
925 4171 983 4217 ιιι
1009 4163 1246 4233 praebeat
1270 4160 1704 4217 misericordiam
1731 4177 1746 4214 :
1770 4161 1864 4230 qui
1889 4160 2138 4215 Solebant

540 4256 709 4310 etiam
741 4255 846 4309 hoc
864 4269 929 4308 ex
955 4269 1188 4322 persona
1219 4253 1606 4324 prophetarum
1639 4251 1890 4307 ludentes
1909 4252 2096 4307 dicere
2122 4268 2134 4305 :

543 4346 810 4416 Exspecta
839 4345 1130 4416 paulisper,
1153 4356 1410 4416 exspecta
1443 4345 1737 4410 modicum,
1768 4347 1988 4401 venient
2017 4360 2138 4415 qua:

537 4438 722 4494 futura
752 4437 1130 4508 przediximus.
1175 4438 1302 4494 Ha-c
1341 4447 1522 4494 autem
1549 4439 1807 4494 universa
1836 4438 2140 4508 loqueban-

541 4541 631 4586 tur
660 4533 712 4587 in
746 4533 970 4602 populo,
999 4533 1124 4602 quia
1157 4533 1250 4588 Dei
1282 4533 1635 4590 sermonibus
1666 4550 1774 4590 non
1802 4533 2135 4595 credebant;

2234 3330 2290 3386 in
2346 3330 2514 3386 veteri
2547 3331 2963 3386 observavimus
2989 3331 3344 3387 Testamento
3382 3331 3618 3402 (absque
3648 3335 3843 3402 paucis

2237 3423 2590 3489 testimoniis,
2617 3424 2817 3494 quibus
2867 3424 3041 3479 Lucas
3069 3424 3222 3478 solus
3269 3426 3510 3481 abutitur
3540 3427 3633 3498 qni
3665 3427 3844 3496 magis

2235 3515 2439 3571 Graecae
2467 3515 2666 3586 linguae
2697 3516 2886 3572 habuit
2916 3516 3251 3588 scientiam),
3279 3518 3618 3590 ubicumque
3649 3520 3721 3575 de
3751 3536 3846 3576 ve-

2237 3609 2339 3662 teri
2365 3609 2730 3663 instrumento
2761 3609 2888 3678 qttid
2916 3608 3136 3676 dicitur,
3168 3625 3275 3664 non
3299 3625 3396 3664 eos
3418 3610 3571 3680 juxta
3605 3612 3847 3682 Septua-

2237 3701 2406 3770 ginta,
2440 3699 2534 3755 sed
2567 3700 2716 3770 juxta
2745 3701 3071 3757 llebraicum
3105 3717 3341 3771 ponere,
3374 3703 3582 3758 nullius
3604 3721 3845 3776 sequen—

2238 3801 2322 3848 tes
2345 3793 2863 3863 interpretationem
2886 3837 2901 3861 ,
2947 3795 3045 3851 sed
3093 3811 3316 3851 sensum
3348 3797 3688 3854 ilcbraicnm
3720 3816 3841 3855 cum

2238 3900 2339 3939 suo
2378 3900 2634 3940 sermone
2680 3896 2978 3950 vertentes,
3010 3888 3402 3959 Symmachus,
3439 3889 3753 3948 Theodotio
3791 3903 3846 3949 et

2239 3977 2378 4034 LXX
2411 3980 2478 4035 de
2517 3979 2619 4035 hoc
2653 3981 2773 4036 loco
2829 3981 3046 4036 diversa
3105 3994 3423 4048 scnsvrunt,
3454 3993 3509 4040 et
3560 3989 3693 4055 quia
3723 3988 3842 4042 lon-

2238 4087 2363 4142 gum
2395 4083 2478 4128 est
2503 4071 2570 4126 de
2598 4073 2853 4127 omnibus
2876 4073 3084 4139 dicere,
3101 4073 3243 4128 LXX
3267 4074 3625 4142 Interpretes,
3651 4080 3746 4144 qui
3773 4078 3844 4134 le-

2239 4173 2443 4236 guntur
2470 4167 2522 4218 in
2556 4165 2840 4232 l'lcclesiis,
2861 4165 3580 4224 brevitertranseurramus.
3619 4170 3845 4240 llejecto

2241 4257 2446 4326 populo
2485 4257 2823 4326 Judmorum,
2871 4257 3263 4314 Sacerdotibus
3291 4267 3347 4314 et
3402 4260 3728 4331 Prophetis,
3752 4262 3847 4334 qui

2243 4351 2497 4406 inebriati
2522 4359 2648 4406 sunt
2670 4350 2868 4414 sicera,
2896 4361 2950 4407 et
2982 4362 3309 4408 erraverunt
3331 4361 3388 4409 et
3411 4353 3734 4411 maledictio
3759 4370 3848 4412 co.

2243 4445 2413 4502 medit
2439 4445 2729 4500 consilium
2777 4460 2992 4512 eorum,
3023 4446 3169 4518 quod
3203 4447 3447 4503 inierunt
3473 4461 3702 4520 propter
3722 4464 3845 4503 ava-

2244 4539 2445 4603 ritiam,
2477 4541 2562 4594 cui
2586 4539 3039 4595 annuntiabimus
3061 4541 3270 4596 futuras
3297 4555 3398 4610 pro
3427 4538 3649 4597 Christo
3679 4542 3846 4598 tribu-

539 4625 839 4690 Slalimque
887 4623 1056 4681 infe"
1079 4625 1341 4697 prottllela
1370 4643 1382 4679 ε
1416 4624 1770 4697 Nequaquam
1815 4625 1971 4681 Vobis
1995 4624 2139 4680 Deus
2167 4615 2217 4675 Ῐ)
2243 4630 2520 4686 lationes?
2542 4630 2626 4683 cui
2664 4630 2804 4684 mala
2833 4646 2929 4700 pro
2957 4631 3153 4701 quibus
3185 4643 3410 4702 paratur
3437 4647 3642 4686 corooa
3676 4634 3844 4688 virtti-

539 4717 624 4774 his
655 4720 837 4776 verbis
863 4721 1138 4791 loquetur,
1164 4731 1220 4774 ut
1250 4721 1530 4790 pracipiat
1567 4720 1696 4791 quid
1725 4719 1910 4775 facere
1935 4719 2138 4775 debea-

540 4811 632 4876 tis,
662 4824 715 4866 et
749 4813 1140 4882 prazstolemini
1172 4829 1293 4883 qua:
1322 4824 1556 4867 ventura
1585 4823 1735 4875 sunt,
1767 4813 1862 4865 sed
1889 4813 2140 4879 loquetur

541 4905 695 4960 vobis
724 4907 776 4961 in
806 4908 988 4964 lurore
1017 4906 1298 4976 praesenti,
1321 4906 1413 4977 qui
1441 4906 1592 4976 prius
1622 4905 1840 4960 dixerat
1868 4903 1934 4958 ad
1968 4919 2138 4976 popu-

613 5071 640 5098 ι
664 5059 800 5115 Vide
821 5029 984 5130 epist.
1009 5061 1134 5124 M7,
1156 5063 1220 5115 ad
1243 5063 1555 5127 Sabinian.,
1579 5078 1730 5116 num.
1756 5061 1846 5119 10.
1873 5069 1987 5116 not.
2010 5060 2067 5114 2.

613 5130 638 5169 ιι
664 5130 784 5197 Ipsa
817 5132 1046 5186 llebrtea
1087 5133 1250 5186 verba
1300 5134 1459 5189 affert
1493 5146 1545 5188 et
1590 5136 1986 5200 interpretatur
2019 5131 2145 5195 Epi-

546 5201 809 5273 phanius,
838 5202 1034 5256 haeres.
1060 5201 1289 5268 25,quzr
1314 5205 1585 5258 llebraice
1613 5207 1692 5258 sic
1718 5203 1920 5258 habent
1941 5213 2041 5267 ππ
2081 5211 2143 5262 ut

539 5306 640 5356 me
680 5306 788 5359 -πϊτ
816 5304 916 5356 aut
935 5278 1154 5383 ’πιππρὸ
1184 5305 1247 5380 πρ
1269 5279 1366 5383 tp'v
1389 5306 1452 5379 πρ
1470 5280 1567 5354 11:5
1591 5305 1673 5354 ut.
1705 5296 1879 5350 Porro
1905 5294 2144 5350 Nicolai-

537 5397 714 5443 tarum
765 5389 993 5443 haeresis
1057 5387 1142 5440 his
1188 5391 1336 5440 abuti
1382 5389 1564 5442 verbis
1591 5399 1976 5454 consueverat,
2006 5401 2145 5458 quos

537 5460 704 5512 tradit
749 5477 780 5524 ι»
805 5468 870 5512 νει
904 5459 1080 5524 ipsum
1129 5459 1512 5527 Epiphaniam,
1539 5459 1930 5527 Theoduritus,
1964 5466 2140 5514 Incre-

536 5529 630 5584 tie.
659 5530 849 5585 Faltnl.
881 5544 1005 5599 cap.
1043 5528 1098 5593 ι,
1129 5529 1464 5587 Καυλακούαν
1512 5531 1678 5586 fuisse
1737 5540 2052 5592 veneratus,
2087 5537 2142 5583 et

538 5599 816 5674 thi~tutn
846 5617 911 5674 eo
939 5604 1348 5667 nontine,qua~i
1373 5613 1722 5674 ρφδρρσιηιιιιιι
1739 5601 2028 5673 designare
2049 5615 2143 5653 v0-

540 5669 730 5725 luisse.
757 5672 1105 5736 Philastrius,
1127 5689 1248 5738 cap.
1272 5669 1644 5738 ’53,Caulaeau
1674 5669 1934 5727 houiineiu
1961 5679 2141 5740 vocat,

549 5739 883 5863 Ellg'pltattius
907 5742 1145 5814 ἄρχοντά
1172 5765 1285 5800 τινα
1321 5758 1334 5796 :
1384 5755 1509 5812 puta
1540 5744 1789 5800 xEonem.
1834 5747 1950 5801 sive
1979 5739 2146 5811 Auge?

575 5825 681 5863 um.

2246 4735 2362 4778 tum
2387 4724 2410 4776 ‘l
2439 4721 2638 4791 Utique
2657 4722 2742 4779 his
2764 4724 2854 4794 qui
2877 4723 3276 4780 ablactatisunt
3296 4739 3327 4779 a
3355 4725 3518 4790 lacte,
3544 4725 3638 4790 qui
3671 4723 3843 4779 avulsi

2246 4825 2372 4870 sunt
2402 4815 2470 4869 ab
2494 4814 2681 4879 ubere,
2721 4816 2860 4871 haud
2890 4815 3118 4871 dubium
3169 4817 3296 4881 quin
3326 4817 3610 4887 apostolos
3635 4816 3847 4888 signiﬁ-

2245 4915 2332 4962 cet
2358 4923 2372 4960 :
2398 4904 2804 4962 Tribulationem
2831 4924 2983 4978 super
3013 4905 3399 4962 tribulationem
3421 4907 3719 4980 exsptcta.‘
3739 4905 3844 4962 Lo-

2321 5073 2343 5101 ο
2376 5061 2581 5138 _Vitiose
2601 5073 2721 5119 erat
2750 5073 3248 5138 antea,uterrorem
3270 5066 3428 5136 faciat
3457 5080 3561 5138 pro
3579 5076 3847 5132 terrorem,

2246 5133 2392 5204 quod
2421 5148 2524 5203 ope
2555 5151 2692 5192 mss.
2715 5137 2968 5191 restituo.
2992 5137 3083 5192 Sic
3102 5133 3358 5202 etttst.75,
3387 5133 3844 5198 ad"l‘lteodoram,

2248 5221 2398 5260 tttttn.
2431 5206 2481 5268 3,
2509 5223 2630 5259 cum
2691 5206 3001 5274 hujusntodi
3030 5208 3193 5271 magis
3245 5218 3502 5274 portenta,
3537 5225 3697 5262 auum
3754 5222 3845 5258 no-

2246 5277 2388 5330 mina
2416 5275 2473 5330 S.
2499 5275 2660 5350 Pater
2715 5279 3021 5339 recitasset,
3051 5294 3188 5341 quin.
3239 5277 3439 5341 subdit,
3473 5279 3541 5331 ad
3575 5279 3843 5350 imperito—

2248 5364 2361 5400 rum
2417 5357 2463 5400 et
2502 5347 2924 5402 muliercularum
2966 5351 3167 5402 animos
3209 5350 3549 5402 concitandos
3591 5347 3742 5417 quasi
3785 5348 3844 5400 de

2253 5417 2525 5471 Hebraicis
2545 5418 2773 5488 fontibus
2793 5419 3060 5491 hauriunt,
3097 5421 3312 5473 barbaro
3339 5420 3599 5491 simplices
3621 5432 3845 5490 quosque

2245 5497 2496 5542 terrentes
2523 5506 2673 5556 sono,
2705 5499 2812 5545 etc.
2856 5490 2990 5545 Vide
3014 5507 3134 5560 quae
3171 5491 3243 5545 ibi
3270 5490 3624 5546 annotamus.

2319 5579 2344 5618 δ
2373 5584 2673 5661 Ila‘Ett-Seb.
2705 5601 2718 5638 ε
2750 5589 2966 5661 Λέγεται
2997 5585 3051 5641 δὲ
3075 5592 3244 5661 ταῦτα
3289 5587 3420 5661 πρὸς
3455 5587 3544 5641 τὸν
3580 5585 3746 5659 χορὸν
3769 5581 3847 5638 τὸν

2251 5655 2591 5733 heroas-oliuo»
2612 5661 2693 5733 mi
2716 5655 2849 5730 πρὸξ
2873 5661 3074 5720 πάντας
3108 5659 3230 5733 τοδὶ-ς
3258 5655 3615 5733 τιεί-σωτηρίῳ
3633 5655 3848 5728 dicunt:

2251 5726 2811 5798 ammoniacum},
2867 5738 2973 5787 etc.
3004 5743 3124 5796 qua:
3169 5726 3316 5783 Hier;
3351 5726 3403 5781 in
3439 5726 3699 5795 pauciora
3721 5726 3851 5780 eone

2257 5807 2443 5851 ltttth.
