4010 6338
176 282 265 338 2m
423 249 532 320 ’ἒτ-
668 272 1325 335 οοΜιιεΝ-ιιιιιιοιιυιι
1363 271 1431 330 IN
1470 271 1710 332 lSAIAM
1748 272 1781 332 ρ

1891 272 2175 333 PIIE'I‘AM
2213 275 2345 333 LIB.
2387 275 2480 333 IX.
2521 273 2677 334 CAP.
2721 276 2960 339 XXVIII.
3363 285 3467 344 322

174 397 344 465 quitur
373 411 436 449 au
472 399 578 447 tem
605 392 671 448 ad
713 395 937 448 chorum
985 392 1362 463 apostolorum
1411 391 1766 460 omniumque
1793 399 1842 458 Α
1871 407 1964 447 sus
1993 403 2272 465 exspecta.
2309 393 2449 464 Ergo
2490 410 2612 450 cum
2647 397 2844 450 mortui
2878 396 3143 453 fuerimus
3169 439 3183 464 ,
3235 398 3339 455 hoc
3370 400 3472 455 lla-

175 486 545 549 credentium,
572 493 628 538 ιιι
674 501 780 540 non
808 485 872 539 ad
903 500 1086 549 unam,
1115 483 1212 539 sed
1242 483 1309 538 ad
1341 485 1539 540 multas
1572 501 1634 540 se
1662 500 1758 554 pa-
1862 485 2061 554 gellum
2093 487 2426 553 captivitatis
2469 496 2524 541 et
2575 487 2716 544 lianc
2763 498 3146 558 tempestatem
3182 507 3288 545 non
3331 508 3462 547 sen-

178 589 260 636 ret
282 578 690 644 tribulationes,
724 589 780 632 ut
811 592 932 632 cum
956 577 1248 633 tribulatus
1269 578 1433 633 fuerit
1461 587 1621 647 atque
1668 578 1760 632 dc-
1866 579 2081 634 tiemus.
2125 578 2307 635 Semel
2331 579 2476 633 enim
2503 581 2794 636 mendacio
2820 582 3191 650 credidimus,
3217 584 3318 640 hoc
3346 595 3468 653 est,

180 687 410 743 pressus.
430 685 656 728 rursum
685 679 966 741 speret.et
991 686 1144 741 spem
1175 686 1340 741 super
1367 686 1517 740 spem
1542 669 1758 725 habeat.
1864 669 2062 725 frustra
2092 686 2246 740 spem
2287 671 2581 728 habuimus
2625 674 2677 728 in
2722 673 2835 729 Deo
2861 674 2992 731 etin
3031 675 3175 747 Lege
3213 677 3359 746 ejus.
3395 677 3469 735 Et

191 763 334 828 Quod
383 763 425 817 si
477 760 751 831 paululum
799 762 1138 818 tardaverint
1167 778 1289 832 quae
1317 762 1579 831 promissa
1608 771 1761 828 sunt,
1864 764 1988 820 ideo
2026 764 2315 820 mendacio
2348 767 2584 834 protecti
2625 781 2816 823 sumus
2842 809 2857 834 ,
2881 770 3012 839 quia
3055 771 3257 826 mortui
3289 770 3472 827 immi-

191 872 292 912 non
314 855 382 911 sit
401 855 706 911 incredulus
735 875 748 912 :
789 855 1056 912 Modicum
1103 858 1250 911 enim
1286 855 1681 926 parvulumque
1707 863 1765 910 et
1864 864 2082 912 nentem
2103 858 2486 924 captivitatem
2518 858 2941 915 declinavimus.
2976 861 3220 918 Verbum
3250 863 3475 920 Hebrai-

192 951 400 1006 veuient
422 965 538 1019 qua:
563 949 830 1016 promissa
863 959 1012 1004 sunt.
1041 947 1248 1003 Etenim
1270 947 1539 1002 tribulatio
1563 948 1764 1019 patien-

191 1045 307 1098 tiam
327 1050 560 1112 apcratur
583 1055 602 1105 ;
629 1042 880 1113 patientia
901 1041 1257 1112 probationem
1283 1056 1300 1094 :
1331 1039 1568 1112 probatio
1597 1053 1762 1110 spem;

190 1154 301 1208 spes
328 1146 488 1192 autem
518 1151 619 1189 non
648 1133 922 1204 confundit
957 1131 1134 1204 (Rom.
1166 1148 1221 1198 v,
1253 1135 1308 1196 '5,
1337 1133 1395 1194 4.
1425 1131 1502 1202 5).
1551 1131 1620 1184 Et
1650 1130 1767 1184 haec

189 1226 300 1296 ipsa
327 1224 600 1280 tribulatio
633 1223 1009 1293 geminabitur
1042 1223 1388 1279 detractione
1409 1220 1573 1293 379
1597 1221 1767 1274 labio—

186 1335 320 1385 rum,
347 1328 398 1373 et
436 1315 792 1384 blasphemiis
831 1315 1304 1386 persequentium,
1331 1313 1534 1385 quibus
1570 1312 1766 1367 adver-

183 1428 268 1468 sus
291 1412 383 1467 Dei
415 1411 679 1482 populum
707 1409 900 1466 rabido
948 1425 1044 1465 ore
1070 1409 1396 1465 deszeviunt.
1424 1407 1599 1463 Porro
1636 1420 1768 1475 apo-

182 1505 297 1561 stoli
319 1513 372 1559 et
391 1504 684 1575 apostolici
709 1504 808 1558 viri
828 1503 1124 1574 loquentur
1145 1501 1212 1556 ad
1255 1503 1521 1572 populum
1551 1501 1766 1558 Iudam-

179 1615 311 1662 rum,
341 1597 628 1653 dicentes:
660 1596 790 1650 Haec
811 1605 884 1650 est
907 1598 1109 1667 requies
1139 1597 1384 1650 esurienti
1407 1597 1697 1665 jnsritiam,
1719 1605 1770 1653 et

180 1697 279 1748 lucc
301 1693 547 1747 contritio
594 1701 651 1746 et
699 1692 948 1762 angustia
977 1706 1097 1757 quae
1142 1689 1291 1745 ducit
1342 1691 1410 1744 ad
1441 1691 1627 1744 vitam.
1659 1690 1768 1745 Illis

179 1787 285 1843 ιιωο
315 1784 768 1855 praedicantibus,
811 1783 1003 1838 audire
1052 1782 1204 1849 impii
1259 1781 1576 1838 noluerunt.
1609 1781 1769 1837 Unde

177 1879 271 1934 ltoc
299 1877 439 1948 quod
466 1876 548 1930 ad
582 1875 676 1930 Dei
705 1873 960 1945 populum
993 1872 1278 1928 dicebatur
1307 1889 1320 1928 :
1361 1870 1773 1927 Tribulationem

173 1975 369 2038 sustine,
396 1972 792 2026 tribulationem
819 1970 1014 2024 sustine
1038 1985 1056 2034 ;
1083 1976 1322 2040 exspecta
1346 1984 1509 2040 spem,
1537 1975 1775 2040 exspecta

175 2083 302 2138 spem
327 2083 345 2120 :
373 2068 562 2118 adhuc
603 2063 885 2129 modicum,
913 2062 1086 2117 adhuc
1138 2062 1421 2126 modicum,
1455 2061 1563 2116 illis
1594 2069 1777 2116 verte-

177 2170 254 2216 tur
279 2162 330 2216 in
362 2175 620 2232 pansam,
644 2162 735 2226 qui
759 2159 950 2213 audire
979 2170 1295 2213 sermonem
1327 2155 1544 2210 Domini
1578 2155 1773 2210 nolue-

173 2263 306 2318 runt,
341 2262 398 2307 ut
425 2261 701 2308 cnrruant
734 2262 786 2307 et
812 2251 1014 2305 vadunt
1045 2258 1370 2310 retrorsum,
1397 2257 1451 2303 et
1483 2247 1535 2302 iu
1561 2247 1776 2317 pericu-

172 2347 272 2402 lum
301 2347 614 2402 οιιςίᾱίοηίε
640 2360 703 2401 ac
731 2345 923 2400 mortis
974 2345 1282 2408 incurrant,
1309 2350 1367 2398 et
1408 2341 1615 2412 absque
1662 2341 1776 2398 ullo

172 2439 523 2495 miseriarum
547 2438 653 2493 line
675 2439 980 2508 capiantur.
1012 2435 1167 2504 Quod
1196 2441 1378 2489 autem
1412 2433 1636 2490 verbum
1665 2432 1774 2488 Ile-

173 2532 405 2588 braicum
439 2548 584 2595 DEA,
615 2531 759 2602 quod
799 2545 991 2586 omnes
1021 2536 1324 2595 verterunt,
1347 2527 1640 2590 scientiam,
1671 2527 1775 2581 soli

174 2627 531 2697 Septuzlginta
561 2626 700 2679 ntala
728 2622 1068 2692 interpretati
1099 2631 1248 2687 sunt,
1267 2635 1426 2677 error
1453 2619 1774 2691 perspicuus

173 2731 268 2774 est.
294 2719 481 2774 Prima
522 2719 668 2773 enim
720 2717 896 2772 littera
928 2731 1162 2780 DALETH,
1192 2715 1275 2770 vel
1301 2731 1400 2769 nes
1429 2728 1595 2784 parvo
1618 2713 1777 2783 apice

173 2813 610 2884 distinguuntur.
645 2812 702 2869 Si
732 2826 863 2882 ergo
909 2810 1121 2881 legatur
1161 2825 1267 2865 nm
1299 2807 1476 2882 (rm).
1509 2810 1775 2863 scientiam

173 2915 365 2971 sonat;
394 2906 445 2961 si
501 2894 607 2960 nm
664 2903 847 2974 (τω-ι),
883 2902 1178 2967 malitiam;
1203 2916 1311 2955 non
1343 2915 1375 2954 a
1407 2899 1575 2966 malo,
1632 2898 1778 2968 quod

176 2996 521 3053 contrarium
553 2996 699 3050 bono
727 3004 831 3059 est,
867 2993 963 3048 sed
987 2992 1056 3046 ab
1075 2991 1344 3063 angustia.

239 3091 429 3160 (Vers.
461 3090 554 3156 14,
587 3090 702 3151 15.)
734 3086 955 3160 PrOpter
979 3087 1078 3141 hoc
1106 3087 1286 3141 audite
1309 3085 1517 3141 verbum
1539 3085 1770 3155 Domini,

1867 965 1986 1007 eum
2015 966 2112 1006 so'r
2156 955 2350 1020 (12W),
2377 954 2573 1020 Aquila
2611 963 2667 1009 et
2720 953 3133 1024 Symmachus,
3176 957 3469 1030 ﬂagellum,

1867 1044 2378 1116 LXXtempestatem
2418 1046 2766 1117 interpretati
2799 1057 2956 1112 sunt;
2986 1058 3012 1086 οι
3035 1064 3242 1106 cmssu
3273 1052 3291 1122 (
3324 1063 3420 1112 at:
3451 1050 3472 1123 )

1867 1155 2081 1210 quoque
2103 1153 2294 1193 omnes
2321 1138 2647 1192 mendacium
2671 1140 3106 1206 transtulerunt,
3141 1141 3196 1196 in
3222 1157 3329 1212 quo
3349 1158 3475 1210 Spe-

1869 1242 2126 1288 raverunt
2149 1231 2321 1286 Judaei
2344 1273 2360 1298 ,
2385 1231 2541 1302 cujus
2558 1231 2712 1302 juxta
2739 1233 3147 1305 Evangelistant
3176 1233 3470 1306 Joannem,

1868 1331 2024 1392 pater
2047 1332 2132 1378 est
2159 1324 2427 1380 diabolus.

1942 1414 2126 1483 (Vers.
2162 1417 2225 1470 l6
2251 1416 2449 1489 seqq.).
2489 1417 2697 1472 Idcirco
2719 1419 2830 1474 [nec
2854 1420 2976 1475 dicit
3001 1418 3260 1476 Dominus
3287 1421 3428 1477 Deus
3453 1437 3473 1480 :

1871 1503 2008 1559 Ecce
2024 1523 2116 1577 ego
2147 1507 2347 1560 mittam
2374 1509 2428 1561 in
2457 1509 2812 1579 fundamentis
2863 1512 2991 1568 Sion
3022 1512 3252 1584 lapidem
3283 1512 3312 1553 δ
3353 1530 3476 1587 pro-

1872 1597 2079 1659 batum,
2113 1598 2420 1670 angularem
2446 1642 2461 1666 ,
2491 1603 2797 1672 pretiosum,
2822 1603 3099 1669 fundatum
3126 1607 3428 1674 fundamine
3451 1622 3474 1661 :

1871 1692 1958 1760 qui
1994 1691 2302 1756 crediderit,
2333 1708 2434 1746 non
2476 1695 2703 1764 festinet.
2754 1693 2824 1748 Et
2863 1713 3051 1767 ponam
3094 1698 3358 1768 judicium
3413 1699 3470 1753 in

1800 1791 1848 1851 B
1873 1783 2100 1854 pondere
2119 1824 2131 1845 ,
2155 1794 2201 1836 et
2225 1784 2491 1856 justitiam
2523 1786 2577 1838 in
2609 1802 2848 1841 mensura
2875 1803 2894 1842 :
2923 1799 2971 1842 et
3002 1788 3251 1842 subvertet
3278 1790 3476 1860 grando

1874 1890 2014 1944 spem
2041 1875 2328 1940 mendacii,
2376 1885 2424 1929 et
2457 1879 2826 1946 protectionem
2857 1895 3007 1944 aqum
3031 1880 3378 1933 inundabunt.
3413 1880 3478 1934 Et

1875 1967 2126 2020 delebitur
2153 1968 2318 2037 foedus
2345 1978 2566 2023 vestrum
2585 1987 2701 2023 cum
2727 1981 2920 2031 morte.
2947 1980 2993 2025 et
3018 1981 3226 2038 pactum
3256 1981 3479 2026 uestrum

1871 2075 1988 2113 cum
2005 2061 2210 2132 inferno
2235 2077 2336 2114 non
2365 2063 2555 2129 stabit;
2572 2061 2844 2135 ﬂagellum
2879 2063 3142 2117 inundans
3169 2081 3283 2117 cum
3303 2073 3476 2118 trans-

1875 2156 2024 2222 ierit,
2056 2157 2203 2211 eritis
2233 2157 2280 2210 ei
2321 2157 2375 2210 in
2418 2155 2881 2211 conculcationem.
2919 2155 3049 2212 Cum
3080 2155 3192 2229 [AL
3224 2157 3481 2223 Quando-

1875 2248 2115 2322 cumque]
2140 2253 2494 2318 pertransierit
2514 2291 2529 2316 ,
2556 2248 2700 2304 tollet
2731 2266 2818 2303 ros
2849 2266 2868 2305 :
2901 2251 3146 2317 quoniam
3169 2267 3319 2305 mane
3347 2251 3488 2305 dilu-

1875 2339 1992 2394 culo
2022 2341 2257 2394 transibit
2297 2342 2353 2394 in
2392 2340 2477 2393 die
2526 2351 2571 2394 et
2597 2341 2651 2393 in
2694 2349 2872 2407 nocte,
2903 2350 2952 2394 et
2985 2342 3339 2396 tantummodo
3367 2341 3482 2397 sola

1875 2435 2079 2488 vexatio
2123 2432 2438 2488 intellectum
2487 2433 2632 2488 dabit
2661 2433 2866 2486 auditui
2906 2449 2924 2487 :
2957 2431 3369 2507 Coangustatum
3407 2442 3486 2490 est

1877 2529 2014 2583 enim
2044 2538 2261 2582 stratum
2287 2570 2303 2593 ,
2354 2529 2435 2581 ita
2463 2537 2519 2580 ut
2548 2529 2682 2582 alter
2727 2528 2935 2581 decidat
2963 2543 2981 2582 :
3007 2538 3053 2582 et
3077 2527 3301 2600 pallium
3343 2529 3489 2585 breve

1877 2631 2152 2690 utrumque
2181 2621 2384 2694 operire
2409 2637 2507 2674 non
2535 2631 2726 2691 potest.
2757 2619 2901 2675 LXX
2937 2637 2951 2676 :
2989 2618 3270 2689 Propterea
3297 2621 3374 2675 sic
3402 2622 3484 2676 di-

1876 2714 1944 2767 cit
1970 2712 2220 2769 Dominus
2252 2730 2269 2768 :
2301 2711 2439 2768 Ecce
2467 2730 2558 2785 ego
2582 2715 2855 2768 immittam
2875 2713 2929 2767 in
2977 2713 3328 2784 fundamenta
3348 2712 3482 2768 Sion

1878 2810 2102 2880 lapidem
2136 2811 2416 2881 pretiosum
2446 2851 2462 2877 ,
2495 2809 2744 2877 electum,
2767 2809 3101 2882 angularem,
3125 2807 3483 2863 honorabilem

1877 2904 1932 2957 in
1961 2905 2300 2973 fundamenta
2326 2905 2474 2975 ejus;
2518 2915 2566 2959 et
2586 2906 2676 2976 qui
2705 2904 3022 2967 crediderit,
3057 2919 3162 2957 non
3192 2902 3484 2974 confunde-

1883 3007 1986 3049 tur.
2024 2995 2090 3048 Et
2129 3014 2316 3066 ponam
2351 2996 2616 3068 judicium
2643 2997 2698 3050 in
2734 3013 2876 3068 spem
2903 3013 2923 3050 :
2951 2995 3360 3050 misericordiam
3387 3010 3488 3049 att-

1886 3098 1986 3141 tem
2010 3103 2177 3140 meam
2215 3089 2267 3140 in
2297 3087 2554 3155 pondere,
2590 3097 2636 3139 et
2665 3088 2754 3156 qui
2794 3089 3008 3141 credunt
3041 3088 3240 3153 frustra
3261 3085 3480 3142 menda-

172 3185 262 3239 viri
295 3184 554 3238 illusores
576 3223 590 3247 ,
622 3182 712 3252 qui
741 3181 1085 3235 dominamini
1107 3196 1262 3251 super
1293 3179 1544 3250 papulum
1579 3195 1776 3244 meum,
1809 3170 1854 3234 C
1887 3182 1966 3234 cio
1989 3222 2004 3243 ,
2034 3181 2280 3250 quoniam
2314 3195 2418 3232 non
2440 3179 2676 3232 transibit
2715 3195 2806 3247 per
2845 3194 2941 3231 nos
2969 3187 3272 3249 tempestas,
3304 3190 3351 3233 et
3381 3194 3486 3232 non

172 3278 255 3346 qui
281 3284 362 3330 cst
387 3276 445 3328 in
493 3271 808 3327 Jerusalem.
843 3271 1064 3326 Dixistis
1092 3272 1227 3324 enim
1259 3271 1664 3324 :Percussimus
1688 3272 1782 3341 fae-

173 3368 263 3422 dus
294 3381 423 3420 cum
450 3373 618 3417 morte
642 3404 658 3428 ,
705 3371 893 3417 etcum
921 3363 1128 3432 inferno
1157 3362 1371 3429 fecimus
1403 3372 1610 3431 pactum
1636 3376 1648 3413 :
1684 3361 1784 3430 fla-

175 3460 365 3530 grllum
386 3454 663 3510 inundans
684 3469 802 3507 cum
833 3452 1130 3516 transierit,
1163 3468 1265 3505 non
1294 3453 1456 3505 veniet
1479 3467 1634 3521 super
1663 3466 1776 3516 nos,

175 3554 290 3623 quia
318 3548 603 3622 posuimus
624 3546 953 3600 mendacium
980 3562 1123 3615 spem
1143 3557 1374 3599 nostram
1398 3585 1413 3609 ,
1441 3555 1489 3600 et
1512 3545 1782 3600 mendacio

180 3644 390 3715 protecti
432 3657 641 3696 sumus.
675 3637 818 3694 LXX
847 3655 862 3692 :
892 3637 1178 3707 Pr0pterea
1207 3638 1385 3694 audite
1430 3638 1636 3694 verbum
1670 3637 1779 3692 Do-

181 3737 300 3792 mini
328 3736 430 3791 uiri
449 3777 466 3801 ,
497 3732 734 3788 tribulati
769 3742 820 3787 et
861 3733 1120 3804 principes
1151 3730 1330 3804 populi
1365 3731 1557 3805 hujus,
1589 3731 1678 3799 qui
1707 3741 1784 3786 est

180 3833 232 3886 in
274 3831 581 3889 Jerusalem
606 3847 626 3885 :
676 3830 812 3898 Quia
850 3829 1059 3884 dixistis
1090 3844 1108 3882 :
1150 3825 1391 3882 Fecimus
1423 3836 1783 3883 testamentum

182 3943 296 3982 cum
333 3927 548 3997 inferno
571 3966 586 3991 ,
619 3934 666 3979 et
696 3941 810 3978 cum
839 3933 1004 3978 morte
1031 3932 1241 3995 pactum
1271 3939 1289 3977 :
1313 3933 1586 3993 tempestas
1615 3932 1785 3975 trans—

179 4023 287 4077 iens
310 4023 355 4077 si
381 4020 618 4087 irruerit,
653 4036 753 4074 non
776 4021 944 4074 veniet
971 4034 1124 4087 super
1153 4034 1246 4072 nos
1265 4057 1281 4084 ,
1321 4018 1563 4087 quoniam
1611 4016 1788 4088 posui-

186 4131 300 4168 mus
324 4114 654 4168 mendacium
687 4129 831 4182 spent
864 4123 1095 4166 nostram
1121 4151 1136 4176 ,
1167 4119 1216 4164 et
1254 4109 1522 4164 mendacio
1553 4118 1789 4180 protege-

189 4223 326 4262 mnr.
354 4207 511 4276 Quod
534 4222 698 4278 supra
721 4207 956 4261 diximus
987 4218 1110 4258 cum
1132 4201 1390 4256 irrisione
1419 4200 1608 4255 solitos
1633 4199 1788 4269 prin-

183 4300 671 4372 cipesJudaaorum
686 4297 980 4368 PrOpltetis
1002 4295 1222 4351 dicere:
1243 4292 1464 4357 Munda,
1493 4291 1742 4345 remanda
1771 4309 1790 4357 ;

193 4408 430 4468 exspecta
454 4440 469 4463 ,
508 4405 824 4466 reexspecta,
856 4403 912 4450 et
939 4400 1140 4449 caetera
1165 4388 1251 4443 bis
1281 4385 1478 4442 similia
1503 4426 1519 4451 ,
1553 4400 1650 4455 per
1673 4400 1794 4452 qua:

195 4492 501 4549 ostenditur
533 4503 870 4560 nequaquam
912 4500 1008 4543 eos
1047 4482 1453 4554 PrOpbetarnm
1485 4477 1796 4534 credidisse

1884 3275 2086 3345 auferet
2135 3272 2277 3326 nobis
2326 3281 2680 3326 testamentum
2725 3272 2940 3336 mortis,
2981 3282 3029 3324 et
3059 3288 3174 3337 spes
3211 3283 3375 3326 vestra
3415 3271 3486 3326 ad

1882 3370 2145 3440 infernum
2176 3384 2280 3420 non
2311 3365 2645 3437 permanebit.
2679 3363 2978 3436 Tempestas
3003 3364 3209 3418 veniens
3237 3365 3281 3418 si
3310 3375 3490 3418 trans-

1883 3461 1998 3516 ierit
2023 3503 2036 3522 ,
2065 3461 2208 3515 eritis
2236 3460 2284 3514 ei
2311 3459 2365 3512 in
2391 3457 2836 3512 conculcationem
2863 3473 2876 3510 τ
2901 3472 3020 3510 cum
3051 3455 3354 3521 transierit,
3387 3452 3485 3508 tol-

1886 3556 1954 3610 let
1984 3572 2070 3610 vos
2100 3570 2251 3608 mane
2273 3596 2288 3620 ,
2316 3569 2468 3608 mane
2490 3552 2804 3624 pertransiet
2849 3568 2866 3605 :
2896 3550 2977 3604 die
2997 3558 3042 3603 et
3065 3560 3213 3603 nocte
3249 3548 3344 3603 erit
3374 3562 3491 3615 spes

1885 3651 2125 3720 pessima.
2162 3646 2352 3701 Discite
2377 3646 2561 3700 audire
2588 3646 2678 3716 qui
2702 3645 2823 3699 estis
2853 3643 2903 3698 in
2952 3640 3288 3697 tribulatione
3314 3658 3333 3695 :
3367 3638 3492 3696 Non

1886 3759 2159 3814 possumus
2211 3756 2472 3814 pugnare,
2523 3740 2622 3806 ipsi
2658 3748 2828 3792 autem
2855 3734 3052 3805 inﬁrmi
3080 3751 3259 3789 sumus
3291 3744 3344 3788 ut
3367 3750 3492 3788 con-

1885 3851 2174 3909 gregemur.
2205 3834 2504 3898 Dixeram,
2530 3829 2746 3902 inquit,
2783 3830 2940 3884 vobis
2976 3826 3216 3884 :Audite
3259 3826 3486 3886 verbum

1888 3927 2138 3992 υοιιιίηἰ,
2173 3927 2272 3981 viri
2304 3911 2561 3980 illusores
2586 3965 2600 3989 ,
2649 3923 2764 3978 sive
2796 3919 3036 3976 triliuluti
3083 3919 3360 3986 principes
3393 3931 3492 3986 po-

1891 4023 1999 4091 puli
2035 4019 2140 4075 mei
2167 4061 2181 4082 ,
2217 4027 2272 4073 et
2302 4018 2469 4072 nolite
2515 4014 2689 4071 fcedus
2719 4012 2922 4067 habere
2962 4025 3087 4064 cum
3123 4017 3299 4062 tunrte
3324 4048 3340 4072 ,
3391 4022 3493 4062 nec

1892 4121 2107 4182 partum
2156 4125 2278 4164 cum
2319 4108 2571 4170 inferno,
2622 4103 2714 4172 qui
2755 4105 3172 4157 contemnentes
3222 4107 3492 4165 praecepta

1892 4221 2011 4260 mea
2040 4246 2056 4271 ,
2091 4201 2347 4273 posuistis
2388 4194 2730 4253 mendacium
2778 4206 2930 4261 spem
2976 4198 3212 4243 Vestrum
3239 4228 3254 4249 ,
3287 4197 3342 4240 et
3372 4185 3493 4254 glo-

1895 4298 2102 4351 riantes
2127 4335 2140 4355 .
2173 4293 2334 4365 381
2380 4291 2547 4346 immo
2577 4287 2937 4357 desperantes
2963 4279 3146 4337 dicitis
3177 4297 3191 4336 :
3224 4279 3498 4334 mendacio

1898 4396 2239 4457 protegcmur.
2265 4381 2472 4436 Idcirco
2496 4378 2812 4435 misericirrs
2832 4386 2886 4432 et
2901 4375 3189 4430 miserator
3210 4372 3496 4437 Dominus,

1897 4476 2110 4548 patiens
2135 4484 2189 4526 et
2218 4473 2442 4526 multum
2466 4471 2777 4527 misericors
2801 4467 2920 4540 (Ps.
2945 4466 3156 4536 cxuv),
3189 4465 3501 4520 nolentibus

198 4582 584 4648 sermotiibns,
623 4558 742 4634 sed
774 4577 1116 4650 prophetiam
1155 4589 1348 4631 eorum
1391 4569 1653 4626 habuisse
1699 4560 1875 4623 de-D
1901 4565 2058 4623 vobis
2084 4605 2099 4629 ,
2153 4565 2208 4618 in
2259 4562 2608 4617 fundamenta
2653 4562 2783 4618 Sion
2837 4558 3077 4630 lapidem
3121 4559 3358 4614 electum
3385 4598 3401 4623 ,
3448 4565 3505 4612 et

199 4677 404 4745 spectui
437 4694 453 4730 :
486 4689 732 4745 przrsens
762 4672 1002 4728 ostendit
1039 4668 1360 4739 capitulum,
1394 4681 1491 4734 per
1519 4663 1664 4735 quod
1698 4677 1794 4733 ap-

199 4771 470 4838 pellantur
499 4768 596 4823 oiri
618 4768 878 4823 illusores.
899 4765 1039 4820 Sunt
1068 4773 1245 4816 autem
1278 4759 1483 4817 Scriba:
1521 4767 1576 4813 et
1597 4755 1792 4812 Phari-

205 4859 295 4915 saei
322 4860 418 4932 qui
463 4860 814 4914 dominantur
852 4869 1020 4925 super
1060 4851 1318 4923 populum
1355 4849 1451 4907 Dei
1483 4851 1535 4904 in
1574 4847 1797 4904 Jerusa-

205 4952 305 5008 lem
336 4995 352 5018 ,
384 4967 529 5024 quos
577 4950 720 5007 LXX
764 4959 962 5007 vocant
1001 4948 1136 5002 uiros
1173 4945 1474 5008 tribulatos,
1508 4951 1563 4996 et
1595 4941 1794 5011 princi-

209 5062 292 5116 pes
317 5045 501 5118 populi
537 5045 852 5101 Jerusalem.
895 5041 1158 5099 Dixerunt
1183 5039 1327 5094 enim
1359 5052 1465 5092 non
1495 5049 1751 5092 sermone
1780 5075 1794 5100 ,

208 5141 300 5196 sed
331 5157 528 5213 opere:
560 5140 766 5198 Sumus
789 5139 932 5193 sicut
972 5147 1025 5190 et
1053 5143 1270 5190 eceterae
1312 5131 1562 5185 nationes
1597 5145 1608 5179 :
1636 5126 1802 5182 liabe-

211 5247 330 5288 mus
360 5241 578 5303 pactum
610 5245 664 5288 et
693 5230 872 5288 fmdus
917 5244 1040 5285 cum
1074 5227 1289 5282 interno
1338 5232 1392 5277 et
1418 5236 1543 5278 cum
1576 5228 1751 5294 morte
1783 5235 1797 5274 ε

211 5330 374 5381 semel
407 5327 574 5399 380
593 5326 820 5380 salutem
863 5321 1299 5394 desperavimus.
1325 5317 1489 5373 Certe
1514 5314 1802 5384 captivitas

215 5415 373 5488 longo
405 5426 530 5486 post
560 5429 804 5488 tempore
834 5426 1061 5471 ventura
1107 5421 1212 5479 est,
1247 5410 1554 5466 dicentibus
1600 5405 1756 5462 vobis
1787 5423 1800 5460 :

216 5509 405 5568 Adhuc
433 5511 704 5568 modicum
724 5551 744 5580 ,
788 5508 962 5565 adhuc
1011 5504 1284 5562 modicum
1318 5520 1332 5557 :
1362 5508 1620 5572 exspecta
1642 5539 1658 5566 ,
1681 5512 1801 5554 rur-

290 5691 314 5720 ι
346 5680 571 5746 Verius,
595 5688 656 5736 ut
683 5678 916 5745 videtur,
941 5679 996 5733 in
1015 5675 1405 5746 “timentis.

1902 4659 2189 4732 probatum
2219 4698 2234 4723 ,
2285 4665 2341 4712 et
2373 4653 2710 4726 pretiosum,
2765 4662 2823 4708 et
2864 4652 3177 4722 angularem
3206 4650 3505 4714 missurum

1902 4767 2026 4810 esse
2051 4767 2111 4807 se
2135 4749 2284 4805 dicit.
2335 4747 2412 4804 De
2450 4761 2562 4810 quo
2605 4755 2661 4800 et
2689 4744 2982 4814 Apostolus
3011 4741 3258 4812 loquitur
3290 4755 3305 4794 :
3341 4739 3506 4805 Quasi

1901 4849 2109 4915 sapiens
2131 4842 2442 4898 architectus
2469 4838 2866 4912 fundamentum
2890 4833 3038 4906 posui
3065 4833 3106 4904 (I
3130 4831 3252 4888 Cor.
3283 4847 3363 4900 In,
3390 4831 3503 4903 10);

1901 4948 1958 4996 et
1979 4939 2175 4994 iterum
2207 4955 2220 4989 :
2248 4934 2677 4990 Fundamentum
2699 4933 2835 4986 enim
2871 4927 3020 4983 aliud
3047 4942 3197 4983 nemo
3223 4937 3386 4994 potest
3407 4943 3505 4997 po-

1903 5049 2020 5087 nere
2044 5039 2231 5097 praeter
2257 5029 2312 5082 id
2337 5027 2477 5099 quod
2508 5026 2732 5093 positum
2755 5033 2829 5078 est
2849 5063 2866 5089 ,
2889 5021 3028 5094 quod
3053 5029 3126 5076 est
3157 5018 3395 5075 Christus
3416 5016 3510 5075 Je-

1901 5123 2193 5194 sus(lbid.,
2225 5121 2339 5190 ll}.
2375 5119 2482 5175 Iste
2511 5119 2647 5189 lapis
2676 5133 2810 5174 vere
2830 5125 2888 5174 et
2912 5115 3159 5173 secundo
3191 5116 3505 5186 appellatur

1901 5214 2040 5284 lapis
2065 5256 2080 5280 ,
2123 5215 2262 5267 sicut
2293 5219 2349 5265 et
2387 5211 2442 5266 in
2471 5209 2716 5266 Levitico
2741 5252 2756 5276 ,
2790 5211 2944 5265 homo
2973 5251 2986 5273 ,
3020 5209 3174 5264 homo
3197 5208 3280 5262 liis
3305 5207 3507 5262 dicitur

1904 5317 1960 5363 et
1981 5304 2256 5376 angularis
2305 5303 2444 5373 lapis
2466 5345 2483 5370 ,
2531 5301 2655 5372 quia
2681 5300 3138 5358 Circumcisiouis
3167 5307 3226 5354 et
3252 5296 3508 5352 Gentium

1905 5398 2138 5472 populos
2165 5396 2444 5467 copulavit
2469 5435 2486 5461 ,
2515 5394 2584 5450 de
2612 5411 2720 5463 quo
2738 5404 2795 5449 et
2823 5396 2877 5448 in
2908 5393 3120 5462 psalmo
3143 5388 3345 5444 dicitur
3369 5404 3382 5439 :
3406 5385 3513 5441 La-

1907 5492 2076 5565 pidem
2102 5505 2252 5562 quem
2301 5491 2702 5559 reprobaverunt
2730 5485 3051 5555 aedificantes
3075 5523 3090 5549 ,
3121 5481 3206 5536 hic
3238 5483 3407 5553 factus
3438 5488 3513 5538 est

287 5749 313 5792 δ
344 5731 628 5809 vitam;
639 5731 852 5822 repetit
874 5731 1120 5826 lapidem
1147 5761 1217 5803 ex
1239 5744 1470 5801 Hebraeo
1493 5736 1831 5809 Vulgataque
1857 5731 2116 5792 editione.
