4010 6330
519 226 627 296 I23

1785 211 1846 274 Β.
1889 208 2156 272 EUSEBII
2196 199 2575 270 HIERONYMI

3718 200 3829 270 lii

513 351 569 406 in
597 355 752 420 caput
799 340 980 414 anguli
1022 336 1140 409 (Ps.
1170 346 1333 399 csvu,
1363 327 1600 403 22).!sti
1631 336 1958 386 suntautem
1988 325 2123 420 mdif
2151 327 2207 388 Δ
2230 337 2285 420 et
2314 321 2648 420 iri—Ezechiel
2677 320 3035 420 subpersnna
3062 319 3264 420 uxoris‘
3279 318 3520 420 loquitur
3546 318 3832 420 fornican-

518 419 742 497 ticames
785 443 842 488 et
885 423 1222 486 caem'entarii
1248 466 1262 492 ,
1297 424 1388 495 qui
1437 437 1580 478 nunc
1625 421 1968 491 appellantur
2017 419 2118 473 viri

522 531 776 588 illusores
793 534 848 579 et
874 521 1152 592 principes
1181 516 1364 588 populi
1385 519 1578 585 quiest
1610 515 1663 569 in
1692 513 2015 569 Jerusalem.
2047 510 2124 566 De

522 621 627 677 hoc
649 615 826 686 lapide
845 622 906 670 et
933 614 986 668 in
1020 609 1248 670 Daniele
1270 608 1502 680 legimus
1529 647 1542 671 ,
1568 606 1712 678 quod
1734 604 1954 662 excisus
1966 606 2037 659 sit
2058 603 2125 658 de

525 721 714 770 monte
734 709 854 763 sine
872 705 1122 762 manibus
1148 743 1163 769 ,
1187 711 1243 758 et
1265 699 1575 772 impleverit
1603 699 1914 754 iniiversum
1937 696 2125 751 orbem

523 801 688 875 (Dan.
732 800 794 873 ιι)
827 814 952 865 :eo
979 795 1125 868 quod
1155 792 1328 849 divini
1355 790 1620 865 germinis
1647 789 1986 870 dispensatio
2028 786 2130 842 bu-

521 911 744 954 manum
769 906 969 961 corpus
999 885 1358 958 assumpserit
1378 926 1393 952 ,
1424 893 1479 941 et
1506 882 1837 939 habitaverit
1854 881 1907 936 in
1932 895 1997 936 eo
2019 879 2130 949 ple-

524 988 720 1049 nitudo
745 983 1059 1042 Divinitatis
1086 978 1468 1050 corporaliter.
1495 976 1674 1046 Super
1703 973 1846 1029 hunc
1872 970 2127 1041 lapidem,

525 1084 616 1156 qui
647 1081 761 1136 alio
785 1075 1009 1134 nomine
1029 1074 1339 1145 appellatur
1364 1082 1514 1142 petra
1535 1110 1550 1137 ,
1576 1069 1826 1124 Christus
1843 1064 2134 1156 aedificavit

525 1153 871 1237 Ecclesiam,
905 1176 963 1225 et
1011 1165 1172 1221 firmo
1199 1203 1214 1231 ,
1260 1164 1414 1233 juxta
1462 1159 1835 1228 Hebraicum,
1892 1153 2137 1213 fundavit

527 1263 886 1326 fundamine,
950 1259 1004 1314 in
1053 1272 1160 1327 quo
1203 1255 1296 1326 qui
1342 1251 1673 1318 crediderit,
1745 1266 1848 1304 non
1914 1248 2138 1319 confun-

525 1356 718 1417 detur,
803 1353 960 1418 sive,
1031 1349 1182 1418 juxta
1240 1345 1608 1408 llebraicum,
1690 1359 1796 1396 non
1859 1341 2066 1410 festinet
2117 1354 2136 1392 :

2227 419 2296 472 tis
2339 413 2558 490 (Ezech.
2593 428 2704 478 xvi,
2738 411 2854 482 2i),
2884 419 2941 466 et
2963 425 3124 480 quam
3149 411 3201 465 in
3224 409 3365 466 Osee
3388 409 3661 480 principio
3679 426 3831 468 scor-

2229 517 2338 562 tum
2372 517 2528 561 vocat
2553 514 2608 562 et
2645 505 2956 561 adulteram
2992 502 3142 576 (Ore.
3188 502 3294 574 ιιι),
3323 503 3369 558 si
3397 503 3477 558 vis
3506 504 3648 559 meis
3681 519 3832 560 com-

2229 597 2480 669 plexibus
2499 597 2746 668 copulari
2766 637 2780 661 ,
2813 595 2992 665 abjiee
3023 595 3166 651 idola
3203 611 3216 648 ι
3264 594 3310 649 si
3341 595 3604 651 servieris
3632 595 3830 668 idolis,

2230 704 2316 745 me
2332 689 2530 746 habere
2544 705 2651 744 non
2678 689 2901 758 poteris.
2929 687 3205 758 Hocjuxta
3232 687 3586 744 llebraicum.
3612 687 3641 728 ιι
3663 689 3834 746 Porro

2231 783 2378 854 quod
2423 783 2479 838 in
2524 781 2671 837 LXX
2721 781 2963 852 legitur:
2997 779 3199 836 Discite
3241 781 3424 837 audire
3467 782 3559 850 qui
3602 783 3836 840 tribulati

2233 876 2353 931 estis
2379 893 2397 930 :
2440 892 2544 930 non
2584 891 2855 948 pessumus
2900 891 3167 946 pugnare,
3201 876 3298 946 ipsi
3317 887 3490 930 autem
3526 877 3724 947 iit/initi
3745 895 3834 934 stt-

2235 986 2349 1024 mus
2371 979 2426 1024 ut
2449 985 2818 1043 congregemur
2841 1007 2858 1035 ,
2885 984 3045 1034 quem
3076 983 3299 1026 sensum
3343 969 3538 1026 habeat
3555 999 3573 1034 ι
3601 981 3658 1026 et
3697 987 3838 1041 quo-

2237 1048 2399 1117 modo
2450 1061 2824 1131 superioribus
2865 1061 3180 1132 copuletur,
3216 1062 3432 1131 penitus
3463 1062 3674 1132 ignoro.
3723 1063 3837 1120 Nisi

2237 1153 2380 1211 forte
2410 1155 2477 1210 ad
2518 1153 2794 1225 principes
2839 1155 3026 1225 populi
3058 1155 3313 1225 loquatur
3355 1170 3540 1211 sermo
3571 1156 3795 1214 divinus
3822 1198 3838 1225 ,

2240 1257 2295 1302 et
2327 1247 2574 1302 hortetur
2602 1262 2698 1302 eos
2722 1287 2738 1312 ,
2785 1256 2842 1301 ut
2864 1261 3016 1318 spem
3045 1246 3288 1304 habeant
3316 1247 3370 1302 in
3394 1247 3536 1313 Deo,
3567 1257 3622 1304 et
3645 1266 3750 1305 non
3787 1252 3842 1306 in

2241 1348 2420 1395 morte
2448 1350 2609 1410 atque
2632 1339 2848 1395 inlerno
2866 1379 2880 1405 ,
2904 1348 2958 1394 et
2983 1338 3197 1394 discant
3227 1338 3419 1395 audire
3446 1340 3699 1396 vaticinia
3717 1356 3844 1410 pro-

531 1463 602 1505 ne
674 1443 933 1502 videlicet
1005 1439 1195 1496 tardus
1251 1436 1324 1506 ei,
1345 1433 1553 1490 Christi
1629 1432 1885 1488 videatur
1937 1430 2142 1485 adven-
2242 1429 2788 1501 phetarum:illique
2812 1430 3180 1500 respondeant
3212 1445 3273 1486 se
3302 1431 3745 1501 proinlirmitate
3767 1437 3846 1490 vi-

527 1547 636 1594 tus.
679 1537 738 1592 Si
769 1537 919 1591 enim
968 1529 1272 1587 tardaverit
1315 1527 1473 1598 juxta
1521 1525 1779 1589 Abacnc,
1831 1537 1995 1578 nemo
2045 1521 2141 1577 de—
2242 1523 2385 1577 rium
2427 1522 2687 1579 adversus
2735 1523 3037 1580 contrarias
3095 1531 3392 1593 potestates
3431 1541 3676 1598 pugnare
3736 1545 3841 1584 non

531 1638 720 1702 speret
771 1645 784 1682 :
842 1630 968 1698 quia
1040 1623 1264 1680 veniens
1328 1618 1549 1686 veniet,
1611 1629 1667 1674 ct
1724 1632 1820 1672 sua
1875 1616 2139 1686 promissa
2247 1630 2572 1685 posse,nec
2599 1616 2746 1671 inter
2774 1616 2866 1670 Dei
2915 1617 3170 1688 populum
3191 1621 3536 1688 congregari.

531 1720 832 1792 complebit
899 1717 1106 1791 (Abac.
1181 1715 1294 1786 ιι).
1345 1711 1627 1768 Promittit
1701 1724 1922 1780 quoque
1999 1707 2141 1764 Deus

2319 1705 2502 1778 (Vers.
2534 1707 2639 1775 21,
2677 1707 2797 1778 22.)
2842 1706 2986 1763 Sicut
3031 1709 3166 1762 enim
3219 1712 3273 1764 in
3320 1726 3490 1767 monte
3527 1714 3846 1770 divisionum

529 1829 740 1887 ponere
769 1827 830 1868 se
878 1812 930 1866 in
981 1826 1050 1867 eo
1095 1808 1362 1879 judicium
1417 1805 1682 1876 ponderis
1721 1820 1734 1856 :
1789 1800 1972 1872 Neque
2004 1801 2144 1858 enim
2247 1798 2400 1852 stabit
2425 1796 2704 1868 Dominus,
2733 1800 2868 1854 sicut
2891 1801 2946 1854 in
2968 1800 3103 1855 ualle
3124 1800 3338 1860 Gabuon
3370 1805 3646 1869 irascetur,
3681 1820 3736 1861 ut
3762 1811 3845 1874 [a-

524 1908 733 1982 judicat
796 1903 952 1959 Pater
1002 1916 1347 1974 quemquam,
1377 1899 1468 1954 sed
1523 1912 1673 1953 omne
1711 1894 1977 1966 judicium
2037 1902 2145 1946 tra-
2247 1891 2347 1944 ciat
2379 1907 2507 1963 opus
2533 1908 2706 1959 suum,
2755 1890 2984 1946 alienant
3031 1909 3160 1966 apus
3188 1896 3321 1965 ejus,
3363 1907 3420 1950 ut
3448 1910 3680 1970 operetur
3713 1917 3849 1971 opus

537 2003 669 2057 didit
699 2000 842 2057 Filio
870 1999 1053 2071 (Joan.
1078 2012 1133 2062 ν,
1155 1995 1274 2066 22).
1301 1995 1368 2050 Ει
1393 1993 1660 2063 justitiam
1688 1991 1807 2047 sive
1833 1987 2146 2046 misericor-
2252 1997 2421 2046 suum,
2451 1983 2781 2054 peregrinum
2810 1993 2883 2039 est
2912 2003 3040 2058 opus
3066 1989 3130 2041 ab
3151 2004 3230 2041 eo.
3259 1988 3322 2040 Et
3361 2006 3496 2044 nunc
3529 1990 3686 2046 nolite
3709 1992 3751 2046 il
3761 1993 3848 2047 lu-

537 2095 685 2153 diam
735 2095 786 2150 in
835 2105 1132 2156 mensura,
1182 2097 1240 2144 ut
1291 2083 1481 2144 reddat
1511 2084 1806 2154 unicuique
1843 2080 2142 2139 secundum
2248 2072 2372 2128 dere
2401 2089 2420 2128 :
2461 2090 2524 2128 ne
2563 2079 2697 2145 forte
2741 2075 2906 2148 383
2952 2079 3374 2151 constringuntur
3418 2082 3627 2137 vincula
3654 2097 3846 2139 uestra.

539 2203 710 2259 opera
741 2202 870 2252 sua,
900 2195 955 2242 et
997 2183 1272 2255 justitiam
1313 2195 1379 2236 ac
1407 2176 1844 2234 misericordiam
1883 2174 2145 2230 alterutro
2248 2163 2754 2259 Consummationem
2777 2169 2912 2223 enim
2943 2179 2991 2225 et
3021 2171 3452 2228 abbreviationem
3477 2175 3658 2229 audiui
3689 2193 3724 2230 a
3746 2176 3852 2232 Do-

542 2287 854 2352 temperet,
883 2277 1036 2347 juxta
1069 2273 1204 2330 illud
1247 2271 1395 2343 quod
1425 2279 1482 2326 et
1526 2269 1580 2326 in
1614 2268 1838 2339 psalmis
1862 2265 2094 2337 legimus
2129 2281 2142 2318 :

540 2371 904 2429 Misericordia
926 2378 975 2424 et
1001 2367 1188 2423 ueritas
1214 2365 1546 2420 obviauerunt
1578 2361 1714 2417 sibi:
1737 2360 1948 2434 iustitia
1978 2368 2026 2412 et
2043 2373 2146 2429 pan:

537 2462 851 2520 deosculata:
878 2469 1072 2514 suntse
1095 2456 1216 2532 (Ps.
1248 2470 1470 2521 uxxrv,
1506 2452 1617 2525 ll).
1649 2453 1813 2523 Spem
1836 2465 2053 2520 quoque
2074 2450 2150 2504 ait

543 2566 783 2612 vestram
834 2560 1002 2622 atque
1051 2547 1395 2605 mendacium
1420 2585 1438 2613 ,
1472 2544 1525 2600 id
1565 2554 1690 2606 est,
1743 2541 2017 2598 diabolum
2054 2555 2149 2611 pa-

540 2657 683 2706 trem
709 2647 887 2701 omnis
909 2642 1180 2699 mendacii
1206 2679 1222 2705 ,
1249 2638 1650 2710 suppliciorum
1670 2649 1916 2691 meorum
1939 2632 2148 2704 grando

539 2744 844 2798 subvertet.
891 2739 956 2792 Et
989 2733 1388 2806 protectionem
1411 2771 1426 2796 ,
1465 2731 1567 2786 sub
1593 2745 1698 2801 qua
1727 2743 1827 2784 vos
1859 2735 2006 2783 tutos
2032 2727 2149 2782 fore

541 2828 959 2888 arbitrabamini
985 2869 1000 2892 ,
1034 2832 1340 2896 tempestas
1368 2823 1546 2880 valida
1572 2832 1629 2878 et
1673 2836 1936 2893 aquarum
1968 2819 2152 2875 multi-

541 2923 674 2979 tudo
697 2920 937 2984 delebit,
965 2918 1039 2974 ita
1067 2927 1127 2972 ut
1153 2915 1389 2971 amicitia
1413 2924 1470 2972 et
1498 2913 1677 2971 foedus
1697 2913 1842 2985 quod
1869 2911 2150 2968 habebatis

543 3030 668 3072 cum
701 3021 877 3072 morte
907 3019 962 3068 et
989 3026 1114 3066 cum
1145 3007 1362 3064 inferno
1384 3049 1400 3075 ,
1432 3007 1534 3063 hoc
1555 3018 1678 3072 est,
1711 3021 1834 3062 cum
1878 3005 2098 3061 diabolo
2130 3046 2146 3074 ,

2245 2260 2387 2313 mino
2411 2257 2522 2314 Deo
2560 2265 2877 2316 exercituum
2905 2280 3060 2336 super
3083 2267 3375 2321 uniuersam
3411 2276 3626 2322 terram.
3652 2268 3805 2324 LXX
3834 2290 3846 2326 :

2249 2351 2398 2407 Sicut
2431 2369 2577 2408 mons
2618 2355 2895 2426 impiorum
2938 2369 3210 2429 consurget
3253 2356 3512 2414 Dominus
3539 2398 3555 2426 ,
3586 2371 3636 2414 et
3673 2363 3770 2416 erit
3799 2361 3849 2416 in

2247 2445 2382 2499 valle
2411 2445 2649 2512 Gabaon,
2675 2465 2792 2502 cum
2820 2453 2998 2518 furore
3021 2454 3177 2522 faciet
3205 2469 3365 2524 opera
3390 2471 3508 2519 sua,
3533 2456 3850 2510 antaritudi-

2249 2537 2331 2590 nis
2350 2554 2479 2609 opus
2504 2549 2552 2594 et
2583 2543 2733 2611 [uror
2758 2545 2870 2614 ejus
2899 2544 3050 2611 quasi
3071 2543 3256 2602 alienis
3278 2546 3520 2601 abutetur
3550 2565 3568 2602 .'
3599 2559 3649 2603 et
3681 2548 3853 2603 aliena

2249 2630 2546 2684 amaritudo
2586 2634 2720 2704 ejus.
2764 2631 2833 2686 Et
2860 2649 2945 2688 vos
2973 2636 3130 2690 nolite
3169 2635 3358 2705 uetari,
3401 2655 3465 2692 ne
3496 2643 3852 2710 confer-tentur

2250 2721 2455 2778 rincula
2505 2734 2696 2792 uestra,
2737 2726 2858 2796 quia
2904 2739 3287 2785 consummatus
3335 2742 3383 2786 et
3421 2731 3751 2788 abbreviatas
3777 2749 3854 2788 res

2249 2815 2430 2870 audivi
2459 2833 2491 2869 a
2516 2815 2736 2872 Domino
2763 2815 2875 2873 Deo
2896 2818 3294 2892 Sabaotlt,quas
3321 2822 3559 2892 [acturus
3589 2832 3665 2878 est
3702 2841 3855 2893 super

2251 2923 2454 2962 omnem
2498 2917 2711 2964 terram.
2738 2909 3001 2980 Lapidem
3037 2915 3338 2982 pretiosum
3383 2915 3440 2970 in
3478 2915 3855 2973 fundamentis

2250 3000 2384 3056 Sion
2417 3002 2725 3072 positurum
2780 3020 2839 3060 se
2873 3005 3135 3062 Dominus
3165 3009 3506 3078 repromisit,
3539 3021 3596 3064 ut
3623 3011 3858 3066 subver-

542 3113 735 3178 pereat
766 3093 819 3159 in
850 3111 1138 3158 aeternum.
1173 3100 1239 3153 Et
1266 3097 1538 3169 flagellum
1572 3097 1738 3170 382
1761 3097 1878 3154 sive
1908 3107 2142 3167 tempes-
2175 3109 2221 3173 ρ
2254 3103 2392 3152 teret
2414 3098 2626 3169 grando
2652 3099 2998 3155 mendacium
3024 3113 3078 3156 et
3108 3102 3401 3173 impiorum
3425 3120 3614 3174 spem;
3652 3104 3855 3162 ftedus-

540 3205 649 3261 tas,
669 3195 862 3266 dequo
887 3192 1161 3250 dlxeratis
1188 3210 1200 3246 :
1229 3189 1527 3264 Flagellum
1548 3191 1812 3245 inundans
1833 3207 1950 3245 cum
1974 3200 2147 3244 trans-

539 3281 698 3351 ierit,
724 3304 828 3342 non
863 3287 1030 3341 veniet
1063 3300 1222 3356 super
1251 3301 1342 3338 nos
1372 3299 1390 3338 :
1423 3284 1647 3350 veniet,
1695 3291 1754 3336 et
1791 3283 1945 3338 eritis
1986 3281 2038 3337 ei
2095 3281 2146 3336 in

541 3381 1060 3446 conculcationem,
1109 3378 1214 3434 hoc
1256 3389 1381 3444 est,
1428 3378 1610 3434 omnia
1664 3385 1932 3432 tormenta
1981 3378 2152 3446 patie-

540 3475 707 3542 mini,
741 3489 864 3545 quae
897 3488 994 3528 vos
1015 3470 1292 3543 putabatis
1316 3468 1718 3541 desperationis
1741 3471 1924 3524 animo
1949 3484 2149 3540 nequa-

544 3581 706 3636 quam
736 3580 860 3619 esse
891 3577 1170 3634 passuros.
1205 3561 1437 3630 Semper
1478 3561 1623 3618 enim
1669 3561 1843 3616 irruet
1870 3561 2028 3615 vobis
2054 3571 2152 3644 ,νει

547 3668 658 3712 tam
691 3657 746 3710 in
798 3654 1078 3726 prosperis
1121 3669 1286 3726 quam
1337 3654 1388 3707 in
1445 3652 1696 3709 adversis
1745 3654 1880 3708 iram
1936 3653 2149 3708 Domini

546 3749 802 3807 sentietis
825 3788 840 3815 ,
887 3757 942 3802 et
973 3761 1123 3800 mors
1157 3761 1253 3800 vos
1296 3760 1443 3800 saeva
1493 3745 1858 3816 ponulabitur.
1891 3745 2031 3815 Quid
2061 3745 2146 3802 di-

541 3857 661 3899 cam
692 3841 758 3896 de
785 3837 999 3910 pretiis?
1030 3837 1317 3893 Poenarum
1346 3836 1464 3892 sola
1499 3835 1734 3893 formido
1764 3845 1820 3893 et
1849 3847 2148 3894 tormento-

540 3951 662 3993 rum
694 3941 873 3990 metus
912 3946 1010 3987 vos
1036 3930 1276 4000 corriget
1315 3929 1382 3985 ad
1419 3928 1652 3986 salutem
1679 3971 1694 3998 ,
1722 3939 1777 3986 et
1803 3930 1943 3986 mala
1968 3942 2145 3988 veSIra

539 4027 856 4098 intelligere
899 4025 1081 4081 faciet.
1132 4021 1383 4093 Cumque
1427 4022 1606 4078 vexati
1640 4020 1894 4089 fueritis,
1947 4031 2072 4079 tunc
2117 4031 2145 4062 ει

539 4120 726 4178 scietis
750 4117 1050 4188 Prophetas
1081 4131 1234 4172 meos
1264 4131 1391 4171 vera
1414 4113 1642 4170 dixisse.
1667 4115 1933 4186 Quodque
1955 4117 2145 4188 sequi-

539 4221 628 4268 tur
662 4230 676 4267 :
709 4211 1121 4283 Coangustatnm
1147 4217 1222 4263 est
1253 4208 1393 4263 enim
1421 4216 1640 4262 stratum
1661 4247 1676 4272 ,
1709 4207 1783 4261 ita
1811 4216 1867 4261 ut
1896 4207 2028 4262 alter
2055 4206 2146 4263 de-

537 4305 712 4369 cidat,
755 4311 803 4357 ct
847 4300 1068 4373 pallium
1107 4299 1254 4356 breve
1282 4309 1556 4370 utrumque
1587 4300 1788 4371 operire
1817 4317 1920 4356 non
1946 4311 2138 4373 potest,

538 4398 696 4454 illum
717 4395 882 4452 habet
908 4409 1130 4451 sensum
1160 4409 1322 4466 quem
1352 4395 1405 4449 in
1427 4392 1940 4466 Apostololegimus
1969 4412 1981 4449 :
2016 4395 2143 4450 Non

2250 3207 2358 3264 que
2388 3207 2510 3247 cum
2550 3207 2730 3249 morte
2760 3203 2816 3249 et
2864 3205 3082 3266 paetum
3125 3211 3250 3252 cum
3293 3197 3508 3253 inferne
3554 3207 3859 3271 tempestas

2253 3285 2430 3340 valida
2459 3285 2688 3341 deleret.
2721 3287 2894 3355 Quem
2943 3289 3070 3360 quia
3108 3289 3391 3362 suscipere
3422 3293 3688 3349 illustres
3715 3292 3858 3364 prin-

2251 3378 2400 3446 cipes
2426 3379 2740 3447 noluerunt,
2769 3379 2910 3436 sicut
2953 3382 3230 3449 quondam
3275 3394 3468 3440 contra
3499 3386 3852 3459 Allephylos,

2249 3481 2515 3541 regnante
2542 3473 2731 3538 David,
2765 3472 2818 3527 in
2849 3484 3034 3530 monte
3061 3475 3415 3544 divisionum,
3444 3478 3538 3547 qui
3588 3478 3856 3536 liebraice

2249 3565 2626 3634 appellabatur
2683 3565 2804 3640 [Αι.
2855 3570 3204 3642 appellatur]
3253 3585 3518 3630 νιιΑιιΑειιι
3566 3576 3850 3646 (ωτι-πε),

2251 3657 2513 3714 Dominus
2561 3661 2806 3717 concidit
2845 3663 3199 3720 adversarios
3248 3681 3404 3731 suos,
3437 3667 3587 3724 unde
3632 3680 3688 3724 et
3711 3669 3853 3723 locus

2249 3764 2448 3806 nomen
2477 3753 2709 3823 accepit.
2761 3754 2827 3809 Et
2853 3757 2998 3811 sicut
3023 3755 3082 3811 in
3105 3757 3244 3812 valle
3286 3757 3510 3815 Gabaon
3537 3795 3554 3824 .
3589 3761 3698 3816 sub
3731 3760 3851 3816 Jesu

2250 3843 2514 3914 principe,
2550 3845 2769 3915 quando
2794 3846 2988 3904 ﬁducia
3021 3849 3323 3906 habitantis
3346 3850 3400 3905 in
3424 3865 3486 3907 se
3514 3851 3617 3908 Dei
3642 3853 3851 3908 locutus

2250 3945 2335 3992 est
2369 3953 2381 3990 :
2419 3937 2531 3992 Stet
2553 3937 2632 3992 sol
2661 3941 2713 3992 in
2743 3938 2980 4008 Gabaon,
3009 3951 3054 3996 et
3081 3940 3210 3997 luna
3237 3953 3422 3998 contra
3445 3945 3641 4000 uallem
3665 3946 3847 4002 Aialon

2250 4026 2359 4099 [AL
2389 4027 2550 4102 Elon]
2595 4028 2777 4102 (Josue
2804 4049 2860 4100 ι,
2888 4033 2976 4105 l2)
3012 4051 3025 4088 :
3071 4043 3128 4090 et
3154 4035 3310 4092 stetit
3331 4036 3415 4091 sol
3463 4039 3656 4107 spatio
3697 4040 3848 4094 unius

2249 4120 2389 4187 diei;
2440 4122 2707 4196 multique
2733 4125 2802 4182 de
2828 4127 3150 4200 alienigenis
3194 4132 3481 4200 perierunt
3510 4149 3525 4186 :
3557 4133 3646 4192 sic
3665 4146 3850 4191 contra

2249 4215 2452 4288 impios
2477 4227 2532 4274 et
2560 4217 2818 4276 illusores
2843 4222 3106 4278 irascetur
3127 4223 3416 4292 Dominus,
3446 4234 3505 4280 ut
3526 4225 3698 4284 faciat
3722 4241 3850 4299 opus

2247 4323 2428 4364 suum.
2451 4321 2472 4348 ο
2494 4309 2610 4365 Non
2634 4320 2719 4368 est
2740 4313 2886 4369 enim
2906 4330 3046 4384 Opus
3064 4315 3279 4372 Domini
3296 4317 3528 4387 perdere
3550 4336 3850 4391 quoscrea—

2250 4401 2326 4456 vit
2351 4418 2366 4467 ;
2400 4403 2496 4458 sed
2530 4403 2713 4461 facere
2743 4421 2882 4476 opus
2906 4408 3174 4478 alienum,
3195 4411 3340 4481 quod
3370 4411 3437 4466 ad
3459 4412 3850 4492 crudelitatem,

537 4489 750 4562 potestis
777 4488 991 4544 calicem
1033 4487 1244 4542 Domini
1275 4476 1446 4542 bibere
1465 4529 1481 4554 ,
1526 4497 1574 4542 et
1619 4488 1832 4542 calicem
1863 4488 2148 4546 darmonio-
2173 4497 2227 4557 D
2255 4497 2428 4565 magis
2456 4512 2620 4567 quam
2641 4497 2706 4552 ad
2737 4499 3086 4557 clementiam
3121 4476 3379 4574 per-tinet.
3427 4503 3776 4579 Rursumque
3799 4506 3848 4562 id

536 4599 676 4638 rum.
711 4580 834 4636 Non
866 4580 1079 4654 potestis
1121 4596 1310 4635 mensce
1340 4578 1552 4634 Domini
1595 4596 1703 4636 esse
1749 4583 2026 4655 participes
2050 4623 2066 4651 ,
2098 4593 2146 4639 et

539 4689 733 4732 mensa:
774 4673 1036 4729 idolorum
1069 4671 1140 4743 (II
1169 4672 1286 4728 Cor.
1329 4689 1386 4740 χ,
1431 4671 1504 4728 20
1528 4713 1544 4738 ,
1568 4673 1684 4743 2Ι);
1715 4682 1768 4727 et
1797 4673 1927 4729 alibi
1966 4693 1978 4728 :
2016 4675 2147 4741 Qum

534 4765 1106 4840 participatiojustitiae
1135 4779 1255 4818 cum
1284 4752 1598 4852 iniquitate?
1643 4761 1772 4828 Quae
1798 4764 2013 4818 societas
2040 4765 2148 4821 luci

533 4863 602 4916 ad
639 4860 911 4916 teiiebras?
943 4858 1071 4925 Qua:
1109 4857 1382 4912 Conuentio
1427 4853 1621 4916 Christi
1650 4855 1718 4908 ad
1763 4854 1973 4912 Belial?
2019 4857 2146 4926 Quae

532 4967 655 5024 pars
689 4949 830 5016 ﬁdeli
849 4965 968 5004 cum
996 4938 1198 5018 inﬁdeli
1215 4951 1239 5003 ?
1259 4947 1362 5016 Qui
1388 4962 1671 5002 consensus
1687 4944 1879 5015 temIilo
1902 4945 1999 5002 Dei
2029 4966 2146 5004 cum

531 5040 691 5098 idolis
717 5039 918 5112 (llCor.
965 5055 1039 5106 vt,
1067 5030 1155 5105 Η,
1185 5030 1301 5108 l5)?
1331 5033 1599 5109 Loquitur
1626 5045 1808 5095 autem
1833 5039 1936 5095 sub
1966 5052 2141 5096 meta-

536 5133 714 5206 phora
739 5133 918 5188 mariti
959 5123 1333 5201 pudicissimi,
1368 5127 1752 5202 quiadulteraa
1790 5131 1924 5188 dicit
1948 5135 2139 5190 uxori:

533 5230 686 5289 Unus
718 5227 953 5284 lectulus
987 5240 1074 5281 me
1122 5234 1178 5282 et
1207 5217 1516 5281 adulterum
1566 5235 1744 5283 tecum
1793 5242 1995 5299 capere
2033 5243 2143 5286 non

529 5335 750 5400 potest,
781 5332 839 5382 et
860 5321 1087 5396 pallium
1118 5322 1286 5379 breve
1316 5323 1574 5377 maritum
1620 5331 1676 5378 et
1703 5323 1978 5380 moechum
2007 5338 2143 5381 coo-

527 5423 714 5494 perire
741 5435 852 5482 non
879 5416 1167 5492 praevalet.
1198 5417 1242 5474 0
1275 5416 1440 5489 igitur
1484 5413 1794 5476 Jerusalem
1819 5458 1836 5486 ,
1883 5417 1952 5474 ad
1979 5433 2142 5489 quam

593 5563 619 5591 ⁴ι
643 5555 796 5617 Vat.,
819 5563 939 5608 tunc
956 5549 1376 5608 animadvertetis
1396 5551 1706 5677 prophetas,
1729 5561 1841 5609 etc.

597 5623 624 5663 δ
663 5624 810 5677 Idem
857 5641 951 5677 cro
988 5639 1090 5677 auo
1117 5625 1174 5677 in
1194 5621 1362 5677 LXX.
1417 5623 1464 5677 ἰ
1497 5638 1645 5677 mox.
1679 5625 1818 5677 auod

597 5623 624 5663 δ
663 5624 810 5680 Idem
857 5641 951 5695 pro
988 5639 1090 5693 quo
1117 5625 1174 5678 in
1194 5621 1362 5678 LXX.
1396 5621 1464 5677 Et
1497 5621 1645 5690 mox,
1679 5625 1818 5695 quod
1842 5641 1992 5696 quem
2019 5641 2135 5682 sen-

562 5703 669 5763 um,
698 5704 784 5750 etc
797 5733 810 5748 .

2252 4588 2428 4658 ipsum
2474 4590 2598 4644 aliis
2643 4591 2826 4647 verbis
2875 4597 3093 4664 repetit,
3143 4607 3200 4651 ut
3243 4606 3480 4670 operetur
3505 4615 3642 4670 opus
3673 4615 3843 4656 suurn.

2251 4679 2368 4737 Non
2416 4691 2499 4736 est
2531 4698 2668 4753 opus
2708 4688 2826 4755 ejus
2859 4690 3053 4757 punire
3102 4700 3412 4763 peccantes,
3462 4693 3560 4750 sed
3603 4694 3843 4765 peregri-

2251 4789 2409 4838 num,
2435 4783 2493 4829 et
2522 4775 2760 4832 alienum
2800 4780 2871 4836 ab
2898 4795 2986 4850 eo,
3021 4791 3080 4838 ut
3111 4784 3301 4854 puniat
3337 4786 3432 4856 qni
3462 4786 3721 4846 Salvator
3745 4796 3845 4844 est.

2250 4864 2519 4933 Quoniam
2552 4867 2720 4940 igitur
2739 4871 2808 4926 de
2854 4875 3114 4943 patientia
3155 4891 3252 4932 sua
3312 4889 3732 4936 resurrecturus
3769 4887 3848 4937 est

2255 4955 2546 5025 Dominus,
2580 4966 2637 5015 et
2676 4977 3014 5034 nequaquam
3053 4969 3363 5038 parciturus
3395 4987 3409 5024 :
3441 4970 3588 5028 sicut
3611 4989 3722 5028 non
3754 4988 3845 5044 pe-

2247 5049 2423 5118 percit
2454 5050 2508 5106 in
2541 5065 2728 5111 monte
2757 5055 3064 5127 Pharasim,
3091 5069 3148 5116 et
3178 5063 3230 5116 in
3261 5063 3404 5120 valle
3426 5063 3658 5122 Gabaon
3690 5085 3705 5122 :
3733 5081 3844 5122 mo-

2248 5155 2352 5196 neo
2376 5157 2500 5211 vos,
2535 5160 2568 5202 ο
2595 5147 2696 5202 viri
2728 5146 3011 5218 illusores,
3036 5159 3098 5208 ut
3139 5170 3479 5227 nequaquam
3521 5158 3756 5216 rideatis
3781 5159 3843 5215 de

2245 5235 2532 5306 prophetis
2555 5239 2714 5307 meis,
2738 5251 2791 5296 et
2815 5258 2922 5297 non
2948 5247 3151 5315 putetis
3172 5258 3399 5304 ventura
3420 5265 3550 5320 que
3568 5252 3837 5318 nuntiant,

2250 5342 2318 5385 ne
2366 5334 2410 5385 si
2457 5335 2870 5401 permanseritis
2925 5337 2979 5394 in
3031 5339 3349 5408 illudendo,
3397 5346 3830 5420 constringuntur

2248 5421 2466 5478 vincula
2498 5435 2851 5496 peccatorum
2878 5441 3188 5490 vestrorum
3216 5434 3478 5506 (anibua
3500 5441 3639 5496 enim
3667 5455 3838 5513 pecca-

2317 5567 2339 5597 ο
2374 5558 2531 5633 Legit
2550 5561 2826 5646 Victorius
2856 5567 3353 5646 subinterrogandi
3374 5587 3525 5645 nota,
3562 5589 3680 5638 tum
3697 5579 3838 5635 addit

2241 5644 2588 5703 nequaquam,
2619 5643 2724 5705 qua
2764 5638 3674 5730 distinctionecfadditltme'vocis
3693 5665 3838 5706 man-

2245 5707 2372 5758 cum
2394 5701 2449 5759 et
2475 5708 2815 5765 contrarium
2836 5717 3055 5769 sensum
3075 5717 3288 5774 restitui
3314 5715 3520 5779 debere
3550 5727 3717 5780 conte
3727 5718 3843 5779 ndlt
