4010 6332
186 264 288 324 ης

669 257 1317 325 COMMENTARIORL'M
1360 257 1427 319 IN
1467 255 1706 319 isitth
1744 254 2170 324 PROPHETAM
2210 258 2340 322 LIB.
2381 252 2474 323 lx.
2516 260 2670 325 CAP.
2712 261 2950 327 XXVI".

181 378 346 433 torum
369 392 573 432 suorum
597 378 943 447 unusquisque
965 376 1334 449 constringitur
1352 374 1608 446 (Promv,
1641 374 1757 445 22),
1787 377 1837 438 Α
1865 386 1915 431 et
1951 377 2249 433 itetaberis!
2290 379 2414 434 Non
2453 381 2588 436 enim
2628 394 2745 435 cum
2785 382 2976 435 duritia
2996 383 3281 439 mandatur
3320 382 3426 453 gitti
3452 426 3468 449 ,

173 469 291 525 sive
311 468 639 538 captivitatis
686 467 842 522 Vobis
890 477 1103 535 tempus
1139 466 1420 521 adveniat.
1474 465 1757 536 Siquidem

159 563 307 632 quod
339 561 606 617 Dominus
626 569 871 628 tempore
888 557 1179 614 dilfurebat
1213 558 1451 625 vincula,
1473 558 1762 629 captivita-

154 663 261 710 tem
286 665 442 725 atque
489 650 775 721 supplicia,
807 650 924 706 sive
946 651 1201 709 ultimum
1229 650 1421 721 judicli
1450 652 1620 718 diem,
1645 651 1756 721 jam

162 749 319 804 rebus
335 746 668 817 expleturos
703 752 812 810 est,
841 753 896 799 et
920 754 1431 806 consummaturus.
1478 756 1536 800 et
1564 743 1762 799 abbre-

155 839 408 894 viaturus.
436 835 646 907 Itaque
669 852 770 908 ego
788 838 1053 906 propheta
1094 852 1214 907 quae
1242 851 1273 890 a
1318 834 1485 908 385.
1530 835 1761 890 Domino

171 931 277 985 Deo
308 928 684 1001 omn\potento
727 928 907 983 futura
957 928 1195 999 cognovi
1240 944 1406 999 super
1450 929 1760 983 universam

179 1031 393 1083 terram.
442 1024 559 1076 hate
605 1019 764 1075 vobis
806 1020 1021 1085 nuntio.
1075 1028 1137 1075 ut
1194 1019 1569 1076 imminentem
1625 1019 1762 1074 iram

174 1115 492 1183 pteuitentia
522 1113 886 1183 praveuiatis.
920 1112 1090 1169 Juxta
1143 1112 1287 1169 LXX
1335 1114 1456 1183 ipse
1499 1113 1763 1167 Dominus

175 1207 327 1276 quasi
350 1222 501 1262 mons
523 1206 811 1276 impiorum
837 1205 1040 1261 dicitur
1061 1215 1421 1261 surrecturus
1451 1213 1507 1260 et
1546 1203 1766 1259 iuturus

174 1298 227 1353 in
256 1299 394 1353 valle
422 1297 665 1364 Gabaon,
710 1307 771 1353 ut
820 1296 984 1352 faciat
1029 1311 1199 1367 opera
1244 1311 1366 1361 sua,
1417 1310 1542 1366 qua:
1585 1294 1765 1349 omnia

175 1404 330 1444 unum
363 1404 501 1458 opus
524 1398 612 1444 est
656 1387 1082 1444 amaritudinis:
1132 1385 1278 1457 quod
1320 1400 1667 1456 nequaquam
1698 1385 1770 1439 vi-

170 1481 357 1538 deatur
392 1496 519 1537 esse
565 1481 961 1551 hlasphemum.
1009 1479 1129 1537 Non
1167 1481 1314 1535 enim
1346 1479 1485 1535 dicit
1532 1479 1769 1533 futurum

170 1574 445 1631 Dominum
477 1584 726 1631 montem
777 1575 1103 1642 impiorum,
1150 1574 1249 1631 sed
1306 1573 1461 1643 quasi
1501 1580 1768 1639 montem,

168 1670 254 1739 qui
282 1668 456 1738 impiis
481 1676 542 1723 et
562 1666 968 1724 sustinentibus
983 1666 1137 1722 viden
1150 1677 1234 1720 tur
1251 1663 1766 1735 esscgravissimus.

1862 487 2026 542 neque
2073 485 2188 526 rcta
2256 474 2476 542 plaustri
2541 474 2725 527 circuit
2771 489 2928 541 super
2997 476 3304 544 cyminum;
3374 476 3466 530 sed

1861 564 2008 634 uirga
2045 564 2296 617 excutitur
2335 563 2465 634 gitlt,
2500 577 2549 618 et
2594 566 2856 636 cyminum
2908 581 3027 620 cum
3073 578 3205 635 pane
3241 568 3462 623 comedi-

1862 666 1965 709 tur.
2012 653 2196 723 Neque
2234 655 2368 708 enim
2417 657 2471 709 in
2533 658 2901 725 sempiternum
2966 673 3061 728 ego
3133 660 3327 712 irascar
3372 674 3466 713 ro-

1860 745 1941 798 bis
1980 760 1999 799 :
2040 761 2131 798 nec
2170 760 2268 799 eoa:
2306 744 2671 799 amaritudinis
2717 762 2844 800 mea
2892 747 3213 802 eonculcabit
3258 764 3366 812 eos,
3419 757 3468 802 et

1861 835 1974 891 luce
2001 854 2033 889 a
2061 835 2285 891 Domino
2305 847 2424 891 sunt
2462 852 2667 910 egressu
2695 846 2950 907 portenta.
2996 836 3134 893 Inite
3172 838 3466 907 consilium,

1864 929 2089 985 exultatc
2110 947 2293 986 vanam
2322 929 2747 985 consolationem.
2769 931 2847 987 Ad
2874 933 3098 987 eosdem
3128 948 3272 988 nunc
3302 938 3467 989 etiam

1867 1021 2128 1091 loquitur,
2163 1022 2363 1092 quibus
2391 1037 2550 1093 supra
2579 1022 2795 1077 dixerat
2827 1040 2840 1075 :
2887 1022 3075 1077 Audite
3100 1024 3307 1079 uerbum
3345 1023 3469 1092 Dei,

1868 1112 2243 1179 viriillusores,
2299 1115 2389 1185 qui
2432 1112 2775 1168 dominamini
2804 1129 2961 1183 super
2999 1113 3250 1187 populum
3303 1131 3473 1171 meum

1867 1207 1955 1277 qui
1981 1217 2054 1261 est
2076 1208 2131 1261 in
2161 1205 2452 1261 Jerusalem
2478 1223 2497 1261 :
2539 1214 2596 1262 et
2624 1206 2871 1277 praecipit
2899 1207 3005 1272 eis,
3048 1216 3107 1261 nt
3136 1222 3322 1263 vocem
3353 1208 3473 1277 ejus

1869 1297 2129 1365 audiant,
2173 1310 2232 1354 et
2286 1300 2562 1369 eloquium
2613 1299 2760 1354 illius
2812 1299 3110 1369 diligenter
3163 1299 3472 1355 attendant.

1871 1388 2163 1459 Numquid,
2211 1389 2306 1456 ait,
2351 1389 2587 1458 agricola
2617 1402 2836 1458 semper
2857 1387 3053 1455 arabit,
3088 1398 3146 1444 ut
3172 1400 3473 1445 sementem

1868 1479 2076 1550 jaciat‘i
2127 1480 2319 1536 Nonne
2369 1482 2520 1552 prius
2552 1481 2864 1550 proscindet
2895 1482 3139 1551 humutn,
3173 1492 3231 1541 et
3254 1499 3474 1541 vomere

1872 1573 2058 1629 sulcos
2085 1576 2346 1639 revolvet,
2397 1573 2749 1645 iacentesque
2794 1575 2982 1645 glebas
3027 1585 3208 1631 rastro
3262 1576 3476 1648 franget

1873 1675 1931 1722 et
1957 1668 2176 1722 sarculo
2203 1678 2217 1722 :
2246 1676 2303 1721 ut
2323 1683 2445 1720 cum
2470 1668 3190 1737 aquuaveritsuperﬁciem
3207 1679 3389 1736 terrm,
3421 1679 3476 1724 et

168 1757 437 1826 Quotnodo
486 1759 538 1813 si
566 1758 713 1814 filius
742 1760 1028 1830 negligens
1080 1768 1137 1814 et
1190 1757 1329 1812 alter
1362 1765 1623 1827 :cgrotus,
1676 1770 1769 1825 pa-
1800 1764 1847 1825 Β
1873 1760 2009 1815 dura
2041 1761 2194 1830 prius
2226 1774 2352 1814 arva
2396 1760 2676 1824 molliet-it,
2728 1772 2855 1815 tunc
2900 1770 3127 1832 spargat
3170 1762 3308 1831 gith,
3362 1763 3477 1817 sive

169 1856 293 1903 trem
317 1858 367 1904 et
391 1849 676 1905 medicum
698 1859 887 1919 putent
908 1862 1031 1904 esse
1057 1848 1335 1916 crudeles,
1366 1848 1413 1903 si
1442 1862 1539 1903 eus
1572 1845 1765 1902 verbe-

168 1941 307 1998 ribus
353 1952 528 2013 atqne
568 1943 816 1999 cauterio
846 1942 1154 2011 disciplina:
1176 1942 1473 1998 restituant
1519 1939 1762 1994 sanitati.

164 2032 452 2102 Consurget
509 2033 654 2090 enim
703 2033 965 2089 Dominus
1004 2044 1059 2087 et
1107 2033 1216 2088 erit
1255 2033 1308 2087 in
1341 2031 1481 2089 valle
1504 2028 1755 2095 Gabaon,

167 2136 510 2197 proptereos
536 2127 624 2197 qui
654 2142 778 2181 cum
809 2126 880 2182 ob
912 2136 1137 2195 peccata
1161 2127 1214 2181 in
1247 2124 1435 2181 humili
1463 2123 1769 2185 consismnt

163 2217 294 2286 loco,
316 2230 553 2291 propter
577 2232 844 2277 tumorem
861 2219 1328 2289 auimicriguntur
1351 2220 1406 2273 in
1428 2216 1762 2288 superbiam.

164 2309 368 2366 Gabaon
399 2315 561 2369 enim
586 2352 599 2376 ,
643 2310 793 2366 collis
839 2312 1233 2382 interpretatur
1263 2328 1277 2364 :
1322 2322 1379 2365 ut
1410 2307 1572 2365 faciat
1601 2322 1768 2377 opera

165 2420 253 2460 sua
291 2421 415 2476 qua
460 2412 603 2460 sunt
632 2420 798 2475 opera
828 2404 1253 2471 amaritudinis;
1305 2403 1527 2475 quando
1553 2402 1769 2474 cogitur

167 2511 368 2555 mutare
408 2500 798 2563 clementiam,
832 2508 887 2554 et
914 2514 1015 2570 pro
1042 2499 1214 2561 dulci,
1259 2513 1480 2555 amarus
1508 2497 1765 2555 efﬁcitur.

161 2590 315 2663 Igitur
359 2608 463 2649 vos
520 2594 612 2663 qui
649 2591 769 2648 haec
792 2592 927 2649 estis
980 2592 1282 2665 aliquando
1339 2594 1575 2663 passuri,
1625 2605 1771 2646 nunc

165 2687 330 2743 nolite
369 2687 560 2743 [tutari
616 2687 704 2740 illa
754 2685 946 2742 lautitia
975 2700 1082 2756 qua
1111 2685 1384 2756 gaudebat
1424 2695 1482 2741 et
1504 2685 1659 2741 dives
1715 2685 1767 2738 in

163 2778 409 2835 convivio
466 2788 827 2849 purpuratus.
874 2788 931 2834 et
967 2778 1231 2835 Lazarum
1261 2792 1563 2849 pauperem
1594 2776 1770 2846 negli-

160 2885 287 2940 gens
316 2871 480 2944 (Luc.
522 2874 636 2939 xvi)
674 2887 686 2923 :
739 2887 808 2926 ne
841 2869 980 2926 forte
1024 2870 1159 2926 iisut
1188 2881 1371 2925 vestra
1410 2869 1628 2925 vincula
1660 2868 1771 2923 loro-

164 2965 316 3020 tiura.
360 2966 506 3033 Qum
535 2966 682 3020 enim
728 2965 982 3021 facturus
1027 2975 1113 3022 est
1158 2965 1445 3030 Dominus,
1503 2974 1561 3018 et
1613 2964 1775 3020 rebus

163 3071 312 3114 suam
341 3059 683 3116 sententiam
717 3058 1114 3128 eompleturus,
1139 3059 1256 3113 haec
1282 3072 1385 3129 ego
1404 3066 1462 3113 et
1488 3057 1695 3124 audivi,
1722 3067 1779 3114 et

1868 1858 2177 1924 cyminum;
2231 1863 2484 1924 seratquc
2524 1853 2787 1915 triticum,
2833 1864 2887 1909 et
2937 1852 3226 1920 hordeum,
3271 1861 3327 1908 ct
3373 1853 3479 1907 ιιιίη

1869 1945 2025 2011 lium,
2056 1956 2111 2000 et
2153 1946 2234 2000 lar
2264 1946 2316 1999 in
2360 1945 2557 2000 limbus
2588 1946 2724 2009 suis,
2752 1945 2907 2014 juxta
2940 1945 3262 1999 varietatem
3314 1953 3478 1998 teme

1869 2048 1925 2093 et
1954 2046 2255 2107 temporum
2281 2052 2295 2090 :
2329 2051 2504 2106 neque
2529 2036 2676 2091 enim
2707 2036 2869 2091 simul
2897 2036 3079 2091 otnnia
3112 2035 3474 2091 seminantur.

1869 2126 1977 2183 Pro
2024 2127 2165 2197 farre
2202 2126 2344 2197 quod
2372 2126 2545 2183 Graeci
2581 2129 2700 2192 ζέαν
2728 2135 2949 2192 vocant,
2987 2140 3005 2165 ε
3040 2125 3260 2196 quidam
3291 2126 3477 2180 viciam

1871 2220 2198 2290 intelligunt.
2248 2219 2540 2290 ipsumque
2585 2221 2904 2289 agricolam,
2953 2220 3005 2274 id
3053 2231 3159 2286 est,
3236 2228 3475 2277 saturem

1870 2311 2055 2369 erudit
2102 2311 2246 2367 Deus
2293 2310 2617 2367 naturaliter
2654 2309 2862 2380 judicio
2890 2326 3022 2375 suo,
3052 2320 3106 2366 et
3134 2310 3298 2367 docet
3328 2309 3476 2369 illum

1871 2413 1932 2461 ut
1960 2405 2099 2460 sciat
2124 2417 2287 2474 quam
2317 2403 2405 2460 cui
2435 2403 2666 2458 sententi
2697 2403 2966 2458 culturam
3009 2402 3288 2459 adhibeat.
3322 2403 3481 2459 Ueni-

1869 2513 1977 2569 que
2003 2508 2127 2553 cum
2160 2494 2403 2552 metendi
2452 2507 2667 2566 tempus
2707 2494 3031 2562 advenerit,
3064 2494 3180 2565 gith
3227 2503 3284 2551 et
3312 2494 3485 2565 cymi-

1874 2608 2028 2658 num,
2059 2604 2183 2663 qute
2214 2589 2518 2645 infirmiora
2546 2596 2673 2644 sunt
2714 2588 2945 2655 semina,
2989 2603 3098 2643 non
3139 2587 3275 2645 rutis
3304 2586 3481 2656 plaus-

1877 2695 2086 2742 trorum
2133 2696 2417 2751 teruntur,
2464 2699 2586 2755 qua
2631 2684 2684 2739 in
2739 2698 3015 2739 serratum
3066 2682 3481 2738 similitudinem

1876 2778 2068 2834 ferreae
2094 2777 2542 2848 circumaguntur
2580 2787 2635 2832 et
2672 2775 2965 2833 trahuntur
3000 2790 3169 2845 super
3198 2775 3481 2831 demessas

1876 2881 2121 2943 segetes;
2161 2870 2259 2927 sed
2287 2871 2436 2940 virga
2467 2870 2816 2925 excutiuntur
2840 2880 2895 2926 et
2920 2868 3136 2934 baculo,
3168 2883 3290 2937 quae
3316 2866 3481 2936 Vulgo

1878 2963 2091 3035 ﬂagella
2120 2964 2395 3019 dicuntur.
2428 2962 2592 3017 Panis
2634 2972 2838 3027 autem,
2887 2961 2939 3017 id
2982 2970 3103 3023 est.
3152 2960 3389 3016 triticum
3418 2957 3485 3015 de

1880 3068 1988 3125 quo
2026 3054 2258 3110 efﬁcitur
2286 3055 2464 3124 panis,
2506 3056 2646 3109 rotis
2686 3054 2879 3110 ferreis
2927 3055 3153 3121 teritur,
3202 3064 3258 3109 et
3305 3052 3485 3108 omnis

164 3149 313 3206 vobis
340 3150 540 3206 omnia
572 3148 846 3209 nuntiari.
887 3149 1156 3219 Quodque
1205 3150 1388 3206 intulit
1421 3165 1434 3202 :
1466 3149 1645 3221 Supra
1669 3165 1776 3204 om-
1802 3145 1847 3207 C
1880 3147 1999 3216 ejus
2050 3146 2247 3214 stipula
2301 3145 2688 3200 comminuitur
2739 3147 2792 3199 in
2838 3145 3044 3215 paleas.
3094 3144 3482 3200 Verumtamen

161 3255 271 3295 nam
301 3249 532 3306 terram,
558 3239 714 3308 juxta
747 3240 1053 3305 historiam,
1084 3238 1289 3297 iudaice
1323 3241 1589 3296 terminos
1617 3239 1777 3294 intel-

159 3330 291 3402 lige;
321 3333 492 3400 juxta
524 3344 830 3401 anagogen,
866 3333 1035 3387 totius
1060 3332 1271 3389 mundi.

227 3424 428 3497 (γωδ.
466 3422 541 3478 25
566 3422 751 3495 seqq.)
783 3423 1009 3479 Auribus
1048 3427 1296 3497 percipite
1322 3434 1375 3482 et
1403 3425 1580 3480 audite
1608 3440 1779 3480 uocem

164 3528 322 3568 meam
353 3529 374 3567 :
419 3514 677 3567 attendite
707 3524 754 3568 et
780 3515 960 3570 audite
988 3515 1249 3588 eloquium
1288 3532 1479 3575 neeum.
1509 3515 1782 3588 Numquid

173 3614 284 3660 tota
309 3607 401 3660 die
425 3604 602 3659 arabit
629 3621 790 3660 aratis
819 3616 878 3661 ut
899 3617 1059 3675 serat,
1080 3608 1377 3679 proscindet
1405 3619 1453 3663 et
1476 3609 1662 3663 sarriet
1681 3607 1779 3663 Iut-

166 3713 296 3753 munt
326 3698 527 3754 suam?
560 3695 750 3752 Nonne
770 3714 890 3753 cum
914 3699 1471 3772 adtequaueritfaciem
1516 3704 1650 3774 ejus,
1697 3717 1779 3757 se-

168 3803 238 3846 ret
263 3792 400 3863 gith,
433 3803 488 3848 et
517 3793 780 3864 cyminum
806 3805 1041 3866 sparget,
1064 3804 1112 3847 et
1136 3804 1289 3866 ponet
1321 3796 1547 3850 triticum
1579 3812 1669 3861 per
1689 3810 1776 3849 or-

170 3883 357 3954 dinem,
408 3895 463 3941 et
518 3884 795 3953 hordeum,
848 3896 897 3941 et
937 3887 1162 3951 milium,
1215 3900 1263 3944 et
1290 3891 1476 3944 viciam
1512 3892 1567 3945 in
1587 3890 1777 3961 ﬁnibus

171 3979 325 4034 suis?
356 3979 424 4034 Et
456 3978 660 4035 erudiat
688 3978 837 4035 illum
884 3981 939 4035 in
974 3982 1223 4053 judicio;
1269 3981 1409 4038 Deus
1436 3999 1563 4038 suus
1580 3983 1781 4037 docebit

174 4070 344 4126 illum.
386 4071 515 4127 Non
543 4074 680 4128 enim
724 4075 780 4128 in
815 4076 973 4130 serris
1023 4077 1350 4131 triturabitur
1385 4077 1518 4150 gitis,
1548 4094 1639 4132 nec
1667 4087 1781 4133 rota

174 4163 401 4230 plaustri
422 4180 576 4231 super
602 4166 862 4236 cyminum
896 4166 1169 4233 eircuiln't;
1195 4167 1288 4221 sed
1320 4169 1468 4241 uirga
1497 4170 1784 4224 escutietur

173 4253 306 4326 gitti,
327 4263 377 4309 et
403 4257 670 4327 cyminum
708 4258 893 4313 baculo
919 4274 938 4313 :
968 4258 1123 4329 panis
1165 4268 1338 4313 autent
1378 4260 1781 4314 comminuetur.

184 4344 373 4404 Veram
414 4366 524 4407 non
574 4350 631 4407 in
675 4360 985 4422 perpetuum
1023 4351 1277 4405 trituram
1316 4350 1579 4405 triturabit
1614 4349 1785 4418 illum,

179 4457 336 4510 «me
373 4444 585 4501 vexabit
623 4461 744 4499 eum
784 4455 901 4499 rota
949 4444 1202 4516 plaustri,
1255 4461 1418 4518 neque
1447 4444 1656 4518 ungulis
1681 4444 1790 4499 suis

1881 3256 1991 3296 non
2035 3254 2252 3310 semper
2280 3247 2510 3294 vexatur
2538 3248 2594 3294 et
2633 3241 2846 3307 teritur,
2894 3255 2993 3295 nec
3042 3239 3193 3294 omni
3236 3249 3488 3310 tempore

1883 3343 2123 3389 rotarum
2158 3332 2382 3403 ungulis
2427 3330 2845 3398 comminuitur;
2893 3346 2992 3402 pro
3037 3334 3236 3404 quibus
3279 3336 3334 3388 in
3375 3331 3487 3388 lio-

1882 3425 2069 3481 hraico
2094 3425 2293 3480 dicitur
2323 3424 2467 3495 equis
2488 3438 2704 3478 eorum:
2733 3433 2793 3479 ut
2821 3426 2945 3492 quia
2984 3425 3212 3496 ungulas
3240 3436 3485 3481 rotarum

1882 3518 2129 3585 dixerat,
2171 3518 2552 3589 metaphoram
2601 3528 2849 3575 servaret
2879 3520 2933 3574 in
2964 3519 3209 3589 reliquis.
3257 3518 3488 3587 Quidam

1881 3612 2065 3667 volunt
2096 3628 2161 3667 ex
2193 3626 2261 3668 eo
2301 3610 2451 3684 quod
2481 3614 2707 3683 ungulas
2733 3623 2786 3668 et
2812 3627 2983 3685 equos
3018 3613 3344 3679 nominavit,
3393 3627 3487 3669 os-

1880 3704 2030 3760 tendi
2092 3718 2357 3772 equarum
2420 3718 2650 3775 greges,
2697 3706 2788 3776 qui
2836 3704 2903 3761 ad
2933 3706 3160 3762 terenda
3210 3705 3486 3763 frumenta

1878 3795 2046 3870 386
2072 3798 2217 3854 areis
2246 3796 2463 3853 immitti
2494 3798 2751 3853 soleant:
2782 3798 2877 3855 sed
2908 3808 3016 3854 nun
3045 3807 3264 3869 potent
3305 3797 3489 3868 ﬁerip-

1884 3902 2003 3947 tara
2027 3892 2231 3959 dicere,
2256 3891 2403 3963 quod
2430 3891 2619 3947 iudica
2646 3892 2926 3963 provincia
2951 3906 3061 3947 non
3084 3892 3346 3948 habebat.
3374 3891 3489 3947 lloc

1880 3992 2085 4049 autem,
2122 3984 2173 4040 id
2201 3994 2305 4049 est,
2337 3991 2397 4040 ut
2433 3984 2549 4055 gith
2575 3992 2631 4040 et
2654 3985 2929 4056 cyminum
2970 3985 3118 4054 virga
3143 3983 3491 4038 excutiantur

1882 4083 1941 4131 et
1970 4075 2203 4132 baculo:
2242 4075 2576 4130 frumentum
2619 4074 3013 4142 hordeumque,
3042 4083 3098 4127 et
3124 4073 3225 4138 far,
3262 4071 3493 4128 fortasse

1884 4178 1939 4224 et
1991 4168 2218 4233 milium,
2253 4168 2389 4223 rotis
2413 4166 2607 4223 ferreis
2632 4174 3011 4230 conterantur,
3052 4177 3165 4217 non
3208 4161 3264 4216 in
3295 4176 3491 4232 perpe»

1886 4267 2037 4314 tuum
2068 4258 2168 4315 Del
2189 4259 2455 4330 judicium
2484 4265 2589 4324 est,
2618 4257 2708 4327 qui
2737 4256 2791 4311 in
2822 4255 3081 4311 omnibus
3110 4253 3358 4310 ostendit
3395 4254 3497 4310 mi-

1888 4354 2065 4410 rabile
2104 4355 2393 4410 consilium
2442 4364 2623 4415 suum,
2681 4360 2738 4409 et
2781 4351 3010 4422 justltim
3061 4348 3493 4422 magnitudinem

1890 4450 2159 4497 monstrat
2185 4443 2240 4497 in
2283 4445 2517 4498 cunctis.
2563 4442 2693 4498 Haec
2734 4452 3178 4520 παραφραστικῶς
3220 4441 3495 4507 diximus,

178 4538 483 4595 comminuet
524 4553 661 4593 eum.
694 4536 763 4591 Et
795 4538 892 4591 hoc
919 4555 949 4592 a
977 4547 1003 4575 ⁸
1034 4537 1144 4593 Deo
1169 4540 1489 4593 exercituum
1523 4517 1700 4602 exivit,
1731 4543 1785 4589 ut
1813 4517 1864 4577 θ
1891 4544 1951 4592 ut
1981 4535 2195 4590 facilius
2221 4546 2441 4590 sensum
2470 4544 2568 4603 pro
2598 4550 2707 4605 quo
2749 4517 2853 4590 ista
2883 4517 3171 4601 dicuntur,
3222 4533 3495 4604 possimus

183 4627 411 4686 mirabile
483 4632 678 4702 faceret
728 4630 1045 4698 consilium,
1115 4643 1164 4687 et
1213 4632 1572 4705 magniﬁcam
1624 4631 1789 4704 justi-

188 4718 324 4774 tiam.
376 4720 525 4776 LXX
579 4739 593 4776 :
668 4722 897 4779 Auribus
953 4724 1201 4796 percipite
1254 4734 1304 4778 et
1371 4723 1550 4779 audite
1612 4738 1788 4777 vocem

188 4824 345 4867 meum
399 4827 421 4867 :
460 4812 716 4871 attendite
756 4824 804 4870 et
855 4814 1032 4871 audite
1082 4831 1344 4871 sermones
1397 4831 1557 4871 meos.
1619 4813 1791 4871 Num-

190 4904 310 4971 quid
333 4905 502 4980 385
529 4914 638 4962 tota
658 4908 744 4963 die
770 4908 939 4963 arabit
958 4908 1049 4980 qui
1069 4919 1208 4974 erat,
1242 4920 1332 4962 aut
1358 4919 1633 4964 sementem
1659 4925 1794 4980 prat-

195 4997 387 5063 parabit
428 5010 704 5069 antequam
745 5010 999 5071 pmparet
1050 5009 1238 5054 terram
1263 5001 1288 5053 .’
1319 4999 1588 5072 Numquid
1617 4999 1645 5040 ι)
1674 5016 1790 5055 cum

196 5086 541 5159 adaquauerit
563 5092 751 5160 [aciem
785 5092 917 5162 ejus,
952 5101 1073 5146 tunc
1098 5092 1369 5147 seminabit
1396 5091 1505 5164 gitlt
1551 5103 1600 5147 et
1630 5094 1789 5164 cymi-

198 5193 339 5245 num,
388 5190 438 5237 et
482 5197 694 5238 rursum
734 5184 1006 5239 seminabit
1046 5184 1299 5249 triticum,
1341 5193 1388 5235 et
1411 5181 1696 5250 hordeum,
1746 5194 1794 5240 et

198 5272 417 5339 milium,
438 5276 665 5346 etfarin
685 5276 878 5346 ﬁnibus
897 5278 1019 5345 tuis,
1060 5287 1110 5332 et
1145 5277 1397 5332 erudieris
1427 5276 1633 5349 judicio
1674 5275 1792 5347 Det,

262 5464 296 5539 f
342 5456 542 5539 Vatic._
568 5473 691 5517 cum
728 5459 1225 5539 Vglg._lute_rprcte
1248 5462 1497 5539 ipsaque
1524 5460 1791 5539 Hierony-

207 5530 377 5597 miana
404 5532 680 5597 versione,
705 5549 738 5585 a
764 5530 984 5586 Domino
1014 5531 1162 5589 Deo:
1190 5530 1423 5589 minime
1444 5548 1574 5588 vero
1600 5533 1666 5589 ad
1692 5530 1797 5590 He-

208 5595 410 5674 [meum
441 5595 825 5674 Orchetypnm.

276 5666 305 5707 δ
333 5666 657 5748 Amavimus
679 5666 804 5729 hinc
852 5672 1082 5748 negandi
1093 5672 1450 5748 particulam,
1477 5686 1605 5748 non,
1635 5682 1797 5748 quam

214 5750 342 5795 mss.
379 5740 653 5813 ignorant,
688 5756 867 5817 neque
894 5736 1058 5805 habet
1082 5736 1305 5805 Graecus
1343 5736 1524 5804 textus
1552 5736 1667 5820 οὐχ’
1686 5736 1802 5804 ὅταν

1892 4626 2239 4697 inteliig‘ere.'
2266 4625 2409 4680 Dens
2451 4625 2606 4679 varie
2642 4638 2817 4695 genus
2845 4624 3126 4694 dispensat
3165 4625 3495 4690 humanum,

1896 4733 2040 4776 nunc
2069 4719 2242 4791 punit,
2287 4730 2432 4773 nunc
2476 4715 2811 4772 miseretur:
2852 4726 2999 4770 nune
3039 4713 3300 4783 corripit,
3351 4726 3497 4767 nunc

1894 4813 2176 4879 defendit;
2208 4810 2267 4869 id
2290 4820 2394 4881 est,
2439 4824 2585 4867 nune
2606 4820 2745 4878 arat,
2777 4822 2921 4865 nunc
2945 4810 3105 4872 sctit,
3135 4820 3282 4861 nunc
3328 4812 3507 4862 matu-

1894 4918 1988 4963 ras
2014 4904 2197 4976 fruges
2224 4903 2400 4971 metit,
2431 4913 2488 4960 et
2513 4898 2797 4959 demessas
2838 4901 2890 4958 in
2923 4901 3065 4956 areis
3097 4902 3257 4966 terit,
3284 4901 3502 4957 orbem-

1898 5012 2006 5070 que
2036 5010 2195 5054 suum
2226 4996 2498 5069 gubernat
2539 5004 2598 5050 ut
2638 4994 2891 5050 voluerit.
2922 4992 3053 5051 Gitlt
3106 5002 3167 5050 et
3198 4994 3501 5066 cyminum,

1900 5092 1956 5148 id
1984 5101 2091 5161 est,
2123 5106 2319 5148 omnes
2356 5098 2546 5161 gentes
2582 5102 2703 5159 quas
2734 5100 2843 5146 non
2864 5097 3191 5160 receperunt
3214 5089 3335 5161 ejus
3364 5090 3507 5145 noti-

1900 5187 2059 5252 tiam,
2089 5198 2192 5242 nec
2232 5184 2392 5255 Legis
2435 5181 2678 5239 habuere
2726 5194 3021 5255 praecepta,-
3065 5183 3214 5254 virga
3252 5182 3506 5241 emendat

1902 5287 1959 5336 et
1984 5276 2179 5334 baculo
2211 5293 2225 5329 :
2258 5274 2593 5333 Frumentum
2620 5284 2839 5345 autem,
2871 5275 2926 5332 id
2971 5282 3086 5341 est,
3122 5277 3385 5346 populum
3411 5273 3507 5328 Ju-

1902 5461 2151 5535 apaltep,
2174 5468 2281 5516 etc.
2306 5459 2429 5535 Mos
2452 5472 2667 5529 quoque
2695 5469 2816 5515 erat
2833 5460 2885 5535 in
2910 5456 3105 5535 ﬁnibus
3121 5457 3231 5511 suis
3256 5470 3357 5535 pro
3383 5458 3505 5521 tuis,

1903 5524 2046 5597 tinud
2088 5524 2220 5585 mss.
2318 5524 2614 5593 recitarunt,
2675 5529 3010 5591 assentiente
3066 5524 3275 5587 Grazco'
3305 5529 3356 5583 is
3405 5537 3509 5590 τοῖς

1904 5602 2063 5658 ὁρίοις
2105 5614 2234 5658 aeu:
2279 5549 2502 5658 Ξιηιιξιδῑ
2551 5598 2810 5658 refragari
2867 5594 3209 5658 subsequens
3244 5600 3509 5658 expositio

1904 5594 2063 5687 aetat;
2105 5614 2234 5667 aeu;
2280 5594 2502 5658 inmersi
2551 5598 2810 5670 refragari
2867 5594 3209 5666 subseqncns
3244 5600 3512 5669 expositio

1905 5675 2179 5804 “ﬂagiti;
2206 5752 2328 5818 qua:
2351 5746 2681 5800 animamus
2702 5738 2757 5799 ta
2781 5730 3091 5799 Esechiells
3111 5737 3236 5810 εὸβ·
3262 5744 3335 5798 Ῑν·
