4010 6312
563 228 668 285 327

1833 215 1894 273 S.
1935 211 2205 273 EUSEBII
2244 209 2623 270 HIERONYMI
3758 205 3848 264 ωδ

559 341 800 397 datorum
845 337 1054 422 inriguis
1088 331 1364 404 torquebit
1391 329 1694 402 suppliciis.
1728 327 1825 385 Cui
1856 331 2000 386 enim
2035 331 2158 400 plus
2185 333 2232 391 Α
2262 331 2431 384 lassus
2470 328 2641 382 adhuc
2681 325 2812 390 sitit,
2836 332 2885 380 et
2923 322 3100 378 anima
3145 324 3260 395 ejus
3304 337 3466 378 vacua
3503 327 3620 377 est:
3653 322 3726 377 sic
3764 325 3848 378 erit

560 421 850 492 creditur,
881 431 1000 498 plus
1047 427 1294 496 exigetur
1327 425 1398 480 ab
1444 438 1532 479 eo.
1586 421 1651 477 Et
1681 438 1880 489 servus,
1925 423 2017 493 qui
2067 423 2163 474 scit

561 527 872 580 voluntatem
895 520 1102 575 Domini
1132 521 1234 582 sui,
1275 529 1323 574 et
1361 535 1463 574 non
1504 518 1680 590 fecerit
1718 533 1854 583 eam,
1897 515 2164 582 vapulabit

560 616 734 672 multis
787 614 952 687 (Luc.
990 629 1086 681 xu,
1121 613 1249 682 47);
1278 612 1415 668 etin
1449 610 1556 664 alio
1583 610 1703 665 loco
1733 610 1995 677 scriptum
2037 616 2160 661 c-t:

557 707 798 763 Potentes
821 714 1051 775 potenter
1073 713 1326 759 tormenta
1347 702 1605 772 patientur
1628 699 1780 770 (Sap.
1813 714 1888 765 v1,
1940 697 2016 772 7).
2061 697 2163 753 Ve-

559 809 864 855 rumtamen
896 811 1005 852 non
1035 811 1130 849 eos
1175 793 1447 862 torquebit
1503 794 1555 848 in
1608 800 1951 862 perpetuum.
2003 788 2160 844 Aliud

555 891 699 946 enim
736 896 822 944 est
848 903 972 944 esse
999 888 1246 956 impium,
1293 884 1437 940 aliud
1477 893 1844 952 peccatorem.
1874 882 2030 949 Quod
2064 896 2162 935 uos

557 983 626 1040 de
653 982 904 1055 gentibus
928 990 983 1037 et
1017 979 1225 1036 ludatis
1254 977 1599 1048 interpretati
1629 991 1838 1043 sumus,
1869 975 1959 1030 alii
1990 989 2163 1044 expo-

558 1084 693 1130 nunt
716 1089 883 1143 super
906 1074 1106 1142 pupula
1136 1080 1192 1126 et
1235 1069 1647 1131 Sacerdotibus.
1683 1067 1827 1138 quod
1851 1066 2043 1137 vulgus
2072 1064 2160 1120 iu-

555 1166 778 1222 doctum
813 1167 868 1221 in
894 1167 983 1220 die
1023 1163 1216 1235 judicii
1263 1163 1418 1233 quasi
1447 1163 1561 1232 gitti
1591 1171 1646 1216 et
1680 1159 1954 1231 cyminum
1985 1156 2161 1213 curri-

556 1263 737 1333 piatur
765 1260 914 1328 virga
941 1269 994 1314 et
1025 1259 1251 1322 baculo;
1291 1254 1606 1311 sacerdotes
1633 1263 1812 1308 autem
1839 1251 1931 1322 qui
1961 1251 2162 1305 habue-

556 1362 683 1410 runt
710 1354 916 1408 clavem
943 1350 1206 1411 scientize,
1234 1346 1446 1419 magnis
1469 1346 1751 1416 suppliciis
1776 1354 2158 1415 torqueantur:

555 1457 610 1504 et
638 1427 742 1502 Ιιόο
770 1445 984 1501 Domini
1017 1446 1108 1498 tiat
1145 1442 1372 1513 judicio,
1425 1441 1518 1510 qui
1572 1438 1812 1496 ostendit
1855 1440 1909 1493 in
1949 1439 2161 1494 cunctis

555 1537 804 1594 mirabile
824 1535 1110 1592 consilium
1137 1549 1294 1589 suum
1324 1541 1378 1588 et
1398 1532 1628 1600 iustitiae
1652 1534 1957 1596 veritatem,
1984 1540 2043 1585 ut
2071 1530 2162 1600 qui

554 1633 680 1704 plus
707 1640 1070 1701 acceperunt,
1117 1630 1234 1698 plus
1262 1630 1510 1698 exigatur
1535 1628 1604 1681 ab
1647 1626 1749 1682 eis.
1783 1625 1888 1680 Pro
1929 1640 1995 1680 eo
2018 1625 2161 1695 quod

2270 421 2548 478 multitudo
2589 419 2816 474 omnium
2859 417 3086 489 gentium
3124 432 3241 483 quas
3279 415 3654 470 dimicaverunt
3693 426 3846 470 contra

2265 523 2490 567 montem
2534 511 2685 567 Sion.
2730 508 2912 565 LXX:
2949 508 3042 564 γω
3086 507 3264 573 Ariel,
3306 508 3450 562 Ariel
3487 508 3668 561 civitas
3713 524 3846 576 quam

2266 605 2576 675 expugnavit
2607 601 2798 657 David.
2837 601 3154 674 Congregate
3181 600 3464 674 genimina.
3491 616 3686 654 annum
3713 615 3847 670 super

2266 715 2459 752 annum
2482 697 2752 762 comedite,
2775 695 3055 749 comedetis
3072 695 3209 749 enim
3235 710 3350 748 cum
3388 692 3546 748 Moab
3568 709 3588 747 :
3616 708 3848 767 coangus-

2267 791 2383 844 tabo
2404 791 2540 843 enim
2560 789 2720 854 Ariel,
2739 797 2785 842 et
2813 788 2910 841 erit
2933 788 3188 858 fortitudo
3206 785 3353 841 illius
3373 796 3421 842 et
3441 787 3639 841 divitia:
3659 787 3794 854 mihi,
3811 799 3846 842 et

2265 883 2594 937 circumdabo
2613 882 2741 936 sicut
2761 879 2930 934 David
2949 888 3188 948 superte:
3207 887 3256 934 et
3278 880 3479 932 mittam
3499 879 3851 935 vallumincir-

2265 975 2407 1028 cuitu
2430 983 2601 1040 tuo,et
2623 989 2810 1044 ponam
2839 988 2929 1043 per
2945 989 3128 1044 gyrum
3149 973 3222 1026 tui
3245 981 3431 1036 turres,
3455 982 3502 1026 et
3520 971 3850 1027 Itumiliabun-

2265 1073 2347 1117 tur
2371 1067 2425 1120 in
2455 1073 2646 1119 terram
2673 1081 2931 1119 sermones
2954 1066 3028 1117 tui
3051 1081 3070 1118 :
3097 1073 3142 1116 et
3170 1066 3225 1118 in
3250 1074 3438 1118 terram
3465 1065 3694 1119 occident
3721 1066 3850 1119 verba

2265 1166 2376 1210 tua.
2421 1154 2493 1210 Et
2541 1157 2634 1212 erit
2681 1157 2813 1210 sicut
2842 1154 3158 1226 loquentium
3213 1155 3277 1210 de
3317 1167 3455 1211 terra
3513 1171 3615 1210 vox
3650 1166 3764 1224 tua,
3811 1165 3849 1211 et

2264 1264 2424 1317 usque
2469 1248 2537 1300 ad
2569 1248 2915 1316 pavimentum
2955 1263 3053 1302 vox
3088 1258 3177 1301 tua
3201 1248 3572 1318 infirmabitur.
3605 1246 3674 1301 Et
3717 1259 3849 1304 erunt

2263 1339 2394 1392 sicut
2439 1339 2606 1408 pulvis
2645 1339 2810 1411 388
2852 1339 2916 1392 de
2946 1349 3062 1392 rota
3092 1339 3289 1393 divitia:
3318 1339 3594 1404 impiorum
3616 1354 3636 1394 :
3660 1350 3707 1394 et
3735 1341 3851 1394 sicut

2266 1432 2447 1502 favilla
2471 1448 2586 1503 qua:
2617 1442 2820 1502 rapitur
2844 1471 2860 1497 ,
2891 1433 3170 1487 multitudo
3199 1449 3376 1488 eorum
3418 1434 3505 1504 qui
3533 1444 3582 1487 te
3601 1451 3848 1507 oppresse-

2267 1534 2384 1580 runt
2409 1541 2429 1580 :
2473 1527 2668 1596 eritque
2701 1526 2755 1580 in
2798 1535 2987 1597 puncto
3029 1535 3236 1597 repente
3277 1545 3310 1580 a
3360 1525 3585 1581 Domino
3633 1527 3848 1581 sabaotlt.

2275 1619 2517 1674 Visitatio
2571 1620 2707 1673 enim
2749 1620 2844 1673 erit
2889 1635 3002 1673 cum
3047 1620 3245 1674 tonitru
3271 1661 3285 1685 ,
3339 1628 3386 1673 et
3433 1623 3770 1677 commotione
3813 1630 3850 1676 et

557 1740 658 1781 nos
683 1723 1025 1794 interpretati
1069 1735 1297 1776 sumus:
1332 1721 1385 1774 in
1424 1720 1568 1792 virga
1605 1719 1894 1774 excutietur
1933 1719 2065 1790 git/i,
2109 1719 2238 1780 etB
2263 1727 2384 1765 voce
2412 1728 2620 1784 magna,
2663 1722 2936 1774 tempestas
2965 1710 3157 1773 valida,
3205 1720 3251 1766 et
3290 1713 3502 1782 ﬂamma
3543 1714 3677 1785 ignis
3710 1715 3846 1770 devo-

556 1819 815 1889 cyminum
837 1819 888 1872 in
911 1815 1114 1883 baculo,
1148 1813 1336 1871 nescio
1364 1814 1493 1885 quid
1521 1815 1767 1868 volentes
1806 1813 1949 1868 LXX
1981 1823 2161 1867 trans-

557 1912 803 1966 tulerunt
829 1927 843 1965 :
871 1913 1132 1981 cyminum
1152 1920 1328 1962 autem
1350 1922 1466 1960 cum
1494 1922 1628 1975 pane
1651 1906 1957 1960 comeditur.
2001 1905 2165 1961 Deni-

555 2017 665 2073 que
703 2010 760 2057 et
805 2010 1018 2056 veteres
1047 1999 1277 2056 Grieciae
1323 2000 1654 2068 interpretes
1686 1997 2006 2053 Hebraicuin
2053 1996 2164 2052 dis-

557 2106 841 2162 serentes,
876 2095 945 2150 de
993 2097 1098 2149 hoc
1127 2107 1382 2147 sermone
1411 2099 1721 2158 tacuerunt,
1770 2093 1894 2158 quia
1936 2089 2164 2144 forsitan

557 2187 688 2261 quid
718 2188 968 2244 dicerent
996 2202 1102 2242 non
1141 2185 1431 2242 habebant.
1459 2184 1595 2239 illud
1625 2194 1806 2239 autem
1847 2183 1899 2238 in
1927 2199 2036 2254 quo
2064 2197 2164 2237 nos

553 2283 709 2352 justa
742 2280 1061 2336 llebraicum
1090 2285 1406 2349 posuimus:
1440 2277 1631 2331 Verum
1654 2294 1756 2330 non
1783 2277 1836 2330 iu
1859 2285 2165 2345 perpetuum

556 2375 805 2429 triturans
848 2371 1110 2427 triturabit
1164 2370 1347 2436 illum,
1398 2385 1565 2440 neque
1618 2368 1821 2423 vexabit
1867 2368 2016 2421 illum
2049 2374 2165 2420 rota

553 2465 797 2538 plaustri.
829 2481 918 2519 nec
948 2463 1157 2535 ungulis
1184 2463 1294 2517 suis
1330 2461 1644 2516 comminuet
1681 2477 1832 2526 eum,
1878 2456 2022 2513 LXX
2053 2472 2162 2512 non

549 2559 701 2630 juxta
733 2557 894 2630 337
918 2560 1143 2612 verbum
1163 2595 1180 2621 ,
1212 2555 1307 2610 sed
1339 2554 1494 2624 juxta
1546 2567 1769 2607 sensum
1819 2550 2162 2621 interpretati

557 2662 721 2708 sunt:
751 2649 931 2721 Neque
972 2650 1108 2704 enim
1146 2664 1239 2716 ego
1269 2647 1323 2700 in
1367 2646 1736 2716 sempiternum
1777 2645 1972 2699 irascar
1999 2643 2161 2712 vobis,

558 2760 651 2800 nec
677 2760 774 2799 vox
794 2742 1157 2797 amaritudinis
1176 2755 1303 2795 mea:
1327 2737 1650 2794 conrulcabit
1691 2754 1778 2792 vos
1801 2755 1818 2792 :
1872 2737 2162 2792 ostenden-

556 2846 640 2893 tes
669 2837 848 2891 futura
887 2833 1283 2906 peccatoribus,
1331 2841 1454 2897 post
1506 2839 1800 2895 tormenta,
1854 2829 2157 2900 retrigeria,

555 2933 611 2978 et
659 2923 773 2978 haec
798 2929 949 2992 quasi
985 2930 1237 2992 portenta
1265 2927 1430 2988 atque
1474 2917 1745 2972 mirabilia
1790 2931 2008 2987 egressa
2039 2930 2163 2970 esse

555 3028 587 3070 ει
617 3012 871 3068 Domino.
918 3010 1072 3068 Unde
1102 3011 1414 3081 principitur
1449 3008 1824 3076 peccatoribus
1855 3009 1944 3078 qui
1973 3016 2161 3078 postea

2265 1821 2408 1860 rans.
2458 1803 2529 1856 Et
2567 1812 2715 1858 erunt
2736 1803 2991 1875 quomodo
3019 1804 3232 1858 videntis
3252 1805 3508 1858 somriium
3538 1815 3704 1871 nocte,
3734 1806 3849 1859 divi.

2265 1899 2352 1952 tia:
2391 1898 2619 1952 omnium
2666 1898 2891 1966 gentium
2930 1913 3045 1964 quia
3085 1895 3436 1952 militaverunt
3471 1907 3645 1954 contra
3685 1898 3848 1952 Ariel:

2266 2003 2312 2046 et
2335 2008 2506 2046 omnes
2540 1992 2628 2062 qui
2641 2002 2993 2064 pugnaverunt
3013 2003 3190 2045 contra
3214 1989 3540 2058 Jerusalem,
3570 2001 3614 2046 et
3641 1993 3850 2046 universi

2263 2085 2352 2155 qui
2398 2085 2692 2157 congregati
2741 2093 2858 2138 sunt
2900 2100 3057 2152 super
3100 2100 3242 2150 eam,
3293 2094 3340 2138 et
3387 2087 3690 2154 afﬂixerunt
3725 2101 3844 2139 eam.

2268 2175 2538 2247 Erantque
2572 2179 2700 2232 sicut
2740 2178 2828 2247 qui
2866 2178 2920 2230 in
2945 2178 3137 2232 sonmis
3179 2178 3408 2232 esuriant
3463 2189 3513 2234 et
3553 2181 3844 2234 comirdunt:

2265 2287 2480 2337 cumque
2491 2272 2827 2335 surrexerint,
2858 2286 3045 2325 vanum
3073 2281 3148 2325 est
3167 2272 3420 2326 somnium
3444 2282 3646 2334 eorum.
3667 2282 3713 2328 et
3729 2273 3847 2325 sicut

2265 2364 2354 2433 qui
2381 2379 2470 2434 per
2495 2364 2750 2417 somnium
2773 2364 2878 2417 sitit
2908 2375 2960 2418 et
2993 2362 3139 2429 bibit,
3193 2381 3309 2418 cum
3357 2366 3661 2429 surrexerit,
3689 2365 3846 2418 adhuc

2265 2456 2430 2520 sitiet,
2459 2465 2504 2508 et
2536 2458 2710 2511 animo
2739 2460 2852 2529 ejus
2888 2461 3082 2528 frustra
3103 2459 3323 2526 speravit
3347 2473 3367 2512 :
3385 2460 3459 2512 sic
3481 2469 3630 2514 erunt
3667 2458 3846 2512 divitia!

2265 2548 2490 2602 omnium
2510 2549 2738 2620 gentium
2758 2565 2872 2616 qua:
2889 2550 3238 2605 militaverunt
3263 2561 3444 2605 contra
3466 2562 3676 2605 montem
3697 2550 3842 2605 Sion.

2267 2639 2371 2694 Pro
2400 2655 2466 2695 eo
2491 2644 2632 2711 quod
2661 2657 2759 2696 nos
2789 2642 3128 2710 interpretati
3159 2659 3368 2711 sumus,
3408 2644 3518 2708 Var,
3548 2646 3600 2700 in
3630 2645 3846 2700 chrmo

2265 2736 2528 2804 SCriptum
2553 2744 2638 2790 est
2661 2751 2716 2790 ut
2748 2736 2877 2809 (tiri)
2899 2780 2912 2802 ,
2940 2736 3081 2806 quod
3107 2738 3249 2809 apud
3277 2753 3372 2795 eos
3402 2737 3671 2793 interdum
3700 2752 3848 2793 voca-

2267 2822 2378 2876 tivo
2409 2837 2536 2879 casu
2581 2824 2800 2892 dicitur,
2851 2837 2906 2879 ut
2937 2841 3044 2880 nou
3093 2829 3310 2898 plangat
3337 2827 3508 2888 Ariel.
3541 2828 3638 2884 sed
3669 2839 3844 2893 vocet;

2266 2915 2469 2972 licetiu
2518 2919 2776 2987 prmsenti
2818 2919 2940 2975 loco
2971 2935 3070 2990 pro
3111 2920 3326 2991 planctu
3357 2921 3732 2992 accipiendum
3762 2922 3843 2977 sit.

2265 3007 2404 3062 Axiel
2431 3023 2646 3079 quoque
2695 3009 3085 3080 interpretatur
3121 3011 3204 3066 leo
3233 3010 3360 3078 Dei;
3404 3024 3459 3068 et
3507 3029 3603 3082 pro
3642 3014 3846 3070 civitate

559 3105 816 3177 puniendi
846 3113 991 3170 sunt,
1024 3113 1082 3160 ut
1112 3105 1294 3160 ineant
1321 3103 1633 3167 consilium,
1663 3113 1718 3158 et
1745 3102 1987 3158 exultent
2019 3117 2154 3155 con-
2182 3116 2228 3178 C
2261 3117 2420 3172 qttam
2472 3104 2665 3174 Aquila
2717 3105 3105 3176 interpretatus
3149 3118 3252 3174 est,
3293 3109 3578 3180 πολίχνην,
3622 3110 3720 3165 huc
3747 3118 3844 3174 est,

561 3199 884 3254 Solationent
916 3212 1090 3262 suam,
1146 3212 1487 3268 nequaquam
1543 3212 1766 3260 vanam,
1826 3205 1884 3250 ut
1928 3211 1958 3248 a
2011 3193 2156 3248 LXX

556 3291 800 3348 additum
830 3302 912 3347 est
930 3332 944 3356 ,
969 3290 1064 3347 sed
1087 3291 1338 3346 absolute
1363 3289 1820 3345 cumulationem.
1850 3286 2154 3356 Numquam

555 3388 700 3442 enim
734 3385 878 3441 Deus
916 3385 1255 3454 principeret,
1307 3393 1365 3437 ut
1394 3382 1699 3437 exultarent
1738 3396 1930 3435 vanam
1960 3393 2157 3435 conso-

555 3481 813 3538 lationem
840 3495 1018 3542 suam,
1045 3493 1166 3550 qua:
1194 3478 1274 3533 eis
1304 3495 1414 3532 non
1436 3487 1557 3532 erat
1588 3475 1891 3544 profutura.

628 3573 781 3639 (Cap.
806 3570 953 3625 XIX.
974 3600 1048 3612 ——
1076 3569 1229 3623 Vers.
1255 3575 1314 3632 1,
1339 3567 1530 3637 seqq.)
1564 3567 1650 3622 Va:
1683 3567 1845 3632 Ariel,
1873 3567 2013 3621 Ariel
2033 3567 2156 3621 civi-
2183 3558 2188 3564 ’

555 3669 670 3726 tas,
711 3675 869 3731 quam
924 3659 1231 3731 expugnavit
1279 3657 1465 3711 David.
1508 3657 1732 3712 Additus
1769 3665 1842 3711 est
1881 3673 2048 3710 annus
2087 3658 2157 3711 ad

552 3769 770 3820 annum,
793 3751 1141 3808 solemnitates
1160 3749 1378 3806 evoluta:
1395 3758 1532 3804 sunt.
1558 3747 1967 3804 Circumvallabo
1991 3749 2151 3816 Ariel,

555 3858 602 3904 et
633 3849 728 3902 erit
750 3847 913 3900 tristis
933 3853 982 3899 et
1014 3859 1269 3908 maerens;
1309 3852 1358 3898 et
1395 3844 1493 3897 erit
1529 3843 1658 3896 mihi
1695 3843 1843 3913 quasi
1878 3842 2041 3896 Ariel.
2085 3840 2152 3894 Et

555 3939 888 3995 circumdabo
916 3939 1063 4008 quasi
1085 3935 1339 4010 sphazram
1377 3937 1431 3989 in
1461 3936 1683 3990 circuitu
1724 3944 1833 3999 tuo,
1873 3946 1923 3991 et
1965 3937 2154 4001 iaciam

551 4043 735 4086 contra
757 4041 805 4085 te
825 4045 1087 4104 aggerem,
1118 4036 1168 4083 et
1189 4028 1509 4082 munimenta
1531 4043 1718 4096 ponam
1750 4028 1803 4082 in
1833 4026 2153 4081 obsidionem

553 4133 716 4178 tuam.
743 4121 1138 4187 Humiliaberis,
1162 4119 1226 4172 de
1249 4128 1386 4174 terra
1425 4118 1668 4186 loqueris,
1693 4128 1741 4172 et
1765 4118 1828 4172 de
1864 4117 2021 4171 humo
2057 4134 2153 4170 au-

551 4215 720 4268 dietur
759 4213 1019 4283 eloquium
1046 4223 1212 4276 tuum,
1240 4220 1288 4266 et
1330 4211 1427 4264 erit
1452 4211 1601 4280 quasi
1633 4209 1873 4280 pythonis
1915 4211 1979 4264 de
2016 4220 2151 4264 terra

551 4321 650 4360 vox
694 4313 802 4368 tua,
843 4313 888 4358 et
929 4303 995 4357 de
1038 4305 1194 4356 humo
1239 4301 1497 4373 eloquium
1540 4311 1688 4355 tuum
1728 4301 2040 4356 mussitabit.
2082 4300 2151 4355 Et

543 4396 643 4452 erit
679 4397 808 4451 sicut
849 4394 1015 4464 pulvis
1055 4395 1222 4448 tenuis
1264 4394 1542 4448 multitudo
1591 4397 1942 4451 ventilantium
1980 4406 2058 4462 te,
2100 4405 2149 4450 et

2261 3195 2584 3266 oppidufum,
2615 3197 2732 3252 sive
2770 3199 3012 3260 viculum.
3061 3201 3112 3254 in
3147 3199 3380 3256 Hebraeo
3413 3203 3596 3272 legunt
3624 3217 3846 3259 camus

2261 3287 2474 3374 (η’-Ρ),
2499 3289 2641 3357 quod
2671 3291 2894 3361 proprie
2915 3292 3090 3347 villam
3115 3293 3404 3363 signiﬁcat,
3437 3305 3493 3350 et
3521 3295 3696 3367 lingua
3720 3297 3845 3367 Syra

2258 3380 2461 3436 dicitur
2487 3390 2512 3417 ει
2540 3382 2763 3447 Cartha,
2801 3387 2943 3440 unde
2983 3396 3039 3440 et
3081 3385 3206 3440 villa
3248 3388 3509 3444 silvarum
3556 3390 3846 3458 appellatur

2259 3486 2492 3526 camara
2514 3476 2878 3544 μεμαῶτ’-ιγ’
2899 3483 3086 3564 nt-p).
3109 3476 3354 3548 Denique
3385 3491 3440 3534 et
3470 3480 3523 3534 iu
3555 3481 3845 3551 superiori-

2261 3562 2362 3617 bus
2393 3563 2498 3635 (Ad
2526 3581 2642 3636 cap.
2669 3583 2714 3627 t.
2747 3567 2843 3637 21)
2877 3572 2965 3621 ubi
2999 3562 3266 3637 legimus:
3310 3571 3584 3638 Quomodo
3612 3574 3744 3642 facta
3777 3584 3844 3627 est

2257 3658 2500 3712 meretrix
2522 3661 2702 3715 civitas
2717 3661 2891 3730 fidelis
2910 3661 3079 3718 Sion?
3106 3678 3205 3735 pro
3229 3664 3468 3731 civitate,
3486 3663 3699 3720 Cariaslt
3716 3667 3844 3720 scri-

2258 3748 2431 3815 bitur,
2482 3752 2531 3806 id
2580 3765 2696 3820 est,
2752 3754 2920 3810 villa:
2969 3770 3132 3825 quam
3191 3772 3292 3812 nos
3341 3766 3397 3812 ut
3445 3759 3844 3813 translationem

2256 3843 2463 3914 Aquilae
2492 3847 2864 3914 exprimamus
2887 3848 2952 3902 ad
2999 3849 3248 3916 verbum,
3296 3849 3618 3906 civitatulam
3663 3865 3843 3922 ρος-ιι·

2256 3952 2376 3990 ntus
2420 3937 2626 3994 dicere.
2673 3939 2835 4009 Igitur
2863 3939 3024 4008 Ariel,
3071 3940 3125 3996 id
3159 3949 3264 4007 est,
3296 3943 3376 3997 leo
3417 3942 3539 4010 Dei,
3583 3943 3841 4015 quondam

2255 4029 2553 4084 fortissima
2594 4040 2820 4086 Vocatur
2845 4031 3148 4089 Jerusalem
3175 4051 3188 4086 :
3223 4033 3337 4089 sive
3377 4045 3434 4090 ut
3465 4035 3560 4090 alii
3590 4037 3842 4090 arbitran-

2256 4130 2366 4188 tur,
2406 4125 2664 4193 templum
2697 4133 2754 4178 et
2781 4124 2953 4180 altare
2984 4125 3078 4179 Dei
3111 4126 3253 4196 quod
3289 4138 3403 4183 erat
3449 4130 3501 4183 in
3529 4128 3838 4184 Jeru~alem.

2253 4213 2515 4285 Quodque
2534 4220 2821 4286 sequitur:
2851 4216 3021 4284 Quam
3050 4221 3363 4292 expugnavit
3400 4219 3595 4282 David,
3631 4237 3722 4290 pro
3744 4236 3839 4290 quo

2253 4307 2645 4377 interpretatus
2694 4318 2780 4364 est
2835 4310 3226 4380 Symmachus,
3281 4325 3509 4367 castrum
3563 4313 3745 4378 David,
3792 4320 3840 4368 et

2253 4396 2580 4466 Tbeudotio,
2632 4401 3040 4456 circumvallatio
3067 4403 3263 4470 David,
3311 4403 3365 4458 iu
3397 4404 3630 4462 Hebrwo
3662 4407 3840 4477 legitur

543 4489 677 4543 εξειιι
696 4487 878 4557 favilla
899 4487 1247 4557 pertransiens
1269 4485 1549 4544 multitudo
1570 4503 1744 4542 eorum
1775 4489 1862 4559 qui
1899 4499 2081 4543 contra
2100 4496 2148 4541 te
2177 4510 2230 4570 D
2255 4507 2395 4547 usus
2425 4492 2600 4565 (mn),
2631 4493 2775 4561 quod
2816 4494 3225 4553 eruditissimus
3249 4496 3629 4566 Hebraeorum,
3658 4500 3838 4554 habita-

547 4579 947 4650 prasvaluerunt.
992 4577 1210 4650 Eritque
1247 4587 1454 4648 repente
1490 4581 1800 4650 confestim:
1849 4597 1881 4633 a
1923 4578 2150 4635 Domino

546 4675 862 4730 exercituum
883 4672 1173 4728 visitabitur
1193 4674 1244 4726 in
1269 4672 1498 4727 tonitruo
1519 4683 1566 4727 et
1595 4673 1936 4728 commotione
1974 4684 2148 4738 term,

545 4776 592 4822 et
611 4784 733 4822 voce
771 4785 957 4841 magna
987 4766 1205 4820 turbinis
1225 4777 1273 4820 et
1295 4768 1627 4836 tempestatis,
1670 4774 1715 4819 et
1756 4767 1980 4834 flamma:
2015 4766 2148 4836 ignis

547 4857 857 4913 devorantis.
902 4857 972 4914 Et
1014 4858 1112 4912 erit
1157 4858 1289 4911 sicut
1330 4856 1588 4911 somnium
1639 4857 1851 4910 visionis
1886 4869 2147 4911 nocturne

546 4952 823 5006 multitudo
853 4952 1082 5005 omnium
1105 4953 1353 5027 gentium,
1399 4966 1515 5023 quae
1555 4951 1930 5004 dimicaverunt
1968 4959 2149 5005 contra

544 5042 709 5106 Ariel,
732 5052 782 5095 et
803 5059 974 5098 omnes
1002 5044 1091 5114 qui
1126 5041 1502 5109 militaverunt,
1525 5053 1573 5098 et
1592 5042 1919 5108 obsederunt,
1941 5052 1991 5097 et
2015 5058 2150 5115 prce-

543 5137 815 5192 valuerunt
833 5137 1080 5191 adversus
1101 5152 1234 5190 eam.
1263 5137 1411 5192 Sicut
1439 5137 1660 5191 somniat
1701 5137 1931 5191 esuriens
1977 5146 2025 5191 et
2064 5153 2150 5191 co-

545 5229 723 5292 medit.
771 5245 887 5283 cum
927 5229 1082 5301 fuerit
1123 5238 1449 5300 experrectus
1480 5228 1663 5301 [ναις.
1710 5229 2146 5303 expergefactus],

541 5338 703 5377 vacua
739 5331 816 5378 est
857 5322 1032 5376 anima
1055 5321 1209 5393 ejus;
1237 5332 1287 5374 et
1330 5321 1459 5375 sicut
1503 5322 1722 5375 somniat
1761 5323 1940 5377 sitiens
1979 5333 2027 5378 et
2064 5323 2143 5377 bi-

540 5413 632 5481 bit,
676 5424 947 5485 postquam
963 5413 1280 5487 evigtlaverit
1301 5411 1482 5485 [Vulg.
1509 5413 1664 5482 fuerit
1701 5413 2140 5489 expergefactus],

614 5541 642 5570 ι
672 5530 876 5595 Vatic.,
899 5527 1147 5584 Caiatha
1171 5546 1186 5582 :
1227 5528 1411 5584 minus
1439 5527 1686 5584 fortassis
1710 5529 1883 5593 male;
1914 5546 2036 5584 nam
2059 5540 2140 5585 et-

541 5601 588 5656 si
620 5601 789 5657 Karta
817 5609 965 5657 recte
989 5599 1191 5656 dicitur
1215 5601 1394 5671 Syris;
1425 5616 1455 5653 a
1481 5598 1679 5654 Karetlt
1701 5608 1880 5656 tamen
1915 5600 2135 5669 dicitur,

544 5686 654 5728 non
680 5687 713 5728 a
741 5672 989 5729 Kariatlt.
1013 5671 1328 5742 Legendqu
1355 5673 1519 5741 igitur
1557 5686 1680 5727 cum
1707 5685 1811 5727 ms.
1845 5671 2135 5740 Drusiano,

2253 4585 2428 4638 culum
2479 4583 2507 4623 δ
2553 4584 2862 4655 signiﬁcare
2927 4591 3119 4643 voluit.
3186 4588 3241 4646 Si
3304 4591 3467 4660 igitur
3521 4592 3833 4664 legerimus:

2251 4694 2404 4747 quam
2449 4681 2763 4750 expugnavit
2797 4680 2994 4750 David,
3024 4683 3091 4738 ad
3123 4684 3252 4740 illud
3288 4693 3502 4756 tempus
3532 4693 3833 4750 reteramus,

2252 4771 2469 4840 quando
2524 4774 2670 4844 cepit
2725 4776 2890 4831 David
2943 4791 3124 4834 arcem
3179 4779 3354 4847 Sion,
3426 4781 3836 4854 repugnantibus

2252 4862 2412 4916 caecis
2441 4874 2495 4918 et
2535 4864 2761 4931 claudis,
2795 4875 2851 4921 et
2879 4868 3084 4936 primus
3121 4869 3256 4926 Joab
3298 4870 3578 4928 domatum
3635 4870 3835 4929 excelsa

2253 4957 2574 5012 Conscendit
2624 4959 2681 5029 (l
2747 4957 2926 5015 Paral.
2993 4963 3107 5032 ιι).
3159 4964 3217 5019 Si
3259 4974 3441 5021 autem
3481 4966 3637 5037 juxta
3685 4967 3832 5038 Synt-

2251 5051 2500 5102 machum
2577 5057 2633 5104 et
2701 5049 3178 5120 Tlteudotiouem,
3260 5052 3366 5109 hoc
3457 5056 3829 5120 sentiendum,

2250 5139 2394 5209 quod
2471 5141 2642 5196 David
2718 5157 2839 5198 eam
2897 5144 3282 5201 instauraverit
3339 5157 3507 5218 atque
3557 5148 3825 5213 munierit,

2250 5232 2468 5289 additus
2519 5243 2605 5290 est
2643 5251 2820 5290 anntts
2870 5237 2936 5291 ad
2981 5253 3203 5300 annum,
3255 5239 3370 5296 sive
3415 5240 3727 5310 subtractus,
3777 5247 3826 5292 ut

2248 5325 2414 5398 389
2452 5327 2840 5399 interpretatus
2869 5339 2953 5385 est
2976 5331 3206 5402 Aquila;
3236 5343 3294 5389 et
3321 5333 3696 5391 solemnitates
3716 5348 3829 5388 evo;

2248 5417 2376 5472 luta:
2416 5430 2564 5476 sunt.
2619 5421 2897 5478 Subverso
2939 5426 3086 5480 enim
3120 5426 3347 5498 templo,
3376 5436 3431 5483 et
3461 5427 3684 5486 Judaica
3713 5425 3828 5482 reli-

2243 5532 3048 5630 it‘t'.93‘“§y_'.9__dieifutfiniit!“
3077 5547 3279 5630 κη’πρν
3331 5549 3391 5596 ιιι
3445 5539 3692 5609 “bima.
3734 5539 3825 5595 τευ

2241 5603 2399 5678 littia,
2416 5620 2478 5678 et
2494 5603 2609 5678 alia
2641 5610 2759 5676 ejus
2779 5624 3021 5678 geni-ris.

2313 5672 2340 5712 ι’
2367 5675 2519 5733 Idem
2557 5672 2749 5748 Vatic.,
2778 5672 3440 5752 babitaculumsigniﬁcari
3479 5686 3724 5758 exposuit.
