4010 6344
125 323 222 381 329
626 315 1267 376 COMMENTARIORUM
1306 318 1372 375 IN
1411 315 1646 374 ISAlA-M
1690 313 2111 378 PROPIIETAM
2151 321 2284 380 LIB.
2327 322 2421 378 ιχ.
2462 320 2616 378 CAP.
2660 322 2853 379 XXIX.
3279 331 3386 389 530

124 441 279 511 gione
299 437 709 502 sublatammnis
732 452 915 492 eorum
937 436 1206 491 festivitas
1230 434 1409 504 periit.
1441 435 1694 505 Dicitque
1721 437 1773 499 Α
1801 434 2043 500 divitias,
2077 454 2214 509 quas
2258 449 2470 491 maturo
2519 438 2746 493 interitu
2795 439 3199 512 derelinquent.
3241 446 3295 501 ln
3325 464 3391 503 eo

127 547 188 588 se
216 533 467 587 Dominus
487 530 887 586 circumvallare
916 529 1063 586 At-lel
1091 530 1390 603 Bablenio
1421 532 1685 596 exercitu,
1793 530 1915 585 loco
1964 533 2051 587 ubi
2102 547 2202 588 nos
2251 532 2573 601 posuimus,
2618 550 2791 588 omnes
2835 535 2924 602 qui
2972 536 3319 593 militaverunt
3348 551 3396 595 et

128 637 182 682 ct
210 626 318 682 fore
347 642 457 681 eam
482 625 678 680 tristem
704 636 866 695 atque
896 635 1240 689 manentem,
1270 624 1490 694 quando
1517 624 1585 678 ab
1612 625 1690 679 eis
1796 624 2101 678 obsederunt
2129 635 2175 679 et
2206 626 2591 695 prtecaluernnt
2616 624 2868 679 adt-orsus
2889 643 3025 692 eam,
3051 627 3194 683 LXX
3223 639 3400 686 trans-

132 721 300 776 diruta
331 719 499 774 fuerit.
528 718 867 785 Rursiimque
907 720 1009 774 sub
1039 718 1167 774 Jesu
1207 717 1317 773 lilio
1344 718 1577 773 Josedec
1607 733 1692 772 sa-
1799 719 2064 784 tulerunt,
2096 729 2144 773 et
2202 735 2379 773 omnes
2426 721 2515 788 qui
2560 720 2915 774 militaverunt
2957 735 3138 776 contra
3176 721 3399 778 Jerusa-

131 811 936 883 cerdotemagno,etZorobabel
967 812 1080 866 lilio
1100 811 1694 879 Salathiel,Esdraque
1798 813 1931 874 lein,
1968 813 2113 881 quod
2146 812 2196 865 in
2231 811 2502 867 Hebraico
2551 828 2658 866 non
2704 811 2965 868 habetur.
3016 812 3073 868 In
3122 815 3400 886 principio

129 917 181 963 et
222 905 446 970 Neemia,
471 905 687 978 quando
735 907 1206 977 pr0plietaverunt
1245 911 1476 978 Aggteus
1501 919 1552 962 et
1585 904 1692 960 Za-
1799 917 2015 974 quoque
2057 903 2218 972 hujus
2263 903 2488 972 capituli
2521 903 2608 956 ubi
2642 918 2745 958 nos
2775 903 3050 958 diximus:
3077 905 3304 960 Additus
3331 918 3406 962 est

131 1002 346 1066 cliarias,
381 999 489 1056 fore
515 1015 634 1055 eam
683 1002 838 1069 quasi
873 999 1046 1065 Ariel,
1076 1000 1218 1068 quod
1249 1000 1448 1056 liabeat
1488 998 1698 1069 antiqui
1801 1011 1970 1050 annus
2019 995 2086 1050 ad
2134 1013 2351 1063 annuat,
2403 996 2519 1051 sive
2561 996 2880 1063 subtractus,
2930 998 3011 1051 illi
3057 998 3404 1069 interpretati

133 1094 304 1164 templi
331 1092 754 1159 similitudinem,
795 1093 890 1149 sed
922 1093 1380 1165 magnificentiam
1409 1107 1700 1148 ornamen-
1803 1103 1928 1148 sunt
1950 1111 1961 1146 :
1987 1105 2296 1165 congregate
2335 1095 2562 1162 fructus,
2599 1095 2680 1148 vel
2716 1093 3000 1163 genimino,
3030 1111 3226 1148 annum
3255 1112 3408 1166 super

133 1194 339 1254 tumque
360 1201 457 1240 non
482 1185 693 1240 habeat.
725 1185 979 1241 Secundo
1011 1201 1228 1256 quoque
1260 1186 1523 1241 Dominus
1548 1199 1702 1240 eom-
1804 1201 1995 1240 annum
2031 1203 2050 1240 :
2085 1188 2422 1252 manducata,
2471 1186 2750 1240 comedetis
2793 1187 2927 1240 enim
2970 1204 3086 1241 cum
3131 1187 3310 1242 Moab.
3345 1192 3411 1243 lit

135 1280 376 1344 minatur,
406 1279 540 1349 quod
571 1277 878 1333 circumdet
919 1277 1157 1334 Arielem
1187 1277 1427 1348 splircra,
1457 1287 1511 1332 et
1538 1277 1707 1346 jaciat
1807 1289 1895 1334 est
1943 1293 2140 1333 sensus
2166 1319 2180 1343 ,
2223 1287 2519 1348 antequam
2571 1294 2745 1332 annus
2796 1279 3008 1332 Domini
3057 1280 3413 1350 acceptabilis

134 1380 309 1423 contra
348 1384 458 1423 eam
487 1383 774 1440 aggerem,
807 1379 860 1424 et
897 1370 1238 1425 munimenta
1275 1379 1442 1438 ponat
1474 1369 1528 1423 in
1562 1367 1707 1422 obsi-
1811 1368 2222 1440 praedicationis
2271 1369 2390 1440 ejus
2436 1370 2728 1433 adveniat,
2776 1370 2944 1424 immo
2984 1371 3092 1425 duo
3133 1373 3261 1426 anni
3290 1415 3302 1438 ,
3348 1373 3415 1426 de

133 1460 331 1516 dionem
359 1462 490 1532 ejus,
522 1473 577 1516 et
608 1463 952 1531 compleatur
982 1461 1114 1518 illud
1136 1462 1279 1532 quod
1307 1464 1420 1532 ipse
1449 1463 1708 1532 plangens
1813 1460 2081 1534 quibusin
2105 1462 2332 1517 Cantico
2358 1461 2615 1516 llabacnc
2637 1464 2790 1530 juxta
2812 1461 3136 1518 Hebraicunt
3163 1465 3413 1535 legimus:

132 1552 408 1610 Jerusalem
439 1556 680 1625 loquitur
705 1557 760 1611 in
792 1554 1085 1627 Evangelao
1110 1575 1124 1610 :
1149 1555 1213 1611 Si
1233 1557 1390 1609 scires
1414 1570 1473 1609 ea
1501 1571 1615 1626 qua:
1641 1555 1710 1608 ad
1815 1554 1883 1608 In
1919 1555 2088 1608 medio
2115 1553 2349 1609 'duoruni
2375 1565 2661 1625 temporum
2695 1557 3016 1626 cognosceris
3051 1555 3277 1628 (Habac.
3309 1556 3417 1630 tu),

135 1664 290 1721 pacem
309 1659 424 1704 sunt
451 1651 567 1716 tibi,
591 1651 840 1722 quoniam
872 1651 1076 1704 venient
1108 1650 1220 1704 dies
1259 1665 1415 1716 super
1444 1660 1512 1714 te,
1540 1659 1589 1703 et
1611 1649 1713 1703 cir-
1815 1649 2086 1703 sentinate
2130 1648 2287 1703 vobis
2337 1649 2390 1701 in
2443 1648 2734 1720 lacrytnis,
2770 1658 2826 1702 ut
2855 1655 3074 1703 metatis
3121 1649 3174 1704 in
3222 1651 3422 1720 gaudio

135 1741 420 1796 cumdabunt
451 1752 496 1797 te
536 1740 731 1796 inimici
753 1743 830 1796 tui
857 1742 1026 1808 υιιιιο,
1060 1752 1106 1796 et
1152 1741 1455 1797 obsidebant
1479 1752 1550 1808 te,
1581 1751 1629 1795 et
1660 1742 1714 1795 in
1821 1739 1940 1814 (Ps.
1987 1743 2175 1809 cxxv).
2227 1741 2504 1809 Scriptum
2557 1749 2642 1792 est
2679 1743 2730 1794 in
2773 1739 3076 1810 Evangelia
3122 1743 3424 1796 secundum

137 1843 307 1889 terram
334 1835 690 1890 humiliaberis
723 1834 877 1906 (an.
908 1852 964 1902 ι,
999 1835 1071 1890 42
1100 1846 1146 1891 et
1174 1835 1365 1908 seqq).
1401 1836 1465 1891 Et
1495 1835 1716 1891 Jernsa-
1747 1841 1794 1900 B
1820 1832 2111 1897 Joannem,
2137 1848 2234 1902 per
2259 1833 2360 1886 tria
2391 1832 2598 1885 Pascha
2627 1832 2912 1886 Dominum
2938 1833 3159 1887 venisse
3191 1834 3241 1886 in
3267 1832 3428 1887 Jeru-

137 1926 229 1982 lem
266 1928 363 1984 erit
399 1928 724 1984 conculcata
755 1943 784 1983 a
815 1929 1130 1984 nationibus
1157 1943 1328 1998 usque
1359 1930 1424 1983 ad
1457 1944 1715 1984 consnm-
1821 1928 2016 1992 salem,
2044 1943 2164 1997 qua!
2193 1925 2330 1980 duos
2357 1940 2531 1980 annos
2556 1924 2804 1979 efﬁciunt
2836 1924 3019 1996 (Joan.
3045 1940 3104 1986 ιι,
3133 1927 3235 1994 15).
3273 1924 3429 1994 Quod

140 2021 404 2076 mationem
431 2021 700 2091 temporis
720 2021 981 2091 gentium.
1002 2021 1136 2076 Aliis
1159 2022 1302 2075 enim
1325 2021 1509 2077 verbis
1529 2021 1716 2076 eadem
1823 2033 2006 2075 autem
2039 2017 2290 2088 sequitur
2332 2036 2346 2074 :
2390 2016 2682 2072 Comedetis
2714 2018 2849 2071 enim
2879 2035 2999 2071 cum
3031 2017 3208 2084 Moab,
3242 2019 3294 2072 in
3324 2017 3430 2072 lle-

139 2118 375 2184 propbeta
407 2131 565 2172 nunc
595 2115 748 2177 dicit,
779 2115 921 2184 quod
957 2116 1232 2170 bumiliata
1259 2115 1326 2170 de
1359 2126 1501 2171 terra
1526 2116 1718 2185 loqua-
1826 2111 2010 2168 braico
2043 2126 2151 2166 non
2186 2111 2440 2165 habetur.
2477 2111 2553 2165 De
2581 2125 2689 2180 quo
2723 2125 3018 2180 possumus
3045 2112 3251 2174 dicere.
3285 2111 3431 2180 quod

143 2215 232 2274 tur,
258 2219 306 2264 et
338 2207 403 2264 de
429 2209 608 2264 Immo
631 2207 884 2263 audiatur
907 2208 1180 2278 eloquium
1210 2208 1356 2279 ejus;
1391 2219 1448 2264 et
1475 2209 1544 2262 sit
1566 2208 1722 2278 quasi
1828 2208 1936 2263 nisi
1977 2207 2186 2262 fructus
2228 2206 2330 2261 sibi
2380 2205 2721 2276 pcenitentiae
2765 2208 3261 2276 congregaverint,
3295 2207 3431 2262 inci-

141 2303 375 2370 pyttionis
400 2303 468 2358 de
499 2312 660 2359 terra
692 2317 792 2358 vox
825 2301 994 2366 illius,
1025 2313 1078 2358 et
1109 2303 1177 2358 de
1210 2303 1376 2358 humo
1402 2304 1576 2360 instar
1603 2318 1727 2375 pas-
1831 2303 1983 2372 piant
2011 2316 2135 2355 cum
2185 2299 2272 2354 bis
2310 2302 2606 2354 comedere
2651 2300 2743 2368 qui
2787 2315 2892 2352 non
2928 2301 3308 2369 ingrediuntur
3337 2303 3436 2357 lic-

145 2403 303 2446 serum
327 2396 678 2460 mussitet,ut
703 2409 796 2464 per
821 2393 939 2449 ha-c
961 2395 1124 2450 verba
1153 2395 1420 2466 signiticet
1445 2411 1724 2468 magorum
1831 2393 2054 2448 clesiam
2085 2391 2303 2446 Domini
2329 2407 2501 2460 usque
2527 2392 2580 2446 in
2605 2400 2893 2446 aeternum.
2924 2391 3135 2446 Caetera
3167 2394 3219 2446 in
3244 2394 3438 2462 quibus

149 2490 172 2520 ι
197 2491 596 2557 νεκυομωτείαν.
629 2502 727 2557 per
754 2503 916 2556 quam
948 2488 1160 2543 animas
1189 2504 1420 2545 evocare
1450 2489 1726 2554 dicuntur,

1860 2489 2092 2542 tideutur
2114 2485 2460 2556 discrepare,
2489 2484 2781 2540 manifesta
2823 2496 2953 2539 sunt
2979 2502 2991 2537 ε
3017 2498 3068 2539 et
3112 2501 3177 2539 ex
3211 2487 3294 2540 bis
3323 2502 3443 2557 qua:

149 2584 196 2629 et
217 2591 392 2633 tenues
417 2583 762 2646 umbrarum,
787 2581 954 2636 immo
975 2581 1310 2646 darmonum,
1334 2581 1523 2638 audire
1546 2597 1727 2638 voces.
1836 2580 2193 2651 expOsuitnus
2216 2620 2232 2646 ,
2264 2578 2438 2633 facilis
2471 2593 2662 2632 eorum
2717 2579 3101 2646 interpretatio
3149 2587 3253 2633 est.
3312 2578 3440 2634 Seio

152 2666 372 2739 Denique
407 2689 504 2740 pro
553 2672 834 2745 pythone,
865 2675 1058 2742 Aquila
1091 2693 1300 2745 magum
1345 2677 1733 2748 interpretatus
1839 2691 1926 2730 me
1974 2674 2176 2742 legisse
2225 2673 2367 2727 Ariel
2415 2673 2808 2742 interpretari,
2850 2675 2942 2728 lux
2983 2689 3096 2727 mea
3137 2673 3269 2738 Dei,
3300 2674 3444 2745 quod

154 2769 243 2825 est,
265 2763 353 2832 qui
384 2763 656 2822 llebraice
685 2765 890 2822 dicitur
914 2765 941 2805 δ
968 2782 1107 2823 cnes
1136 2770 1317 2841 (ιω),
1337 2784 1434 2839 pro
1457 2787 1564 2838 quo
1591 2767 1734 2824 LXX
1839 2768 2000 2839 longe
2030 2766 2192 2838 391
2234 2767 2401 2821 aliter
2441 2774 2544 2819 est.
2583 2765 2681 2820 Hic
2710 2767 2856 2819 enim
2893 2767 3069 2835 prima
3109 2767 3318 2836 syllaba
3354 2782 3448 2834 per

152 2852 207 2905 de
231 2865 360 2909 terra
389 2858 683 2926 loquentes,
717 2861 1130 2915 transtulerunt.
1156 2861 1363 2929 Quibus
1392 2861 1574 2916 verbis
1599 2860 1738 2915 indi-
1844 2879 2017 2920 Αιιειιιι
2038 2875 2092 2918 et
2114 2878 2212 2917 ass
2235 2863 2372 2934 (τίκ)
2399 2860 2660 2916 scribitur
2687 2878 2698 2913 :
2723 2861 2809 2914 lux
2833 2873 3015 2915 autem
3039 2877 3160 2925 qme
3182 2859 3447 2916 Hebraice

155 2957 295 3002 catur
344 2950 558 3006 ruinam
613 2952 799 3021 templi
865 2967 1037 3022 usque
1085 2952 1151 3006 ad
1209 2953 1739 3008 consummationem
1845 2957 2048 3012 dicitur
2077 2971 2178 3019 ou,
2221 2953 2364 3008 inter
2395 2963 2567 3008 ALEPH
2600 2962 2655 3008 et
2691 2969 2789 3007 nes
2826 2953 3060 3007 mediam
3097 2952 3262 3009 habet
3306 2953 3452 3010 litte-

156 3051 554 3107 permansuram
607 3045 815 3109 mundi,
849 3045 990 3114 quod
1041 3045 1343 3114 collapsum
1383 3046 1438 3100 itt
1485 3045 1742 3114 cineres,
1849 3067 1966 3106 ram
2013 3064 2152 3111 vim,
2195 3063 2321 3118 quae
2367 3050 2420 3101 in
2473 3048 2728 3115 pra-senti
2775 3049 2996 3101 nomine
3042 3063 3148 3102 non
3197 3050 3448 3102 babetnr.

157 3143 485 3204 nequaquam
522 3137 664 3190 ultra
694 3136 1016 3191 suscitetur.
1047 3137 1255 3192 Tantus
1281 3149 1487 3200 autem,
1515 3153 1550 3192 ο
1577 3138 1745 3204 Ariel,
1850 3139 2158 3208 Omniaque
2185 3152 2308 3207 qua:
2336 3152 2480 3190 nunc
2506 3136 2760 3189 dicuntur
2789 3149 2979 3191 contra
3010 3139 3177 3206 Ariel,
3208 3140 3454 3195 referunt

157 3231 201 3277 te
225 3225 488 3282 Romana:
519 3238 776 3298 poteritne
806 3231 1026 3285 vallabit
1067 3232 1366 3297 exercitus,
1396 3243 1450 3288 et
1495 3233 1744 3288 innume-
1777 3234 1823 3298 C
1857 3235 1923 3289 ad
1975 3231 2304 3296 hmrelictis,
2346 3231 2436 3299 qui
2480 3230 2789 3283 doctrinam
2840 3245 2990 3284 suam
3037 3231 3134 3285 Dei
3184 3236 3456 3289 aestimant

159 3319 298 3374 rabili
347 3322 571 3392 pulveri
613 3336 965 3392 comparetur
993 3333 1052 3378 ut
1083 3324 1280 3379 favilla:
1318 3340 1416 3394 per
1447 3340 1629 3380 aerem
1659 3340 1752 3379 νο·
1857 3327 2055 3384 lucem.
2081 3322 2502 3392 etexpugnandi
2536 3331 2661 3374 sunt
2692 3339 2719 3372 ει
2749 3337 2880 3376 vero
2917 3323 3085 3376 David
3114 3341 3126 3376 :
3153 3339 3456 3394 omnesque

161 3406 343 3464 litanti.
418 3411 580 3467 Unde
637 3427 742 3466 non
803 3413 1231 3468 imbecillitatem
1284 3430 1476 3470 eorum
1545 3415 1754 3484 pulveri
1856 3420 2239 3476 solemnitates
2271 3431 2460 3470 eorum
2494 3413 3459 3488 auferendm,etgaudininpraisens

162 3512 428 3571 comparat
454 3515 509 3559 et
537 3503 1084 3576 favillaa,quicoutra
1107 3522 1202 3563 eos
1231 3508 1630 3573 militaverunt;
1660 3508 1755 3564 sed
1859 3514 2038 3568 futura
2092 3510 2310 3566 tristitia
2371 3509 2818 3563 commutandam
2864 3527 2877 3561 :
2918 3509 3118 3577 quibus
3173 3512 3460 3582 praecipiat

167 3597 560 3652 multitudinem
592 3614 716 3670 qua:
747 3604 930 3655 arenis
972 3601 1458 3657 innumerabilibus
1504 3617 1758 3670 emt'qtta-
1864 3608 2007 3662 Deus
2037 3617 2091 3659 ιιι
2118 3614 2281 3671 agant
2313 3600 2687 3673 ptenitentiant
2711 3643 2726 3668 ,
2761 3617 2830 3656 ne
2879 3602 3136 3672 incipiant
3170 3605 3464 3662 comedere

171 3694 262 3744 tur.
294 3689 362 3746 Et
383 3692 487 3747 lioc
515 3693 617 3746 erit
646 3703 873 3762 repente
897 3693 1206 3759 confestim,
1229 3704 1287 3749 ut
1316 3698 1366 3750 in
1395 3697 1572 3751 media
1604 3709 1754 3760 pace,
1860 3715 1982 3755 cum
2012 3695 2268 3753 Moabitis
2291 3739 2306 3761 ,
2336 3705 2392 3749 et
2416 3696 2625 3749 similes
2652 3710 2775 3749 esse
2801 3693 3105 3764 gentilium.
3159 3695 3275 3768 Ipse
3319 3700 3461 3755 enim

173 3782 328 3839 sub‘t-t
377 3787 484 3840 sub
531 3785 747 3842 Nerone
796 3787 936 3842 bella
978 3799 1343 3854 consurgant,
1389 3799 1446 3846 et
1497 3789 1759 3844 Dominus
1862 3790 2199 3860 expugnabit
2231 3790 2408 3852 Ariel,
2440 3797 2495 3842 et
2536 3802 2753 3842 oninetn
2787 3787 3043 3843 virtutem
3077 3804 3268 3844 eorum
3302 3805 3464 3864 atque

175 3880 493 3936 exercituum
531 3882 719 3936 visitet
743 3880 1044 3936 Jerusalem
1074 3882 1240 3954 390
1267 3883 1316 3936 in
1351 3885 1586 3950 tonitru,
1618 3892 1673 3938 et
1705 3883 1757 3938 in
1863 3885 2076 3940 divitias
2099 3900 2200 3938 suo
2231 3880 2594 3936 circumdabit
2627 3885 2895 3936 exercitu.
2931 3880 3336 3951 Tttt‘riliusque,
3365 3888 3470 3938 IIUC

175 3975 524 4029 commotione
576 3983 738 4030 terra:
762 4015 778 4036 ,
809 3987 862 4030 et
920 3976 974 4030 in
1023 3975 1240 4030 turbine
1301 3975 1664 4046 tempestatis,
1707 3984 1763 4030 et
1865 3985 1969 4039 est,
1995 3976 2269 4046 magistris
2303 3973 2568 4028 Ecclesiae
2598 3972 2983 4027 butniliabitin
3011 3985 3156 4026 terra
3186 3988 3471 4029 sermones

177 4058 222 4113 in
243 4062 452 4122 llamma
478 4069 624 4138 ignis
647 4068 985 4133 devorantis,
1016 4085 1111 4138 per
1134 4069 1277 4139 quod
1311 4072 1572 4141 templum
1599 4070 1766 4143 s'gni-
1867 4083 2083 4134 eorum,
2108 4080 2164 4122 ut
2188 4082 2532 4137 nequaquam
2557 4075 2761 4135 ponant
2783 4064 2837 4118 in
2861 4063 3062 4118 (mlum
3087 4079 3148 4117 os
3170 4082 3348 4125 suum,
3376 4081 3416 4118 St
3437 4067 3471 4121 d

180 4150 294 4207 licttt
333 4159 790 4217 combureudum.
834 4159 1069 4215 Romani
1109 4171 1290 4216 autem
1332 4163 1460 4232 qui,
1493 4163 1765 4230 superatis
1870 4163 2180 4218 scribantur
2211 4161 2266 4216 in
2300 4170 2478 4225 terra,
2509 4160 2915 4226 loquanturqtte
2948 4154 3016 4209 de
3050 4164 3218 4217 terra,
3253 4169 3305 4211 et
3341 4157 3473 4211 [iant

179 4242 374 4301 .ludteis
411 4260 467 4305 et
503 4255 771 4308 subversa
811 4252 1116 4309 Jerusalem
1159 4256 1259 4305 sub
1305 4254 1427 4308 'l‘ito
1463 4263 1519 4308 et
1557 4253 1766 4324 Vespa-
1871 4253 2028 4324 quasi
2071 4252 2253 4322 pulvis
2296 4264 2561 4306 excussus
2613 4258 2726 4302 rota
2753 4268 2767 4302 :
2791 4261 3092 4318 omnesque
3123 4248 3334 4303 divitiae
3365 4250 3470 4306 im-

184 4340 346 4404 siano,
377 4343 445 4399 de
491 4347 642 4402 vasis
668 4347 944 4418 quondam
983 4346 1077 4401 Dei
1122 4345 1408 4400 manubias
1457 4347 1770 4401 obtulerunt
1875 4345 2085 4414 piarunt
2131 4352 2334 4411 puncto
2371 4352 2425 4398 et
2457 4351 2737 4396 monti-nlo
2771 4343 3038 4408 ten-poris
3065 4355 3476 4413 comparentur,

188 4429 281 4501 [ΑΙ.
305 4437 603 4513 abstulere]
617 4437 1162 4510 Capitolio;su:eque
1191 4439 1408 4492 virtutis
1430 4453 1484 4492 ei
1510 4437 1770 4504 potentia:
1874 4434 2093 4505 quando
2122 4434 2425 4488 visitaverit
2455 4447 2553 4488 eos
2585 4434 2636 4487 in
2668 4449 2762 4488 sua
2799 4434 3103 4500 majestate,
3135 4435 3478 4492 descendi-ns

191 4527 485 4596 numinum,
519 4547 629 4588 non
664 4533 760 4586 ira:
801 4531 894 4586 Dei
939 4540 1266 4600 putaverunt
1297 4545 1421 4586 esse
1450 4528 1595 4600 qttod
1630 4527 1773 4583 feee-
1878 4529 1932 4584 in
1963 4527 2178 4581 turbine
2209 4533 2264 4580 et
2289 4535 2614 4593 tempestate
2644 4537 2699 4580 ιιι
2723 4529 2845 4596 igne
2887 4528 3144 4594 supplicii
3175 4547 3189 4592 ;
3217 4539 3275 4585 et
3320 4531 3481 4586 intel-

193 4630 320 4684 rant,
350 4626 503 4692 quasi
534 4626 587 4679 in
620 4624 839 4679 Soninio
868 4633 926 4678 et
959 4625 1012 4679 in
1045 4634 1308 4679 nocturna
1341 4626 1554 4678 visiOne
1581 4635 1776 4676 omnes
1805 4621 1856 4683 Ι)
1884 4619 2122 4678 lexerint
2169 4633 2362 4673 onmes
2407 4617 2629 4670 divitias
2673 4633 2799 4670 snas
2821 4659 2836 4681 ,
2867 4635 3232 4687 potnpatnque
3275 4636 3486 4676 sermo-

196 4709 389 4768 divitias
416 4717 802 4787 possidebunt.
857 4716 926 4772 Et
971 4717 1247 4786 quomodo
1292 4718 1380 4788 qui
1432 4716 1604 4772 esurit
1653 4715 1782 4770 dnr-
1891 4712 3491 4784 numetargumentorumstrophas,frustracomedentiset

201 4806 358 4863 miens
395 4812 445 4862 in
473 4811 691 4866 somnis
717 4827 778 4868 se
804 4811 950 4866 vesci
981 4819 1156 4879 potat,
1186 4818 1240 4864 et
1268 4811 1357 4882 qui
1389 4813 1501 4866 sitit
1524 4852 1539 4876 ,
1571 4811 1782 4866 arenti-
1894 4811 2131 4869 bibentis
2157 4810 2382 4865 somnio
2410 4810 2721 4874 comparari
2751 4804 2876 4875 :qtti
2912 4805 3278 4860 militaverunt
3305 4816 3493 4862 contra

202 4895 289 4952 bus
314 4905 398 4958 siti
432 4905 684 4962 lancibus
731 4907 954 4961 llumina
985 4905 1146 4969 bibit,
1177 4920 1409 4975 cumque
1442 4905 1787 4976 evigilaverit
1894 4903 2199 4961 Jerusalem
2227 4943 2240 4964 ,
2292 4901 2540 4956 visionem
2583 4899 2726 4966 pncis
2754 4914 2771 4951 :
2801 4900 2917 4952 sive
2964 4897 3258 4953 adversum
3310 4903 3490 4967 Ariel,

207 4999 464 5058 ardentior
491 5006 613 5059 sitis
636 5003 721 5067 lit,
748 5019 869 5074 quae
898 5016 1056 5057 cassa
1087 5001 1314 5071 potione
1339 5000 1528 5054 delusa
1563 5013 1644 5056 ρει
1672 5018 1684 5054 :
1710 5001 1789 5055 sic
1897 4998 2094 5051 leonem
2122 4993 2494 5066 fortissittittttt,
2521 4999 2576 5044 et
2606 4991 2670 5043 ad
2701 5000 3003 5044 extremum
3035 5000 3222 5044 contra
3253 5003 3494 5049 montem

210 5092 476 5149 multitudo
509 5100 895 5153 universarum
931 5093 1194 5165 gentium,
1223 5108 1343 5162 quae
1373 5090 1631 5146 Romamn
1660 5093 1790 5146 sub-
1900 5089 2054 5153 Sion,
2081 5102 2248 5158 super
2276 5101 2439 5156 quem
2472 5082 2732 5138 Ecclesia:
2777 5083 2970 5138 civitas
3016 5083 3120 5138 sita
3168 5083 3340 5142 latere
3387 5103 3496 5142 non

213 5183 319 5239 dita.
360 5191 616 5260 potestati
653 5190 1060 5244 dimicaverunt
1106 5195 1299 5241 contra
1338 5193 1574 5239 mtmtem
1616 5183 1784 5250 Sion,
1900 5188 2102 5252 p0test.

215 5274 474 5338 habebunt
495 5283 650 5356 quasi
675 5282 728 5338 in
755 5283 972 5349 umbra,
998 5288 1054 5336 et
1083 5277 1250 5346 nube,
1281 5285 1339 5334 et
1366 5277 1585 5332 somnio
1616 5275 1795 5330 noctis
1971 5271 2156 5344 ινα-ε.
2188 5268 2223 5325 9
2253 5265 2438 5339 seqq.)
2489 5264 2850 5340 Obstupescite
2889 5277 2937 5323 et
2976 5267 3315 5322 admiremini
3351 5283 3369 5322 :
3401 5268 3504 5336 ﬂu-

285 5504 306 5578 _'
341 5496 505 5578 Δῥιιῐιιιι
537 5509 656 5553 erat
675 5495 1105 5578 νεκρομαντείᾳν..
1220 5577 1225 5578 γ
1278 5574 1325 5578 Α
1353 5559 1441 5578 ,ψ
1471 5556 1771 5578 nun-mn

1919 5489 1983 5546 κεν
2223 5475 2315 5532 εεά
2348 5476 2422 5530 ita
2452 5472 3285 5578 "t.12:28:21}retritis":
3312 5489 3502 5578 sese

283 5567 308 5604 δ
341 5542 1237 5627 ξξξέίδ’.ξῑέιῑέῖντειλιέδςέειηιιε
1471 5556 1803 5624 επηιζενπιθ-
1908 5542 2216 5627 eorum,
2463 5542 3359 5627 tunc;Mamwnwrveavs
3400 5555 3508 5602 est-

226 5613 1235 5710 ηεημῑξεῦἰιᾶιῑὲίιὶιιᾷηὶῖὄὲιῗἰἰειῖέέέιῐῖ
1274 5613 1666 5699 intelligendus
1709 5631 1807 5680 lta—
1911 5613 2084 5710 Porro
2131 5613 2297 5710 etiam
2329 5635 2545 5710 Inoino"
2588 5619 2806 5710 gnam:
2843 5613 3508 5710 ltp:|_i_ertt_i§:Epidamnii

1120 5687 1384 5761 veosensu
1405 5743 1421 5764 ,
1452 5687 1508 5756 iit
1529 5709 1674 5784 .tora‘
1707 5713 1811 5752 vox
1913 5693 2297 5784 boletnqueno
2329 5693 2550 5772 legitur.
2583 5687 2809 5784 quodni"
2841 5687 3138 5758 exemplari
3169 5700 3269 5741 suo
3297 5704 3405 5744 non
3435 5691 3518 5746 vi-

262 5727 319 5764 m!
360 5723 505 5768 venit
555 5723 921 5784 Hieronymus
966 5725 1074 5763 non
1122 5723 1190 5761 eo
1220 5723 1421 5764 sensu,
1452 5723 1674 5784 υιμινξι.
1709 5723 1811 5752 Ws
1915 5723 2095 5750 ιιυιυιιι
2135 5723 2297 5776 ιζισυυ
2330 5723 2550 5772 ’τις-ιη’)
2583 5723 2726 5768 *ιη-τ·-
2759 5723 2809 5742 η·

227 5723 370 5855 iter,
402 5801 521 5855 quae
552 5787 607 5839 in
642 5785 908 5839 Ilebraico
953 5781 1210 5855 habetur,
1247 5775 1463 5855 Magum
1495 5777 1812 5855 signiticet;
1919 5767 2080 5823 detur
2113 5765 2478 5836 llteronymus
2512 5773 2812 5818 invenisse.

233 5840 394 5912 littera
421 5840 576 5913 'enim
616 5863 674 5918 Ξ.
706 5871 832 5926 qua:
862 5840 1217 5924 prteponitur,
1249 5840 1361 5903 est'
1381 5847 1504 5901 loco
1533 5840 1816 5917 particulae

660 5923 934 6012 Phaon.
979 5941 1232 6007 XXIV.

2999 5923 3061 5984 11
