4010 6302
546 238 644 291 551

1803 220 1863 277 S.
1906 218 2178 277 EUSEBH
2216 211 2597 273 HIERONYMI

3751 198 3851 260 38!

549 357 719 405 ctuate
744 354 790 401 et
821 344 1060 401 vacillate
1083 383 1095 404 ,
1127 335 1459 394 inebriamini
1481 377 1496 401 ,
1526 340 1572 389 et
1599 349 1702 389 non
1731 348 1762 387 a
1798 333 1946 396 vino,
1983 346 2154 385 move-
2181 338 2234 402 Α
2258 326 2447 381 uacula
2474 333 2585 396 ejus
2614 321 2805 397 (Apoc.
2835 334 2887 386 ν,
2919 316 3017 390 ‘2)?
3043 316 3290 387 Cumque
3313 314 3480 389 393
3507 310 3696 369 nullus
3726 310 3851 366 luis-

551 441 697 506 mini,
723 449 771 494 et
792 452 895 492 non
911 437 1173 489 ebrietate.
1203 428 1465 499 Quoniam
1492 426 1702 482 miscuit
1729 425 1871 480 vobis
1897 422 2150 478 Dominus

550 535 794 604 spiritum
822 528 1030 599 soporis
1052 543 1070 581 :
1091 524 1301 581 claudet
1329 523 1513 579 oculos
1542 532 1768 588 uestros,
1803 519 2082 594 praplietas
2104 526 2152 573 et

551 624 811 695 principes
840 630 1035 677 uestros
1075 620 1164 693 qui
1204 616 1382 673 uident
1410 616 1650 680 uisiones,
1686 615 1907 684 aperiet.
1950 609 2018 665 Et
2057 611 2154 665 erit

551 718 688 775 vobis
711 719 841 773 visio
869 717 1102 772 omnium
1123 718 1259 769 sicut
1287 714 1440 768 verba
1474 709 1593 766 libri
1621 708 1837 782 signati,
1865 721 2019 778 quem
2039 720 2156 758 cum

550 812 785 868 dederint
814 810 999 867 scienti
1032 808 1251 875 litteras,
1278 807 1447 861 dicent
1473 821 1491 861 :
1513 804 1625 875 lege
1654 802 1836 864 istum,
1863 810 1908 855 et
1936 815 2153 868 respon-

551 903 709 969 debit,
735 920 839 959 non
866 919 1076 974 possunt
1101 918 1121 956 :
1142 903 1380 972 signatus
1407 899 1545 955 enim
1574 905 1667 951 est.
1706 893 1769 949 Et
1794 892 2003 948 dabitur
2026 890 2155 947 liber

550 996 796 1054 nescienti
826 998 1047 1061 litteras,
1082 993 1391 1065 diceturque
1416 992 1483 1056 ei,
1530 990 1641 1063 lege
1671 1005 1689 1043 :
1725 997 1775 1042 et
1802 983 2152 1058 respondebit,

550 1090 723 1146 nescio
739 1088 962 1143 litteras.
988 1086 1093 1143 Pro
1125 1085 1344 1155 soporis
1370 1080 1589 1155 spiritu,
1615 1078 1782 1149 LXX,
1806 1076 2157 1150 compunctio-

551 1199 667 1239 nem
694 1180 1061 1248 :Theodotio,
1084 1180 1273 1234 mentis
1296 1192 1597 1233 excessum:
1613 1172 1829 1245 Aquila,
1854 1170 2156 1247 καταφορὰν,

553 1276 608 1333 id
657 1289 765 1343 est,
794 1291 1000 1350 gravem
1045 1290 1284 1329 somnum
1328 1270 1726 1339 interpretatus
1768 1277 1885 1332 est;
1916 1265 2010 1335 qui
2054 1264 2160 1318 ilc-

549 1369 731 1425 braice
779 1370 984 1423 dicitur
1014 1381 1305 1422 TBARDEMA
1339 1359 1590 1433 (rimari)
1619 1400 1633 1423 ,
1665 1373 1830 1429 quem
1881 1357 1936 1411 in
1984 1354 2156 1410 Adam

553 1465 780 1521 missum
813 1478 843 1517 a
876 1463 987 1517 Deo
1035 1460 1316 1530 Scriptura
1366 1461 1762 1511 commemorat
1812 1447 2019 1524 (Cenes.
2054 1447 2115 1515 ll)
2142 1488 2158 1514 ,

548 1555 767 1627 quando
793 1553 862 1608 de
911 1564 1064 1610 costa
1114 1551 1303 1606 lateris
1330 1546 1452 1620 ejus
1484 1547 1682 1601 mulier
1713 1542 1905 1599 et'l'ecta
1949 1549 2056 1597 est.
2094 1539 2163 1594 Et

552 1644 716 1722 392
759 1646 929 1703 Jonas
978 1647 1081 1700 hoc
1129 1642 1326 1699 eodem
1373 1655 1569 1695 somno
1617 1635 1887 1693 stertebat.
1932 1635 1985 1689 in
2036 1632 2159 1687 navi

2252 430 2337 477 sct
2364 421 2619 475 inventus
2648 417 2737 487 qui
2766 414 3013 485 aperiret
3055 411 3335 479 signacula
3359 449 3375 472 ,
3405 408 3569 463 ﬂesse
3596 419 3658 461 se
3686 403 3850 469 dicit;

2253 526 2305 571 et
2336 514 2433 570 Dei
2468 524 2490 553 ο
2523 510 2742 568 tandem
2784 508 2851 564 ad
2902 523 2964 564 se
3012 506 3282 562 meruisse
3331 516 3647 559 sermonem
3684 517 3697 552 :
3735 496 3854 553 Noli

2252 607 2559 678 ﬂere:ecce
2600 604 2722 659 vicit
2774 603 2854 658 leo
2905 602 2968 657 de
3014 599 3150 655 tribu
3193 597 3340 654 Iuda
3383 596 3541 651 rudia:
3570 593 3776 657 Dauid,
3802 600 3852 647 ut

2256 700 2459 773 aperiat
2511 698 2733 761 librans;
2763 706 2812 751 et
2854 695 3022 750 solvat
3062 693 3334 765 signacula
3363 694 3497 765 ejus.
3531 689 3645 744 Leo
3673 696 3851 742 autem

2254 795 2324 850 de
2349 795 2495 850 tribu
2513 793 2677 856 Iuda,
2708 791 2972 847 Dominus
2991 789 3151 846 Jews
3176 788 3429 846 Christus
3449 795 3559 853 est,
3580 786 3675 856 qni
3698 784 3851 841 solvit

2253 885 2532 958 signacula
2563 885 2708 953 libri,
2743 901 2850 941 non
2899 883 3116 953 proprie
3144 880 3329 947 unius,
3365 887 3425 935 ut
3449 879 3605 934 multi
3635 887 3844 949 putant,

2258 980 2590 1048 psalmorum
2623 975 2790 1031 David
2817 1016 2833 1042 ,
2864 974 2961 1030 sed
2993 974 3238 1028 omnium
3265 972 3673 1041 Scriptururum
3695 1013 3709 1035 ,
3742 984 3855 1040 quae

2259 1086 2366 1125 uno
2414 1072 2702 1140 scriptura:
2754 1076 2886 1124 sunt
2929 1066 3140 1138 Spiritu
3189 1075 3425 1131 salicto;
3470 1072 3526 1120 et
3575 1070 3856 1133 propterea

2259 1179 2399 1219 unus
2446 1163 2586 1218 liber
2631 1162 2996 1233 appellantur.
3047 1160 3128 1216 De
3172 1176 3283 1231 quo
3327 1157 3588 1215 Emi-hiet
3637 1158 3855 1230 mystico

2259 1271 2514 1312 sermone
2548 1263 2780 1311 testatur
2826 1253 3044 1327 (Exerit.
3079 1252 3143 1324 11)
3168 1297 3182 1322 _.
3216 1252 3363 1323 quod
3410 1254 3650 1323 scriptus
3699 1250 3858 1307 fuerit

2261 1349 2407 1404 intus
2437 1356 2492 1403 et
2521 1347 2685 1413 foris;
2715 1349 2768 1402 in
2799 1363 2962 1404 sensu
2988 1356 3044 1401 et
3074 1346 3129 1402 in
3159 1347 3360 1401 littera.
3395 1345 3471 1401 De
3510 1361 3621 1415 quo
3652 1356 3710 1400 et
3748 1344 3860 1400 Sal-

2262 1454 2416 1498 vator
2443 1442 2684 1512 [aquitnr
2712 1442 2765 1496 in
2796 1441 3058 1513 psalmis:
3086 1438 3151 1494 In
3191 1438 3425 1508 capitulo
3465 1438 3588 1493 libri
3615 1437 3860 1509 scriptum

2262 1547 2338 1590 est
2368 1536 2431 1590 de
2466 1552 2545 1590 me
2590 1534 2707 1603 (Ps.
2735 1551 2920 1599 χχχιχ,
2950 1534 3043 1605 9);
3073 1549 3182 1589 non
3209 1532 3468 1589 Ieremia
3495 1570 3513 1600 ,
3546 1549 3655 1585 non
3690 1531 3856 1597 issite,

2263 1631 2358 1685 sed
2380 1629 2435 1684 in
2464 1630 2612 1684 omni
2637 1629 2916 1699 Scriptura
2950 1637 3163 1693 sancta,
3186 1642 3307 1697 ψη
3336 1642 3475 1683 unus
3500 1626 3644 1680 liber
3671 1625 3855 1697 appel-

547 1718 789 1811 (Ῑιιῖιῖι).
823 1734 1016 1793 Omnis
1049 1746 1231 1790 autem
1264 1732 1553 1803 prophetia
1584 1739 1709 1802 post
1736 1724 2155 1784 sobversionem
2191 1737 2238 1796 Β
2263 1722 2431 1777 lator.
2482 1721 2754 1793 Magistris
2787 1720 2950 1792 igitur
2981 1719 3295 1775 Iudaeorum
3338 1732 3510 1790 usque
3536 1718 3589 1774 in
3624 1730 3858 1788 prasen-

548 1828 856 1887 Jerusalem
886 1835 943 1883 et
972 1826 1188 1899 templi,
1221 1824 1274 1880 id
1303 1832 1389 1881 est
1413 1865 1428 1889 ,
1460 1822 1612 1879 Ariel
1643 1831 1834 1877 contra
1864 1818 2077 1873 scribas
2111 1825 2167 1871 et

554 1923 854 1996 pharisaem
896 1933 1002 1988 est,
1036 1921 1131 1993 qui
1185 1918 1452 1974 habentes
1492 1916 1702 1972 clavem
1749 1914 2029 1978 scientiaa,
2063 1924 2166 1965 nec

566 2018 668 2088 ipsi
703 2017 1005 2079 introeunt,
1037 2030 1138 2069 nec
1188 2012 1439 2067 volentes
1480 2009 1620 2063 alios
1662 2008 1890 2062 introire
1938 2003 2168 2075 permit-

554 2116 698 2165 tunt.
728 2108 796 2163 Et
829 2107 1143 2178 pra-cipitur
1173 2106 1252 2160 eis
1280 2147 1294 2171 ,
1328 2114 1386 2159 ut
1412 2114 1640 2173 stupore
1685 2111 1848 2170 atque
1876 2097 2163 2163 miraculo,

555 2201 724 2256 immo
747 2200 904 2271 juxta
937 2194 1292 2269 Septuaginta
1319 2194 1680 2250 dissolutione
1721 2195 1886 2245 totius
1916 2189 2165 2257 corporis

552 2306 608 2352 et
636 2297 836 2352 mentis
872 2308 1102 2350 excessu
1135 2290 1481 2347 inebrientur
1506 2330 1522 2356 ,
1557 2298 1718 2358 atque
1751 2297 2077 2341 moveantur
2110 2290 2165 2338 ct

458 2414 461 2415 ν
555 2389 821 2446 ﬂuctuent
847 2409 859 2443 :
883 2389 1203 2445 vacillantes
1232 2401 1339 2441 non
1374 2386 1498 2440 vino
1529 2400 1630 2439 nec
1674 2383 1850 2436 Sicera
1873 2422 1888 2445 ,
1917 2378 2013 2433 sed
2050 2377 2165 2446 Spi-

552 2486 661 2542 ritu
703 2483 939 2555 soporis,
973 2483 1090 2539 sive
1130 2477 1567 2549 compunctionis
1601 2476 1839 2537 Domini,
1876 2482 1933 2526 ut
1963 2470 2166 2525 intelli-

553 2586 745 2649 gentes
772 2577 971 2630 malum
1004 2591 1161 2629 suum
1184 2614 1200 2639 ,
1228 2581 1394 2642 agant
1424 2569 1716 2639 aliquando
1745 2565 2120 2640 paenitentiam
2144 2605 2161 2630 ,

555 2656 990 2741 dicantquehcum
1016 2667 1279 2737 propheta
1302 2682 1317 2720 :
1346 2664 1597 2719 Versatus
1618 2677 1735 2716 sum
1752 2662 1807 2714 in
1831 2660 2161 2729 inﬁrmitate,

550 2765 675 2817 dum
719 2762 997 2834 conﬁgitur
1045 2759 1171 2813 mihi
1219 2760 1370 2823 spina
1412 2755 1543 2829 (Ps.
1592 2770 1754 2819 xxxi,
1802 2751 1892 2823 Δ).
1950 2750 2163 2808 Scitote

553 2872 718 2927 ergo,
752 2871 785 2911 ο
816 2854 1011 2911 scriba:
1042 2862 1097 2908 et
1129 2852 1382 2921 pliarisa-i
1408 2894 1421 2912 .
1452 2852 1544 2921 qui
1577 2850 1714 2904 estis
1758 2846 2033 2917 principes
2063 2838 2163 2901 Ju-

553 2950 821 3016 dazorum,
848 2947 993 3019 quod
1026 2947 1220 3002 reddat
1249 2945 1404 2999 vobis
1434 2942 1694 2997 Dominus
1725 2937 2163 2995 vicissitudinem

554 3051 815 3099 vestram.
845 3040 956 3097 Vos
985 3040 1131 3095 enim
1164 3039 1447 3093 audientes
1470 3035 1762 3090 DOtninllm
1794 3032 2161 3093 Salvator-em.

2270 1825 2375 1868 tem
2413 1814 2557 1869 dicm
2588 1815 2992 1885 nequeuntibus
3023 1814 3211 1883 legere
3237 1825 3291 1869 et
3318 1812 3539 1882 operire
3562 1812 3856 1884 signacula,

2268 1918 2323 1962 et
2367 1908 2623 1979 mysteria
2657 1908 2896 1977 pandere
2936 1906 3349 1978 Scripturarum
3373 1946 3389 1973 ,
3423 1906 3470 1960 si
3498 1905 3717 1960 dederis
3741 1918 3861 1959 eum

2269 2003 2466 2060 librum
2514 2003 2737 2058 indocto
2786 2003 3027 2073 populo,
3066 2002 3161 2072 qui
3209 2016 3238 2055 a
3280 2000 3394 2056 suis
3441 1999 3863 2072 praeceptoribus

2267 2097 2585 2161 devoratur.
2616 2095 2932 2152 fatebuntur
2976 2095 3190 2150 nescire
3214 2108 3276 2150 se
3303 2096 3552 2157 litteras,
3582 2102 3639 2149 ct
3669 2093 3865 2148 idcirco

2269 2193 2451 2264 legere
2483 2207 2589 2246 non
2622 2205 2803 2261 posse.
2855 2190 3035 2260 Atque
3058 2204 3089 2244 e
3120 2188 3335 2244 duobus
3376 2189 3543 2242 oratis
3580 2186 3754 2242 multo
3793 2187 3865 2243 lca-

2266 2288 2384 2341 vius
2402 2296 2488 2343 est
2511 2285 2645 2357 legis
2676 2284 3002 2355 imperitiam
3034 2284 3310 2349 conﬁteri,
3333 2298 3493 2354 quam
3518 2282 3731 2352 jactare
3744 2296 3868 2353 pru-

2266 2380 2541 2445 dentiain;
2566 2388 2622 2433 ct
2650 2394 2754 2433 non
2781 2393 2944 2450 posse
2973 2377 3115 2433 scire
3140 2376 3283 2448 quod
3317 2376 3536 2431 dicitur.

2337 2477 2522 2550 (Vers.
2548 2476 2635 2537 15.
2666 2474 2779 2547 Η).
2823 2475 2890 2530 Et
2919 2476 3052 2530 dixit
3075 2475 3328 2530 Dominus
3352 2490 3370 2530 .°
3401 2473 3510 2529 Pro
3537 2491 3595 2529 eo
3618 2474 3759 2545 quod
3774 2491 3869 2543 ap-

2265 2570 2576 2642 propinquat
2608 2569 2830 2641 populus
2869 2570 2965 2622 iste
3014 2585 3099 2623 ore
3125 2585 3240 2634 suo,
3270 2579 3314 2623 et
3346 2568 3501 2623 labiis
3539 2570 3643 2623 suis
3661 2567 3869 2640 glori/is

2264 2672 2350 2718 cut
2376 2679 2493 2727 me;
2516 2680 2605 2717 cor
2629 2676 2805 2717 autem
2828 2665 2945 2735 ejus
2970 2660 3123 2730 longe
3174 2671 3252 2716 est
3279 2676 3313 2715 α
3343 2676 3439 2728 nte,
3492 2668 3545 2716 et
3593 2662 3871 2731 timuerunt

2264 2772 2344 2810 me
2374 2756 2619 2811 mandato
2644 2754 2937 2821 hominum,
2986 2767 3035 2810 et
3063 2756 3332 2810 doctrinis.
3362 2753 3495 2809 Ideo
3512 2770 3626 2809 ecce
3655 2770 3747 2827 ego
3779 2756 3869 2810 ads

2265 2847 2385 2902 dant
2436 2858 2491 2902 ut
2533 2848 2928 2902 admirationem
2978 2848 3169 2914 faciam
3202 2850 3395 2918 populo
3440 2847 3563 2901 huic
3620 2845 3871 2903 miraculo

2265 2942 2453 3014 grandi
2476 2952 2524 2996 et
2549 2942 2804 3011 stupenda
2833 2941 3059 3013 :peribit
3105 2941 3241 2995 enim
3287 2940 3545 3009 sapientia
3574 2941 3873 3013 asapientid

2264 3037 2359 3091 bus
2383 3039 2516 3108 ejus,
2548 3045 2596 3090 et
2638 3036 2929 3089 intellecti“
2975 3034 3306 3107 prudentium
3343 3033 3486 3087 illius
3508 3032 3864 3087 abscondetur.

553 3133 861 3205 intelligere
902 3134 1180 3200 noluistis,
1214 3141 1269 3186 ct
1298 3129 1576 3186 clausistis
1607 3128 1796 3182 oculos
1828 3135 2063 3190 vestros,
2093 3140 2159 3180 ne
2189 3133 2237 3195 C,
2266 3127 2448 3183 LXX:
2484 3128 2545 3181 Et
2583 3130 2655 3182 ait
2698 3126 2953 3182 Dominus
2981 3129 3418 3199 :Amopinoyuat
3470 3126 3597 3180 mihi
3647 3126 3870 3197 populus

548 3243 674 3285 eum
708 3225 1007 3293 videretis,
1039 3236 1095 3281 et
1139 3238 1300 3278 aures
1344 3220 1678 3293 aggravastis
1704 3262 1721 3289 ,
1754 3236 1823 3273 ne
1870 3217 2163 3272 audiretis.

547 3320 678 3376 ideo
718 3328 776 3375 et
814 3318 909 3374 ille
949 3315 1170 3373 claudet
1217 3316 1407 3371 oculos
1453 3324 1697 3378 vestros,
1726 3310 1819 3384 qui
1865 3319 1993 3366 sunt
2034 3326 2161 3381 pro—

548 3413 749 3484 phetas,
767 3426 864 3483 per
882 3422 1021 3478 quos
1043 3406 1331 3466 scientiam
1358 3406 1450 3461 Dei
1478 3404 1768 3460 videbatis.
1794 3402 2162 3484 Sive‘vestros

551 3508 741 3561 oculos
779 3501 1002 3560 claudet
1029 3513 1086 3558 et
1113 3500 1505 3571 pr0pbetarum
1535 3539 1550 3562 ,
1583 3499 1672 3567 qui
1715 3506 1844 3552 sunt
1881 3479 2161 3567 principes

550 3599 739 3653 vestri.
775 3594 887 3650 Lex
936 3593 1085 3649 enim
1132 3602 1187 3647 et
1228 3588 1507 3661 propheta:
1560 3604 1731 3659 usque
1776 3586 1842 3641 ad
1888 3584 2156 3641 Joannem

554 3687 859 3757 Baptistam
892 3685 1046 3755 (Luc.
1080 3685 1194 3753 Iri)
1237 3700 1249 3735 :
1290 3692 1347 3736 ut
1374 3681 1533 3736 vobis
1565 3696 1672 3734 oon
1716 3679 2043 3740 videntibus,
2081 3679 2159 3733 illi

549 3780 799 3843 videant.
822 3779 891 3834 de
918 3778 1121 3848 quibus
1143 3775 1371 3831 inferior
1397 3790 1585 3830 sermo
1601 3772 1708 3846 (Ad
1732 3789 1867 3828 vers.
1886 3772 1973 3842 i8)
1995 3782 2161 3828 testa-

554 3885 646 3932 tur
681 3892 696 3930 :
724 3868 794 3927 Et
813 3870 1026 3927 audient
1054 3871 1110 3924 in
1139 3868 1223 3923 die
1251 3866 1344 3922 illo
1372 3866 1519 3921 surdi
1544 3865 1693 3920 verba
1720 3866 1844 3919 libri
1868 3875 1917 3932 τι,
1943 3874 1989 3918 et
2020 3866 2160 3921 oculi

552 3980 808 4023 coxarum
825 3961 1069 4018 ridebunt
1090 3971 1137 4017 et
1157 3958 1512 4017 exsultabant.
1538 3958 1595 4013 In
1607 3957 1875 4037 judicium
1904 3957 2047 4012 enim
2066 3973 2158 4013 ve-

551 4060 633 4115 nit
671 4059 954 4121 Dominus,
991 4062 1051 4110 ut
1076 4053 1324 4109 videntes
1353 4050 1506 4108 Judac
1552 4068 1659 4106 non
1707 4050 1954 4116 videant;
1985 4059 2038 4105 et
2066 4050 2155 4119 qui

551 4153 685 4208 caeci
728 4159 907 4211 erant.
940 4146 1177 4220 populus
1225 4146 1439 4201 scilicet
1486 4146 1789 4211 nationum,
1841 4140 2062 4198 videant
2104 4151 2161 4199 ct

549 4245 844 4300 Dominum
868 4236 1514 4311 contetnpienturﬂoan.
1542 4237 1641 4308 tv).
1668 4232 1827 4294 Unde
1848 4236 2153 4306 signiﬁCaw

554 4346 640 4394 ter
689 4350 799 4392 non
856 4337 1034 4402 dixit,
1081 4332 1227 4405 quod
1278 4332 1414 4388 visio
1467 4334 1708 4388 omnium
1763 4336 2153 4403 prophetarum

550 4430 761 4499 signata
791 4430 862 4484 sit
891 4426 1109 4484 cunctis
1136 4422 1476 4495 legentibus;
1508 4420 1603 4481 sed
1636 4418 1810 4492 vobis,
1838 4424 2028 4492 inquit.
2053 4426 2158 4480 erit

2262 3222 2358 3274 iste
2380 3238 2467 3275 ore
2493 3237 2609 3281 suo.
2640 3232 2687 3275 et
2716 3220 2871 3274 labiis
2890 3222 2999 3275 suis
3047 3219 3271 3274 bonum
3442 3234 3531 3273 cor
3559 3227 3730 3273 autem
3763 3221 3871 3292 ejus

2263 3316 2415 3383 longe
2443 3325 2514 3368 est
2541 3332 2573 3368 a
2605 3331 2683 3369 me
2723 3330 2741 3368 :
2768 3317 2965 3384 frustra
3010 3314 3187 3367 colunt
3210 3329 3310 3379 me,
3336 3314 3579 3368 decentes
3603 3312 3870 3367 hominum

2263 3418 2519 3479 prazcepta
2549 3419 2701 3475 atque
2720 3408 3005 3461 doctrinas.
3040 3405 3329 3477 Pupterea
3366 3420 3479 3460 ecce
3529 3407 3777 3479 adjiciam
3817 3412 3873 3459 ut

2262 3503 2441 3571 transf.
2462 3518 2572 3553 ram
2601 3501 2854 3572 populum
2900 3501 3059 3554 istunc
3087 3515 3106 3553 :
3128 3504 3442 3572 transferens
3486 3500 3627 3553 enim
3658 3496 3798 3561 illos,
3826 3506 3873 3558 et

2259 3592 2476 3665 perdam
2503 3594 2815 3655 sapientiam
2848 3594 3187 3666 sapientium,
3217 3604 3269 3647 et
3296 3593 3614 3648 intellectum
3644 3594 3872 3664 pruden-

2258 3686 2386 3739 tium
2414 3685 2744 3741 abscondam.
2777 3686 2888 3743 Hoc
2920 3687 3235 3743 testimonio
3255 3687 3457 3741 abnsm
3490 3692 3579 3742 est
3601 3687 3865 3741 Dominus

2258 3790 2445 3833 contra
2494 3779 2815 3835 Pbarismos
2855 3782 2911 3836 in
2959 3779 3265 3851 Erangelio
3313 3778 3577 3843 Matthxi,
3630 3779 3864 3835 dicens:

2261 3872 2434 3937 Quare
2457 3882 2506 3927 et
2535 3890 2623 3929 vos
2653 3874 2929 3938 prceteritis
2966 3874 3271 3928 mandatum
3319 3870 3419 3928 Dtei
3460 3884 3679 3944 propter
3706 3871 3868 3929 tradi-

2257 3964 2422 4018 tiones
2451 3976 2644 4020 vestras
2693 3965 2910 4037 (Matth.
2934 3981 3063 4028 ur,
3088 3967 3169 4034 ὅ).
3218 3964 3291 4019 Et
3319 3964 3526 4019 iterum
3553 3981 3567 4017 :
3608 3963 3869 4035 Hypani-

2258 4065 2347 4121 ιω,
2377 4052 2501 4129 bene
2520 4060 2849 4131 proptretauit
2877 4060 2941 4114 de
2992 4059 3139 4113 vobis
3168 4056 3356 4119 Isaias,
3392 4057 3607 4112 dicato:
3633 4054 3863 4126 Populus

2256 4151 2518 4205 isteli.biis
2547 4168 2627 4206 me
2656 4153 2899 4217 honorat,
2947 4164 3036 4204 cor
3064 4161 3239 4205 autem
3263 4152 3381 4223 ejus
3416 4147 3569 4221 longe
3617 4159 3694 4204 est
3718 4166 3751 4201 η
3772 4162 3861 4202 me.

2258 4241 2485 4299 Frustra
2505 4255 2676 4299 autem
2700 4243 2877 4299 colunt
2905 4260 2984 4298 me
3002 4242 3525 4298 docentesdoctiinns
3556 4251 3605 4296 et
3642 4252 3863 4315 precesp-

2257 4343 2310 4388 ta
2338 4334 2606 4391 hominum
2645 4335 2811 4407 Ubid.
2844 4377 2861 4405 ,
2903 4335 3052 4396 6-9).
3090 4335 3147 4389 in
3204 4350 3319 4405 quo
3369 4338 3567 4391 notare
3605 4335 3859 4389 debemus

2259 4426 2392 4483 illud
2452 4428 2594 4498 quod
2633 4429 2948 4499 plerumque.
2974 4426 3139 4501 395.
3172 4428 3587 4493 admonuimus,
3622 4429 3858 4496 Evange-

551 4521 762 4591 signnta
796 4520 993 4592 quibus
1024 4532 1170 4574 nunc
1196 4518 1412 4587 loquor,
1444 4516 1640 4588 quibus
1667 4516 1784 4571 inec
1813 4515 1990 4572 futura
2020 4532 2156 4587 ιπερ-
2184 4521 2241 4581 D
2263 4518 2414 4577 [istas
2439 4530 2494 4576 ct
2533 4524 2848 4592 Apostolus,
2885 4540 2990 4577 non
3033 4523 3260 4578 verbum
3307 4522 3700 4594 inrupi-emus
3747 4534 3862 4577 esse

549 4614 924 4670 nuntiozsive
963 4609 1155 4668 oculos
1202 4607 1506 4682 principum
1557 4619 1901 4678 vestrorum,
1952 4611 2043 4682 qui
2093 4624 2152 4667 se

543 4707 699 4779 juxta
727 4705 1082 4777 Septuaginta
1107 4704 1427 4760 abscondita
1455 4710 1510 4758 et
1532 4718 1734 4758 arcana
1762 4698 1954 4757 videre
1974 4700 2152 4773 iacta.

549 4800 714 4865 bant,
746 4798 964 4854 claudet
1011 4799 1064 4853 in
1119 4806 1467 4867 perpetuum.
1520 4795 1786 4865 Eritque,
1834 4794 1948 4858 ait,
1998 4793 2154 4849 vobis

551 4895 732 4950 omnis
762 4893 1045 4964 Scriptura
1079 4899 1267 4948 sancta
1302 4890 1487 4945 clausa
1513 4901 1679 4959 atque
1706 4886 1938 4956 signata,
1969 4896 2028 4942 ut
2053 4903 2154 4944 vos

549 4987 644 5056 qui
666 4984 694 5023 δ
724 4984 883 5054 Legis
912 4984 1121 5039 litteras
1146 5024 1161 5048 ,
1190 4992 1245 5037 ct
1272 4987 1661 5053 prophetarum
1697 4979 1953 5035 vaticinia
1990 4995 2150 5037 nosse

549 5092 647 5133 vos
692 5076 1056 5141 existimatis,
1104 5082 1161 5129 et
1202 5072 1395 5128 diebus
1448 5087 1512 5128 ac
1562 5070 1814 5127 noctibus
1872 5066 2147 5125 volumina

552 5169 952 5239 Scripturarum
984 5166 1263 5221 indefesso
1294 5181 1387 5219 ore
1418 5164 1778 5223 meditamini,
1806 5180 1912 5218 non
1941 5163 2146 5219 intelli-

548 5263 690 5337 satis
716 5260 869 5334 quod
895 5260 1073 5329 legitis
1097 5301 1111 5327 ,
1141 5262 1283 5314 sicut
1317 5252 1368 5311 in
1399 5257 1724 5329 Apocalypsi
1751 5255 1978 5312 Joannis
2012 5256 2148 5313 scri-

547 5358 694 5415 bitur
719 5374 731 5412 :
761 5356 888 5423 Quis
916 5363 992 5411 est
1022 5354 1209 5425 dignus
1234 5351 1440 5423 aperire
1468 5348 1658 5405 librant
1676 5390 1691 5416 ,
1726 5359 1773 5404 et
1801 5348 2000 5405 solvere
2043 5350 2144 5422 sig-

620 5531 655 5563 δ
686 5521 911 5577 Αῌηιη
954 5520 1221 5575 διαπρεπεῖς
1265 5514 1422 5579 editi,
1466 5515 1656 5583 signati
1683 5554 1697 5573 .
1743 5524 1901 5583 quam
1953 5524 2151 5570 vocem.

550 5608 723 5660 itaque
743 5593 917 5647 nimi
933 5602 1062 5645 unus.
1088 5600 1276 5660 neque,
1290 5589 1413 5655 ipse
1428 5585 1593 5660 liabet
1613 5584 1922 5660 Scriptura;
1935 5592 2137 5660 textos:

549 5652 761 5744 bneque
784 5664 983 5743 opinor
1004 5674 1071 5715 ett
1101 5652 2078 5744 occessioneksanexEéapo'sitionis
2108 5668 2137 5711 a

549 5726 791 5785 studioso
817 5726 1073 5802 quopiam
1096 5743 1160 5785 ex
1187 5727 1517 5800 Apocalypsi
1546 5726 1827 5783 translata.

2255 4611 2323 4666 dc
2350 4614 2563 4679 verbo;
2610 4629 2712 4668 nec
2756 4614 2897 4669 LXX
2942 4614 3310 4687 Interpretum
3367 4618 3750 4673 aiietoritatem
3776 4629 3863 4670 sed

2254 4715 2428 4770 culos,
2477 4722 2707 4777 quorum
2762 4710 2931 4765 editio
2980 4709 3079 4766 illo
3101 4710 3214 4779 jam
3255 4718 3504 4780 tempore
3554 4709 3861 4780 legebatur;

2254 4799 2349 4852 sed
2400 4798 2555 4869 quasi
2608 4799 2873 4857 Hebraeus
2913 4810 2969 4856 et
3018 4800 3317 4857 inatrnetos
3375 4802 3428 4856 in
3460 4799 3630 4871 Lege,
3664 4801 3865 4870 absque

2254 4889 2456 4945 damno
2487 4907 2745 4948 sensuum
2779 4896 2894 4950 suis
2926 4910 3056 4951 usos
3104 4910 3231 4951 esse
3253 4895 3622 4951 sermonibus.
3657 4896 3866 4965 Appro-

2260 4980 2485 5052 pinquat
2514 4998 2701 5041 autem
2732 4987 2964 5058 populus
2987 4986 3306 5044 Iudaeorum
3336 5002 3434 5044 ore
3462 4999 3519 5042 et
3550 4988 3710 5043 labiis
3752 4986 3863 5041 suis

2256 5073 2403 5142 Deo;
2436 5079 2560 5148 quia
2590 5079 2757 5134 unius
2782 5081 2874 5136 Dei
2906 5082 3116 5136 cultum
3164 5080 3370 5138 habere
3400 5096 3459 5137 se
3506 5081 3771 5151 gloriatur
3810 5087 3861 5133 et

2255 5184 2520 5242 respuere
2554 5172 2729 5239 idola;
2779 5174 2877 5228 sed
2905 5189 3001 5230 eor
3045 5174 3167 5246 ejus
3196 5176 3356 5246 longe
3403 5185 3483 5231 e84
3514 5174 3591 5231 ab
3614 5186 3705 5240 eo,-
3737 5172 3857 5243 quia

2256 5276 2363 5316 non
2398 5264 2589 5332 recipit
2646 5265 2939 5322 Dominum
2986 5266 3169 5323 Jesum
3222 5268 3531 5324 Christum.
3585 5269 3684 5335 Qui
3715 5265 3857 5322 enim

2255 5369 2362 5411 non
2394 5358 2587 5428 recipit
2640 5357 2862 5429 Filium,
2896 5376 3006 5416 non
3054 5363 3252 5431 recipit
3294 5362 3534 5419 Patrem.
3584 5361 3859 5430 Simulque

2324 5517 2350 5556 δ
2389 5518 2693 5605 Putnam”
2730 5526 2785 5581 in
2826 5528 3064 5605 vulgatis
3107 5538 3253 5595 erat,
3279 5529 3369 5599 qui
3412 5528 3591 5605 Ιαςὶιῂ
3636 5525 3853 5585 litteras,

2252 5590 2535 5679 protegis
2555 5638 2572 5659 ,
2602 5590 3066 5679 quemadmodum
3094 5616 3160 5656 ex
3191 5590 3326 5657 nisi.
3353 5590 3737 5663 eme'ndamus,
3766 5608 3865 5651 cor

2249 5668 2417 5748 ﬂente
2444 5668 2569 5748 ipsa.
2590 5668 2854 5748 orationis
2893 5671 3327 5748 seriorostoque
3357 5684 3550 5729 ausu.

2322 5734 2347 5772 ⁸
2376 5728 2577 5807 γαῖα,
2601 5730 2768 5796 etD’et
2789 5748 2992 5799 tantum
3018 5741 3088 5799 ad
3111 5757 3186 5810 se,
3215 5728 3320 5800 die.
