4010 6358
202 303 303 365 $33

716 307 1353 368 COMMENTARIORUM
1393 305 1463 366 ιιι
1500 304 1735 367 ΪΞΑΙᾹΜ
1777 305 2201 369 ΡΠΟΡΗΕΤΑΜ
2243 313 2372 370 LIB.
2415 314 2506 370 IX.
2545 314 2700 372 CAP.
2740 314 2932 375 XXIX.

3370 325 3472 384 δδι

205 419 462 514 discamus
507 421 774 492 quomodo
817 423 1011 494 aliquis
1041 425 1439 496 appropinun
1493 424 1628 490 Deo,
1685 425 1772 481 vel
1802 427 1857 492 Α
1881 437 1989 482 tum
2010 429 2160 502 ﬁguli
2179 429 2585 502 reputabimini?
2612 428 2886 505 Numquid
2906 435 3038 490 dicet
3067 441 3270 510 factura
3292 445 3479 514 [actori

203 511 360 581 longe
396 513 484 567 iiut
527 515 590 568 ab
612 529 696 567 eo.
753 517 853 580 Qui
903 522 958 569 et
1012 527 1107 586 per
1146 516 1438 572 Jeremiam
1487 515 1774 586 loquitur:

199 602 338 658 Deus
363 607 761 676 appropinquans
785 621 895 676 ego,
923 619 971 661 et
1001 621 1102 662 non
1149 609 1212 663 de
1242 607 1392 682 longe
1432 610 1556 664 dicit
1593 608 1776 664 Domi-

200 713 294 751 nus
322 695 444 770 (Jer.
481 711 618 763 um,
669 698 762 765 25,
814 700 1093 755 secundum
1138 698 1325 774 LXX).
1361 704 1775 774 ApprOpinqua-

200 799 312 844 nius
353 795 523 844 autem
554 791 666 845 Deo
691 801 897 858 mente,
934 810 1042 849 non
1103 809 1366 866 oorpore;
1418 799 1560 852 sicut
1605 805 1660 852 et
1706 797 1775 852 de

198 882 367 953 Moyse
412 883 628 954 legimus
685 903 698 939 :
753 888 1207 960 Approiiinquarit
1251 884 1456 962 Moyses
1512 890 1656 946 solus
1706 891 1776 945 ad

197 975 350 1030 Deum
379 994 395 1032 :
423 979 584 1033 ueteri
633 991 804 1035 autent
859 997 960 1037 nan
1006 985 1490 1057 appropinquabant
1549 985 1769 1057 (Exod.

196 1079 332 1138 utr,
352 1071 426 1140 2).
453 1073 643 1130 Orabat
672 1075 817 1130 enirn
849 1073 1019 1133 Deum
1046 1079 1100 1132 in
1128 1079 1318 1147 Spiritu
1361 1089 1415 1134 et
1436 1081 1684 1147 veritate,
1721 1093 1776 1136 et

195 1165 475 1220 accedebat
527 1164 736 1221 adcum
787 1181 951 1223 sensu
1003 1180 1054 1224 ct
1106 1173 1324 1240 Spiritu.
1363 1169 1425 1226 lii
1481 1182 1661 1226 autem
1706 1173 1775 1228 de

194 1257 378 1327 quibus
405 1257 652 1315 scribitur
673 1259 813 1330 quod
852 1261 1116 1318 tollantur
1141 1263 1208 1317 ab
1241 1273 1416 1328 utero,
1444 1271 1498 1318 et
1521 1265 1778 1318 erudian-

195 1357 273 1403 tur
295 1363 322 1404 ιι
353 1359 513 1419 puero
541 1363 708 1422 lIStlile
738 1354 803 1409 ad
833 1361 1205 1421 senectutem;
1230 1367 1280 1411 et
1307 1351 1360 1412 in
1393 1353 1535 1427 Lege
1561 1353 1654 1412 Dei
1689 1357 1776 1412 die

191 1458 248 1500 ac
268 1455 417 1501 nocte
444 1441 544 1519 [ΑΙ.
581 1448 763 1504 media
791 1449 974 1523 nocte]
1023 1450 1379 1516 tnedllentur,
1418 1468 1523 1504 non
1571 1465 1776 1522 appro-

187 1541 428 1610 pinquant
453 1539 585 1606 Deo,
623 1543 746 1612 quia
778 1541 1101 1599 traditiones
1123 1541 1526 1598 Pharisaeorum
1555 1541 1776 1599 Scriba-

184 1641 391 1704 ruinque
417 1633 755 1704 Suscipiunt,
790 1651 910 1705 qua.-
961 1652 1056 1691 eos
1092 1631 1248 1706 longe
1279 1631 1483 1691 iaciunt
1509 1654 1536 1690 a
1563 1637 1697 1704 Deo,
1725 1645 1780 1692 et

183 1733 294 1780 sunt
344 1726 598 1796 sepulcra
654 1727 939 1794 dealbatu,
999 1745 1122 1798 «tua:
1175 1730 1308 1784 foris
1353 1729 1606 1786 ridentur
1654 1742 1780 1786 esse

1877 538 1996 588 suo,
2020 540 2120 577 non
2142 524 2401 596 sapienter
2420 541 2497 577 me
2511 525 2698 595 fecisti,
2724 536 2814 580 aut
2850 527 3147 598 ﬁgmentum
3169 534 3336 602 ﬁctori
3358 554 3473 606 suc,

1878 629 1978 668 non
2006 625 2061 668 tu
2085 631 2162 669 me
2183 617 2389 685 fecisti?
2427 614 2735 672 Adversum
2768 621 2986 676 eisdem
3038 622 3106 676 de
3141 627 3334 694 quibus
3387 644 3476 684 su-

1877 719 1969 776 pra
2002 709 2231 772 dixerat,
2264 709 2486 778 perdam
2519 712 2845 779 sapientiam
2870 714 3220 784 sapientium,
3249 728 3303 773 et
3326 720 3480 775 intel-

1878 799 2154 868 ligentiam
2182 800 2532 870 prudentium
2581 805 2911 872 reprobobo,
2963 808 3083 862 sive
3125 818 3182 863 ut
3214 811 3479 880 propheta

1877 892 2102 960 scribit,
2134 891 2447 949 abscondam
2481 914 2492 947 :
2526 911 2666 951 nunc
2722 898 2883 953 etiam
2918 899 3010 955 Dei
3061 917 3243 958 sermo
3289 905 3483 977 dirigi-

1878 997 1983 1052 tur,
2015 985 2108 1058 qui
2136 989 2413 1059 sapientes
2435 1002 2559 1045 sunt
2585 990 2636 1044 iu
2660 993 2996 1062 semetipsis,
3027 1003 3083 1049 et
3109 996 3161 1049 in
3188 1010 3481 1068 conspectu

1877 1095 1976 1136 suo
2006 1081 2322 1152 prudentes.
2378 1080 2451 1138 De
2500 1082 2696 1152 quibus
2729 1085 3036 1140 rectissime
3071 1087 3201 1142 illud
3248 1089 3478 1163 intcitigi

1878 1185 2053 1245 petest
2083 1193 2095 1230 :
2123 1171 2432 1247 Defecerunt
2475 1187 2759 1231 scrutantes
2808 1179 3056 1233 scrutinio
3104 1179 3273 1253 (Psal.
3308 1185 3479 1256 uin);

1877 1283 1998 1322 cum
2053 1269 2316 1338 scriptum
2375 1267 2446 1322 sit
2489 1267 2558 1323 de
2613 1269 2708 1323 Dei
2734 1271 2996 1340 sapientia
3037 1289 3048 1324 :
3086 1271 3145 1326 Si
3201 1277 3334 1328 enim
3367 1278 3480 1347 quis

1879 1359 2131 1430 perfectus
2163 1360 2316 1430 fuerit
2348 1361 2401 1414 in
2422 1359 2546 1429 ﬁliis
2570 1362 2836 1416 hominum
2877 1364 3064 1435 absque
3089 1375 3176 1420 tua
3205 1370 3486 1443 sapientia,

1875 1455 1931 1509 in
1956 1453 2087 1508 nihil
2112 1456 2431 1526 reputabitur
2463 1454 2618 1527 (Sap.
2650 1456 2753 1528 ιιι).
2783 1457 2887 1526 Qui
2912 1457 3118 1514 idcirco
3147 1462 3486 1518 arbitramur

1884 1548 2053 1602 Deum
2077 1565 2169 1602 sua
2191 1551 2408 1604 nescire
2427 1548 2673 1615 consilia,
2705 1553 2830 1620 quia
2864 1552 2914 1605 in
2947 1553 3188 1608 tenebris
3218 1567 3343 1610 sunt
3363 1574 3467 1629 ope

1883 1647 1940 1687 ra
1971 1646 2185 1700 eorum,
2241 1644 2296 1688 et
2331 1633 2558 1688 dicunt:
2592 1633 2720 1704 Quis
2752 1637 2888 1692 ridet
2934 1641 3075 1693 nos?
3111 1651 3158 1693 et
3188 1641 3302 1711 quis
3352 1643 3473 1698 novi

1885 1728 2018 1782 nos?
2046 1724 2176 1782 ilice
2202 1735 2383 1782 autem
2435 1727 2626 1782 dicunt
2657 1740 2711 1784 et
2739 1730 3020 1800 sapientes
3073 1731 3233 1802 hujus
3283 1737 3492 1804 saeculi,

185 1819 407 1890 pulchra,
441 1821 596 1876 littus
623 1829 804 1876 autem
835 1824 994 1892 plena
1020 1829 1145 1877 sunt
1172 1823 1388 1878 ossibus
1415 1833 1778 1880 monitorum:
1814 1816 1860 1882 Β
1889 1829 1942 1874 εἰ
1994 1819 2379 1877 ΙιὶιῚὉιῖοοιύῐη
2427 1823 2695 1892 magistri,
2728 1838 2781 1878 et
2840 1824 3154 1880 Judmorum
3205 1827 3494 1897 Pharisa-i,

186 1915 265 1985 qui
310 1913 599 1985 elegerunt
653 1913 978 1983 ituraliliam,
1030 1926 1084 1970 et
1114 1915 1405 1972 Dominum
1461 1926 1789 1989 respuerent

187 2005 377 2078 (.ilnttli.
434 2025 601 2072 xxiii,
642 2009 774 2081 9.7):
835 2010 1130 2079 Propterea
1188 2009 1502 2066 additurum
1556 2025 1615 2065 se
1665 2027 1787 2066 esse

185 2104 540 2167 eounniuatur,
593 2104 746 2174 juxta
781 2099 944 2167 LXX.
975 2115 1030 2158 ut
1064 2113 1406 2176 nequaquam
1449 2105 1498 2158 in
1533 2103 1784 2177 Assyrios

184 2203 226 2249 et
255 2197 576 2268 Babylonios
617 2213 713 2252 σιξ
748 2199 1066 2263 transierat,
1120 2197 1216 2252 sed
1251 2197 1305 2252 in
1365 2206 1478 2250 toto
1508 2198 1640 2252 orbe
1673 2195 1787 2252 dis-

187 2303 373 2362 pergat.
399 2293 556 2348 Juxta
608 2291 1382 2358 ilebraicum,admirationcm
1413 2306 1660 2361 magnam
1694 2306 1788 2361 p0-

186 2383 300 2451 pulo
327 2383 650 2440 Juda'm‘um
685 2385 1124 2456 stupendumque
1165 2383 1487 2438 miraculum
1520 2383 1786 2436 iacturum

185 2489 292 2530 esse
316 2493 372 2532 se
401 2475 566 2544 dicit;
631 2485 688 2531 ut
720 2477 904 2546 perdat
949 2493 1138 2532 eorum
1196 2477 1523 2549 sapientiam
1555 2475 1646 2550 qui
1677 2495 1783 2532 non

188 2574 494 2639 receperunt
530 2570 629 2625 Dei
663 2573 920 2625 virtutem
985 2571 1191 2640 Deique
1232 2573 1584 2640 sapientiam,
1620 2583 1673 2626 ct
1705 2571 1788 2625 in-

189 2661 446 2718 lcileCiuut
509 2663 862 2732 pt‘ttticmittttt
902 2662 1203 2717 abscondat
1254 2673 1309 2718 ct
1341 2663 1518 2718 celet:
1556 2679 1625 2718 ne
1683 2663 1789 2718 sci-

190 2751 301 2811 licet
332 2771 454 2810 eum
481 2759 764 2826 reperiant
798 2755 886 2826 qui
914 2756 965 2810 in
1000 2753 1185 2809 littera
1215 2757 1547 2810 continetur.
1585 2756 1656 2810 De
1686 2757 1788 2811 lioc

183 2845 292 2901 loco
326 2850 630 2918 Apostolus
652 2843 848 2902 Paulus
881 2847 1128 2903 scribens
1172 2847 1236 2903 ad
1269 2847 1585 2902 Corinthios
1608 2849 1790 2917 posuit

188 2935 554 2995 tesﬁmonium
591 2932 858 2995 :Perdam
891 2939 1203 3010 sapientiam
1242 2941 1574 3012 sapientium,
1626 2949 1672 2991 et
1710 2940 1790 2991 in-

184 3031 430 3088 tellectum
461 3031 798 3106 prudentium
849 3033 1136 3103 reprobabo
1189 3032 1236 3102 (l
1263 3032 1382 3086 Cor.
1417 3048 1452 3095 I,
1489 3031 1616 3099 19):
1670 3030 1790 3084 aliis

183 3125 355 3179 verbis
383 3127 644 3182 eumdem
674 3137 894 3181 sensum
929 3126 1240 3181 edisserens
1267 3144 1278 3179 :
1316 3141 1420 3179 non
1449 3123 1592 3195 quod
1647 3122 1793 3179 Deus

1892 1913 2034 1984 quod
2081 1913 2261 1967 nullus
2301 1928 2396 1968 eos
2455 1915 2764 1986 intelligat;
2825 1932 2932 1970 non
2984 1920 3336 1976 r'ceordantes
3380 1925 3497 1992 ejus

1890 2005 2031 2075 quod
2066 2004 2132 2060 ad
2166 2006 2332 2062 Deum
2361 2007 2562 2062 dicitttr
2590 2023 2603 2060 :
2635 2006 2883 2064 Tenebra:
2913 2027 3013 2064 non
3033 2009 3440 2068 obscurabuntur
3466 2033 3497 2067 a

1893 2107 1938 2151 te
1971 2114 1989 2152 :
2016 2109 2064 2152 et
2091 2115 2193 2153 nox
2212 2099 2341 2154 sicut
2372 2099 2478 2155 dies
2504 2100 2892 2156 illuminabitur
2921 2102 3095 2174 (Psal.
3115 2108 3495 2172 cxxxvutJQ).

1892 2190 1958 2245 Et
1985 2203 1998 2244 :
2031 2191 2178 2248 Sicut
2209 2193 2430 2247 tenebrte
2450 2197 2586 2267 ejus,
2644 2194 2715 2248 ita
2744 2206 2792 2250 ct
2821 2196 2914 2249 lux
2962 2200 3077 2270 ejus
3132 2196 3342 2269 (Cenes.
3391 2203 3495 2270 ιιι).

1894 2281 2005 2338 lioe
2034 2298 2224 2339 errore
2277 2284 2494 2354 decepti
2527 2286 2697 2338 Adam
2750 2296 2804 2340 et
2838 2287 2970 2352 Eva,
3003 2288 3293 2346 audientes
3349 2294 3500 2348 soni-

1895 2387 2004 2432 tum
2035 2377 2230 2446 prdum
2256 2377 2657 2433 deambulantis
2686 2380 2737 2432 in
2774 2381 3024 2448 paradiso
3049 2381 3213 2454 396
3236 2385 3351 2449 Dei,
3379 2386 3502 2441 abs-

1891 2471 2197 2525 eonderunt
2218 2484 2277 2525 se
2309 2471 2410 2524 sub
2439 2471 2657 2536 arbore,
2691 2469 2714 2507 δ
2741 2469 2794 2525 in
2825 2487 2928 2542 qua
2961 2483 3078 2527 erat
3118 2476 3344 2529 scicntia
3379 2480 3504 2531 boni

1892 2572 1947 2618 ct
1981 2563 2126 2627 moti;
2161 2577 2223 2617 ac
2250 2560 2382 2617 Cain
2411 2577 2628 2632 quoque
2651 2563 2838 2618 dicens
2867 2579 2878 2616 :
2915 2563 2973 2618 Si
3002 2566 3149 2638 ejicis
3195 2583 3274 2621 me
3299 2569 3453 2623 hodie
3473 2591 3505 2625 a

1893 2658 2024 2727 facie
2069 2667 2175 2723 tua,
2237 2655 2532 2710 abscondar
2572 2653 2727 2729 (Gen.
2769 2671 2842 2719 tv,
2901 2653 3012 2728 il),
3070 2659 3235 2714 simili
3269 2662 3501 2718 stultitia

1893 2749 2061 2803 Deum
2091 2749 2387 2804 arbitratus
2419 2757 2502 2804 est
2531 2751 2808 2818 ignorare.
2845 2749 2913 2805 Et
2948 2766 3044 2819 per
3087 2756 3254 2809 Amos
3280 2754 3350 2810 de
3404 2755 3503 2810 im-

1893 2843 1995 2913 piis
2027 2852 2079 2898 et
2126 2843 2508 2914 peccatoribus
2552 2844 2752 2900 dicitur
2788 2860 2799 2898 :
2829 2844 2889 2900 Si
2927 2846 3290 2902 absconderint
3338 2866 3392 2904 se
3441 2851 3503 2904 ab

1892 2937 2051 2991 oculis
2083 2937 2204 2990 meis
2232 2939 2284 2991 in
2307 2937 2566 3008 profundo
2598 2940 2753 2992 maris
2781 2952 2798 2992 .'
2823 2938 3162 2994 ibimandabo
3193 2943 3428 3009 draconi,
3459 2961 3486 2997 e

1893 3030 2143 3082 mordebit
2175 3045 2257 3082 eos
2287 3029 2484 3091 (Amos.
2518 3045 2592 3091 ix,
2619 3029 2694 3099 5).
2726 3027 2881 3085 Unde
2912 3035 3166 3100 quamvis
3193 3035 3389 3104 aliquis
3418 3050 3506 3089 ιιι-ο

1897 3121 2053 3192 piens
2074 3122 2143 3173 sit
2173 3132 2224 3174 et
2255 3121 2603 3176 ferventioris
2632 3123 2832 3192 ingenii
2860 3169 2872 3189 ,
2908 3124 2953 3178 si
2981 3142 3088 3179 non
3121 3126 3370 3183 habuerit
3401 3128 3496 3184 Dei

180 3217 240 3270 sit
268 3217 532 3273 inimicus
554 3217 838 3285 sapientiae
862 3217 1015 3287 cujus
1044 3225 1197 3285 pater
1241 3227 1346 3282 est,
1405 3225 1460 3271 et
1491 3231 1587 3284 per
1631 3229 1791 3284 quem
1822 3207 1866 3275 C
1900 3213 2222 3283 sapientiam
2257 3221 2419 3281 atque
2474 3211 2799 3279 doctrinam,
2857 3213 3102 3270 dicamus
3134 3217 3200 3271 de
3250 3238 3313 3271 oo
3345 3237 3355 3271 :
3390 3219 3485 3272 Ni;

180 3309 356 3363 omnis
387 3319 476 3364 est
510 3309 567 3361 in
600 3308 912 3366 hominibus
945 3311 1246 3378 sapientia;
1295 3306 1391 3363 sed
1423 3324 1546 3362 cum
1577 3305 1792 3360 addita-

179 3411 366 3455 tnento
394 3399 606 3468 posuit,
635 3408 691 3452 ιιι
717 3401 769 3452 tu
805 3392 1073 3454 liebraico
1097 3398 1518 3468 est,supientium
1535 3398 1714 3469 populi
1741 3406 1796 3452 ct

182 3486 334 3564 395
371 3487 731 3561 prudentium
778 3489 947 3555 illius,
991 3489 1041 3544 id
1074 3501 1176 3554 est,
1234 3491 1413 3560 populi
1455 3490 1792 3546 Judaaorum.

183 3583 240 3637 Et
277 3599 471 3639 revera
507 3582 716 3652 grande
771 3582 1089 3637 miraculum
1137 3581 1282 3637 Deus
1333 3581 1462 3637 fecit
1495 3584 1546 3636 in
1595 3581 1796 3652 populo

184 3685 298 3743 post
336 3675 645 3732 adVentum
670 3675 883 3730 Domini
928 3673 1252 3740 SalviitOris,
1281 3685 1339 3729 ut
1374 3689 1484 3729 uno
1514 3685 1675 3745 atque
1698 3689 1795 3728 ρο·

185 3769 298 3825 dem
343 3783 603 3842 tempore
630 3771 852 3825 arderet
879 3766 1184 3825 JeruSulem
1211 3809 1228 3837 ,
1273 3770 1645 3839 templumque
1676 3783 1798 3824 cor-

189 3874 385 3931 rueret,
437 3875 494 3922 et
528 3866 712 3920 omnis
760 3862 1144 3934 magistroi-um
1192 3863 1421 3920 scientia
1474 3866 1794 3927 tolleretur;

188 3953 414 4029 impleto
455 3961 554 4014 illo
587 3960 730 4024 quod
784 3973 945 4027 supra
977 3958 1179 4013 dietum
1214 3969 1297 4014 est
1330 3976 1343 4012 :
1377 3958 1484 4031 (Ad
1511 3976 1627 4028 cap.
1657 3974 1733 4023 ιιι,
1767 3955 1792 4010 1

190 4050 351 4121 seqq.)
388 4047 572 4105 :Ecce
601 4045 911 4104 Dominator
941 4045 1197 4104 Dominus
1238 4049 1452 4104 sabaoth
1497 4047 1695 4118 auferet
1734 4045 1798 4100 ab

185 4133 475 4197 Jerusalem
505 4154 555 4199 et
585 4141 773 4198 aJuda
797 4143 1027 4198 validum
1057 4153 1103 4196 et
1128 4142 1353 4196 validam
1377 4159 1395 4196 :
1424 4157 1624 4195 omnem
1650 4139 1801 4212 forti-

192 4234 420 4289 tudinem
440 4239 614 4309 panis,
654 4249 701 4292 et
746 4253 895 4292 omne
937 4233 1092 4289 robur
1127 4247 1308 4305 aquai;
1341 4235 1596 4306 gigantem
1623 4243 1670 4285 et
1711 4233 1803 4284 lio-

192 4329 380 4384 minem
407 4329 736 4399 bellatorem,
768 4343 812 4386 et
861 4333 1122 4404 judicent,
1145 4333 1194 4383 et
1230 4327 1552 4401 prOpItetam,
1610 4337 1655 4379 et
1681 4340 1804 4377 con-

187 4425 431 4491 iectorem
463 4437 512 4480 et
545 4442 738 4492 senem,
771 4429 815 4478 et
854 4423 1377 4498 quinquagenariam,
1427 4430 1474 4474 et
1521 4417 1805 4473 admirabi-

197 4516 291 4570 lem
314 4519 703 4587 consiliarium,
738 4529 784 4572 et
811 4517 1092 4591 sapientem
1115 4517 1470 4579 architectum,
1511 4521 1558 4566 et
1580 4509 1806 4584 pruden-

1899 3303 2156 3360 Dominus
2186 3303 2521 3373 mdiﬁcaverit
2555 3307 2779 3368 domum,
2828 3307 2877 3359 in
2907 3323 3090 3360 vanum
3148 3309 3486 3366 laborat'erun

1899 3401 1988 3472 qui
2014 3399 2276 3471 (ediﬁcaiit
2303 3417 2438 3454 team.
2474 3396 2594 3454 Nisi
2627 3395 2878 3454 Dominus
2909 3401 3204 3457 custodierit
3231 3405 3506 3468 civitatem,

1901 3495 1951 3548 in
1975 3510 2160 3547 vanum
2187 3492 2414 3565 vigilabit
2438 3491 2528 3562 qui
2556 3491 2778 3545 custodit
2818 3510 2926 3545 eain
2959 3493 3079 3564 (Ps.
3115 3509 3212 3556 xu,
3271 3494 3292 3548 i
3344 3505 3390 3548 et
3427 3495 3506 3565 ἓ).

1899 3583 1993 3640 Cui
2033 3601 2130 3641 nos
2163 3585 2425 3640 faciamus
2455 3585 2632 3639 simile
2685 3601 2698 3637 :
2737 3596 2758 3623 ο
2784 3581 2898 3640 Nisi
2933 3583 3196 3640 Dominus
3236 3585 3506 3655 adjuverit

1900 3678 2269 3751 scientiam,in
2297 3695 2494 3733 vanum
2525 3678 2732 3734 laborat
2763 3677 2854 3750 qui
2886 3694 2947 3733 se
2977 3689 3126 3749 putat
3148 3695 3267 3734 esse
3295 3681 3508 3749 sapien-

1902 3782 2030 3829 tem.
2093 3769 2203 3828 Nisi
2265 3773 2526 3828 Dominus
2573 3771 2721 3826 omni
2775 3774 3020 3826 Custodia
3078 3771 3508 3827 servaveritcor

1901 3877 2173 3934 nostrum,
2199 3869 2251 3922 in
2312 3883 2510 3922 vanum
2554 3865 2737 3937 vigilat
2789 3867 2878 3934 qui
2914 3877 3066 3936 putat
3091 3867 3226 3920 illud
3259 3883 3355 3921 sua
3385 3866 3508 3920 dili-

1901 3961 2076 4032 gentia
2107 3975 2267 4029 posse
2284 3959 2515 4015 servari.
2551 3955 2812 4012 Pet-versa
2872 3970 2972 4020 est.
3005 3957 3198 4023 inquit,
3233 3957 3350 4012 hac
3388 3973 3510 4013 ves-

1903 4059 1986 4106 tra
2018 4050 2293 4121 cogitatio,
2325 4057 2387 4103 ut
2409 4049 2670 4104 factorem
2705 4049 2905 4116 putetis
2949 4049 3162 4101 nescire
3184 4047 3325 4116 quint
3359 4047 3504 4113 fecit,

1905 4153 1955 4200 et
1975 4143 2288 4201 Creatorem
2305 4147 2558 4214 ignorare
2573 4149 2877 4197 creaturam
2898 4138 3235 4210 suain,quasi
3262 4142 3304 4192 si
3334 4141 3503 4195 lutum

1906 4251 1956 4294 et
1985 4238 2280 4307 epiisdicnt
2306 4237 2468 4307 ﬁgulo
2499 4246 2552 4289 ct
2577 4233 2768 4288 [ueteri
2789 4247 2910 4300 suo,
2943 4249 3048 4286 non
3081 4248 3165 4287 me
3185 4232 3388 4300 iecisti,
3414 4235 3498 4288 vel

1911 4345 2117 4384 nonme
2156 4330 2298 4384 bene
2340 4327 2535 4393 iecisti,
2576 4342 2673 4380 nec
2729 4325 2991 4397 intelligis
3027 4327 3285 4380 facturam
3328 4336 3496 4382 luam.

1912 4418 2026 4475 Hoc
2058 4410 2372 4475 testimonio
2388 4419 2507 4474 aliis
2530 4419 2707 4474 verbis
2722 4418 3016 4490 Apostolus
3033 4421 3279 4476 utilurad
3312 4421 3510 4477 Roma-

1914 4512 2115 4569 nosubi
2143 4514 2210 4567 de
2243 4513 2333 4566 Dei
2364 4513 2627 4582 profunda
2646 4513 2874 4568 scientia
2896 4515 3503 4583 disputat,ethominum

200 4619 294 4663 tem
316 4614 638 4681 auditorem,
687 4623 742 4668 ct
791 4624 1011 4680 uetera,
1061 4628 1182 4683 qua:
1230 4609 1586 4682 propheticus
1627 4620 1808 4663 sermo
1835 4604 1889 4668 Ῐ)
1917 4607 2027 4660 vult
2058 4605 2386 4660 Caiumnium
2439 4601 2768 4658 confutare:
2803 4605 2846 4658 Ο
2874 4604 3049 4668 homo,
3093 4617 3144 4658 tu
3174 4608 3287 4675 quis
3332 4625 3382 4660 es
3420 4610 3507 4676 qui

199 4705 494 4762 eontexuit.
531 4715 560 4745 α

270 4791 452 4867 (Vers.
489 4797 579 4861 15,
614 4794 729 4868 16.)
761 4793 852 4851 Va:
901 4793 991 4868 qui
1023 4795 1268 4866 profundi
1321 4796 1440 4849 estis
1492 4793 1664 4856 corde,
1698 4800 1749 4843 ut
1777 4806 1809 4843 a

206 4877 425 4945 Domino
475 4891 808 4946 abs‘condatis
857 4891 1150 4956 consilium,
1193 4905 1409 4955 quarum
1433 4898 1550 4942 sunt
1589 4905 1638 4940 in
1671 4893 1810 4940 tene-

209 4980 308 5036 bris
330 4995 511 5056 Opera,
545 4995 594 5040 et
626 4985 841 5039 dicunt:
866 4983 994 5050 Quis
1023 4985 1152 5038 videt
1176 4999 1289 5048 nos,
1312 4993 1356 5037 ct
1388 4985 1498 5052 quis
1521 4983 1659 5036 novit
1687 4982 1809 5035 nos?

211 5071 457 5134 Perrersa
479 5091 554 5134 est
583 5075 694 5134 hcet:
723 5088 888 5134 vestra
914 5079 1177 5150 cogitatio,
1231 5072 1378 5146 quasi
1407 5077 1450 5129 si
1493 5075 1660 5130 lutum
1685 5091 1807 5128 con-

210 5178 284 5223 ir'a
306 5171 529 5243 ﬁgulum
554 5177 762 5248 cogitet,
796 5185 840 5228 et
863 5173 1000 5227 dicat
1046 5189 1172 5245 Opus
1195 5170 1379 5243 [actori
1407 5185 1499 5222 suo
1531 5184 1671 5222 :non
1727 5168 1806 5238 fe-

211 5264 322 5321 cisti
350 5285 470 5335 me;
503 5281 553 5323 et
578 5263 880 5344 ﬁgmentum
911 5268 1048 5322 diCat
1085 5266 1252 5339 ﬁctori
1303 5282 1395 5320 suo
1427 5281 1444 5318 :
1492 5279 1594 5317 non
1622 5262 1812 5315 intelli-

213 5359 307 5430 gis.
337 5359 481 5418 LXX
515 5381 534 5418 .'
565 5357 656 5418 Va:
697 5358 782 5434 qui
820 5357 1138 5434 profundum
1179 5361 1448 5414 consilium
1485 5359 1721 5430 faciunt,
1765 5363 1811 5409 et

216 5455 442 5511 eruntin
492 5455 711 5512 tenebris
757 5474 916 5530 opera
957 5473 1153 5522 eorum,
1191 5466 1232 5510 et
1265 5453 1438 5507 dicunt
1470 5468 1488 5506 .'
1515 5450 1640 5518 Quis
1680 5447 1812 5504 videt

218 5546 346 5604 nos?
364 5551 483 5622 quis
517 5553 640 5605 sciet
685 5569 797 5619 nos,
824 5560 867 5604 ct
889 5566 1004 5621 qua:
1032 5565 1123 5604 nos
1172 5547 1618 5621 facimus?nonne
1661 5551 1712 5594 ut
1737 5539 1816 5595 lu—

290 5719 314 5746 ε
337 5709 576 5764 Additur
596 5710 648 5764 in
687 5709 944 5764 Vaticano
971 5725 982 5762 :
1014 5707 1315 5761 Notandum
1365 5702 1489 5772 quid
1519 5702 1723 5754 dicatur
1750 5698 1812 5751 de

227 5776 303 5850 his
327 5782 414 5850 qui
455 5781 762 5849 religionem
784 5782 838 5835 in
859 5789 1105 5850 qua!st
1129 5779 1351 5850 uertunt.
1378 5770 1504 5850 ἴω,
1527 5780 1634 5826 etc.

292 5845 582 5907 b'tloni‘er:
612 5851 666 5906 S.
700 5845 1054 5922 Augustinum
1105 5849 1197 5906 lib.
1230 5863 1266 5903 ιι
1305 5847 1372 5903 de
1398 5845 1600 5902 Genes.
1631 5850 1819 5896 contra

1916 4699 2224 4774 respondeas
2254 4695 2400 4752 Deo?
2429 4694 2693 4762 Nmnquid
2716 4698 2840 4750 dicit
2865 4699 3160 4769 ﬁgmentum
3199 4698 3367 4769 ﬁctori
3388 4717 3503 4765 suo,

1914 4808 2071 4864 quare
2095 4809 2171 4845 me
2191 4789 2356 4864 feciin
2384 4789 2491 4844 sic?
2521 4788 2598 4842 An
2643 4805 2742 4841 non
2793 4790 2943 4842 liabet
2971 4797 3270 4860 patestatem
3316 4789 3509 4861 figulus

1914 4887 1979 4942 de
2007 4885 2183 4942 eodem
2232 4883 2339 4939 luto
2365 4882 2514 4938 aliud
2548 4899 2635 4936 vas
2694 4883 2862 4952 facere
2893 4883 2946 4935 in
2977 4878 3245 4947 honorem,
3276 4883 3424 4937 aliud
3453 4883 3508 4940 in

1914 4981 2276 5035 contumeliam
2300 4977 2476 5049 (Rom.
2505 4993 2578 5042 Ix,
2605 4975 2697 5040 ΞΟ,
2726 4972 2844 5040 21).
2874 4975 2928 5031 In
2955 4977 3153 5048 quibus
3174 4980 3384 5033 cuuctis
3417 4980 3509 5035 illa

1913 5090 2129 5142 semper
2182 5067 2520 5127 observanda
2587 5081 2670 5122 est
2720 5067 2906 5138 regula
2958 5085 2970 5122 :
3022 5069 3398 5141 iivangelistus
3457 5083 3514 5127 et

1916 5167 2208 5237 ApihiOiOs‘
2239 5165 2442 5232 absque
2496 5162 2698 5217 damno
2752 5180 3006 5219 sensuum
3044 5164 3429 5238 interpretatos
3457 5169 3510 5222 in

1917 5259 2162 5317 Gra'cum
2195 5275 2260 5312 ex
2289 5257 2537 5321 licbrtcn,
2573 5266 2630 5309 ut
2653 5257 2750 5311 sibi
2786 5258 2957 5312 \iSlllll
2984 5258 3163 5313 fin-rit.

1994 5351 2203 5424 (VersJ
2219 5351 2246 5404 '7
2265 5348 2637 5422 seqq.)Nonne
2656 5347 2886 5403 adlincin
2905 5350 3103 5403 modico
3127 5351 3236 5402 etin
3255 5349 3390 5403 brevi
3404 5367 3520 5405 con-

1921 5452 2138 5498 vertetur
2162 5437 2385 5494 Liba'nus
2424 5441 2477 5493 in
2501 5439 2738 5492 Chai-mel
2763 5456 2780 5493 :
2811 5451 2859 5493 et
2877 5440 3115 5492 Charine!
3142 5441 3193 5492 in
3219 5443 3409 5494 saltum
3434 5457 3515 5495 re-

1923 5530 2306 5610 putabitur?Et
2328 5532 2536 5588 audient
2567 5530 2620 5583 in
2643 5529 2725 5583 die
2755 5530 2847 5582 illa
2879 5531 3022 5584 surdi
3077 5533 3226 5584 verba
3277 5531 3394 5586 libri
3417 5547 3440 5596 ,°
3471 5544 3518 5590 et

1919 5691 2227 5818 ma?
2251 5728 2401 5828 .Quia
2425 5758 2529 5810 nisi
2552 5755 2823 5820 munitius,
2856 5754 2981 5824 cum:
