4010 6310
535 211 645 270 555

1790 196 1848 258 S.
1889 192 2166 258 EUSEBII
2207 194 2588 257 HIERONYMI

3728 201 3827 266 336

535 328 598 381 de
620 322 837 379 tenebris
865 329 915 376 et
929 318 1164 392 caligine
1188 318 1322 374 oculi
1353 332 1606 374 ctecorum
1632 317 1894 375 videbunt.
1930 317 1997 371 Et
2037 317 2132 370 ad-
2157 320 2206 379 Α
2237 315 2586 372 bernationent
2615 317 2924 387 possidebit:
2944 327 2993 374 et
3018 317 3270 390 intelliget
3291 317 3593 392 parabolam
3621 324 3668 372 et
3695 327 3822 375 lene-

535 421 655 475 dent
708 420 850 471 mites
881 419 930 468 in
959 414 1186 469 Domino
1235 415 1470 469 Iustitiam
1499 431 1518 468 :
1542 425 1590 467 et
1629 430 1880 484 pauperes
1905 412 2135 466 homines

535 513 589 566 in.
613 513 806 566 Sancto
828 508 995 562 Israel
1017 509 1345 563 exsultabunt
1369 525 1387 564 :
1408 511 1654 580 quoniam
1681 508 1865 580 defecit
1890 509 1976 578 qui
2004 521 2134 578 pra:-

534 602 754 656 calrbat.
807 601 1206 655 Consummatus
1279 610 1354 654 est
1397 601 1582 655 illusor
1630 616 1648 654 :
1695 613 1742 655 et
1790 600 1972 653 succisi
2015 608 2136 652 sunt

533 711 728 760 omnes,
759 696 849 763 qui
889 695 1172 770 vigilabant
1202 711 1356 768 super
1396 695 1736 766 iniquitatem.
1771 694 1874 760 Qui
1927 707 2135 764 peccare

529 789 786 858 faciebant
811 791 1042 844 homines
1067 792 1120 843 in
1149 791 1321 850 verbo,
1357 800 1404 842 et
1429 801 1724 858 arguentem
1755 788 1808 840 in
1831 799 1982 858 porta
2011 802 2135 854 sup-

529 884 836 953 plantabant
855 902 874 951 ;
928 897 976 939 et
1000 885 1392 939 declinaverunt
1422 885 1619 954 frustra
1646 899 1678 934 a
1689 886 1855 955 justo.
1887 879 2134 946 Restion-

524 976 690 1030 deant
736 976 912 1032 Judaei
950 986 1006 1031 et
1054 979 1213 1031 amici
1273 976 1544 1046 simplicis
1589 984 1798 1029 tantum
1849 973 2130 1037 historice,

527 1072 620 1140 qui
679 1071 884 1124 [ructus
956 1087 1063 1124 non
1121 1078 1375 1139 quterunt
1435 1069 1489 1123 in
1558 1068 1797 1131 arbore,
1863 1064 1957 1120 sed
2008 1063 2134 1117 folia

528 1161 688 1234 397
732 1170 938 1215 tantum
1015 1160 1373 1229 umbramque
1427 1160 1718 1215 verborum
1752 1201 1767 1225 ,
1838 1172 1959 1228 qua:
2023 1156 2134 1210 cito

524 1258 726 1312 are~cil
773 1265 829 1310 et
886 1255 1133 1322 deperit,
1202 1253 1476 1324 quomodo
1528 1255 1579 1307 in
1632 1253 1870 1306 adventu
1920 1248 2134 1302 Domini

531 1348 841 1405 Salvatoris
897 1345 1042 1418 (quia
1071 1361 1101 1400 a
1128 1347 1469 1413 temporibus
1501 1343 1655 1398 Isaia:
1695 1355 1868 1411 usque
1896 1339 1963 1394 ad
2016 1339 2131 1392 dis-

525 1439 912 1509 pensationem
961 1437 1144 1492 carnis
1191 1447 1507 1507 assumptus,
1567 1450 1668 1504 pro
1721 1431 2133 1502 comparatione

529 1533 853 1586 {sterilitatis
878 1532 1043 1585 breve
1071 1540 1126 1585 et
1158 1529 1427 1584 modicum
1473 1529 1734 1596 temporis
1762 1527 1998 1597 spatium
2023 1525 2128 1595 est)

527 1625 771 1681 Libanus
800 1638 956 1678 mons
998 1623 1271 1679 Phtnnicis
1311 1638 1504 1678 versus
1547 1623 1619 1676 sit
1644 1631 1806 1687 atque
1840 1619 2134 1674 translatus

2236 409 2442 464 brosum
2467 427 2776 478 sermonem,
2791 412 2931 465 dicta
2950 430 3007 468 sa
3016 413 3262 476 pientium
3285 421 3332 464 et
3352 412 3630 483 ncnignmta
3657 407 3822 479 (Prov.

2237 503 2440 573 1,5,6).
2474 503 2710 574 Denique
2739 514 2795 558 et
2819 505 3037 576 Moyses
3087 515 3144 558 ut
3187 504 3514 573 intelligeret
3539 513 3594 558 et
3632 501 3827 558 videret

2238 591 2408 648 Deum
2435 593 2634 663 (Exod.
2664 596 2780 667 xx),
2814 597 2866 650 in
2901 597 3098 653 nubent
3128 598 3406 667 ingressus
3437 606 3524 651 est
3548 607 3602 648 et
3631 595 3684 649 in
3712 596 3828 649 cali-

2235 688 2440 758 ginem,
2483 689 2550 743 de
2577 706 2680 759 qua
2712 692 2762 743 io
2797 690 3012 745 PSaImo
3035 692 3266 746 dicitur:
3295 689 3482 762 Caligo
3507 689 3604 742 sub
3625 688 3827 761 pedibus

2234 782 2347 850 ejus
2387 778 2505 850 (Ps.
2541 797 2668 844 xvtt,
2704 780 2817 852 10).
2847 781 2984 836 Cum
3030 793 3211 837 autem
3244 781 3394 853 pzius
3420 779 3556 835 cauri
3585 783 3668 833 vel
3697 795 3827 852 tnys'

2235 873 2338 928 lica
2366 890 2598 944 qumque
2637 876 3047 945 conspexerint,
3098 875 3183 929 vel
3213 877 3282 928 de
3316 873 3567 928 eicivitate
3611 882 3666 926 et
3693 885 3829 927 tene-

2232 967 2345 1022 bris
2375 969 2563 1023 ocolos
2586 968 2883 1024 levaverint
2909 969 2974 1023 ad
3009 969 3326 1035 videndum,
3357 978 3413 1022 ut
3434 965 3746 1022 sedentibus
3769 966 3818 1020 in

2234 1059 2478 1116 tenebris
2523 1069 2580 1116 et
2623 1061 2812 1115 umbra
2867 1063 3060 1117 mortis
3115 1061 3326 1115 oriatur
3375 1060 3559 1114 lumen
3613 1075 3824 1114 verum:

2235 1164 2363 1208 tunc
2392 1157 2549 1208 mites
2577 1153 2644 1208 de
2669 1156 2868 1225 quibus
2889 1156 3156 1224 scriptum
3180 1162 3265 1208 est
3289 1176 3301 1207 :
3340 1151 3491 1208 Beati
3517 1154 3685 1221 mites,
3711 1168 3830 1223 quo-

2234 1245 2372 1298 niam
2419 1245 2517 1316 ipsi
2541 1245 2873 1317 possidebunt
2920 1257 3111 1300 terram
3136 1244 3317 1318 (Matt.
3353 1261 3406 1310 v,
3439 1243 3530 1314 4):
3563 1246 3677 1299 sive
3699 1259 3820 1315 prtu-

2233 1353 2416 1408 peres,
2466 1355 2699 1410 quorum
2733 1341 2987 1412 princeps
3014 1341 3066 1396 itt
3097 1342 3321 1407 psalmis
3347 1341 3461 1397 ait:
3514 1339 3617 1395 Hic
3643 1356 3828 1412 pauper

2233 1433 2497 1503 clamauit,
2527 1443 2574 1487 et
2605 1431 2863 1490 Dominus
2883 1436 3149 1492 exaudivit
3174 1433 3323 1489 illum
3351 1434 3472 1510 (Ps.
3506 1451 3709 1497 ιιιιιι.
3742 1438 3826 1507 7);

2230 1533 2304 1587 et,
2329 1524 2418 1592 qui
2435 1525 2700 1597 judicabit
2734 1543 2988 1597 pauperes
3017 1527 3224 1598 papuli,
3245 1537 3293 1580 et
3316 1526 3488 1580 salvos
3515 1526 3675 1594 faciet
3700 1526 3827 1595 ﬁlios

2233 1635 2522 1690 pauperum
2559 1618 2677 1689 (Ps.
2708 1635 2823 1682 xm,
2855 1621 2950 1688 9),
3005 1621 3074 1676 de
3105 1636 3214 1691 quo
3254 1619 3452 1674 dicitur
3486 1621 3552 1675 ad
3585 1621 3826 1676 Iudaeos:

530 1718 584 1771 itt
616 1726 851 1772 lliOtllL'lll
879 1714 1225 1771 Carmeluut?
1246 1717 1334 1786 qui
1361 1715 1626 1770 Hebraice
1651 1728 1902 1769 caenum.
1929 1694 2130 1783 (SD'D)
2163 1701 2210 1763 Β
2235 1707 2522 1765 Consilium
2546 1713 2792 1781 pauperis
2837 1713 3099 1780 sprevistis
3123 1753 3139 1779 ,
3173 1712 3378 1767 addent
3401 1713 3453 1767 in
3486 1712 3718 1767 Domino
3746 1713 3831 1766 la:-

526 1809 760 1874 dicitur;
795 1821 849 1864 et
873 1813 924 1864 in
950 1808 1186 1865 conlinio
1210 1810 1500 1864 Palestina:
1525 1819 1690 1878 atque
1719 1807 1990 1862 Phoenicis
2010 1804 2135 1858 Pto-

527 1901 744 1957 lemaidi
779 1904 1070 1956 imminens
1101 1920 1114 1955 :
1166 1903 1296 1956 licet
1319 1912 1375 1956 et
1397 1901 1536 1955 alius
1568 1901 1620 1954 in
1646 1899 1943 1967 Seripturis
1975 1911 2134 1951 sanc-

525 1996 598 2049 tis
632 2008 790 2047 mons
836 1994 1122 2046 Carmelus
1161 1994 1470 2061 appelletur
1496 2033 1512 2056 ,
1585 1993 1638 2045 in
1669 2005 1777 2061 quo
1825 1990 1925 2044 fuit
1964 1987 2132 2042 Nabal

525 2085 839 2142 Carmelius
890 2087 931 2156 (ι
962 2086 1093 2158 Reg.
1128 2086 1282 2156 xxv),
1337 2086 1500 2140 homo
1531 2085 1734 2139 stultus
1788 2094 1841 2138 et
1894 2085 2130 2153 iniquus,

529 2181 623 2252 qui
654 2197 883 2236 uxorem
915 2183 1104 2235 habuit
1128 2181 1362 2250 Abigail,
1393 2196 1516 2248 qua:
1544 2189 1760 2234 mortuo
1785 2179 1922 2246 viro,
1950 2178 2136 2246 nupsit

533 2274 702 2328 David
730 2290 744 2338 ;
772 2275 865 2328 illo
891 2275 1038 2328 enim
1072 2275 1311 2335 vivente,
1346 2272 1522 2327 virum
1557 2272 1725 2326 David
1750 2271 1997 2340 accipere
2025 2287 2130 2322 non

527 2377 772 2438 poterat;
819 2384 889 2424 ne
925 2379 1220 2423 vocaretur
1249 2366 1493 2421 adultera
1549 2365 1596 2420 si
1634 2365 1774 2420 foret
1827 2363 1982 2418 alteri
2013 2362 2134 2418 viro

530 2463 777 2527 sor-iota;
811 2474 864 2517 et
903 2463 1180 2532 quomodo
1211 2462 1462 2516 Charmel
1493 2462 1546 2514 in
1578 2461 1807 2526 saltum,
1853 2470 1906 2513 et
1935 2458 2136 2513 infruc-

530 2565 687 2610 tuosa
721 2554 862 2624 ligna
891 2553 1223 2621 reputetnr?
1253 2554 1406 2620 Quod
1439 2568 1561 2607 cum
1594 2551 1783 2605 dicere
1813 2567 1919 2606 non
1950 2561 2138 2619 potue-

531 2647 675 2713 rint,
712 2650 934 2702 audtant
964 2647 1255 2710 Libanum,
1287 2647 1379 2714 qui
1415 2646 1810 2714 interpretatur
1855 2645 2130 2708 dealbatio,

532 2743 727 2797 referri
758 2744 825 2796 ad
861 2744 1116 2812 pupulum
1141 2741 1381 2809 gentium
1403 2781 1417 2802 ,
1456 2739 1549 2810 qui
1581 2740 1724 2793 lotus
1755 2740 1807 2790 in
1836 2737 2064 2792 Domino
2085 2745 2139 2793 et

530 2833 777 2902 purgatis
809 2831 1066 2886 sordibus
1096 2830 1361 2899 midinis,
1389 2840 1533 2884 lotus
1559 2830 1791 2884 mundus
1812 2828 2136 2895 ascendens,

532 2925 637 2977 sub
673 2921 782 2996 [ΑΙ.
827 2921 1019 2994 super]
1055 2922 1317 2976 Ecclesia:
1370 2935 1605 2990 persona
1648 2920 1898 2976 innititur
1946 2921 2141 2976 Salva-

532 3019 726 3080 toti,et
752 3018 820 3073 de
848 3034 914 3073 eo
937 3024 986 3070 tu
1012 3017 1234 3071 Cantica
1255 3017 1606 3071 Canticorum
1634 3017 1835 3071 dicitur
1861 3033 1873 3069 :
1909 3015 2038 3083 Qua:
2065 3023 2139 3070 est

2236 1804 2431 1869 titiatn,
2464 1815 2522 1858 ut
2550 1807 2639 1874 qui
2672 1805 2963 1875 gloriatur,
2994 1809 3044 1860 in
3075 1805 3303 1861 Domino
3329 1805 3593 1878 glorietur
3623 1807 3688 1878 (Il
3717 1809 3830 1861 Cor.

2233 1895 2325 1964 x);
2376 1907 2432 1952 et
2463 1913 2731 1966 pauperes
2763 1897 3012 1954 homines
3052 1901 3170 1953 sive
3195 1899 3471 1968 desperati
3506 1901 3576 1953 ab
3606 1899 3832 1954 homini-

2235 1989 2336 2043 bus
2361 1999 2523 2058 atque
2574 1989 2914 2058 contempti,
2976 1993 3065 2059 qui
3091 1992 3228 2059 legis
3253 1992 3402 2060 prius
3450 1993 3693 2046 nutitiant
3723 2007 3829 2046 non

2235 2078 2532 2146 habebant,
2554 2082 2605 2134 iu
2625 2083 2823 2137 Sancto
2847 2080 3396 2147 Israelexsultahunt,
3417 2083 3508 2153 qui
3530 2086 3606 2137 ait
3630 2082 3833 2140 :Saucti

2235 2185 2418 2238 estote,
2444 2175 2690 2244 quoniam
2718 2191 2812 2246 ego
2839 2187 3048 2229 sanctus
3077 2192 3189 2228 sum
3211 2174 3359 2246 (Leu.
3384 2191 3464 2239 χι.
3493 2177 3603 2244 Η).
3629 2177 3834 2232 Omnis-

2236 2279 2341 2334 the
2370 2275 2453 2318 est
2480 2267 2806 2320 exsultatio:
2837 2268 3092 2335 quoniam
3135 2267 3336 2322 deleuit
3368 2267 3458 2337 qui
3487 2269 3830 2338 pra-valebat.

2235 2357 2657 2413 Coosutnmatus
2689 2368 2773 2413 est
2796 2359 3006 2425 illusor,
3029 2359 3141 2414 sive
3163 2375 3449 2430 arrogans,
3473 2372 3527 2415 et
3551 2362 3832 2431 superbus,

2236 2454 2329 2524 qui
2362 2453 2604 2506 dixerat:
2643 2451 2994 2506 Fortilttdine
3023 2451 3214 2508 faciant
3246 2463 3302 2506 et
3331 2453 3603 2522 sapientia
3627 2494 3642 2519 ,
3685 2455 3836 2508 aule-

2237 2561 2351 2599 ram
2386 2547 2520 2598 lines
2568 2544 2810 2613 gentium
2842 2555 2896 2596 et
2931 2543 3306 2600 fortitudinem
3357 2561 3541 2600 earum
3573 2547 3832 2612 vastabo;

2239 2637 2331 2706 qui
2361 2635 2615 2690 omnibus
2645 2634 2933 2701 illudebat,
2978 2636 3030 2690 itt
3063 2643 3267 2689 tantum
3295 2645 3351 2690 ιιι
3377 2647 3597 2690 satu-tus
3622 2652 3837 2707 quoque

2239 2728 2482 2782 diceret:
2535 2726 2723 2780 Lumbi
2780 2727 2880 2780 mei
2945 2727 3123 2798 repleti
3169 2737 3289 2781 sunt
3342 2726 3672 2783 illusionibus
3717 2727 3836 2800 (Ps.

2239 2834 2447 2884 χχχιιι,
2473 2817 2556 2886 8).
2619 2818 2688 2872 Et
2733 2819 2933 2873 succisi
2968 2826 3131 2884 sunt,
3178 2821 3297 2874 sive
3327 2818 3490 2874 deleti
3535 2834 3726 2874 omnes
3754 2819 3840 2890 qui

2238 2915 2540 2983 vigilabant
2573 2929 2739 2986 super
2777 2914 3138 2983 iniquitatem,
3165 2930 3398 2984 quorum
3424 2925 3649 2984 propter
3676 2914 3840 2968 malas

2241 3010 2456 3080 vigilias
2507 3023 2614 3062 non
2647 3009 2908 3062 dormitat
2956 3010 3238 3064 interitus:
3296 3010 3388 3077 qui
3423 3023 3652 3078 peccare
3682 3011 3840 3063 lat-ie-

533 3109 636 3163 ista
665 3124 780 3179 qua:
824 3108 1054 3162 ascendit
1076 3107 1338 3173 dealbata,
1381 3109 1608 3162 innitens
1646 3124 1804 3179 super
1830 3107 2132 3178 fratruelem
2161 3087 2208 3152 C
2241 3100 2374 3155 bant
2405 3101 2718 3155 universum
2752 3101 3036 3154 hominum
3083 3116 3260 3172 genus
3289 3103 3341 3154 in
3375 3101 3544 3155 verbo
3593 3099 3839 3170 blasphe-

536 3220 684 3257 suum
710 3201 886 3276 (Cant.
921 3219 1034 3257 \‘lll.
1064 3200 1158 3266 5):
1189 3211 1241 3257 et
1286 3203 1446 3255 istum
1479 3203 1731 3270 populum
1767 3201 2051 3257 transferri
2081 3202 2135 3255 in

539 3290 806 3354 Charmel,
839 3294 942 3346 hoc
963 3302 1069 3354 est,
1103 3292 1156 3345 in
1182 3292 1594 3345 circumcisicnis
1623 3292 1916 3358 scientiam,
1941 3300 2000 3346 ut
2028 3290 2139 3360 spi-

535 3385 754 3440 ritualis
769 3394 826 3438 et
843 3398 988 3439 vera:
1008 3383 1446 3438 CirCIIIIICiSiOItiS
1469 3383 1727 3455 mysteria
1750 3393 2136 3454 recognoscat:

535 3491 589 3534 et
620 3481 673 3534 itt
705 3480 826 3535 loco
848 3481 922 3534 sit
939 3478 1210 3549 quondam
1236 3478 1419 3546 populi
1436 3478 1781 3532 ,ΙιιιΙιιιοΓιιιιιε
1809 3479 1931 3533 illos
1957 3487 2138 3533 autem

537 3570 631 3638 qui
681 3570 960 3624 Christum
1010 3570 1286 3638 suscipere
1344 3571 1635 3624 noluerunt
1664 3570 1904 3639 reputari
1952 3570 2138 3624 insal-

540 3671 679 3722 tum,
712 3669 767 3713 et
799 3661 849 3713 in
899 3661 1126 3715 arbores
1176 3660 1396 3715 steriles
1421 3702 1436 3725 ,
1469 3676 1590 3730 qua:
1626 3679 1733 3714 non
1763 3671 1989 3730 possunt
2018 3677 2141 3715 cum

543 3756 705 3828 lignis
739 3755 1040 3810 l'ructil'eris
1078 3755 1301 3809 laudare
1327 3754 1637 3808 Dominum.
1681 3755 1815 3808 Cum
1848 3764 2028 3808 autem
2058 3754 2145 3808 Li-

541 3851 721 3906 bantts
747 3848 800 3902 itt
833 3847 1114 3911 Cltarntel,
1151 3856 1208 3902 et
1235 3848 1489 3902 Cltarute|
1514 3846 1568 3900 in
1591 3846 1787 3900 saltum
1814 3847 1974 3901 luerit
1999 3860 2146 3901 com-

543 3954 809 4010 mutatus,
839 3954 966 3996 tunc
997 3941 1090 4012 qui
1139 3941 1288 4010 prius
1319 3941 1468 3995 surdi
1518 3946 1677 3993 erant
1700 3983 1713 4006 ,
1749 3948 1804 3993 et
1829 3941 1990 3993 verba
2025 3940 2145 3995 libri

543 4035 853 4106 prophetici
900 4033 1090 4088 audire
1131 4049 1238 4088 non
1264 4041 1515 4100 poterant
1548 4031 1640 4102 (de
1670 4046 1777 4100 quo
1803 4047 1963 4100 supra
2010 4033 2148 4087 dixi—

541 4143 689 4195 mus,
720 4126 866 4198 quod
895 4126 1071 4180 omnis
1095 4125 1379 4194 Scriptura
1407 4134 1593 4177 sancta
1626 4139 1766 4178 unus
1793 4125 1932 4178 liber
1961 4125 2144 4193 appel-

539 4220 711 4279 letur.
757 4219 971 4273 dicente
1006 4217 1338 4272 Ecclesiaste
1361 4215 1531 4288 (Eccl.
1563 4232 1697 4280 χχιι,
1725 4214 1813 4288 ll)
1841 4215 2147 4272 :Sermones

542 4311 855 4381 sapientium
876 4322 1137 4380 tamquam
1157 4309 1351 4364 stimuli
1380 4322 1426 4362 et
1452 4310 1600 4380 quasi
1621 4306 1753 4362 claci
1772 4309 1826 4362 in
1845 4308 2005 4364 altum
2026 4325 2147 4363 cono

546 4403 665 4471 ﬁxi,
711 4402 801 4468 qui
831 4419 861 4455 a
888 4399 1122 4455 conciliis
1143 4401 1257 4454 dati
1277 4410 1394 4454 sunt
1423 4417 1453 4454 a
1475 4412 1681 4472 pastore
1710 4401 1834 4470 uno)
1880 4401 2102 4456 audient
2129 4445 2143 4469 ,

2238 3193 2385 3260 mini,
2421 3205 2479 3247 ut
2531 3203 2794 3264 negarent
2820 3194 3058 3249 Verbum
3093 3194 3208 3258 Dei,
3241 3203 3298 3250 et
3323 3195 3376 3249 in
3408 3195 3551 3250 coelo
3583 3203 3842 3264 ponerent

2238 3298 2302 3340 os
2348 3300 2527 3339 suum.
2570 3283 2852 3354 Significat
2900 3296 3081 3340 autem
3133 3286 3443 3351 daemones,
3490 3289 3581 3356 qui
3615 3300 3841 3354 nequam

2238 3377 2373 3447 ipsi,
2403 3392 2596 3432 oumes
2627 3376 2899 3432 faciebant
2928 3377 3178 3433 homines
3208 3379 3261 3432 itt
3295 3394 3552 3435 sermone
3589 3396 3838 3449 pect-are,

2241 3472 2407 3526 variis
2442 3472 2787 3540 dOgmatibus
2817 3473 3258 3542 blasphemantes
3277 3515 3292 3540 ,
3347 3484 3406 3531 et
3434 3487 3757 3546 arguentem
3785 3478 3837 3532 in

2243 3575 2398 3632 pot'ta
2421 3566 2842 3635 atqnejudicio,
2884 3583 3148 3637 quantum
3184 3569 3236 3623 in
3262 3584 3323 3624 se
3347 3578 3491 3635 erat,
3531 3570 3843 3639 supplanta-

2244 3655 2406 3722 baut,
2466 3667 2521 3711 et
2551 3672 2582 3710 a
2622 3659 2835 3726 justitia
2869 3658 3150 3714 declinare
3195 3659 3466 3714 iaciebant
3488 3702 3504 3724 ,
3538 3663 3630 3730 qui
3658 3661 3841 3717 eratin

2245 3749 2417 3819 portis
2445 3748 2570 3802 [ilize
2598 3747 2756 3815 Sion,
2786 3753 3060 3806 exaltatus
3088 3752 3158 3806 de
3187 3753 3357 3822 portis
3387 3753 3618 3818 mortis;
3649 3765 3706 3808 et
3732 3770 3843 3808 tor-

2245 3842 2476 3910 ripiebat
2507 3858 2601 3898 eos
2651 3845 2743 3911 qui
2783 3846 3012 3900 oderant
3039 3845 3090 3898 in
3127 3844 3295 3914 portis
3337 3856 3685 3914 arguentem.
3718 3847 3841 3915 Qua:

2247 3950 2349 3990 nos
2395 3951 2563 4005 super
2592 3937 2812 3992 diabolo
2841 3947 2890 3994 et
2925 3939 3134 4006 angelis
3170 3940 3290 4008 ejus
3322 3939 3716 4007 intelleximus,
3748 3939 3842 3996 Nae

2248 4031 2405 4086 κειτκί
2431 4042 2618 4086 contra
2647 4032 2866 4088 Scrihas
2894 4043 2947 4088 et
2965 4029 3272 4088 Pltarisazos
3296 4033 3440 4088 dicta
3485 4035 3838 4098 arbitrantur,

2247 4123 2392 4193 quod
2421 4126 2723 4180 delecerint
2751 4124 3081 4203 δευτερωταί,
3115 4128 3204 4196 qui
3239 4126 3390 4195 prius
3419 4126 3728 4184 illudebant
3755 4141 3841 4198 po-

2249 4219 2376 4288 pulo
2409 4217 2794 4273 traditionibus
2827 4221 3107 4289 pessimis;
3158 4229 3214 4274 et
3238 4220 3306 4274 ad
3329 4219 3691 4288 decipiendos
3716 4223 3838 4276 sint-

2249 4311 2419 4380 pliCes
2449 4312 2537 4366 die
2561 4323 2829 4382 noctuque
2856 4311 3175 4383 vigilabant,
3207 4312 3299 4381 qui
3325 4327 3553 4382 peccare
3582 4314 3840 4370 faciebant

2249 4402 2413 4475 399
2453 4402 2701 4458 homines
2733 4404 2786 4456 in
2819 4400 3001 4457 Verbo
3036 4402 3152 4467 Dei,
3212 4415 3268 4458 ut
3311 4402 3591 4460 Christum
3641 4406 3734 4463 Det
3760 4404 3840 4459 Fi-

546 4504 605 4551 et
661 4496 989 4566 loquentur,
1034 4495 1232 4564 quibus
1288 4495 1538 4551 Salt'ator
1585 4495 1771 4552 dicet:
1830 4478 2224 4568 EphpltethaD
2251 4493 2381 4548 lium
2417 4502 2697 4564 negarent.

545 4586 656 4658 [ΑΙ.
677 4585 932 4662 Eﬁ'etha],
948 4587 1090 4658 quod
1109 4587 1521 4658 interpretatur,
1539 4589 1811 4660 adaperire
1825 4587 2141 4660 (Morava).

543 4683 812 4752 Quodque
844 4699 942 4736 nos
992 4682 1274 4746 vertimus,
1329 4681 1392 4735 de
1421 4682 1642 4734 tenebris
1672 4692 1717 4735 et
1749 4680 1973 4751 caligine
2010 4683 2149 4736 oculi

541 4790 797 4829 ca’corum
825 4757 1068 4828 uidebunt
1089 4814 1104 4836 ,
1137 4788 1371 4843 quorum
1406 4772 1585 4826 faClliS
1611 4771 1990 4840 interpretatio
2021 4781 2141 4839 est;

544 4867 736 4935 Aquila
776 4878 829 4920 et
858 4865 1166 4920 Theodotio
1192 4874 1249 4918 et
1294 4863 1657 4936 Symmachus
1707 4865 2140 4918 transtulerunt:

545 4957 804 5030 Tenebras
829 4968 874 5010 et
902 4959 1178 5030 caliginem
1210 4959 1348 5012 oculi
1376 4973 1630 5012 cwcorum
1662 4957 1901 5010 videbunt
1920 4973 1938 5010 :
1970 4965 2027 5010 ut
2057 4972 2145 5012 os-

545 5026 834 5103 tenderent
876 5049 1116 5117 gentium
1170 5050 1394 5118 populo,
1445 5050 1534 5118 qui
1587 5049 1735 5115 prius
1793 5063 1971 5102 cmcus
2001 5060 2141 5115 erat,

545 5139 749 5195 Christi
773 5149 1113 5195 sacramenta
1149 5140 1452 5208 pandenda,
1482 5141 1642 5208 juxta
1676 5141 1807 5196 illud
1837 5142 1980 5212 quod
2009 5143 2144 5197 dici-

544 5243 632 5288 tur
656 5231 983 5288 :Tenebrosa
1010 5250 1149 5304 aqua
1171 5235 1222 5286 in
1249 5233 1466 5287 nubibus
1489 5237 1625 5290 aeris
1647 5235 1764 5308 (Ps.
1789 5237 2050 5309 xvtt,12).
2078 5237 2138 5292 Ει

539 5327 598 5381 in
613 5327 808 5382 eodem
829 5328 1040 5398 psalmo
1061 5327 1130 5383 de
1150 5327 1262 5381 Deo
1278 5327 1540 5395 scriptum
1559 5339 1668 5381 est.
1873 5329 2051 5384 Posuit
2068 5342 2138 5385 te-

539 5420 723 5474 nebras
738 5420 1006 5474 latibulum
1026 5436 1178 5473 suum
1205 5417 1366 5489 (Ibid.
1387 5419 1482 5485 xu)
1497 5459 1509 5472 .
1529 5419 1593 5472 Et
1611 5421 1660 5472 in
1681 5420 1988 5476 Proverbiis
2011 5422 2142 5494 legi-

538 5522 690 5564 mus:
710 5510 838 5566 Htec
851 5512 1064 5566 audiens
1076 5513 1287 5582 sapiens
1300 5513 1586 5580 sapientior
1597 5513 1724 5567 erit:
1745 5523 1792 5567 et
1807 5515 2030 5584 prudens
2042 5533 2139 5588 gu-

2325 4586 2505 4657 (Vers.
2529 4588 2600 4641 ‘22
2623 4586 2800 4657 seqq.)
2837 4585 3059 4660 PrOpter
3082 4587 3180 4643 hoc
3201 4588 3312 4644 lucc
3341 4589 3466 4644 dicit
3495 4589 3750 4647 Dominus
3779 4592 3840 4644 ad

2249 4681 2454 4733 domum
2466 4678 2649 4741 Iacob,
2664 4680 2751 4749 qui
2764 4680 2979 4735 redemit
2997 4681 3260 4736 Abraham
3273 4698 3292 4736 :
3312 4680 3435 4737 Non
3455 4690 3616 4740 modo
3629 4689 3814 4756 confun

2249 4772 2399 4826 detur
2427 4770 2626 4826 Jacob:
2653 4787 2746 4826 nec
2777 4773 2927 4826 modo
2950 4772 3120 4829 vultus
3148 4775 3259 4844 ejus
3295 4776 3594 4832 erubescet:
3625 4779 3712 4834 sed
3732 4793 3841 4832 cum

2250 4865 2432 4919 viderit
2455 4865 2592 4931 filios
2635 4881 2781 4928 suos,
2811 4883 2968 4938 Opera
2999 4883 3246 4921 manuum
3289 4885 3551 4932 mearum,
3603 4871 3656 4924 in
3687 4869 3840 4923 medio

2250 4957 2330 5010 sui
2361 4957 2743 5026 sanctiﬁcantes
2771 4974 2955 5012 nomen
2977 4975 3144 5012 meum
3163 4975 3180 5012 :
3201 4972 3247 5013 et
3265 4960 3670 5030 sanctiﬁcabtmt
3695 4975 3838 5015 sanc-

2252 5059 2360 5104 tum
2388 5049 2574 5112 Iacob,
2606 5063 2653 5104 et
2689 5049 2850 5106 Deum
2876 5049 3045 5107 Israel
3077 5053 3474 5122 prccdicabunt;
3503 5068 3556 5108 et
3583 5057 3741 5110 scient
3765 5069 3840 5109 er-

2249 5155 2422 5198 rantes
2451 5147 2635 5216 spiritu
2681 5144 3025 5208 intellcctunt,
3079 5158 3128 5200 et
3155 5147 3507 5202 mussitatores
3529 5149 3725 5203 dicent
3748 5145 3840 5202 Le-

2245 5254 2379 5308 gem.
2414 5236 2587 5291 LXX:
2622 5235 2908 5304 Pr0pterea
2937 5237 3047 5291 htec
3093 5238 3219 5291 dicit
3262 5237 3522 5293 Dominus
3573 5257 3728 5310 super
3752 5239 3838 5292 do-

2245 5344 2383 5381 mum
2410 5325 2596 5394 Jaccb,
2649 5344 2801 5396 quam
2823 5328 3085 5394 separavit
3113 5345 3177 5382 ex
3200 5328 3463 5382 Abraham
3488 5348 3503 5382 :
3550 5329 3676 5386 Non
3697 5328 3836 5383 modo

2241 5423 2588 5490 confundetur
2614 5419 2778 5475 Jarob
2805 5435 2825 5474 :
2867 5436 3033 5492 neque
3079 5438 3216 5475 nunc
3243 5423 3430 5491 faciem
3462 5425 3717 5487 mutabit;
3753 5419 3834 5475 sed

2242 5531 2360 5570 cum
2385 5523 2411 5552 α
2443 5515 2630 5570 viderit
2659 5515 2794 5586 ﬁlios
2823 5531 2944 5570 suos
2967 5531 3124 5587 apcra
3144 5531 3290 5570 mea:
3312 5526 3525 5587 propter
3551 5534 3632 5572 me
3657 5513 3830 5572 sanctis

618 5673 641 5702 ⁸
674 5666 809 5722 Cum
843 5668 1036 5724 Grieco
1076 5668 1195 5740 ipso
1224 5676 1370 5724 textu
1403 5667 1554 5728 ἴδωσι
1593 5674 1829 5732 τὰτέκνα
1855 5676 2025 5733 αὐτῶν
2051 5689 2137 5749 rep

2246 5685 2267 5734 t
2297 5676 2571 5734 Victorius
2608 5677 2830 5733 viderint
2847 5678 2951 5748 filii
2979 5680 3079 5735 sui.
