4010 6392
162 455 255 516 33'!

660 449 1304 511 COMMENTARIORUM
1344 451 1411 509 IN
1449 452 1686 511 ISAIAM
1723 453 2151 516 PROPHETAM
2191 458 2326 518 LIB.
2365 459 2464 518 IX.
2504 462 2662 520 CAP.
2705 464 2877 522 XXX.

3314 468 3422 530 558

161 567 370 637 ﬁcabtmt
390 581 560 621 nomen
582 582 769 633 meum,
788 577 834 621 et
847 567 1240 634 sanctiﬁcobunt
1259 578 1496 623 sanctum
1511 569 1709 625 Iacob:
1737 575 1793 635 Α
1814 575 2077 629 scandatis
2115 576 2170 629 in
2204 575 2538 649 Egyptum;
2584 589 2633 634 et
2670 598 2752 634 me
2784 599 2887 637 non
2927 583 3321 657 interrogastis,
3364 596 3423 643 ut

162 668 207 714 et
237 659 387 714 Deum
421 658 580 715 Israel
616 659 859 714 timebunt
878 676 898 715 :
924 670 972 715 et
1013 662 1174 716 scient
1192 663 1281 732 qui
1304 671 1477 717 errant
1505 664 1713 732 spiritu,

154 753 558 828 intelligentiam:
605 763 653 807 et
691 754 1047 811 mussitatores
1095 756 1296 812 discent
1350 757 1713 827 obedientiam,

157 849 387 918 quodque
418 847 733 917 sequitur-E-
757 862 805 905 et
830 846 1025 924 lingua?
1054 849 1388 908 balbutientes
1418 852 1615 909 discent
1638 854 1718 910 lo-

155 943 235 1015 qui
254 958 417 1010 pacem
453 940 488 1005 ἔ
517 941 681 998 obelo
713 945 1250 1014 pra'notandnmesu
1274 945 1408 1000 Cum
1422 946 1714 1015 audierint,

156 1036 334 1106 inquit,
360 1036 497 1093 surdi
520 1037 686 1092 verba
718 1037 863 1103 libri,
904 1048 960 1093 et
981 1040 1123 1095 oeuli
1154 1054 1423 1096 caecorum
1450 1040 1716 1098 viderint:

150 1126 471 1199 Libanusque
522 1143 822 1185 ccurersus
858 1129 1018 1187 fuerit
1049 1132 1103 1186 in
1154 1130 1433 1199 Cbarmel,
1466 1142 1523 1189 et
1548 1132 1718 1190 Char-

148 1225 251 1279 mel
301 1235 569 1291 reputatns
597 1226 650 1279 in
679 1226 875 1281 saltum
903 1269 917 1291 ,
967 1227 1044 1282 ita
1092 1236 1151 1281 ut
1179 1229 1339 1283 mites
1370 1238 1425 1284 et
1449 1244 1717 1299 pauperes

146 1315 383 1372 hrtentur
411 1317 461 1371 in
487 1316 739 1382 Domino,
763 1329 817 1374 et
842 1333 924 1385 sui
945 1319 1110 1374 erbus
1141 1319 1442 1391 illusorque
1463 1320 1717 1375 deﬁciat:

146 1411 806 1468 luncconl’undeturJacoh
827 1412 916 1480 qui
947 1412 1341 1469 modointerim
1362 1429 1467 1469 non
1491 1413 1720 1470 confun-

140 1503 288 1560 ditur.
318 1503 594 1574 Signiﬁcat
622 1516 804 1561 autem
830 1505 982 1562 lsaim
1016 1518 1283 1578 tempora.
1338 1505 1408 1562 Et
1434 1508 1619 1563 vultus
1646 1508 1719 1563 il-

140 1595 232 1653 lius
251 1599 548 1667 erubescet,
576 1609 634 1654 ut
654 1599 820 1656 rubor
835 1611 1000 1670 atque
1023 1599 1278 1656 conlusio
1300 1600 1521 1655 occasio
1541 1600 1615 1655 sit
1635 1615 1722 1655 sa-

136 1691 268 1759 lutis,
292 1693 564 1762 praecipue
587 1709 710 1748 cum
732 1694 931 1749 viderit
953 1694 1095 1748 lllios
1112 1709 1262 1760 suos,
1288 1693 1339 1748 id
1360 1705 1466 1761 est,
1490 1695 1722 1763 Aposto-

132 1782 207 1840 los
228 1785 626 1850 «apostolicos
644 1785 813 1855 virus,
836 1786 926 1857 qui
951 1784 1174 1842 luerunt
1194 1786 1264 1842 de
1279 1801 1479 1857 genere
1500 1785 1718 1841 Judaeu—

133 1891 263 1939 rum,
288 1877 340 1932 in
359 1878 545 1934 medio
572 1879 853 1934 nationum
880 1877 1093 1934 Domini
1122 1889 1437 1949 perpetrare
1468 1880 1717 1945 virtutes,

1817 668 2089 737 accipiatis
2135 669 2394 722 auxilium
2436 688 2469 724 a
2515 669 2827 739 Pharaone,
2879 684 2929 729 et
2970 681 3311 748 protegamini
3359 680 3422 735 ab

1819 758 2107 832 Egyptiis.
2138 761 2253 816 Erit
2292 762 2436 817 vobis
2464 767 2713 834 protectio
2744 765 3041 824 Pharaonis
3072 773 3127 823 in
3162 773 3428 838 confusio-

1817 868 1930 907 nem
1955 869 1974 919 ;
2003 863 2052 907 et
2081 855 2163 908 his
2189 897 2202 919 ,
2240 856 2330 927 qui
2352 857 2618 927 conﬁdunt
2658 861 2713 913 in
2754 859 2989 931 .Egypto
3010 903 3025 927 ,
3069 866 3423 935 opprobrium.

1820 944 1957 1002 Sunt
1980 948 2113 1002 enim
2140 950 2194 1003 in
2220 949 2354 1004 Tani
2377 953 2640 1024 principes
2661 995 2677 1019 ,
2723 955 2893 1008 nuntii
2930 958 3165 1027 pessimi.
3205 959 3429 1017 Frustra

1818 1038 2122 1093 laborabunt
2157 1040 2226 1093 ad
2248 1042 2499 1111 populum
2523 1084 2538 1106 ,
2573 1044 2663 1114 qui
2690 1049 2763 1098 eis
2785 1061 2887 1099 non
2915 1049 3148 1113 proderit
3177 1052 3248 1104 ad
3273 1053 3429 1107 auxi-

1817 1134 2049 1189 liandum
2079 1152 2097 1190 :
2124 1153 2286 1202 neque
2325 1136 2378 1191 in
2416 1138 2697 1192 utilitatem
2721 1180 2735 1202 ,
2781 1142 2872 1194 sed
2900 1142 2955 1195 in
2993 1144 3346 1211 confusionem
3375 1154 3426 1200 et

1820 1226 2171 1299 approbrium.
2203 1228 2333 1282 Post
2365 1230 2712 1300 prophetiam
2736 1240 2930 1287 contra
2953 1232 3130 1298 Ariel,
3152 1245 3205 1289 et
3224 1244 3424 1290 uetera

1818 1336 1940 1390 qua:
1967 1337 2138 1392 usque
2163 1321 2229 1376 ad
2258 1321 2400 1378 hunc
2443 1324 2621 1379 locum
2668 1327 2985 1394 pneteritus
3023 1341 3206 1382 sermo
3249 1327 3424 1385 disse-

1818 1415 1932 1469 ruit
1971 1431 1983 1467 :
2043 1429 2186 1469 nunc
2218 1416 2451 1470 alterius
2501 1416 2913 1474 vaticinationis
2957 1420 3245 1474 exordium
3297 1430 3418 1488 est,

1819 1521 1941 1577 quas
1963 1515 2083 1577 post
2114 1516 2330 1562 centum
2356 1509 2757 1580 quinquaginta
2809 1526 2983 1565 annos
3008 1552 3024 1577 ,
3073 1514 3163 1581 qui
3206 1513 3432 1568 luerunt

1822 1600 1965 1655 inter
1999 1599 2192 1655 Isaiam
2233 1611 2287 1657 et
2318 1601 2617 1658 Jeremiam
2662 1604 2930 1671 probatur
2967 1620 3091 1661 esse
3129 1621 3176 1661 Ct
3200 1608 3426 1675 mpleta.

1820 1693 2077 1749 Prmdicit
2103 1693 2250 1750 enim
2290 1695 2438 1750 illam
2471 1697 2761 1752 historiam
2791 1738 2808 1763 ,
2853 1713 3017 1768 quam
3070 1699 3123 1753 in
3163 1698 3422 1755 Ieremia:

1820 1785 2099 1841 volumine
2155 1786 2392 1857 legimus
2439 1785 2656 1857 Herem.
2702 1789 2855 1857 nt),
2899 1790 3119 1861 quando
3166 1794 3429 1847 subversa

1820 1876 2118 1933 Jerusalem
2143 1888 2197 1933 et
2222 1880 2477 1933 omnibus
2514 1882 2569 1935 in
2604 1880 2886 1953 Babylone
2926 1883 3126 1952 apibus
3163 1884 3429 1953 principi-

130 1978 177 2024 et
200 1966 388 2024 Christi
416 1986 626 2027 nomen
656 1972 911 2041 get-tibus
939 1971 1264 2042 praedicare.
1287 1979 1345 2027 et
1364 1971 1578 2027 dicere:
1610 1970 1716 2027 Pa-
1747 1964 1795 2025 B
1822 1968 2035 2040 busque
2064 1970 2342 2025 translatis
2362 2012 2376 2035 ,
2411 1973 2741 2043 pra-positus
2775 1983 2862 2029 est
2905 1974 3038 2044 regii
3076 1974 3297 2045 generis
3341 1974 3424 2032 his

129 2072 198 2115 ter
218 2073 402 2130 noter,
446 2064 548 2135 qui
571 2081 624 2119 es
649 2064 703 2119 in
736 2063 900 2130 ctelis,
948 2065 1301 2134 sancti/icetur
1346 2081 1533 2121 nomen
1572 2077 1715 2121 tuum

126 2151 320 2222 (Matth.
354 2170 426 2222 vt,
452 2154 539 2229 9).
578 2155 658 2212 Illi
691 2159 836 2213 enim
877 2156 1299 2213 sanctiﬁcalnmt
1336 2156 1599 2214 Sanctum
1623 2156 1719 2229 qui

125 2259 261 2304 ortus
286 2251 458 2306 estde
482 2251 664 2306 .Iacub
685 2293 701 2317 ,
724 2264 779 2307 et
807 2252 977 2308 Deum
1008 2252 1171 2308 lsrael
1203 2253 1482 2308 docebunt
1506 2255 1558 2307 in
1586 2269 1716 2324 gen-

125 2342 270 2401 tibus.
306 2353 365 2398 ut
402 2344 577 2400 idolis
605 2344 1145 2410 derelictis,dicant:
1177 2360 1339 2416 quam
1370 2344 1499 2399 falsa
1533 2360 1720 2415 posse-

124 2432 303 2491 derunt
358 2452 556 2507 patres
606 2437 776 2491 nostri
808 2437 976 2499 idola.
1031 2447 1223 2493 etnon
1270 2445 1358 2493 est
1411 2438 1467 2492 itt
1500 2436 1718 2505 illisqui

121 2531 293 2600 pluat;
323 2544 377 2588 et
405 2542 544 2588 tunc
574 2533 749 2587 scient
777 2532 868 2603 qui
898 2547 1044 2587 nunc
1075 2541 1262 2587 errant
1315 2530 1531 2600 spiritu,
1557 2530 1721 2586 intel-

122 2624 383 2697 iigrttttattt
420 2630 551 2695 Dei,
579 2638 633 2683 et
653 2627 746 2699 qui
772 2627 1047 2699 quondam
1070 2627 1125 2682 in
1154 2626 1451 2682 solitudine
1478 2641 1720 2681 murmu—

122 2721 299 2775 rabaut
320 2731 519 2779 contra
558 2721 871 2788 Dominum,
905 2721 1119 2776 discent
1144 2719 1365 2789 Legem,
1390 2721 1545 2787 cujus
1571 2718 1720 2787 prius

120 2813 351 2869 notitiam
378 2831 489 2870 non
520 2814 815 2870 habebant.
838 2813 898 2871 Si
919 2816 1065 2869 enim
1091 2814 1434 2884 recepissent
1458 2813 1714 2880 Moysen),

115 2907 444 2976 recepissent
466 2920 528 2964 et
562 2908 849 2962 Dominum
874 2907 1060 2963 Iesum
1090 2907 1393 2972 Christum,
1420 2906 1542 2973 quia
1569 2904 1720 2976 Moy-

115 3012 193 3054 ses
218 3001 286 3057 de
306 3001 405 3057 illo
423 3000 776 3072 loquebatur.
792 2998 946 3068 Quod
967 2999 1020 3054 in
1042 2999 1307 3068 principio
1324 2996 1548 3066 capituli
1572 2996 1725 3066 juxta

115 3091 436 3149 iit-braieum
468 3092 889 3148 transtulimus:
943 3090 1072 3145 Iltec
1096 3090 1219 3144 dicit
1244 3087 1503 3143 Dominus
1534 3091 1602 3142 ad
1625 3087 1724 3142 do-

113 3200 236 3239 mum
262 3183 464 3251 Iacob,
516 3186 609 3257 qui
636 3186 848 3240 redemit
880 3184 1154 3254 quondam
1178 3183 1467 3245 Abraham,
1501 3190 1558 3237 et
1583 3181 1722 3237 edu-

111 3280 171 3332 xit
195 3281 265 3334 de
288 3278 613 3344 Chaldzeis,
646 3286 702 3332 et
733 3278 785 3332 in
816 3286 1018 3332 terram
1041 3274 1488 3344 repromissionis
1513 3274 1729 3328 induxit

1816 2061 1909 2128 qui
1963 2062 2015 2117 in
2065 2062 2255 2118 Judaea
2306 2076 2735 2131 remanserant,
2791 2065 3054 2121 Godnlias
3097 2066 3242 2121 ﬁlius
3282 2066 3418 2123 Alti-

1817 2167 1979 2218 cam,
2038 2169 2148 2226 quo
2203 2170 2299 2226 per
2348 2155 2536 2212 dolum
2594 2171 2718 2213 cum
2769 2155 3052 2213 Chaldaeis
3101 2159 3276 2214 sociis
3342 2160 3427 2215 in-

1820 2247 2080 2313 terfecto,
2140 2264 2335 2304 omnes
2373 2250 2648 2319 principes
2690 2251 3049 2317 bellatorum,
3107 2261 3165 2308 et
3215 2252 3424 2310 Johan-

1818 2356 1921 2395 nan
1946 2339 2107 2413 θοι
2133 2339 2276 2396 ﬁlius
2302 2339 2549 2405 Cbareaa,
2576 2351 2632 2397 et
2657 2342 2951 2398 Jechonias
2983 2344 3127 2399 ﬁlius
3154 2344 3336 2410 Osite;
3365 2355 3423 2402 et

1819 2433 2088 2499 reliquum
2129 2432 2323 2503 vulgus
2352 2449 2383 2488 a
2414 2450 2582 2502 parvo
2612 2451 2784 2507 usque
2815 2436 2880 2490 ad
2917 2451 3168 2506 magnum
3192 2479 3207 2502 ,
3238 2453 3423 2493 acces-

1820 2536 2010 2580 serunt
2030 2524 2093 2579 ad
2123 2524 2415 2581 Jeremiam
2449 2527 2773 2597 Propltetam
2793 2570 2807 2589 .
2840 2537 2895 2584 et
2922 2528 3178 2584 dixerunt
3208 2530 3296 2585 ei:
3330 2528 3431 2587 Ca-

1822 2617 1911 2671 dat
1925 2618 2093 2673 oratio
2118 2630 2296 2674 nostra
2329 2620 2383 2674 in
2424 2631 2700 2694 conspectu
2723 2632 2834 2690 tuo,
2864 2632 2912 2677 et
2934 2640 3026 2678 ora
3061 2641 3156 2696 pro
3193 2624 3338 2679 nobis
3360 2626 3431 2680 ad

1823 2706 2103 2763 Dominum
2128 2709 2290 2765 Deum
2313 2721 2459 2766 tuum
2481 2730 2577 2785 pro
2598 2714 2850 2769 uniuersis
2872 2712 3108 2782 reliquiis
3136 2717 3266 2771 istis.
3292 2716 3429 2786 Quia

1823 2802 1992 2855 relicti
2018 2818 2194 2858 sumus
2225 2804 2378 2871 pauci
2408 2803 2474 2858 de
2500 2804 2756 2876 pluribus,
2787 2806 2921 2860 sicut
2950 2806 3091 2861 oculi
3118 2808 3194 2861 tui
3223 2825 3317 2863 nos
3343 2808 3428 2862 in-

1827 2902 2031 2948 tuentur
2050 2912 2069 2962 ;
2094 2902 2141 2949 et
2164 2896 2433 2950 annuntiet
2458 2896 2601 2950 nobis
2627 2895 2881 2952 Dominus
2900 2898 3038 2953 Deus
3052 2912 3172 2953 tuus
3184 2903 3322 2954 riam
3337 2916 3429 2968 per

1827 3003 1983 3058 quam
2014 3003 2304 3057 pergamus.
2330 3000 2375 3044 et
2393 2990 2601 3044 verbum
2625 2992 2764 3060 quod
2788 2992 3040 3061 faciamus
3058 2991 3275 3059 (Jerem.
3301 3010 3434 3060 xm,

1826 3079 1864 3134 2
1881 3121 1896 3144 ,
1919 3078 1997 3150 3).
2019 3078 2264 3150 Cumque
2286 3081 2545 3137 Jeremias
2569 3093 2695 3151 post
2720 3084 2908 3140 decem
2937 3086 3055 3141 dies
3081 3104 3145 3142 ex
3176 3103 3433 3145 sermone

1834 3171 2046 3227 Domini
2090 3173 2499 3242 respondisset:
2549 3174 2680 3229 Haec
2721 3176 2845 3229 dicit
2896 3176 3148 3234 Dominus
3177 3177 3318 3235 Deus
3349 3179 3434 3237 Is-

1832 3264 1945 3318 rael
1968 3283 1989 3319 :
2021 3264 2082 3320 Si
2140 3267 2454 3334 quiescentes
2509 3270 2800 3323 manseritis
2838 3271 2891 3324 in
2932 3281 3070 3326 terra
3118 3274 3244 3337 hac,
3303 3277 3436 3331 tedi-

113 3367 313 3441 (Geues.
335 3372 450 3440 xl),
470 3371 767 3437 perspicue
787 3380 954 3439 patet.
980 3367 1116 3422 Illud
1141 3365 1485 3436 autemquod
1507 3366 1729 3435 Septua-
1753 3345 1797 3407 (ἶ
1830 3359 1999 3431 Iicabo
2027 3378 2117 3415 vos
2146 3372 2193 3417 et
2221 3379 2325 3417 non
2356 3363 2651 3431 destruam,
2686 3366 2933 3433 plantabo
2965 3379 3010 3422 et
3043 3386 3144 3423 non
3175 3373 3421 3441 evellam,

109 3466 235 3529 ginta
275 3460 744 3517 transtulerunt:
785 3459 910 3513 lltec
947 3459 1071 3512 dicit
1096 3458 1263 3531 ηοο
1298 3458 1551 3512 Dominus
1570 3473 1730 3527 super

112 3555 306 3610 domum
355 3551 543 3609 Iacob
571 3568 723 3623 quam
754 3553 1010 3622 separavit
1039 3568 1102 3606 ea:
1132 3551 1416 3613 Abraham.
1448 3554 1529 3606 sic
1567 3550 1728 3605 intel-

110 3647 185 3716 ligi
212 3659 431 3720 potem,
460 3643 621 3714 quod
646 3645 872 3699 Scribas
902 3651 957 3697 et
983 3643 1310 3709 Pbarisa-os,
1336 3642 1424 3708 qui
1446 3641 1729 3696 Dominum

112 3738 584 3809 blaSpbcmabaut
608 3780 623 3805 ,
682 3735 1022 3807 separaverit
1045 3735 1113 3789 ab
1142 3734 1438 3798 Abraham,
1474 3734 1565 3802 qui
1596 3732 1731 3789 vidit

110 3834 239 3890 diem
263 3836 524 3901 Domini,
551 3842 610 3887 et
635 3834 848 3886 laztatns
873 3840 956 3886 est
977 3829 1157 3900 (Joau.
1179 3831 1319 3896 Vill).
1341 3825 1398 3883 Si
1428 3828 1571 3883 enim
1596 3826 1730 3882 fuis-

111 3939 224 3982 sent
268 3929 376 3985 ﬁlii
432 3926 767 3994 Abraham,
821 3923 1079 3980 fecissent
1120 3939 1285 3990 Opera
1320 3921 1615 3978 Abraham.
1661 3919 1730 3976 Et

108 4024 409 4089 Apostolus
458 4022 719 4091 disputat
753 4033 849 4074 eos
902 4017 1256 4089 appellandos
1285 4017 1424 4072 ﬁlios
1457 4016 1728 4070 Abraham

109 4112 295 4185 (Hebr.
332 4115 443 4186 ιι),
484 4114 588 4185 qui
620 4113 913 4168 habuerint
938 4110 1352 4166 similitudinem
1404 4109 1529 4164 (Μινί
1560 4109 1732 4164 Abra-

105 4203 249 4269 ham,
279 4208 388 4261 hoc
407 4219 516 4270 est,
543 4207 803 4277 populum
826 4204 1092 4276 gentium,
1114 4204 1206 4274 qui
1240 4218 1346 4257 non
1363 4219 1430 4257 ex
1450 4202 1729 4272 operibus,

107 4299 196 4354 sed
221 4316 287 4353 ex
318 4298 429 4353 ﬁde
458 4301 738 4354 Abraham
770 4298 913 4353 ﬁlius
933 4297 1241 4367 appellatus
1268 4303 1371 4349 est.

175 4394 334 4465 (Cap.
364 4393 550 4450 XXX.
585 4422 661 4434 -——
687 4391 849 4449 νει-ε.
883 4393 905 4447 l
938 4391 1120 4462 seqq.)
1161 4389 1252 4445 Va:
1281 4389 1378 4459 ﬁlii
1409 4389 1693 4441 desertores
1716 4427 1734 4454 ,

109 4487 223 4541 dicit
254 4486 526 4542 Dominus
556 4504 579 4543 :
615 4496 672 4540 ut
699 4486 935 4554 faceretis
967 4483 1266 4544 consilium.
1300 4492 1348 4537 et
1381 4495 1483 4535 non
1513 4495 1578 4534 eo:
1606 4495 1688 4532 me
1719 4496 1732 4533 :

106 4585 149 4629 et
174 4581 490 4635 ordiremiai
522 4579 690 4633 telam
716 4620 730 4640 ,
777 4588 825 4632 et
864 4594 965 4631 non
996 4594 1085 4646 per
1112 4575 1370 4648 Spiritum
1400 4588 1573 4627 meum
1612 4587 1630 4626 :
1679 4578 1737 4624 ut

111 4671 363 4729 adderetis
391 4684 681 4742 peccatum
702 4687 862 4737 super
882 4681 1161 4740 peccatum.
1198 4670 1299 4737 Qui
1325 4668 1603 4723 ambulatis
1628 4708 1643 4729 ,
1682 4673 1737 4720 ut

114 4761 447 4829 descendatis,
470 4766 530 4820 in
562 4763 863 4838 zEgyptum
909 4779 929 4818 .'

115 4859 291 4924 gustis,
318 4869 608 4931 sperantes
642 4858 901 4913 auxilium
930 4857 984 4910 in
1015 4856 1321 4924 fortitudine
1343 4854 1665 4920 Pharaonis,
1692 4863 1743 4909 et

115 4947 352 5007 habmtes
370 4952 646 5024 ﬁduciam
670 4951 724 5003 in
754 4949 938 5004 umbra
967 4947 1039 5003 1E
1043 4948 1211 5022 gypti.
1243 4947 1312 5001 Et
1343 4948 1438 5001 erit
1465 4947 1607 5003 vobis
1633 4946 1745 5016 for-

113 5040 276 5097 titudo
320 5043 645 5099 Pharaonis
696 5043 747 5095 in
777 5041 1138 5105 confusionem
1164 5080 1179 5101 .
1226 5048 1275 5093 et
1323 5039 1521 5108 ﬁducia
1551 5038 1747 5093 umbrat

116 5129 334 5205 .Eggpti
362 5135 417 5189 in
447 5134 832 5205 ignominiam.
865 5130 1034 5186 Erunt
1063 5131 1201 5185 enim
1228 5132 1283 5184 in
1309 5128 1467 5184 Tanis
1490 5132 1747 5203 principes

115 5225 186 5277 tui
215 5242 235 5279 :
262 5239 311 5280 et
342 5228 531 5283 nuntii
558 5228 643 5280 tui
677 5242 839 5297 usque
869 5224 1046 5280 Haues
1076 5223 1186 5297 [Μ.
1218 5223 1289 5277 ad
1318 5221 1475 5295 Anes]
1506 5238 1746 5290 pervene—

117 5328 250 5373 runt.
286 5319 494 5376 Omnes
516 5319 738 5389 confusi
765 5327 889 5372 sunt
915 5333 1073 5388 super
1094 5317 1286 5389 populo
1302 5316 1391 5386 qui
1413 5315 1485 5369 eis
1506 5313 1748 5386 prodesse

116 5424 207 5462 non
238 5414 432 5481 poterit
457 5430 479 5466 :
509 5426 628 5465 non
648 5413 858 5481 fuerunt
881 5410 936 5464 ia
964 5407 1224 5464 auxilium
1244 5420 1293 5463 et
1316 5411 1367 5462 in
1392 5408 1625 5473 aliquam
1646 5410 1751 5461 uti-

119 5498 347 5572 litatem,
383 5504 483 5560 sed
520 5502 582 5556 in
616 5502 982 5569 confusionem
1024 5511 1073 5555 et
1102 5501 1154 5554 in
1191 5498 1545 5573 opprobrium.
1576 5496 1748 5554 LXX:

125 5590 212 5647 γω
240 5595 345 5662 filii
371 5592 826 5668 prevaricatores
852 5634 868 5658 ,
909 5590 1034 5645 dicit
1062 5589 1337 5646 Dominus.
1379 5588 1604 5645 Fecistis
1629 5606 1752 5644 con—

120 5685 289 5742 silium
311 5729 328 5752 ,
367 5698 421 5742 et
467 5702 583 5740 non
618 5699 712 5755 per
741 5699 861 5748 me;
895 5693 942 5737 et
974 5692 1180 5750 pactum
1205 5723 1221 5747 ,
1270 5699 1373 5738 non
1403 5698 1495 5751 per
1514 5683 1754 5751 spiritum

118 5793 283 5836 meum
314 5797 335 5837 :
370 5790 435 5835 ut
474 5776 753 5834 adderetis
780 5788 989 5848 peccata
1020 5777 1241 5847 peccatis
1275 5792 1295 5832 :
1338 5775 1428 5847 qui
1448 5775 1536 5830 itis
1573 5783 1629 5829 ut
1665 5774 1756 5829 dc-

188 5968 211 5999 ¹¹
244 5962 435 6021 Verba
464 5968 517 6018 et
548 5955 769 6031 ﬁliabus
794 5956 933 6029 regis
960 5955 1017 6015 in
1041 5956 1219 6016 Vatia.
1248 5970 1359 6016 non
1383 5951 1530 6016 sunt.

1832 3454 2075 3521 quoniam
2098 3455 2333 3523 placatus
2361 3473 2476 3511 sum
2495 3474 2654 3528 super
2676 3460 2811 3512 malo
2836 3460 2975 3532 quod
3004 3462 3103 3532 feci
3128 3464 3290 3519 vobis.
3321 3465 3432 3520 No-

1833 3547 1923 3603 lite
1959 3551 2137 3603 timere
2173 3567 2205 3604 a
2243 3550 2378 3621 facie
2415 3553 2551 3623 regis
2591 3550 2875 3623 Babylonis
2899 3596 2915 3620 ,
2960 3570 3108 3618 quem
3146 3572 3235 3609 vos
3260 3559 3436 3627 pavidi

1832 3638 2127 3708 formidatis
2148 3640 2337 3711 (Ibid.,
2362 3658 2429 3711 ι,
2460 3643 2574 3715 ll).
2600 3644 2665 3699 Et
2690 3656 2811 3715 post
2839 3647 3145 3702 modicum:
3174 3647 3237 3704 Si
3263 3665 3434 3707 autem

1831 3734 2102 3803 dixeritis,
2136 3754 2239 3791 non
2269 3737 2614 3793 habitabimus
2651 3740 2866 3795 interra
2904 3742 3039 3807 ista;
3069 3754 3117 3799 et
3161 3748 3436 3817 posueritis

1829 3828 2012 3898 faciem
2038 3838 2277 3899 t'estram,
2311 3842 2368 3886 ut
2394 3832 2759 3905 ingrediamiai
2788 3832 3105 3907 £9yptum,
3137 3847 3187 3892 et
3214 3842 3437 3896 intrave-

1832 3922 1950 3977 ritis
1978 3936 2035 3977 ut
2065 3922 2133 3977 ibi
2161 3924 2400 3980 habitetis
2424 3940 2443 3989 ,°
2468 3923 2679 3995 gladius
2708 3944 2862 3999 quem
2891 3945 2978 3984 vos
3006 3930 3302 3999 formidatis
3320 3973 3337 3998 ,
3364 3933 3439 3986 ibi

1833 4016 2227 4081 comprehendet
2252 4033 2341 4071 vos
2364 4033 2382 4072 :
2408 4026 2456 4071 et
2480 4019 2646 4088 fames
2677 4034 2772 4087 pro
2797 4035 2900 4088 qua
2926 4021 3051 4073 estis
3078 4021 3313 4084 solliciti,
3341 4021 3441 4073 ad-

1835 4105 2043 4161 haerebit
2073 4108 2212 4163 vobis
2243 4109 2295 4161 in
2315 4107 2574 4181 zEgypto,
2599 4119 2648 4163 et
2675 4108 2746 4162 ibi
2775 4110 3063 4164 moriemini
3093 4108 3180 4178 (Ib
3202 4111 3283 4175 d.,
3308 4126 3436 4175 uti,

1838 4197 2048 4261 13,15,
2081 4198 2192 4267 l6).
2228 4199 2648 4266 Restionderunt
2674 4200 2775 4253 viri
2804 4200 3061 4265 superbi,
3095 4199 3343 4257 dicentes
3368 4203 3438 4259 ad

1836 4287 2128 4344 Jeremiam
2185 4309 2199 4343 :
2245 4289 2574 4346 Mendacium
2600 4300 2656 4345 tu
2707 4289 2933 4358 loqueris
2965 4308 2984 4346 :
3040 4309 3143 4347 non
3189 4293 3325 4347 ntistt
3397 4304 3448 4350 te

1838 4378 2095 4434 Dominus
2134 4380 2275 4436 Deus
2324 4395 2513 4451 noster,
2569 4384 2788 4438 dicens:
2849 4382 2930 4439 Ne
2974 4385 3342 4453 inqrediamini
3391 4388 3449 4443 in

1841 4470 2161 4544 lEgyptum,
2195 4485 2249 4526 ut
2275 4474 2508 4529 habitetis
2535 4474 2646 4530 illic
2670 4492 2690 4540 ;
2721 4477 2812 4532 sed
2850 4476 3057 4533 Baruch
3095 4479 3236 4549 ﬁlius
3269 4478 3449 4536 Neria:

1838 4564 2022 4619 incitat
2067 4574 2114 4617 te
2151 4563 2425 4620 adversum
2467 4583 2595 4633 nos,
2650 4578 2706 4622 ut
2752 4569 2927 4622 tradat
2972 4586 3067 4624 nos
3107 4572 3163 4625 in
3209 4573 3449 4628 manibus

1842 4654 2208 4712 Chalda'orum
2229 4698 2244 4722 ,
2274 4667 2332 4710 ut
2355 4658 2636 4727 interficiat
2663 4677 2757 4714 uos
2805 4672 2852 4714 et
2895 4663 3162 4717 transduci
3200 4664 3359 4733 faciat
3393 4667 3452 4720 in

969 4773 1018 4816 ει
1063 4780 1119 4817 οε
1163 4732 1330 4818 mg”...
1370 4779 1472 4816 ηοη
1513 4762 1738 4815 interm.
1770 4732 1825 4793 Ῑ)
1850 4749 2167 4822 Babylonem
2193 4748 2408 4821 (larem.
2434 4766 2590 4814 xutt,
2617 4751 2673 4819 9.,
2697 4753 2776 4823 3).
2813 4753 3054 4823 Denique
3078 4732 3269 4808 omnes
3298 4756 3448 4823 prin-

1846 4842 1996 4910 cipes
2028 4841 2210 4910 populi
2241 4840 2482 4912 reliquiis
2510 4844 2854 4914 congregatis
2880 4858 3004 4899 cum
3040 4844 3365 4902 mulieribus
3391 4857 3453 4904 et

1850 4937 2090 5007 parvulis
2136 4945 2162 4973 ἰ
2189 4944 2244 4992 et
2290 4937 2503 4993 ﬁliabus
2545 4940 2724 5006 regis,
2769 4955 2878 4994 non
2932 4938 3219 4997 audientes
3257 4955 3450 4997 vocem

1850 5028 2096 5095 Domini,
2130 5028 2360 5098 ingressi
2403 5039 2529 5085 sunt
2569 5030 2863 5103 Egyptum
2886 5074 2901 5096 ,
2944 5033 3236 5103 assumptis
3262 5049 3451 5091 secum

1848 5120 2080 5177 Jeremia
2111 5131 2165 5176 et
2196 5120 2437 5189 Baruch,
2482 5131 2537 5176 et
2575 5134 2839 5179 Venerunt
2880 5125 2932 5179 in
2961 5124 3214 5195 'l‘aphnas
3236 5166 3252 5190 ,
3282 5129 3352 5181 ita
3396 5136 3457 5181 ιιι

1849 5213 2116 5271 Jeremias
2154 5215 2208 5268 iu
2253 5214 2463 5285 signum
2495 5214 2826 5285 captivitatis
2864 5215 3061 5272 l'uturte
3104 5217 3461 5285 propltetaret

1853 5320 2042 5364 contra
2072 5308 2474 5363 inobedientem
2508 5309 2763 5381 populum
2795 5326 2856 5366 ea
2887 5326 3012 5380 qua:
3053 5310 3105 5365 in
3138 5310 3277 5364 libro
3305 5309 3457 5363 illius

1853 5402 2227 5457 continentur.
2267 5399 2422 5467 Quod
2462 5401 2625 5468 igitur
2656 5410 2843 5470 postea
2872 5399 3113 5455 futurum
3146 5406 3296 5463 erat,
3330 5406 3460 5454 ante

1853 5508 2024 5550 atinas
2065 5492 2266 5547 multos
2308 5491 2635 5559 praedicitur,
2680 5502 2737 5548 et
2774 5492 3087 5547 de~erlores
3114 5498 3170 5545 et
3201 5490 3461 5555 praevari-

1854 5596 2070 5643 catores
2114 5584 2211 5639 ﬁlii
2257 5584 2601 5653 appellantur
2647 5584 2739 5653 qui
2786 5583 3006 5637 deserto
3050 5580 3282 5637 consilio
3327 5581 3462 5646 Dei,

1855 5679 1999 5753 quod
2039 5687 2364 5745 acceperant
2410 5691 2506 5747 per
2552 5674 2882 5740 leremiam,
2931 5690 3083 5729 suam
3129 5674 3302 5727 secuti
3334 5681 3462 5731 sunt

1859 5776 2228 5841 voluntatem,
2260 5777 2318 5828 et
2346 5767 2510 5827 orditi
2544 5769 2708 5826 telam
2729 5814 2744 5839 ,
2778 5784 2888 5827 non
2920 5782 3017 5840 per
3046 5763 3299 5838 spiritum
3330 5764 3466 5835 Dei,
