4010 6328
193 355 290 416 ΒΜ

754 351 1393 413 COMMENTARIORUM
1427 350 1496 409 ιιι
1530 351 1770 412 “MAI!
1813 353 2230 413 PROPHETAM
2268 357 2398 415 LIB.
2442 357 2531 417 IX.
2574 359 2730 417 CAP.
2771 361 2944 421 XXX.

3375 344 3483 427 sn

197 472 498 544 posuimus,
534 469 896 537 disseramus,
924 467 1157 524 dicimus
1179 468 1375 525 omnes
1397 470 1489 541 qui
1515 468 1780 528 Creatore
1806 476 1858 539 Α
1883 482 2043 529 eente
2069 472 2308 531 Jeremia
2351 474 2570 548 (Jerem.
2604 479 2736 548 LVI),
2767 480 2910 551 quod
2944 480 3188 539 traderet
3214 482 3481 545 Dominus

199 568 430 629 deserto.
456 562 639 619 su-culi
667 562 942 617 erroribus
968 575 1028 616 se
1057 561 1358 629 dederunt,
1385 577 1514 618 esse
1540 563 1778 634 quadru-

200 662 363 731 pedes
382 661 433 715 in
458 659 676 715 deserto
701 658 860 712 istius
883 656 1075 713 steculi
1093 699 1109 723 ,
1137 673 1168 713 ι
1195 673 1304 729 quo
1330 658 1531 714 frustra
1558 670 1782 731 sperent

197 754 443 809 auxilium
463 791 479 818 ,
503 766 626 806 cum
656 767 842 807 verum
872 752 969 811 Dei
996 754 1260 809 auxilium
1292 754 1704 826 dereliquerint.

264 847 283 913 (
295 845 443 900 Vers.
476 843 528 911 6,
565 844 644 914 7.)
664 842 729 897 In
752 855 889 898 terra
908 845 1257 901 tribulationis
1276 856 1323 900 et
1342 849 1600 918 angustiae
1617 848 1778 903 letena

188 953 236 1000 et
261 944 338 998 leo
362 961 375 995 :
398 957 461 996 ea:
479 942 550 995 eis
574 940 752 1013 ripera
772 953 821 995 et
847 942 1055 1012 regulus
1074 945 1251 996 uolans
1283 958 1303 998 :
1339 952 1595 1014 portantes
1622 959 1779 1012 super

187 1039 422 1092 humeros
453 1039 805 1109 jumentorum
856 1036 1061 1089 diritias
1114 1052 1279 1100 suas;
1325 1046 1372 1090 et
1399 1054 1551 1110 super
1570 1038 1775 1109 gibbum

186 1130 494 1185 camelorum
524 1130 789 1183 thesauros
809 1144 931 1182 suos
956 1129 1025 1182 ad
1044 1129 1294 1200 pupulum
1317 1130 1407 1201 qui
1432 1130 1506 1184 eis
1536 1130 1777 1197 prodesse

184 1242 285 1279 non
322 1223 543 1291 poterit:
587 1221 853 1295 nggptus
903 1222 1099 1291 [rustra
1155 1233 1201 1278 et
1250 1239 1380 1277 vane
1410 1221 1770 1278 auxiliabitur.

179 1316 315 1372 LXX
344 1333 358 1369 :
387 1314 452 1370 In
481 1317 817 1371 tribulatione
844 1326 890 1372 et
909 1319 1148 1387 angustia
1174 1318 1254 1371 leo
1277 1326 1325 1371 et
1354 1317 1559 1371 catulus
1579 1318 1773 1372 leonis:

178 1410 296 1465 inde
320 1409 523 1480 aspidas
552 1420 604 1465 et
633 1411 894 1481 genimina
912 1412 1155 1481 aspidem
1177 1412 1459 1465 volantium
1485 1427 1503 1465 :
1528 1412 1618 1483 qui
1641 1414 1774 1482 fere-

177 1502 293 1558 bant
326 1521 482 1577 super
505 1505 689 1559 asinos
715 1514 764 1559 et
787 1508 1012 1560 camelos
1035 1506 1242 1560 divitias
1289 1522 1410 1561 suas
1438 1505 1507 1559 ad
1548 1515 1768 1579 gentem,

174 1612 281 1665 qua:
302 1596 369 1651 eis
391 1612 492 1650 non
512 1596 754 1665 proderit
785 1614 799 1651 :
840 1597 1081 1672 :Eggptii
1109 1598 1289 1652 inania
1322 1607 1371 1652 et
1396 1614 1559 1653 vacua
1582 1598 1770 1668 prode-

172 1701 285 1743 runt
327 1689 481 1743 robii.
540 1689 658 1744 Pro
704 1691 868 1755 leone,
909 1691 963 1745 itt
994 1690 1263 1747 llebraieo
1302 1693 1571 1759 scriptum
1597 1691 1761 1747 habet

168 1797 277 1839 LBIS
300 1766 448 1854 (νὴ)
477 1781 599 1857 [41.
645 1784 823 1857 ιεωε]
849 1827 865 1851 ,
900 1795 955 1840 et
982 1799 1083 1855 pro
1112 1784 1293 1858 regulo
1342 1786 1568 1853 rotante,
1601 1800 1765 1857 quem

1884 565 2231 622 Pharaonem
2260 566 2421 623 Valre
2446 585 2629 641 regem
2657 570 2875 645 Egypti
2907 574 2963 629 in
2992 590 3213 631 manum
3237 578 3481 637 inimico-

1880 674 2000 713 rum
2022 660 2164 730 ejus,
2196 662 2325 716 etin
2359 677 2551 718 manus
2572 667 2938 735 quzetentlum
2967 672 3205 725 animam
3238 672 3404 743 illius,
3428 684 3486 731 et

1878 760 2339 808 consumerentur
2382 771 2572 812 omnes
2609 758 2709 811 viri
2752 758 3030 832 Judn,qui
3071 772 3233 819 erant
3259 764 3482 824 interra

1879 842 2123 917 Egypti,
2150 846 2335 916 gladio
2363 857 2421 903 et
2449 847 2595 905 fame
2625 867 2799 922 usque
2829 853 2895 907 ad
2937 853 3398 925 internecionem,
3427 860 3482 917 in

1878 947 2088 993 tantum
2131 950 2187 994 ut
2220 942 2438 997 tradant
2467 942 2704 1016 Hebraei,
2739 946 2894 1015 prius
2924 963 3090 1018 quam
3118 949 3481 1013 Nabuchodo-

1878 1043 2043 1083 nosor
2060 1027 2358 1103 Egyptum
2386 1047 2630 1104 caperet,
2659 1036 2955 1093 Jerentium
2988 1050 3041 1094 et
3070 1041 3284 1098 Barucb
3305 1046 3485 1102 immi-

1877 1133 2098 1179 nentem
2114 1128 2486 1196 captivitatem
2512 1138 2692 1185 morte
2706 1132 2932 1187 vitasse.
2965 1133 3219 1190 Lemnum
3248 1145 3305 1192 et
3330 1147 3485 1194 catu-

1877 1215 1985 1270 lum
2009 1216 2187 1271 leonis
2220 1219 2446 1287 quidam
2478 1223 2765 1279 caelestem
2795 1223 3105 1281 Jerusalem
3131 1224 3161 1265 δ
3197 1239 3251 1283 et
3283 1228 3480 1301 decep-

1875 1314 1991 1362 tum
2017 1324 2084 1363 ex
2114 1325 2178 1364 ea
2206 1314 2468 1382 populant
2486 1316 2764 1384 exposuit,
2787 1321 3147 1389 regulutnque
3175 1320 3477 1393 Volantem,

1875 1408 1931 1454 et
1953 1400 2200 1470 viperas,
2235 1415 2289 1458 et
2309 1405 2587 1474 gt-nimina
2617 1408 2869 1478 aspidem
2891 1451 2904 1473 ,
2945 1411 3097 1465 illum
3146 1412 3215 1469 de
3247 1428 3354 1484 quo
3384 1431 3471 1471 su-

1879 1509 1972 1565 pra
2024 1493 2253 1564 legimus
2303 1495 2525 1568 (Supra.
2574 1513 2663 1553 ιιν
2692 1511 2741 1554 et
2773 1500 2972 1573 xxvii),
3026 1503 3318 1561 colubrum
3365 1516 3478 1563 tor-

1877 1599 2115 1655 tttosunt,
2147 1597 2203 1645 et
2223 1589 2295 1644 de
2317 1606 2422 1659 quo
2444 1591 2698 1647 Salvator
2722 1594 2775 1648 in
2799 1594 3101 1666 Evangelia
3119 1597 3479 1669 loquebatur:

1879 1682 2128 1737 Videbam
2184 1684 2460 1751 Satanam,
2515 1688 2663 1756 quasi
2712 1686 2893 1761 fulgur
2940 1689 3004 1743 de
3043 1692 3168 1746 caelo
3214 1695 3476 1750 cadentem

1874 1777 2026 1851 (Luc.
2059 1795 2114 1842 ι,
2151 1779 2239 1850 ill)
2274 1796 2288 1832 :
2343 1779 2438 1849 qui
2483 1780 2653 1835 draco
2699 1783 3004 1852 appellatus
3051 1782 3108 1838 in
3148 1788 3478 1859 Apocalypsi

170 1874 300 1931 LXX
323 1877 602 1947 genimina
640 1878 881 1944 aspidum
915 1880 1201 1933 volantium
1243 1880 1666 1945 transtulerunt,
1710 1880 1764 1935 in
1795 1872 1842 1931 Β
1873 1871 2058 1944 (Apoc.
2087 1869 2207 1943 xu),
2237 1872 2680 1943 tertiampartem
2711 1876 2996 1931 stellarum
3019 1890 3205 1933 secum
3226 1878 3465 1937 detraxit

167 1969 421 2025 Hebrniro
454 1981 478 2007 ⁸
538 1974 850 2048 ipa-priora;
886 1974 1087 2028 dicitur
1135 1985 1180 2027 et
1201 1973 1382 2029 uolans
1438 1989 1601 2045 quem
1658 1989 1762 2032 nos

163 2063 427 2131 appellare
455 2078 763 2131 possumus
788 2064 1188 2133 comburentem,
1220 2077 1275 2122 et
1305 2067 1571 2123 llebraice
1602 2083 1764 2123 voca-

164 2159 245 2207 tur
266 2166 463 2208 ssasrn
486 2155 698 2240 (ξι-ω).
729 2155 965 2209 Rursum
996 2155 1050 2209 in
1092 2171 1160 2221 eo
1183 2156 1305 2211 loco
1335 2157 1424 2213 ubi
1453 2173 1555 2211 nos
1586 2159 1760 2213 inter-

162 2246 343 2313 pietati
385 2261 615 2310 smnus,
660 2254 927 2314 portantes
957 2248 1366 2319 superbumeros
1384 2252 1757 2319 iumentorum,

162 2349 249 2403 pro
272 2335 531 2405 jumentis
574 2352 769 2393 omnes
810 2338 1064 2395 similiter
1093 2343 1488 2398 transtulerunt
1515 2344 1756 2412 πώλους,

160 2428 206 2482 id
236 2440 313 2484 est
338 2432 510 2500 pullos
546 2432 854 2488 asinorum.
887 2432 1057 2489 Terra
1086 2444 1264 2490 autem
1300 2435 1668 2492 tribulationis
1702 2445 1761 2493 et

161 2524 434 2592 angustiae,
468 2522 801 2579 latissimam
817 2528 984 2581 eremi
1012 2525 1282 2595 signiﬁcat
1312 2531 1642 2592 vastitatem,
1661 2542 1759 2598 per

162 2627 310 2680 quam
344 2613 603 2681 reliquiae
624 2613 936 2672 Jerusalem
956 2632 1079 2671 cum
1109 2617 1401 2673 .lohannan
1433 2619 1544 2673 lilio
1566 2622 1757 2676 Currat

160 2713 210 2759 et
251 2704 466 2762 ﬁliabus
514 2706 664 2777 regis
705 2708 1016 2774 Sedeeltiue,
1058 2710 1295 2766 sublatis
1339 2711 1593 2767 omnibus
1632 2730 1755 2784 quae

161 2796 352 2854 habere
385 2809 667 2869 poterant,
702 2802 769 2856 ad
797 2801 1093 2874 [Egyptutn
1117 2801 1282 2875 ωδ
1318 2804 1751 2877 transfugerunt.

159 2887 400 2947 Lemniam
442 2908 668 2964 quoque
715 2909 771 2950 et
807 2896 1051 2949 catulum
1103 2896 1302 2963 leonis,
1355 2897 1657 2954 Jerusalem
1699 2910 1757 2957 et

159 2986 405 3055 populum
435 2988 561 3057 ejus
601 2998 951 3063 μεταφορικῶς
993 2990 1264 3061 intellige,
1292 2991 1512 3046 dicente
1535 2992 1754 3050 Balaam

157 3075 201 3130 in
228 3077 489 3139 Nutneris
516 3099 530 3134 :
557 3083 691 3136 hcce
710 3084 938 3153 populus
959 3093 1011 3136 ut
1034 3084 1203 3139 letena
1226 3094 1514 3157 consurget.
1540 3088 1757 3157 etquasi

153 3167 223 3223 leo
241 3173 515 3243 erigetur:
550 3171 675 3227 Non
724 3173 1015 3240 uecubabit,
1064 3174 1231 3230 donec
1264 3176 1472 3232 deuoret
1497 3178 1750 3247 prtedam,

1866 1965 1918 2018 in
1950 1973 2175 2029 terram,
2215 1979 2336 2036 qua:
2367 1966 2732 2033 perversitate
2762 1969 3054 2023 sententiae
3099 1973 3315 2039 priores
3336 1973 3475 2028 divi-

1863 2059 1966 2111 tias
1995 2057 2376 2128 perdiderunt,
2397 2059 2717 2117 deserentes
2747 2076 2846 2118 eas
2876 2062 2929 2118 in
2971 2060 3266 2136 Egyptum
3310 2065 3474 2138 hujus

1863 2150 2047 2206 saeculi
2059 2192 2072 2205 .

1935 2242 2064 2299 Ideo
2085 2244 2302 2301 clamari
2331 2262 2485 2318 super
2511 2248 2608 2301 hoc
2639 2265 2657 2301 :
2685 2249 2926 2319 superbia
2943 2257 3146 2304 tantum
3177 2260 3253 2306 est
3285 2268 3304 2307 :
3323 2253 3471 2324 quie-

1860 2353 1963 2392 see.
1988 2337 2092 2391 Pro
2120 2353 2228 2409 quo
2261 2340 2447 2393 nescio
2467 2338 2601 2409 quid
2632 2340 2878 2395 volentes
2905 2340 3257 2413 Septuaginta
3288 2344 3470 2401 later-

1826 2502 1831 2508 .
1860 2440 2038 2500 pretes
2059 2432 2456 2485 transtulerunt
2483 2448 2499 2486 :
2530 2432 2799 2486 Annuntia
2822 2434 2943 2498 ista,
2971 2435 3217 2504 quoniam
3233 2449 3368 2490 vana
3394 2446 3472 2492 est

1856 2523 2022 2598 ωε
2044 2525 2332 2581 consolatio
2359 2541 2524 2581 uestra
2547 2528 2677 2581 Ιιωο.
2709 2526 2881 2581 Porro
2912 2528 3274 2598 Symmachus
3300 2530 3471 2583 inter-

1860 2631 2101 2687 pretatus
2126 2628 2228 2684 est,
2262 2629 2284 2656 ο
2311 2621 2552 2695 ταραχαί
2577 2623 2703 2677 εἰσιν
2730 2628 2999 2685 κατοικιῖν,
3037 2619 3089 2673 id
3135 2632 3239 2687 est,
3273 2621 3469 2676 tumul-

1859 2721 1941 2766 tus
1966 2722 2161 2766 suntut
2200 2710 2453 2768 habitent.
2483 2712 2721 2768 Verbum
2767 2713 3091 2767 llebraieum
3124 2727 3265 2768 assa
3292 2713 3466 2785 (Dm),

1856 2800 1965 2874 [AL
1999 2800 2195 2874 sensa]
2230 2804 2442 2873 Aquila,
2494 2800 2722 2877 ὅρμημα,
2762 2801 2815 2857 id
2854 2814 2960 2869 est,
3010 2801 3259 2872 impetum
3287 2813 3343 2857 et
3371 2818 3464 2856 su-

1857 2894 2121 2965 peibium:
2145 2896 2528 2965 Symmachus,
2553 2897 2931 2961 turbationem;
2954 2892 3118 2961 LXX,
3148 2896 3426 2950 vanitatem
3447 2909 3469 2949 :

1857 2985 2181 3050 Tlteodotio,
2207 2986 2532 3041 latitudinem
2557 2989 2897 3055 interpretati
2930 2996 3087 3051 sunt;
3114 2987 3261 3056 quod
3290 2986 3465 3045 tributi

1859 3079 2056 3133 litteris
2084 3079 2339 3133 scribitur
2366 3095 2462 3134 nas
2484 3091 2540 3135 et
2561 3094 2634 3134 ns
2655 3092 2707 3132 et
2734 3094 2897 3146 aera,
2928 3086 2985 3133 et
3012 3081 3187 3149 ipsum
3209 3088 3296 3134 est
3320 3081 3464 3149 quod

1858 3171 1911 3225 itt
1962 3169 2193 3224 Psalmis
2240 3171 2489 3240 legitur:
2534 3170 2734 3224 Memor
2773 3186 2860 3224 ero
2905 3169 3050 3223 Raab
3086 3181 3136 3224 et
3180 3168 3466 3241 Babylonis

152 3272 191 3314 et
215 3265 516 3319 occisorum
553 3266 858 3335 sanguinem
908 3269 1043 3322 bibat
1097 3268 1291 3339 (Num.
1324 3285 1475 3339 mn,
1531 3273 1649 3341 at).
1696 3272 1751 3328 ltt
1780 3260 1823 3322 C
1857 3263 2129 3318 εεὶεηιὲιιηι
2155 3261 2382 3332 m9(1’8-
2416 3278 2569 3326 “Vl,
2594 3262 2671 3332 ὅ)·
2706 3262 2772 3316 Et
2804 3272 2889 3317 εει
2915 3277 3112 3317 δθηδυε
3144 3280 3158 3317 ε
3187 3263 3460 3331 Οηουίδιυ

154 3356 444 3413 Ezechiele
487 3373 707 3428 quoque
751 3362 1016 3430 scriptum
1064 3373 1149 3418 est
1179 3379 1194 3415 :
1228 3364 1446 3419 Assumo
1494 3367 1758 3435 planctum

153 3466 297 3523 super
338 3450 634 3522 principem
682 3450 876 3518 Israel,
932 3463 978 3509 et
1019 3453 1158 3510 dices
1194 3470 1213 3509 :
1265 3455 1438 3522 Quare
1479 3471 1644 3513 mater
1668 3468 1757 3513 tua

155 3544 304 3600 lamna
330 3546 470 3601 inter
497 3548 669 3600 leones
703 3545 930 3615 cubabit,
963 3549 1018 3602 in
1057 3550 1226 3605 medio
1248 3552 1602 3606 leunculorum
1630 3568 1755 3606 enu-

157 3639 282 3694 tririt
306 3637 518 3695 catulos
562 3655 685 3694 suos
712 3639 931 3708 (Ezeclt.
963 3658 1075 3709 xix,
1122 3644 1173 3710 1,
1212 3644 1313 3713 2)?
1334 3646 1413 3700 Ac
1447 3663 1515 3700 ne
1539 3657 1753 3716 putare-

160 3746 269 3785 mus
314 3746 445 3787 vere
498 3728 842 3800 Soriptumm
885 3746 1128 3789 sanctam
1181 3737 1249 3791 de
1304 3737 1475 3792 leaena
1515 3748 1570 3794 et
1593 3739 1750 3796 leone

159 3810 352 3892 dicere,
409 3836 607 3883 contra
654 3838 903 3883 naturam
956 3845 1141 3885 rerum
1195 3831 1456 3903 loquitur,
1503 3835 1649 3905 quod
1678 3834 1747 3891 de

161 3915 321 3973 lea‘na
350 3929 405 3975 et
453 3920 616 3974 leone
655 3926 777 3974 nata
829 3921 902 3976 sit
947 3922 1130 3991 vipera
1179 3932 1232 3978 et
1279 3926 1501 3996 regulus
1533 3928 1743 3995 volans,

160 4008 269 4065 sive
300 4012 575 4081 genimina
616 4012 865 4082 aspidem
894 4015 1132 4071 volantia
1165 4034 1181 4070 :
1233 4017 1380 4087 quod
1405 4020 1650 4076 videlicet
1676 4021 1746 4078 de

162 4103 319 4159 malis
343 4103 658 4173 parentibus
687 4105 900 4175 pejores
913 4110 1162 4176 generati
1189 4110 1301 4163 sint
1332 4110 1513 4176 liberi,
1536 4113 1606 4167 de
1626 4114 1747 4183 qui-

160 4192 260 4248 bus
279 4202 331 4253 et
355 4196 705 4268 Evangeliutn
738 4200 1066 4269 loquebatur
1095 4198 1409 4255 :Genoratio
1433 4205 1743 4275 viperarum,

160 4285 267 4355 quis
293 4288 507 4342 ostendit
543 4288 680 4345 rubis
703 4293 880 4362 fugere
900 4292 964 4346 ab
990 4294 1070 4346 ira
1086 4302 1298 4346 rentum
1317 4292 1533 4359 (Matth.
1560 4310 1639 4363 ιιι,
1664 4297 1746 4367 7)?

165 4378 224 4431 Et
250 4380 314 4435 ad
348 4391 551 4437 terram
583 4382 784 4439 dicitur
833 4384 996 4441 Israel
1024 4403 1036 4437 :
1087 4383 1170 4440 Tu
1198 4402 1254 4439 es
1284 4395 1422 4441 terra
1445 4387 1496 4440 in
1519 4405 1622 4458 qua
1642 4406 1745 4445 non

166 4473 303 4541 pluit,
329 4478 601 4541 necimlror
630 4479 767 4532 venit
793 4495 949 4548 super
975 4479 1098 4535 tein
1121 4480 1206 4534 die
1228 4480 1343 4547 ira,
1373 4485 1523 4554 cujus
1552 4484 1747 4554 princi-

166 4582 243 4635 pes
270 4569 321 4625 iu
353 4570 525 4624 medio
561 4573 695 4644 ejus,
740 4572 890 4640 quasi
938 4571 1111 4629 leones
1155 4574 1433 4642 rugientes,
1487 4576 1745 4644 rapientes

168 4658 400 4727 prtedant,
427 4663 632 4717 animus
651 4662 954 4719 deuorantes
980 4680 1071 4736 per
1097 4665 1375 4733 potentiam
1416 4664 1642 4738 (Supra,

170 4745 261 4807 Ista
292 4754 568 4822 genimina
601 4754 933 4824 viperarum.
982 4756 1100 4810 sive
1141 4756 1393 4826 aspidum
1419 4758 1742 4829 volantium,

173 4836 217 4895 id
242 4854 359 4911 est,
410 4846 691 4916 principes
723 4847 911 4918 populi
957 4860 1008 4902 et
1033 4849 1212 4905 omnis
1238 4850 1528 4920 impiorum
1563 4855 1743 4923 turba.

174 4929 415 4997 ieruntad
443 4938 729 5010 populum,
758 4940 848 5009 qui
886 4939 966 4995 eis
1007 4939 1273 5009 prodesse
1303 4957 1411 4998 non
1440 4948 1636 5016 potuit,
1663 4946 1749 5003 dl-

238 5150 263 5180 ι
290 5143 370 5221 ‘In
421 5143 679 5221 Hebraicis
716 5148 1022 5221 ipnpnnrie
1069 5145 1294 5221 dicitur,
1302 5146 1746 5221 _e‘tc.‘0btrndit

179 5210 270 5268 hoc
290 5214 408 5269 loco
436 5216 606 5271 editio
630 5210 950 5275 Erai'snt'iaoa
978 5231 1126 5273 more
1146 5232 1248 5273 suo
1276 5210 1598 5273 llebraicum
1625 5236 1747 5276 ver-

166 5282 291 5366 ,lmm
326 5290 518 5352 nam
544 5286 773 5358 meopltet
794 5329 809 5354 ,
856 5288 1197 5366 pro-Graiam
1224 5290 1522 5366 ἐμπρωτὴς
1544 5332 1557 5352 .
1597 5291 1741 5366 quod

178 5354 397 5410 retinent
449 5354 823 5412 otnnes'mss.
858 5354 1111 5413 ’codices.
1155 5354 1424 5414 Mai-ianus
1474 5354 1742 5429 vero'qui

180 5430 444 5491 prolitetur
518 5444 577 5484 se
652 5440 899 5483 set-utam
959 5432 1293 5499 exetttplarin
1363 5433 1740 5499 antiquissima

179 5509 325 5551 manu
352 5511 590 5564 emrtua,
642 5501 884 5567 pejorem
919 5503 1142 5556 adhibet
1188 5502 1745 5569 enteudatit-nem,ac

179 5579 350 5642 contra
382 5570 540 5625 tidem
563 5580 1050 5642 manuscriptorum
1080 5571 1324 5627 omnium
1355 5573 1600 5629 Codicum
1645 5592 1742 5633 au-

179 5634 260 5711 det
305 5639 587 5696 immutare
630 5642 773 5711 quod
826 5634 1281 5707 perfectissimum
1338 5656 1442 5697 est.
1486 5643 1746 5702 Conferat

179 5710 257 5783 qui
283 5711 509 5765 voluerit
532 5714 705 5767 locum
733 5714 918 5769 multis
944 5716 1119 5769 modis
1144 5719 1196 5768 in
1222 5724 1370 5769 testu
1405 5726 1569 5783 atque
1598 5720 1744 5774 notis

181 5777 541 5848 depravatum,
571 5792 626 5838 et
646 5798 835 5843 vocum
868 5799 955 5842 tuo
973 5786 1162 5842 dicere
1185 5777 1595 5912 compﬁibsbit.

1413 5871 1595 5912 Alt'l'lu

1413 5871 1632 5915 ΔΙΠῚΔΝ.

1860 3356 1913 3410 in
1945 3353 2217 3425 IEgyptiis
2251 3370 2449 3408 vanum
2483 3355 2744 3409 auxilium
2772 3368 2879 3418 est,
2907 3358 3141 3424 praecepi
3169 3356 3239 3417 ei,
3272 3356 3326 3409 id
3356 3366 3460 3422 est,

1857 3448 2181 3515 Jerusalem,
2210 3448 2325 3504 sive
2350 3448 2605 3515 clamavi,
2629 3446 2777 3519 quod
2802 3446 3043 3520 Egyptii
3068 3448 3220 3518 regni
3251 3456 3460 3503 tantum

1855 3541 2125 3597 haberent
2155 3543 2503 3608 vocabulum,
2526 3551 2581 3596 et
2610 3542 2816 3611 absque
2853 3542 3060 3596 viribus
3098 3539 3414 3611 superbiam
3443 3558 3460 3594 :

1853 3644 1909 3690 et
1956 3634 2121 3689 ist'ttci
2151 3634 2204 3689 in
2234 3645 2377 3689 terra
2405 3648 2505 3690 sua
2532 3634 2727 3690 sedere
2778 3634 2863 3688 vel
2902 3633 3151 3689 habitare
3197 3632 3455 3703 deberet,

1852 3742 1950 3783 nec
1982 3729 2180 3783 frustra
2211 3728 2279 3782 ab
2310 3726 2538 3782 inﬁrmis
2564 3727 2823 3785 auxilium
2858 3736 3071 3798 petere.

1923 3820 2104 3893 (Vera.
2137 3819 2219 3891 8.)
2252 3819 2409 3875 Nunc
2437 3822 2702 3892 ingressus
2729 3819 2892 3875 scribe
2923 3824 2997 3875 eis
3024 3835 3185 3891 super
3209 3818 3405 3876 buxum
3430 3860 3446 3876 .

1847 3925 1899 3978 in
1931 3922 2066 3978 libro
2096 3923 2375 3995 diligenter
2398 3940 2559 3980 exora
2578 3922 2715 3978 illud
2743 3938 2762 3979 :
2786 3932 2836 3977 et
2864 3925 2964 3978 erit
2992 3925 3046 3977 in
3068 3924 3155 3978 die
3182 3923 3458 3977 novissimo

1846 4026 1899 4078 in
1930 4026 2276 4079 testimonium
2303 4043 2465 4097 usque
2489 4028 2543 4080 in
2571 4035 2842 4080 teternum.
2865 4026 3032 4079 Aiunt
3058 4023 3295 4089 liebraei,
3323 4040 3459 4094 quo-

1846 4116 1991 4179 niam
2042 4124 2097 4179 in
2138 4125 2423 4196 Prophctis
2468 4115 2609 4181 ms
2634 4126 2707 4179 sit
2734 4126 2981 4194 spiritus,
3014 4134 3068 4179 et
3101 4127 3279 4180 omnia
3312 4126 3455 4195 apud

1849 4228 2135 4282 Dominum
2163 4228 2351 4297 juncta
2384 4227 2493 4282 sint
2535 4238 2777 4297 tempora
2799 4267 2815 4293 ,
2846 4225 3100 4282 Jeremite
3128 4227 3372 4298 praecipi,
3400 4240 3457 4285 et

1847 4326 1941 4381 Dei
1971 4340 2095 4381 esse
2139 4326 2477 4390 mandatum,
2509 4336 2566 4380 ut
2610 4324 2889 4395 ingressus
2919 4323 3207 4401 [Egyptum
3251 4326 3456 4387 scribat

1847 4425 1927 4482 eis
1956 4441 2121 4496 super
2148 4426 2371 4493 buxum,
2400 4426 2543 4501 quod
2572 4427 2771 4497 lignum
2800 4434 2888 4482 est
2917 4426 3281 4498 itnputribile;
3312 4427 3451 4501 sive,

1849 4540 1906 4586 ut
1935 4529 2293 4601 Sytntttacltus
2340 4528 2619 4589 transtulit
2663 4529 2749 4581 ἐπὶ
2772 4532 2948 4603 πτυχὶ
2968 4522 3020 4594 τί,
3053 4527 3106 4583 id
3157 4538 3262 4597 est,
3295 4547 3453 4603 super

1777 4635 1823 4695 l)
1851 4633 2155 4690 latissimam
2183 4627 2434 4740 tabulam.
2598 4637 2813 4695 autem,
2837 4629 2992 4740 haud
3042 4629 3267 4740 dubium
3319 4631 3450 4740 quin

1847 4736 2054 4795 Judaeis
2088 4752 2100 4790 :
2134 4741 2190 4790 ct
2217 4734 2270 4791 in
2301 4732 2442 4789 libro
2468 4731 2759 4803 diligenter
2784 4732 3052 4789 edisserat
3074 4771 3090 4799 ,
3117 4732 3188 4788 ita
3216 4742 3275 4788 ut
3301 4732 3454 4793 nulla

1849 4840 2142 4899 difﬁcultas
2168 4838 2242 4895 sit
2273 4837 2551 4899 lectionis,
2583 4844 2641 4891 ut
2664 4833 2883 4904 quando
2926 4834 3245 4891 vaticinium
3289 4834 3453 4891 luerit

1849 4947 2016 5004 rebus
2036 4944 2336 5017 expletum,
2368 4951 2497 4997 tunc
2524 4939 2827 5008 intelligant
2845 4952 3035 4994 verum
3057 4936 3449 5010 Prophetarum

1916 5179 1986 5189 ...
2010 5148 2165 5216 Quod
2199 5159 2397 5226 nempe
2427 5140 2689 5199 llebraice
2709 5142 2911 5226 dicitur
2926 5149 3128 5226 nam,
3143 5149 3337 5226 Grmeo
3356 5156 3448 5226 ip-

1844 5227 2083 5297 πρηστής
2108 5216 2420 5297 respondet,
2443 5227 2709 5297 sonatque
2725 5218 3059 5297 incedentem.
3090 5224 3242 5297 llune
3262 5216 3442 5297 locum

1843 5287 1935 5363 q'ui
1980 5296 2188 5363 Optime
2224 5288 2417 5363 liabet.
2453 5287 2722 5346 Victorius
2748 5291 3083 5361 conjecturis
3111 5295 3227 5349 suis
3264 5294 3447 5348 indul-

1844 5359 2017 5445 gens,
2043 5361 2182 5417 male
2221 5359 2501 5425 depravat.
2854 5359 2865 5361 ⁷

1917 5431 1945 5459 ιι
1977 5430 2037 5459 ι..
2066 5424 2329 5459 διεηωίιιω
2358 5445 2416 5459 ..ι-
2443 5444 2500 5459 η..
2546 5437 2633 5459 non
2698 5429 2962 5459 Enna-nua
2996 5430 3122 5459 Ιηηιι
3178 5446 3205 5459 ι.

1917 5431 1945 5470 ιι
1970 5424 2037 5484 Et
2063 5424 2333 5502 deceptum
2354 5444 2521 5502 exeo,
2545 5437 2655 5502 etc.
2698 5429 2965 5502 Erasmus
2996 5430 3146 5498 legit,
3178 5441 3444 5502 receptum

1843 5519 1909 5559 ea:
1931 5519 1992 5558 ea
2019 5498 2271 5572 populum
2296 5518 2312 5555 :
2341 5499 2437 5553 sed
2464 5500 2748 5572 retinenda
2777 5512 2883 5572 vox
2922 5500 3189 5571 dereptum
3220 5498 3329 5554 non
3361 5520 3447 5557 re-

1843 5570 2045 5643 ceptum
2066 5570 2228 5640 {quia
2254 5572 2615 5639 Hieronymus
2630 5570 2871 5643 Angelos
2890 5570 3439 5640 intelligitdeeeptns,

1844 5641 1933 5715 qui
1985 5646 2339 5715 perversitate
2364 5650 2654 5715 sententiae
2684 5641 2895 5711 priores
2939 5643 3158 5715 divitias
3189 5643 3442 5712 perdide-

1846 5713 1996 5780 runt,
2028 5727 2086 5769 ιιι
2110 5715 2249 5768 infra
2285 5713 2502 5781 legitur.
3054 5713 3330 5773 Menum.
3429 5714 3439 5721 “

1924 5799 1945 5862 ς
1972 5788 2029 5862 in
2055 5785 2230 5862 Vatic:
2264 5782 2459 5862 minori
2496 5796 2725 5840 numero
2752 5782 3013 5844 scribitur
3042 5786 3272 5862 ταραχή.
3306 5822 3309 5827 -

1919 5857 1945 5894 ά
1976 5858 2176 5933 Vatis",
2208 5854 2296 5913 ἐπὶ
2318 5862 2555 5927 πτνχῆς.
