4010 6340
492 295 598 353 343

1745 291 1803 348 8.
1849 286 2123 347 EUSEBII
2161 288 2542 346 HIERONYMI

3676 300 3790 357 SH

491 427 616 470 esse
663 425 988 467 sermonem.
1021 408 1302 464 Manifesta
1354 407 1796 472 transcurrimus,
1833 404 1971 462 utin
2000 405 2094 462 ob-
2122 413 2176 472 Α
2201 405 2446 476 recipere
2476 425 2490 462 :
2521 407 2598 462 sic
2630 407 2783 462 vobis
2805 409 2988 465 veniet
3012 412 3297 481 repentina
3337 411 3612 468 ctzntritio.
3641 412 3701 467 Et
3728 423 3793 470 ut

495 505 829 565 scurioribns
859 506 1236 558 iinmoretnur.

569 598 750 671 (Vers.
777 597 810 652 9
836 597 1016 668 seqq.)
1050 594 1284 669 Populus
1309 597 1443 651 enim
1471 597 1539 650 ad
1565 595 1886 650 iracundiam
1916 609 2100 668 provo-

493 708 618 751 cans
649 700 721 744 est
752 706 771 744 :
800 699 846 742 et
875 688 976 759 ﬁlii
1002 689 1293 752 mendaces,
1330 687 1428 759 filii
1459 688 1692 742 nolentes
1723 687 1906 741 audire
1934 688 2100 758 legem

494 782 613 839 Dei.
651 781 753 848 Qui
785 780 962 834 dicunt
988 781 1301 842 videntibus,
1332 779 1489 835 nolite
1538 781 1708 834 videre
1731 796 1748 834 :
1775 790 1823 834 et
1848 782 2101 852 aspicien-

495 874 652 938 tibus,
685 872 845 927 nolite
873 874 1107 943 aspicere
1135 873 1282 928 nobis
1314 890 1374 928 ea
1399 889 1517 946 qua:
1559 885 1696 928 recta
1722 875 1856 944 :sunt
1885 889 1903 928 :
1933 872 2104 943 loqui-

499 967 627 1022 mini
673 966 818 1022 nobis
853 966 1149 1040 placentia;
1177 967 1346 1022 videte
1393 968 1538 1022 nobis
1576 985 1795 1024 errores.
1828 967 2041 1038 Auferte
2071 984 2104 1022 a

499 1083 580 1120 me
610 1066 741 1119 viain
767 1081 785 1120 :
813 1063 1068 1120 declinate
1095 1084 1125 1118 a
1158 1081 1234 1119 me
1276 1067 1511 1120 semitam
1537 1082 1554 1120 :
1583 1074 1740 1120 cesset
1769 1083 1800 1120 a
1829 1065 1961 1137 facie
2011 1081 2106 1118 no-

493 1169 605 1214 stra
637 1158 860 1214 Sanctus
890 1156 1077 1212 Israel.
1107 1159 1454 1228 Perspicuum
1489 1167 1590 1218 est.
1621 1157 1765 1226 quod
1789 1159 1854 1212 ad
1888 1157 2106 1212 iracun-

499 1255 644 1308 diam
674 1254 1089 1321 provocaverint
1118 1254 1427 1320 Dominum,
1450 1251 1706 1308 Ieremia:
1733 1252 1896 1306 verba
1921 1250 2108 1305 audire

503 1349 758 1403 nolentes
807 1346 1022 1410 (Jerem.
1067 1347 1241 1417 mu).
1279 1345 1663 1414 Quidixerunt
1688 1344 1736 1400 ei
1771 1343 1925 1398 :Noli
1952 1343 2108 1397 nobis

501 1440 842 1510 videreqtiod
860 1441 1113 1493 nolumus
1140 1457 1152 1493 :
1180 1440 1286 1493 noli
1315 1439 1472 1493 nobis
1492 1437 1824 1494 interdicere
1842 1440 1980 1491 viam
2006 1435 2107 1491 ΑΞ-

501 1533 652 1606 gypti
682 1548 780 1586 nec
809 1548 929 1602 qua:
963 1543 1110 1586 recta
1128 1539 1255 1586 Sunt
1275 1531 1574 1601 prtedices;
1602 1529 1937 1600 sedloquere
1965 1526 2110 1598 quod

504 1626 666 1682 uobis
693 1626 892 1695 placet,
927 1633 986 1679 ut
1012 1641 1300 1695 pergamus
1331 1625 1382 1679 in
1412 1623 1733 1693 (Egyptum,
1762 1621 1905 1693 quod
1933 1636 2114 1678 cumu-

506 1722 578 1778 let
612 1733 828 1789 peccata
879 1720 1137 1787 peccatis.
1169 1719 1307 1786 Quid
1357 1719 1514 1773 nobis
1559 1717 1761 1788 ingeris
1813 1717 1955 1786 quod
2003 1730 2111 1770 non

2199 495 2303 552 alia
2354 506 2475 553 utar
2525 499 2880 556 similitudine
2911 520 2924 555 :
2956 502 3106 558 Sicut
3148 519 3240 558 vas
3272 503 3440 574 ﬁguli,
3471 504 3517 558 si
3560 505 3792 562 conI'rino

2198 605 2358 665 gatur
2384 596 2717 650 contritione
2748 596 3045 666 pervalida,
3082 598 3152 652 ita
3184 596 3578 652 comminuitur
3603 599 3653 652 in
3680 599 3791 654 fru-

2201 696 2304 753 sta,
2337 697 2396 741 ut
2420 688 2505 742 vix
2534 688 2754 758 parvula
2785 699 2920 744 testa
2947 687 3111 761 408
3139 699 3421 745 remaneat
3441 691 3510 745 de
3535 693 3796 762 lragmen-

2206 779 2294 841 tis,
2329 779 2382 832 in
2413 796 2518 850 qua
2559 792 2811 850 portetur
2859 783 3149 852 igniculus,
3179 795 3272 837 aut
3325 783 3604 852 paululum
3648 800 3798 855 aqua:

2203 872 2271 929 de
2303 873 2498 929 lacuna
2532 875 2813 930 hauriatnr
2841 885 2895 930 ct
2920 875 3104 941 fovea;
3137 877 3216 932 sic
3262 892 3358 930 vos
3390 892 3514 931 cum
3547 878 3711 932 ieritis
3744 879 3800 934 in

2205 964 2523 1036 Egyptian,
2556 977 2919 1037 persequente
2965 983 3060 1023 vos
3106 969 3236 1024 illuc
3270 967 3800 1039 NabuchodOnosor,

2207 1074 2377 1130 usque
2407 1058 2473 1113 ad
2531 1060 2962 1116 internecionem
2993 1062 3265 1131 peribitis.
3303 1063 3551 1117 llwretici
3593 1078 3803 1134 quoque

2208 1161 2263 1207 et
2304 1169 2468 1208 omne
2517 1153 2711 1224 dogma
2775 1156 3108 1210 contrarium
3163 1156 3378 1212 veritati
3427 1155 3695 1211 conﬁdunt
3752 1161 3805 1213 in

2209 1247 2478 1301 calumnia
2519 1257 2682 1319 atque
2732 1250 3036 1314 mendacio,
3063 1260 3117 1305 et
3149 1252 3438 1306 mus.~itant
3473 1251 3625 1323 juxta
3665 1251 3806 1307 LXX

2211 1349 2399 1396 contra
2427 1342 2740 1397 Creatorem
2771 1359 2951 1397 suum.
2981 1343 3273 1411 Propterea
3304 1344 3596 1414 impietatis
3625 1359 3807 1400 eorum

2211 1435 2403 1489 civitas
2431 1435 2768 1501 dcsmietur,
2799 1451 2959 1506 quam
3009 1436 3300 1492 aediﬁcavit
3325 1438 3480 1505 Cain,
3524 1439 3612 1495 cui
3637 1441 3812 1495 veniet

2214 1528 2499 1598 repentina
2534 1529 2789 1599 perditio,
2824 1545 2946 1585 cum
2975 1541 3133 1601 capta
3175 1531 3342 1587 fuerit
3378 1533 3446 1588 ab
3477 1533 3810 1590 ecclesiasd-

2216 1627 2293 1678 eis
2322 1623 2476 1691 viris,
2509 1634 2563 1678 et
2610 1622 2683 1677 ita
2715 1623 2989 1679 destructa
3021 1633 3078 1680 et
3121 1628 3478 1693 coauninuta,
3514 1635 3571 1680 ut
3601 1627 3731 1682 nilnl
3762 1628 3816 1682 in

2217 1730 2278 1770 ea
2313 1727 2593 1770 remaneat
2623 1717 2765 1785 quod
2793 1718 2968 1788 possit
3005 1719 3182 1788 ignem
3232 1729 3538 1774 emortuum
3567 1734 3820 1775 reacceuo

507 1815 745 1870 libenter
791 1813 1082 1870 audimus?
1129 1813 1258 1884 quid
1311 1819 1587 1868 monstras
1633 1812 1772 1865 viam
1807 1827 1902 1881 per
1951 1827 2110 1880 quam
2144 1809 2192 1869 B
2219 1807 2368 1871 dere,
2405 1819 2457 1862 et
2479 1809 2672 1864 saltem
2699 1825 3000 1879 ctcnosam,
3032 1819 3088 1867 et
3119 1814 3399 1882 parvulam
3427 1828 3624 1885 aquam
3656 1829 3818 1886 p0pu-

511 1908 725 1978 ingredi
757 1907 1042 1961 nolumus?
1069 1907 1205 1975 Quid
1232 1906 1544 1976 frequenter
1567 1905 1870 1973 ingeininas
1895 1904 2117 1960 auribus

513 2000 764 2056 nostris:
811 1997 940 2052 Htec
984 1999 1106 2052 dicit
1133 1997 1293 2070 407
1337 1998 1591 2051 Dominus
1643 1997 1864 2051 Sanctus
1909 1995 2120 2052 Israel?

511 2090 705 2148 Cesset
741 2107 768 2144 ει
821 2092 981 2146 nobis
1013 2091 1112 2146 ista
1147 2091 1482 2162 piaedicatio.
1529 2089 1834 2145 Secundum
1873 2091 2118 2159 tr0polo-

508 2187 678 2258 giatn,
708 2201 902 2242 omnes
931 2186 1176 2241 haeretici
1208 2184 1498 2240 mendaces
1520 2183 1612 2238 lilii
1644 2183 2011 2255 appellantur.
2038 2183 2120 2237 Ex

513 2282 676 2339 nobis
724 2281 864 2337 enim
913 2283 1203 2343 exierunt.
1246 2281 1342 2336 sed
1390 2295 1496 2336 non
1526 2279 1744 2336 fuerunt
1793 2295 1857 2334 ex
1889 2281 2044 2335 nobis
2075 2278 2120 2351 (l

512 2372 674 2430 Joan.
709 2373 768 2446 ιι)
796 2391 810 2440 ;
834 2375 924 2447 qtti
970 2390 1076 2429 non
1126 2374 1350 2429 audiunt
1379 2373 1659 2428 interioris
1693 2373 1930 2428 hominis
1976 2372 2123 2426 attri-

512 2471 612 2528 bus
639 2471 836 2542 Legem
866 2470 980 2534 Dei,
1000 2480 1054 2525 et
1080 2469 1442 2525 Ecclesiarum
1477 2469 1779 2539 loquuntur
1807 2468 2080 2538 magistris
2106 2485 2120 2520 :

515 2562 697 2620 Nolite
749 2563 904 2618 nobis
948 2563 1135 2617 videre
1184 2576 1304 2632 qua:
1352 2572 1499 2617 recta
1552 2569 1700 2624 sunt,
1734 2576 1832 2614 nec
1859 2559 2124 2629 gihennac

517 2657 765 2715 ﬂammas
809 2657 1250 2720 comminemini;
1283 2654 1378 2709 sed
1428 2654 1728 2724 promittite
1763 2653 1918 2709 nobis
1957 2669 2123 2724 regna

517 2755 804 2816 caelorum,
843 2759 901 2803 ut
933 2759 1053 2818 post
1083 2749 1347 2803 luxuriam
1363 2758 1418 2803 et
1446 2748 1693 2813 delicias,
1725 2750 1992 2819 paudatur
2023 2763 2123 2801 no-

519 2845 602 2901 bis
635 2842 934 2913 paradisus.
966 2841 1106 2909 Quid
1137 2841 1272 2897 mibi
1301 2843 1547 2898 ostendis
1575 2843 1716 2896 viam
1751 2842 1999 2908 Domini,
2031 2857 2127 2913 per

522 2951 682 3008 quam
715 2952 822 2991 non
871 2936 1108 2991 libenter
1141 2935 1463 3006 ingredior?
1490 2935 1628 3004 Quid
1667 2936 1900 3005 replicas
1929 2949 2124 2990 noinen

521 3029 710 3086 Sancti
742 3028 931 3094 Israel,
962 3028 1075 3083 sive
1105 3029 1328 3083 verbum
1357 3025 1598 3094 Israelis,
1633 3029 1776 3098 quod
1809 3028 1912 3082 mei
1946 3037 2127 3098 pecto-

524 3123 600 3178 ris
629 3137 829 3177 arcana
878 3138 985 3176 non
1034 3122 1319 3192 penetrat?
1342 3122 1494 3187 Quod
1525 3121 1739 3192 quidem
1773 3131 1826 3176 et
1852 3120 1915 3174 ad
1949 3137 2124 3191 pOpu-

2221 1900 2286 1957 lis
2311 1903 2553 1970 prteberc
2582 1903 2913 1959 sitientibus.

2295 1995 2478 2064 (Vers.
2515 1996 2583 2051 l5
2629 1996 2811 2068 seqq.)
2871 1997 3007 2065 Quia
3053 1999 3160 2054 licec
3216 2000 3341 2054 dicit
3393 1999 3651 2055 Dominus
3684 1999 3820 2055 Deus

2226 2089 2452 2142 Sanctus
2481 2087 2648 2144 Israel
2679 2105 2696 2143 :
2729 2089 2789 2144 Si
2818 2092 3142 2144 revertamini
3170 2099 3214 2145 et
3245 2092 3546 2163 quicscatis,
3574 2091 3702 2147 salvi
3725 2093 3826 2146 eri—

2223 2181 2289 2235 tis
2314 2197 2333 2235 :
2365 2182 2416 2234 in
2442 2180 2647 2236 silentio
2673 2190 2720 2235 et
2744 2183 2799 2236 in
2826 2199 2917 2252 spe
2947 2185 3042 2238 erit
3073 2184 3328 2256 fortitudo
3357 2197 3563 2252 vestra;
3593 2196 3638 2240 et
3662 2183 3826 2240 nolui-

2223 2277 2336 2339 stis,
2371 2283 2415 2327 et
2443 2274 2647 2329 dixistis
2679 2273 3064 2346 :Nequaquam
3087 2294 3106 2344 ;
3133 2278 3223 2332 sed
3253 2279 3322 2332 ad
3349 2295 3506 2348 equos
3540 2281 3826 2353 fugiemus:

2222 2366 2342 2421 ideo
2372 2369 2580 2438 fugietis
2643 2380 2691 2423 et
2729 2386 2885 2438 super
2940 2369 3138 2425 veloces
3169 2373 3507 2427 ascendetnns
3542 2391 3560 2427 :
3591 2375 3702 2428 ideo
3746 2392 3826 2429 ve-

2226 2457 2361 2513 loces
2386 2469 2533 2513 erunt
2565 2461 2654 2529 qui
2681 2472 3050 2532 persequentur
3079 2481 3186 2520 vos.
3215 2466 3366 2520 Mille
3395 2465 3668 2522 hominem
3691 2469 3828 2538 [acie

2227 2553 2438 2606 terroris
2483 2554 2635 2608 unius
2677 2569 2696 2608 :
2739 2565 2786 2609 et
2832 2573 2864 2610 a
2914 2559 3047 2627 facie
3091 2559 3302 2613 terroris
3338 2561 3555 2630 quinque
3593 2560 3822 2631 fugietis.

2228 2645 2372 2701 LXX
2407 2663 2420 2699 :
2449 2645 2578 2700 Haec
2600 2647 2724 2700 dicit
2750 2647 3010 2703 Dominus
3040 2649 3176 2705 Deus
3205 2652 3437 2705 Sanctus
3464 2651 3626 2708 Israel
3657 2667 3673 2706 :
3699 2652 3826 2707 Cum

2226 2739 2512 2794 reversusb
2543 2743 2870 2810 ingemueris,
2922 2753 3044 2798 tunc
3084 2743 3258 2800 salvus
3306 2748 3445 2813 eris,
3479 2757 3524 2801 et
3576 2749 3702 2802 scies
3748 2748 3828 2801 ubi

2229 2835 2391 2904 fueris
2415 2851 2434 2888 :
2457 2835 2579 2904 quia
2609 2836 2900 2905 conﬁdebas
2927 2838 3086 2908 super
3112 2840 3278 2905 ranis,
3314 2856 3445 2894 rana
3464 2843 3605 2910 facta
3631 2849 3702 2894 est
3724 2845 3828 2911 for-

2230 2926 2396 2980 titudo
2428 2935 2631 2993 vestra;
2672 2938 2718 2981 et
2761 2930 3000 2984 noluistis
3045 2931 3380 2986 audirened
3421 2932 3653 2999 dixistis,
3684 2950 3830 3005 super

2231 3036 2385 3091 equos
2425 3020 2685 3092 fugientus
2715 3039 2732 3076 :
2767 3033 3042 3093 prOpterea
3092 3025 3344 3099 fugietis;
3384 3037 3432 3080 et
3469 3044 3623 3099 super
3651 3028 3831 3082 levibus

2232 3116 2588 3171 ascensoribus
2617 3120 2806 3174 erimus
2829 3137 2847 3174 .·
2875 3121 2990 3175 ideo
3017 3120 3150 3177 leves
3179 3134 3327 3178 erunt
3349 3123 3439 3193 τιΰί
3473 3136 3832 3195 persequentur

525 3219 638 3272 lum
670 3217 932 3273 Ecclesia:
979 3217 1181 3272 dicitur
1227 3216 1613 3287 negligentem,
1645 3217 1688 3270 si
1721 3229 2003 3270 aversetur
2029 3231 2126 3270 au-
2151 3207 2196 3269 C
2232 3206 2340 3280 [ΑΙ.
2371 3211 2769 3284 persequuntur]
2799 3230 2908 3269 vos.
2941 3214 3094 3269 Mille
3119 3216 3186 3269 ad
3220 3233 3388 3271 recent
3416 3220 3570 3272 unius
3599 3220 3834 3292 fugient:

525 3311 828 3368 steritatem
865 3312 1272 3380 magismirum,
1305 3321 1361 3366 et
1390 3309 1760 3364 adulatoribus
1789 3309 1988 3363 favivat.

602 3405 787 3478 (Vers.
820 3403 1034 3474 12-14.)
1067 3402 1352 3475 PrOpterea
1381 3404 1493 3458 lucc
1536 3403 1661 3456 dicit
1704 3401 1956 3456 Dominus
1997 3400 2131 3456 San-

527 3514 638 3558 ctus
684 3502 856 3558 Israel
883 3519 902 3557 :
931 3500 1038 3555 Pro
1077 3519 1135 3557 eo
1159 3500 1299 3572 quod
1351 3499 1662 3569 reprobastis
1707 3497 1910 3551 verbum
1939 3495 2056 3563 hoc,
2089 3506 2138 3550 et

529 3595 775 3666 sperastis
804 3595 857 3647 in
883 3592 1150 3646 calumnia
1180 3605 1225 3645 et
1259 3588 1484 3644 tumultu
1515 3608 1526 3642 :
1557 3599 1604 3643 et
1631 3588 1800 3642 innixi
1826 3589 1948 3643 estis
1986 3603 2138 3654 super

533 3702 590 3740 eo
617 3701 635 3739 :
664 3695 936 3756 propterea
957 3685 1054 3737 erit
1079 3685 1219 3738 vobis
1242 3683 1487 3751 iniquitas
1528 3681 1638 3735 haec
1674 3683 1807 3735 sicut
1828 3681 2138 3751 interruptio

534 3783 746 3843 cadens,
768 3787 818 3833 et
852 3777 1094 3847 requisita
1142 3777 1196 3829 in
1241 3791 1389 3829 muro
1420 3775 1624 3830 excelso
1647 3791 1666 3829 :
1696 3775 1941 3846 quoniam
1969 3774 2139 3829 subito

534 3870 659 3926 dum
684 3885 787 3924 non
812 3878 1049 3942 speratur
1090 3868 1254 3922 veniet
1283 3869 1523 3922 contritio
1547 3871 1685 3941 ejus.
1716 3865 1785 3921 Et
1828 3871 2141 3922 comminue-

536 3971 620 4018 tur
646 3963 780 4016 sicut
807 3961 1091 4016 conteritur
1115 3958 1299 4033 lagena
1322 3958 1470 4033 ﬁguli
1498 3961 1803 4014 contritione
1830 3958 2092 4031 prrvalida
2122 3977 2139 4013 :

532 4066 584 4112 et
608 4073 709 4110 non
741 4056 1029 4110 invenietur
1068 4053 1133 4108 de
1160 4055 1466 4127 fragmentis
1505 4057 1617 4127 ejus
1644 4061 1773 4107 testa
1797 4053 1848 4105 in
1888 4069 1992 4124 qua
2023 4069 2143 4120 por-

537 4159 672 4204 tetur
711 4147 970 4219 igniculus
1011 4147 1074 4203 de
1116 4148 1402 4203 incendio:
1450 4156 1539 4200 aut
1573 4155 1598 4182 α
1638 4145 1912 4200 Itanriatur
1957 4161 2142 4218 parum

535 4259 684 4314 aqua:
704 4242 767 4295 de
787 4246 952 4313 fovea.
979 4241 1139 4308 Quia,
1169 4240 1362 4312 inquit,
1399 4256 1560 4310 supra
1586 4239 1801 4294 dixistis
1833 4257 1845 4294 :
1874 4241 2065 4295 Cesset
2110 4257 2140 4294 a

534 4333 674 4390 facie
722 4347 906 4389 noswa
951 4333 1183 4391 Sanctus
1229 4335 1419 4400 Israel,
1453 4336 1568 4390 sive
1597 4345 1653 4389 ut
1679 4333 1824 4390 LXX
1854 4337 2142 4394 transtule-

537 4437 686 4494 runt,
721 4430 921 4499 auferte
949 4445 981 4482 a
1002 4428 1146 4483 nobis
1162 4429 1374 4483 verbum
1409 4427 1835 4495 Israel;idi-irco
1867 4430 1982 4486 haec
2010 4433 2143 4488 dicit

549 4519 815 4575 Dominus
864 4521 1100 4576 Sanctus
1131 4521 1321 4590 Israel,
1351 4532 1405 4576 et
1434 4520 1744 4577 nolentibus
1791 4523 1944 4577 vobis
1974 4539 2033 4578 se
2059 4525 2143 4578 iit-

2240 3310 2287 3356 et
2316 3303 2384 3356 ad
2413 3320 2588 3358 vocem
2617 3307 2842 3378 quinque
2863 3309 3060 3379 fugient
3091 3308 3256 3365 multi.
3283 3311 3540 3380 Sanctus,
3566 3313 3664 3380 ait,
3693 3315 3833 3382 cujus

2242 3413 2406 3470 supra
2439 3414 2636 3455 nomen
2667 3410 2962 3466 tacueram,
2994 3403 3111 3472 ipse
3143 3414 3227 3459 est
3261 3404 3525 3461 Dominus
3553 3407 3721 3469 Deus,
3749 3407 3831 3478 qui

2243 3489 2399 3544 vobis
2429 3500 2484 3545 et
2535 3508 2633 3559 per
2663 3508 2748 3547 me
2777 3503 2832 3548 et
2879 3510 2974 3564 per
2997 3495 3291 3551 Jeremiam
3324 3497 3568 3568 loquitur
3611 3497 3830 3571 (Jerem.

2245 3587 2343 3654 sn)
2377 3603 2390 3640 :
2422 3584 2478 3640 Si
2510 3586 2684 3656 agatis
2708 3590 3102 3658 ptenitentiam,
3135 3599 3189 3646 et
3214 3592 3297 3646 vel
3329 3592 3459 3646 vitia
3491 3593 3832 3665 relinquatis,

2245 3677 2332 3731 vel
2357 3692 2599 3733 errorem
2647 3680 2802 3750 pravi
2846 3683 3058 3737 consilii
3090 3701 3102 3735 :
3131 3693 3186 3738 et
3232 3683 3498 3739 maneatis
3549 3685 3602 3738 in
3635 3685 3828 3752 Judtea,

2246 3784 2352 3824 non
2402 3769 2824 3841 Babyloniorum
2853 3783 2875 3810 θ
2923 3775 3207 3844 impetum,
3258 3776 3353 3831 sed
3401 3792 3524 3832 mea
3577 3787 3834 3848 praecepta

2247 3873 2573 3930 metuentes,
2604 3866 2743 3921 salvi
2786 3866 2960 3923 eritis.
2992 3868 3270 3937 Quiescite
3318 3879 3372 3924 et
3414 3882 3630 3940 sperate
3661 3875 3713 3927 in
3742 3871 3834 3926 Do-

2244 3959 2413 4022 mino,
2444 3968 2498 4013 et
2539 3958 2670 4015 ﬁdei
2703 3961 2755 4014 in
2787 3962 3074 4030 promissis
3108 3963 3243 4018 meis
3267 3965 3433 4018 robur
3461 3966 3726 4035 arripite,
3753 3963 3832 4035 qui

2247 4065 2660 4112 contemnentes
2679 4067 2946 4128 prmeepta
2969 4057 3168 4124 vitalia,
3200 4058 3582 4125 desperatione
3608 4059 3830 4122 dixistis,

2248 4161 2588 4217 nequaquam
2621 4150 2688 4203 ita
2741 4152 2846 4204 erit
2895 4161 2952 4204 ut
2993 4151 3263 4221 loqueris;
3294 4149 3389 4205 sed
3420 4150 3488 4205 ad
3517 4167 3693 4219 equos
3721 4167 3835 4206 con-

2248 4237 2516 4310 fugiemus
2545 4240 2850 4313 IEgyptios,
2881 4252 2936 4298 et
2968 4244 3186 4298 concito
3231 4243 3296 4299 ad
3328 4259 3422 4299 eos
3467 4257 3634 4317 atque
3683 4245 3834 4303 velati

2248 4345 2536 4403 pergemus
2583 4335 2772 4405 gradu.
2802 4335 2937 4403 Quia
2983 4335 3146 4406 igitur
3198 4335 3297 4391 ista
3347 4336 3587 4401 dixistis,
3641 4341 3834 4412 fugietis

2247 4425 2466 4497 quidem
2512 4437 2567 4481 et
2619 4429 2821 4495 pernici
2873 4443 3034 4482 cursu
3086 4430 3363 4485 intrabitis
3390 4429 3832 4505 Egyptum;scd

2249 4519 2552 4575 velociores
2577 4529 2737 4573 erunt
2781 4521 3088 4592 Babylonii,
3122 4524 3214 4594 qui
3247 4539 3344 4579 vos
3389 4541 3565 4596 usque
3590 4528 3659 4580 ad
3687 4523 3833 4594 ΑΞεΥ·

541 4615 704 4686 gerit,
731 4625 788 4670 ut
820 4629 981 4682 quem
1026 4615 1343 4686 neglexistis
1387 4625 1826 4672 commonentem
1849 4657 1862 4678 ,
1894 4619 2146 4672 sentiatis
2174 4613 2227 4672 D
2255 4625 2400 4682 pttnu
2429 4623 2848 4683 persequentur,
2880 4625 3168 4687 tantusque
3195 4628 3375 4672 terror
3405 4627 3572 4687 atque
3621 4616 3833 4674 formido

540 4712 873 4781 punientem.
909 4709 1186 4765 Habuistis
1231 4710 1481 4765 ﬁduciam
1536 4711 1590 4764 in
1631 4709 2009 4781 Egyptiorum
2049 4726 2143 4765 ca-

540 4803 743 4858 lumnia
773 4815 937 4872 atque
959 4801 1266 4867 mendacio,
1289 4813 1343 4856 et
1368 4801 1539 4856 innixi
1563 4802 1697 4856 estis
1717 4816 1883 4871 super
1911 4802 2144 4856 tumultu

543 4909 756 4957 comm,
786 4895 908 4950 sive
953 4893 1394 4950 contradictione
1423 4903 1478 4949 et
1506 4893 1786 4962 superbia,
1820 4903 1875 4947 ut
1899 4893 2149 4965 Symma-

541 4987 678 5040 clius
705 4996 760 5040 ct
783 4986 1085 5040 Tlieodutio
1112 4988 1452 5054 interpretati
1477 4997 1628 5052 sunt,
1656 4995 1939 5056 propterea
1969 4996 2152 5041 verte-

541 5087 627 5132 tur
655 5077 808 5131 Vobis
835 5077 952 5131 haec
983 5076 1238 5147 iniquitns
1268 5080 1384 5133 sive
1412 5088 1715 5148 peccatum,
1746 5088 1805 5134 ut
1832 5078 1954 5134 sitis
1995 5079 2146 5148 quasi

543 5186 729 5227 murus
756 5169 963 5225 cadens
987 5170 1169 5225 Sttbllo
1195 5172 1432 5228 civitatis
1463 5174 1795 5230 ﬁrmissima:
1836 5182 1892 5230 et
1936 5183 2140 5243 captae,

550 5265 708 5333 Cujus
732 5264 1016 5334 repentina
1036 5263 1316 5321 advenerit
1343 5267 1521 5334 ruina,
1549 5267 1618 5322 ita
1639 5270 1784 5324 enim
1808 5267 1950 5324 LXX
1975 5283 2149 5324 trans-

550 5357 812 5412 tulerunt.
843 5356 912 5411 Et
949 5365 1036 5410 est
1081 5371 1276 5413 sensus
1311 5358 1472 5428 juxta
1505 5359 1870 5417 llebraicum:
1906 5361 2146 5432 Quomo-

545 5451 615 5505 do
645 5449 970 5520 interrnptio
999 5452 1137 5506 muri
1167 5451 1418 5508 altissimi
1453 5453 1541 5523 qui
1575 5455 1788 5526 longam
1823 5457 1988 5513 traxit
2029 5460 2144 5512 rui-

544 5555 690 5608 nam,
713 5541 935 5598 dil‘lieile
956 5541 1244 5598 instaurari
1267 5556 1467 5615 potest,
1495 5557 1550 5601 et
1575 5548 1862 5618 pristinum
1885 5550 2143 5606 decorem

617 5703 839 5778 fidem,
863 5703 1137 5778 hauriatur
1165 5722 1302 5777 aqua
1327 5709 1391 5763 de
1418 5711 1586 5778 fovea.

616 5769 644 5808 δ
664 5770 839 5829 Vatic.
870 5773 1103 5832 reversus
1129 5769 1312 5846 fueris,
1343 5791 1390 5835 et
1414 5769 1744 5851 ingemueris.

2249 4705 2512 4762 obtinebit
2534 4705 2851 4778 Egyptum,
2884 4717 2942 4762 ut
2990 4709 3083 4764 uni
3131 4708 3388 4765 Chaldaeo
3421 4712 3572 4766 inille
3607 4707 3828 4782 Aigyptii

2250 4798 2416 4871 409
2443 4800 2698 4856 resistere
2722 4811 3024 4873 nequeant,
3055 4813 3110 4858 et
3154 4805 3392 4875 quinque
3443 4805 3723 4870 hostibus,
3759 4801 3830 4857 fu-

2251 4892 2508 4960 gientium
2536 4891 2771 4961 plurima
2805 4894 3285 4965 multitudo,juxta
3310 4896 3441 4952 illud
3464 4897 3608 4967 quod
3636 4897 3688 4952 in
3709 4897 3832 4952 Deu-

2250 4987 2558 5041 teronumio
2601 4986 2834 5058 legimus
2873 5006 2884 5041 :
2926 4986 3084 5044 Dabit
3111 5000 3158 5043 te
3188 4989 3442 5044 Dominus
3473 4999 3528 5044 ut
3554 5007 3760 5046 corruas
3785 4989 3829 5042 in

2253 5091 2529 5150 conspectu
2565 5081 2894 5136 inimicorum
2926 5092 3150 5140 tuorum.
3192 5083 3285 5139 Via
3324 5102 3430 5140 una
3469 5085 3740 5155 egredieris
3773 5082 3832 5135 ad

2254 5192 2360 5241 eos,
2391 5185 2437 5228 et
2465 5190 2555 5248 per
2583 5187 2775 5244 septem
2807 5177 2914 5230 vias
2937 5179 3102 5250 fugies
3131 5197 3163 5232 a
3196 5179 3329 5248 facie
3358 5194 3569 5245 eorum,
3598 5191 3645 5234 et
3667 5178 3761 5233 eris
3784 5174 3826 5227 in

2252 5268 2574 5338 dispersione
2603 5270 2656 5322 in
2683 5270 2881 5323 cunctis
2911 5272 3083 5342 regnis
3113 5281 3264 5324 terra:
3284 5271 3302 5343 (
3323 5269 3477 5326 Deut.
3503 5287 3676 5327 xxviii
3699 5312 3713 5334 ,
3739 5267 3825 5332 25,

2251 5360 2366 5432 32).
2400 5361 2558 5417 Juxta
2593 5376 2873 5433 anagogcu
2907 5373 2964 5417 et
2991 5362 3134 5418 LXX
3165 5363 3494 5428 editionem,
3543 5377 3730 5419 omnes
3772 5356 3827 5411 ad

2251 5455 2626 5524 paenitentiam
2655 5465 3002 5526 peccatores,
3031 5467 3087 5511 et
3119 5457 3388 5527 praecipue
3430 5457 3721 5512 increticos
3751 5465 3825 5505 c0-

2250 5547 2503 5605 hortatur
2529 5562 2709 5604 sermo
2747 5547 2984 5618 divinus,
3013 5549 3156 5620 quod
3182 5565 3301 5605 cum
3325 5550 3532 5605 reversi
3555 5565 3585 5604 a
3609 5547 3738 5604 vitiis
3760 5544 3825 5598 in.

2321 5732 2340 5760 ο
2369 5721 2568 5778 lterum
2602 5721 2766 5790 idem,
2795 5721 3202 5795 Babyloniorum
3228 5724 3524 5796 imperium,
3558 5725 3664 5789 sed,
3696 5727 3787 5774 etc.

3967 983 3971 1090 ι
