4010 6344
222 361 324 423 543

737 355 1386 414 COMMENTARIORUM
1423 356 1492 416 IN
1532 355 1772 416 ISAIAM
1810 358 2233 417 PROPHE'I'AM
2275 359 2406 416 LIB.
2448 357 2541 416 IX.
2574 358 2732 416 CAP.
2773 359 2943 417 XXX.

3383 366 3489 426 546

216 478 530 552 gemuerint.
564 484 619 534 et
658 476 865 546 egerint
913 475 1281 544 pmniteutiam
1305 518 1320 543 ,
1363 476 1497 531 solvi
1540 477 1703 543 fiant;
1732 485 1787 533 et
1814 485 1866 546 Α
1890 477 2214 533 miserebitur
2243 478 2316 531 tui
2344 494 2363 532 :
2391 477 2460 530 ad
2487 494 2657 532 uocem
2686 479 2927 534 clamoris
2966 481 3062 547 tui,
3091 483 3266 538 statim
3309 494 3365 540 ut
3391 501 3491 540 au-

210 585 333 632 tttnc
354 571 653 641 intelligant
680 569 768 624 ubi
801 569 950 638 prius
990 567 1224 632 fuerint.
1247 579 1301 625 et
1328 569 1470 640 quod
1500 568 1697 626 frrrstra
1726 570 1780 627 in

204 667 350 721 vanis
377 680 521 734 spera
543 661 740 716 verint.
763 659 1007 730 Cumque
1038 675 1132 717 eos
1174 660 1241 716 ad
1288 663 1662 730 pmnitentiam
1691 677 1785 716 co—

214 759 462 817 hortatur,
488 755 567 811 illi
604 772 634 810 e
675 756 951 810 contrario
993 755 1280 811 confidunt
1314 757 1366 811 in
1422 756 1570 811 falsis
1612 757 1782 828 magi-

215 850 361 912 stris,
392 859 444 905 et
472 851 523 903 in
555 848 766 903 incerto
805 847 993 902 saeculi
1020 866 1033 902 :
1059 847 1261 919 Deique
1280 848 1444 904 verba
1466 850 1655 905 audire
1686 864 1778 903 uo-

215 944 394 1009 lentes,
421 958 580 1014 equos
608 940 897 1014 Egyptios
917 941 1248 1008 desiderant,
1277 956 1332 999 et
1360 958 1549 999 eorum
1580 944 1782 999 veloci-

213 1042 313 1091 tate
340 1035 607 1098 tutantur,
635 1047 773 1100 quos
803 1033 1158 1103 multiplicari
1199 1033 1461 1089 Dominus
1505 1032 1781 1104 prohibuit

213 1126 382 1200 (Deut.
409 1129 551 1199 svrr).
597 1126 804 1184 Idcirco
852 1128 1207 1184 ecclesiaSIici
1241 1128 1344 1185 viri
1382 1144 1478 1185 eos
1521 1131 1780 1186 velociter

211 1228 603 1291 persequentur,
634 1231 687 1275 et
728 1220 890 1277 utrius
917 1222 1197 1278 bellatoris
1229 1239 1417 1279 vocem
1436 1264 1451 1288 ,
1481 1223 1597 1280 sive
1622 1224 1781 1295 quitr-

209 1328 307 1384 qrre
359 1314 700 1381 pugnantium
722 1313 889 1385 (quod
931 1314 998 1370 ad
1044 1326 1286 1372 mentem
1331 1327 1384 1371 ct
1426 1316 1493 1371 ad
1535 1318 1778 1387 quinque

205 1419 383 1461 sensus
407 1405 609 1463 referre
630 1406 924 1477 debemus)
954 1409 1107 1464 mille
1139 1408 1387 1464 homines
1418 1420 1473 1465 et
1503 1409 1777 1466 incondita

205 1498 345 1553 turba
382 1498 697 1569 fugientium
727 1502 1000 1557 sustinere
1033 1518 1140 1557 non
1176 1511 1452 1569 putt-runt.

266 1590 431 1665 (Vers.
457 1592 581 1663 17.)
627 1591 803 1649 Donec
846 1596 1213 1666 relinquamini
1241 1598 1390 1663 quasi
1430 1597 1597 1652 malus
1637 1598 1780 1651 navis

199 1684 246 1739 in
270 1686 439 1741 vertice
465 1689 681 1755 montis,
721 1697 767 1744 et
795 1690 947 1759 quasi
973 1691 1178 1762 signum
1203 1707 1361 1758 super
1388 1690 1592 1746 collem.
1634 1691 1781 1747 Scri-

197 1774 271 1831 bit
309 1787 359 1831 et
395 1777 664 1833 Jeremias
706 1780 850 1849 quod
896 1780 1198 1837 interfectis
1224 1783 1405 1853 gladio
1441 1794 1497 1838 et
1526 1782 1665 1839 fame
1694 1784 1778 1839 his

1884 568 2059 634 dierit,
2089 568 2416 637 respondebit
2438 569 2549 622 tibi.
2597 568 2732 623 Crrm
2762 585 3017 627 reversus
3045 572 3211 630 fueris
3236 575 3288 629 in
3328 576 3481 646 Sion,

1884 677 1936 719 et
1962 662 2291 717 habitaveris
2314 663 2365 718 in
2397 662 2722 727 Jerusalem,
2751 679 3090 734 nequaquam
3124 667 3393 738 plor-alris,
3428 676 3489 726 ut

1883 763 2008 809 ante
2031 756 2367 824 ploraveras,
2395 755 2487 808 sed
2511 757 2668 810 nctus
2691 765 2817 811 tuus
2844 767 3087 812 vertetur
3111 760 3163 813 in
3194 760 3444 831 gaudium
3469 778 3484 816 :

1882 845 2033 902 Beati
2060 847 2198 901 enim
2220 848 2404 918 ﬂentes
2426 890 2441 915 ,
2470 849 2591 917 quia
2618 849 2721 921 ipsi
2758 850 3047 923 ridebunt(
3071 850 3203 907 Luc.
3234 869 3311 917 vr,
3341 853 3405 910 21
3439 856 3481 925 ).

1882 941 1951 997 Ει
1982 951 2263 1013 postquam
2304 941 2626 997 elarnaveris
2651 983 2679 1013 ,Α
2719 952 2775 997 et
2818 942 3024 999 dixeris
3067 945 3133 998 ad
3171 945 3482 1001 Dominum.

1883 1009 2198 1088 Clamavi'iu
2228 1044 2333 1089 toto
2359 1034 2514 1089 corde
2538 1009 2686 1101 meo:
2711 1036 2901 1090 exaudi
2929 1052 3006 1090 me
3031 1077 3048 1102 ,
3091 1037 3311 1091 Domine
3340 1037 3360 1110 (
3387 1036 3480 1093 Ps.

1881 1142 2070 1193 cxvnr,
2103 1125 2208 1183 145
2232 1132 2274 1196 ).
2321 1127 2386 1182 Ει
2414 1128 2606 1182 iterum
2642 1146 2653 1181 :
2705 1125 2936 1182 Clamaui
2958 1170 2973 1195 ,
3007 1128 3250 1184 miserere
3284 1130 3405 1191 ruri,
3434 1139 3483 1186 et

1880 1220 2167 1273 custodiam
2191 1220 2433 1273 nrandata
2455 1229 2543 1273 tua
2575 1217 2757 1287 (Psal.
2790 1235 2970 1275 Lxxxv
2994 1219 3035 1290 ).
3072 1219 3138 1275 Et
3163 1220 3289 1276 alibi
3324 1239 3337 1275 :
3371 1218 3487 1275 Ea:-

1881 1313 2103 1383 sprctaui
2133 1314 2188 1367 in
2216 1314 2470 1368 matutino
2494 1323 2541 1366 et
2582 1312 2801 1367 cluuiani
2834 1311 2953 1381 (Ps.
2984 1328 3149 1369 cxvtrl
3173 1354 3189 1379 ,
3222 1312 3351 1383 167)
3381 1354 3397 1379 ,
3427 1321 3484 1369 et

1883 1413 1992 1460 tam
2022 1406 2168 1459 clara
2201 1407 2361 1461 fuerit
2390 1420 2495 1461 vox
2527 1416 2637 1469 tua,
2672 1414 2732 1460 ut
2760 1406 2929 1462 eteius
2959 1415 3207 1476 penetret
3250 1424 3261 1459 :
3295 1405 3479 1460 statim

1884 1498 1978 1554 tibi
2014 1498 2275 1554 Dominus
2304 1498 2656 1567 restioudebit
2678 1539 2693 1564 ,
2727 1507 2783 1555 et
2811 1498 3008 1570 similis
3033 1499 3144 1553 eris
3176 1497 3345 1569 Moysi
3371 1536 3388 1561 ,
3414 1497 3483 1551 de

1881 1607 1990 1662 quo
2020 1596 2281 1661 scriptum
2308 1600 2394 1647 cst
2435 1611 2447 1646 :
2481 1589 2808 1663 Loquebatur
2847 1590 3087 1662 Moyses,
3135 1599 3182 1646 et
3230 1589 3487 1647 Dominus

1880 1686 2219 1759 respondebat
2247 1688 2295 1742 ei
2325 1686 2523 1757 (Exod.
2558 1703 2667 1753 χιι,
2698 1687 2813 1751 20).

1958 1783 2137 1855 (Vers.
2169 1783 2232 1838 2|
2252 1783 2288 1850 ο)
2320 1781 2386 1836 Et
2415 1781 2557 1836 dabit
2587 1782 2727 1836 vobis
2752 1780 3004 1834 Dominus
3028 1795 3213 1851 panem
3240 1788 3440 1833 arctum
3466 1820 3484 1849 ,

196 1872 275 1939 qui
304 1871 351 1926 in
378 1871 676 1944 Egyptum
700 1873 1075 1945 confugerant,
1108 1874 1264 1946 pauci
1294 1878 1652 1933 remanserint
1683 1879 1774 1949 qui
1813 1878 1855 1937 Β
1881 1888 1928 1933 et
1966 1894 2153 1949 aquam
2190 1877 2413 1932 brevem.
2474 1876 2529 1931 Si
2577 1876 2644 1929 ad
2694 1872 2994 1929 Zorobabel
3048 1871 3166 1927 hinc
3199 1870 3483 1927 referimus

196 1970 381 2021 reversi
407 1968 516 2022 sint
558 1968 612 2023 in
651 1967 892 2023 Iudaeam
940 1967 1151 2039 (Jerem.
1184 1969 1349 2041 er'r).
1404 1970 1472 2026 Et
1505 1972 1777 2041 quomodo

195 2056 232 2113 si
260 2057 416 2114 fracta
457 2060 593 2116 navi
622 2069 678 2117 et
704 2076 963 2132 compage
989 2062 1134 2119 illius
1155 2063 1439 2127 dissoluta,
1467 2064 1584 2119 sola
1615 2065 1777 2121 arbor

194 2165 300 2221 quae
322 2152 489 2209 malus
522 2154 754 2219 dicitur,
782 2163 1062 2211 remaneat
1083 2196 1099 2222 ,
1146 2165 1202 2210 et
1230 2167 1459 2226 ponatur
1494 2173 1590 2226 pro
1619 2160 1775 2226 signa

192 2240 238 2295 in
263 2246 578 2301 summitate
606 2247 834 2313 montis,
866 2248 988 2303 sive
1016 2248 1068 2303 in
1101 2250 1320 2304 CXCelso
1347 2250 1489 2305 colle
1527 2268 1538 2304 :
1568 2251 1647 2305 sic
1677 2266 1777 2322 pro

192 2333 329 2404 signo
355 2346 516 2409 atque
546 2339 806 2408 vesrigio,
839 2342 928 2396 vix
958 2357 1097 2397 unus
1122 2350 1178 2398 et
1203 2343 1343 2398 alter
1372 2343 1676 2411 residearrt,
1707 2344 1775 2401 ad

193 2422 275 2480 Dei
324 2432 625 2499 potentiam
675 2431 1175 2489 demorrstrarrdanr.
1235 2436 1300 2491 Et
1347 2445 1511 2502 tunc,
1556 2438 1773 2508 inquit,

193 2521 349 2576 scient
391 2539 591 2581 omnes
632 2527 871 2595 reliquiae
900 2526 1037 2583 Juda
1063 2570 1077 2593 ,
1111 2529 1201 2599 qui
1237 2544 1378 2584 nunc
1401 2530 1777 2602 ingrediuntur

194 2618 374 2668 terrain
404 2615 653 2689 Aigypti,
686 2628 745 2672 ut
776 2618 1024 2675 habitent
1054 2620 1148 2686 ibi,
1178 2637 1299 2675 cum
1327 2624 1528 2679 reversi
1572 2623 1778 2680 fuerint

192 2701 239 2756 in
269 2716 456 2762 terram
485 2709 757 2777 Judaeum,
791 2710 948 2782 cujus
972 2727 1154 2767 sermo
1179 2714 1516 2785 compleatur
1543 2757 1557 2782 ,
1592 2732 1772 2787 meus,

189 2809 250 2854 an
273 2798 506 2857 illorum.

253 2891 430 2963 (Vers.
460 2893 582 2968 18.)
610 2895 894 2969 Propterea
916 2909 1172 2971 exspectat
1199 2898 1455 2956 Dominus
1480 2943 1494 2969 ,
1548 2914 1600 2956 ut
1625 2905 1779 2959 mise-

188 2997 351 3042 reatur
376 2994 534 3047 vestri
559 3033 576 3060 ,
606 3003 653 3048 et
696 2994 813 3049 ideo
861 2996 1171 3050 exaltabitur
1207 3015 1421 3067 parcens
1453 2999 1589 3055 vobis
1613 3041 1628 3066 ,
1659 3001 1780 3071 quia

188 3075 318 3133 Deus
328 3082 530 3153 judicii
555 3084 836 3143 Dominus:
855 3087 991 3144 beati
1017 3105 1192 3145 omnes
1212 3092 1299 3160 qui
1325 3102 1617 3162 exspectant
1642 3111 1776 3150 eum.

185 3170 409 3233 Grandis
438 3178 733 3236 elenrentia
767 3182 861 3238 Dei
886 3224 901 3248 ,
931 3191 992 3239 ut
1016 3195 1295 3255 exspectet
1331 3196 1572 3241 nostranr
1611 3189 1784 3260 paeni-

1883 1981 2125 2041 tenrpora
2155 2011 2171 2034 ,
2206 1970 2379 2024 facilis
2411 1967 2790 2039 interpretatio
2820 1976 2943 2031 est;
2995 1964 3139 2032 quod
3186 1978 3294 2018 non
3324 1961 3487 2017 fuerit

1879 2066 1980 2122 sub
2007 2083 2072 2121 eo
2107 2064 2341 2133 perfecta
2364 2064 2576 2127 laetitia,
2607 2062 2823 2118 dicente
2852 2060 3021 2115 David
3058 2079 3070 2114 :
3106 2059 3235 2113 Cum
3273 2072 3483 2111 contero

1880 2168 2001 2214 teret
2032 2157 2284 2213 Dominus
2301 2158 2646 2227 captivitatem
2672 2154 2824 2220 Sion,
2850 2154 2977 2226 [acti
2999 2168 3178 2208 sumus
3198 2152 3328 2206 sicut
3350 2166 3477 2204 cono

1878 2251 2071 2308 solati:
2104 2261 2164 2306 ιιι
2208 2268 2315 2306 non
2363 2249 2797 2306 consolationem
2845 2247 3060 2315 plenam
3109 2254 3273 2315 atque
3301 2240 3482 2310 perfe-

1879 2357 2023 2403 ctam
2052 2390 2066 2413 ,
2118 2346 2216 2401 sed
2264 2343 2675 2400 similitudinem
2723 2339 3115 2396 consolationis
3144 2339 3479 2407 acciperent.

1880 2439 1974 2497 Sin
2008 2450 2187 2495 autem
2216 2438 2283 2495 ad
2326 2437 2630 2494 Salvatoris
2659 2435 2952 2489 adventum
2979 2472 2993 2491 .
3027 2429 3182 2502 panis
3216 2437 3402 2483 arctus
3430 2436 3484 2482 et

1879 2550 2015 2606 aqua
2045 2534 2249 2600 brevis,
2271 2532 2427 2603 juxta
2457 2529 2773 2600 Apostolum
2799 2524 3048 2589 Paulum,
3080 2530 3136 2577 et
3162 2521 3306 2574 lrrrrrc
3326 2533 3481 2572 t-urn-

1878 2629 2000 2686 dent
2032 2629 2223 2686 Isaiam
2254 2626 2593 2698 prophetattt,
2627 2620 2851 2689 cvangel
2875 2634 2972 2675 cus
3010 2631 3193 2673 sermo
3234 2613 3483 2685 prardici-

1881 2734 1969 2780 tttr
1994 2766 2009 2790 ,
2042 2725 2132 2795 qui
2174 2740 2270 2794 pro
2302 2722 2581 2779 luciniosis
2607 2720 2767 2794 Legis
2795 2713 3272 2774 observationibus
3315 2708 3481 2783 411⁷

1881 2828 2044 2885 atque
2074 2818 2364 2883 mandatis,
2398 2816 2449 2871 in
2478 2832 2587 2871 uno
2619 2814 2787 2869 verbo
2818 2808 3199 2880 recapitulavit
3239 2804 3420 2859 omnia
3465 2818 3477 2856 :

1884 2909 2081 2982 Diliges
2106 2911 2399 2980 proximum
2439 2918 2605 2973 tuum,
2650 2906 2784 2961 sicut
2834 2905 3074 2975 teipsum.
3126 2897 3485 2955 Consumma-

1886 3013 1997 3059 tunr
2027 3005 2171 3059 enim
2194 3015 2249 3058 et
2278 3003 2654 3057 ahhreviatum
2702 3013 3011 3055 sermonem
3059 2993 3187 3050 fecit
3218 2990 3482 3048 Dominus

1885 3113 2048 3168 super
2078 3106 2277 3151 terram
2310 3095 2509 3168 (Calai.
2538 3094 2615 3165 v).

1964 3192 2145 3266 (Vers.
2172 3192 2293 3265 22.)
2321 3191 2390 3246 Et
2420 3209 2523 3247 non
2552 3191 2704 3262 faciet
2731 3188 2936 3243 auclore
2961 3196 2987 3222 ἰ
3015 3202 3046 3239 a
3078 3194 3123 3239 te
3147 3184 3286 3238 ultra
3307 3180 3485 3234 docto-

184 3269 434 3334 tentiam,
467 3280 525 3324 ct
554 3272 725 3329 donec
754 3290 854 3329 nos
880 3291 910 3330 a
942 3278 1084 3332 vitiis
1113 3288 1538 3347 convertamur,
1567 3282 1656 3337 ille
1686 3300 1779 3353 po-
1809 3274 1853 3337 C
1885 3303 1993 3341 rem
2035 3295 2181 3341 tuum
2208 3328 2224 3350 ,
2264 3296 2311 3341 et
2349 3295 2498 3339 erunt
2544 3282 2683 3338 oculi
2729 3283 2804 3336 tui
2850 3280 3076 3334 videntes
3121 3286 3485 3349 praceptoreur

182 3367 382 3417 lentem
424 3365 715 3419 contrahat
763 3384 1020 3433 manum,
1065 3385 1135 3425 ne
1166 3369 1330 3427 ferire
1358 3384 1600 3443 cogatur.
1654 3374 1782 3431 Ideo

183 3468 358 3513 autem
384 3461 684 3516 miseretur
712 3471 765 3517 et
797 3464 987 3530 parcit,
1024 3474 1081 3519 ιιι
1104 3466 1373 3523 exaltetur
1400 3469 1542 3525 illius
1570 3471 1782 3527 miseri-

182 3552 397 3619 cordia,
441 3565 499 3610 et
546 3554 762 3611 bonitas
789 3555 1067 3614 Creatoris
1098 3571 1223 3616 uota
1270 3564 1479 3619 cunctis
1523 3566 1633 3623 ﬁat.
1685 3566 1776 3623 Vel

184 3654 320 3700 certe
356 3646 516 3717 juxta
558 3647 692 3703 illud
723 3650 869 3720 quod
900 3652 952 3705 in
987 3653 1280 3724 Evangelia
1325 3657 1562 3727 loquitur
1592 3657 1775 3729 (Joan.

182 3753 270 3799 ιιι.
294 3741 386 3815 3'2)
417 3762 429 3798 :
471 3742 606 3799 Cum
636 3750 892 3801 excitatus
933 3749 1078 3816 fuero
1102 3789 1118 3815 ,
1152 3752 1325 3805 omnia
1350 3752 1551 3807 trahant
1572 3754 1642 3807 ad
1672 3772 1773 3823 me,

184 3828 336 3905 διο
364 3835 578 3892 idcirco
605 3838 947 3894 exaltaturio
980 3855 1160 3906 crure,
1198 3854 1251 3896 ut
1285 3858 1461 3912 parra:
1495 3848 1772 3904 omnibus.

185 3920 295 3994 ipse
315 3939 397 3982 est
428 3931 578 3986 enim
612 3930 753 3987 Deus
777 3931 968 4003 jttdit-ii
994 3950 1009 4000 ;
1057 3942 1111 3990 et
1139 3934 1281 3990 beati
1316 3949 1440 3992 sunt
1466 3954 1657 3995 omnes
1685 3942 1775 4011 qui

185 4029 492 4088 exspectant
544 4024 837 4080 Dorniuurrr
888 4039 1293 4097 eXspeetanterrt
1356 4034 1772 4089 conversionem

184 4123 346 4171 suam.
375 4116 623 4185 Quorum
653 4120 725 4173 sit
751 4129 952 4185 autem,
986 4130 1182 4193 etqttzc
1215 4123 1316 4179 ista
1346 4127 1651 4193 conversio,
1683 4142 1772 4183 se-

183 4212 393 4275 quentia
421 4215 593 4269 verba
622 4216 1025 4272 monStrabunt.

249 4299 428 4367 (Vers.
458 4305 578 4378 t9.)
606 4305 839 4376 Populus
871 4308 1006 4363 enim
1039 4308 1172 4365 Sion
1201 4310 1448 4365 habitabit
1478 4312 1529 4365 in
1559 4310 1776 4366 Jerusa-

186 4387 299 4448 lem.
330 4395 503 4453 Judaei
538 4399 658 4455 hare
684 4398 751 4455 ad
773 4399 901 4472 Cyri
949 4410 1192 4471 tempora
1223 4400 1463 4457 referunt
1490 4444 1504 4469 ,
1557 4405 1776 4471 quando

187 4481 248 4539 de
286 4485 560 4563 Babylone
593 4491 646 4548 in
674 4495 918 4550 ludaram
968 4511 1221 4553 reversus
1264 4505 1347 4551 est
1395 4497 1626 4566 populus
1676 4497 1776 4552 sub

189 4574 472 4641 Zorobabel
496 4598 553 4643 et
581 4588 712 4644 Iesu
742 4589 1026 4645 Pontifice.
1050 4589 1158 4646 Nos
1188 4598 1391 4655 autem,
1417 4600 1473 4646 ut
1503 4606 1648 4661 saepe
1661 4590 1772 4662 jam

1886 3391 2050 3443 tuum,
2082 3392 2130 3435 et
2150 3396 2298 3436 aures
2318 3390 2422 3434 tute
2440 3376 2651 3434 audient
2674 3375 2878 3430 verbum
2910 3382 3023 3445 post
3052 3383 3249 3440 tergum
3276 3383 3482 3421 mortem

1884 3479 1951 3533 tis
1978 3494 1996 3533 :
2019 3476 2152 3532 Haec
2180 3477 2281 3539 uia,
2313 3473 2572 3529 ambulate
2601 3474 2653 3527 in
2677 3489 2757 3536 ea,
2789 3485 2950 3541 neque
2977 3467 3044 3520 ad
3076 3467 3358 3520 dexteram,
3390 3474 3483 3513 rre-

1882 3589 1981 3646 que
2002 3572 2072 3626 ad
2095 3572 2378 3625 sinistranr.
2408 3566 2553 3623 LXX
2597 3584 2609 3620 :
2656 3563 2726 3619 Et
2766 3575 3089 3632 nequaquam
3128 3554 3267 3610 ultra
3296 3567 3484 3646 appro-

1880 3644 2201 3739 pinquabant
2242 3663 2333 3717 tibi
2375 3661 2465 3732 qui
2493 3658 2755 3728 decipiunt
2785 3668 2833 3709 te
2859 3698 2871 3716 ,
2903 3654 3025 3725 quia
3065 3649 3197 3705 oculi
3238 3648 3313 3700 tui
3341 3644 3483 3739 uide-

1880 3736 2001 3815 bunt
2025 3775 2112 3813 eos
2144 3759 2231 3827 qui
2257 3766 2307 3811 te
2335 3754 2664 3817 seduxerunt,
2701 3758 2751 3805 et
2788 3762 2939 3802 aures
2966 3758 3068 3799 tua:
3092 3741 3303 3796 audient
3332 3736 3485 3792 verba

1879 3862 1994 3927 post
2026 3861 2074 3907 te
2103 3849 2489 3921 decipientium,
2523 3847 2609 3916 qui
2640 3845 2878 3899 dixerunt
2911 3856 2929 3895 :
2959 3838 3090 3893 Haec
3119 3837 3223 3901 uia,
3254 3830 3488 3927 ambule-

1879 3922 1991 4004 mus
2014 3951 2067 4002 in
2097 3963 2157 4001 ea
2181 3988 2196 4012 ,
2226 3948 2332 4000 sive
2367 3942 2436 3997 ad
2465 3943 2730 3995 dexteram
2751 3980 2764 4000 ,
2794 3936 2898 3990 sive
2925 3934 2990 3986 ad
3016 3932 3301 3984 sinistram.
3351 3922 3486 3978 Mul-

1881 4054 1990 4100 tum
2016 4044 2072 4098 in
2118 4042 2221 4097 lroc
2267 4041 2387 4094 loco
2418 4035 2561 4092 LXX
2590 4034 2757 4089 editio
2787 4028 3227 4091 Hebraicnmque
3278 4021 3484 4075 discor-

1878 4140 2029 4194 dant.
2061 4136 2299 4192 i‘rimtrm
2330 4146 2463 4201 ergo
2484 4130 2553 4184 de
2574 4126 2800 4195 Vulgata
2826 4121 3073 4176 editione
3104 4114 3485 4177 tractabimus,

1879 4243 1933 4288 et
1963 4243 2145 4302 postea
2179 4240 2472 4298 sequemur
2499 4221 2748 4276 ordinent
2789 4213 3057 4270 veritatis.
3106 4210 3241 4265 Cutrr
3274 4205 3487 4260 intelle-

1880 4329 2061 4382 xerint
2090 4335 2250 4396 atque
2283 4319 2661 4393 perslrexerint
2701 4314 2882 4371 cordis
2915 4311 3061 4366 oculi
3091 4307 3399 4371 veritatem,
3430 4314 3484 4359 et

1880 4434 1977 4474 eos
2006 4418 2099 4487 qui
2123 4431 2183 4471 se
2207 4416 2358 4482 prius
2375 4415 2737 4481 deceperant,
2775 4416 2884 4462 tota
2918 4405 3114 4461 mentis
3153 4402 3362 4458 ratione
3389 4415 3480 4454 eoo

1879 4507 2192 4580 gnoverint,
2221 4516 2275 4561 et
2297 4504 2521 4557 auribus
2550 4502 2782 4557 eruditis
2814 4507 2938 4568 post
2969 4507 3176 4566 tergum
3209 4493 3485 4563 decipien-

1856 4646 1859 4649 λ
1884 4605 2015 4659 titrm
2045 4598 2208 4655 verba
2239 4595 2615 4666 perspexerint
2639 4632 2654 4654 ,
2702 4605 2918 4659 semper
2946 4589 3089 4643 enim
3131 4601 3330 4640 ca-canr
3360 4599 3482 4639 cor—

189 4668 410 4734 dixirnus
431 4723 446 4748 ,
481 4698 678 4738 omnes
714 4684 1169 4753 repromissiones
1197 4702 1317 4755 qua:
1363 4685 1627 4742 excedunt
1664 4702 1777 4741 me-
1803 4669 1857 4730 Ῑ)
1884 4690 2032 4763 poris
2071 4695 2278 4758 partem
2298 4685 2555 4754 decipere
2586 4679 2867 4737 fesnnaut.
2899 4678 3044 4747 juxta
3075 4676 3208 4731 illud
3249 4673 3393 4743 quod
3426 4673 3481 4725 in

189 4762 511 4828 diocritatem
565 4774 715 4830 illius
759 4778 1062 4847 terrrporis,
1110 4777 1176 4832 ad
1225 4777 1426 4834 Christi
1478 4779 1775 4835 referamus

190 4855 463 4920 adventum
494 4907 511 4935 ,
565 4867 619 4922 in
668 4884 777 4939 quo
802 4870 1049 4940 captivrrs
1076 4871 1346 4938 quondam
1384 4872 1614 4942 poprrlrrs
1646 4888 1772 4943 pas-

191 4949 333 5011 sione
369 4957 581 5016 Donriui
620 4960 900 5029 liberatus,
935 4962 1193 5019 habitavit
1226 4965 1277 5019 in
1303 4963 1432 5021 Sion
1461 4976 1516 5020 et
1549 4967 1770 5022 Jerusa-

190 5039 308 5108 lem,
337 5048 386 5103 in
409 5053 620 5121 specula
639 5054 912 5121 videlicet,
954 5066 1008 5112 et
1033 5058 1228 5111 visione
1255 5059 1419 5125 pacis,
1450 5058 1551 5114 hoc
1580 5069 1684 5124 est,
1718 5059 1771 5113 in

193 5132 443 5200 Ecclesia.
479 5147 648 5205 Porro
668 5150 811 5219 quod
845 5151 899 5205 in
924 5150 1066 5207 LXX
1087 5151 1310 5208 verbum
1340 5151 1556 5207 additur
1575 5153 1776 5207 sancti-

194 5230 308 5283 tatis
334 5274 347 5295 ,
387 5241 477 5307 qtri
526 5240 783 5298 dixerunt
816 5262 829 5296 :
868 5245 1092 5315 populus
1130 5246 1268 5300 enim
1304 5257 1514 5300 sanctus
1558 5245 1612 5298 in
1645 5244 1774 5300 Sion

193 5321 375 5380 habitat
399 5326 509 5402 [ΑΙ.
542 5333 835 5409 habitabit].
870 5336 948 5394 sic
982 5337 1328 5409 interpretari
1361 5353 1649 5409 possumus
1674 5382 1687 5401 ,
1719 5348 1778 5394 ut

194 5409 426 5476 dicamus
455 5426 662 5482 nullunr
691 5426 940 5484 habitare
971 5431 1022 5484 in
1054 5430 1204 5497 Sion,
1235 5432 1340 5488 nisi
1372 5448 1496 5487 eum
1521 5431 1615 5502 qui
1647 5448 1772 5488 san-

194 5513 303 5564 ctus
328 5513 417 5581 sit,
445 5527 502 5571 et
531 5519 715 5575 audiat
735 5520 1006 5578 dicentem
1037 5523 1325 5579 Donrinum
1352 5542 1363 5577 :
1389 5522 1573 5580 Sancti
1596 5533 1775 5591 estote,

194 5606 425 5666 quoniam
453 5621 502 5664 et
528 5629 619 5683 ego
640 5624 851 5671 sanctus
871 5633 985 5672 sum
1018 5617 1161 5689 (Leu.
1197 5633 1273 5685 XI.
1303 5616 1419 5688 “)-

257 5695 436 5768 (Vers.
460 5700 580 5777 20.)
613 5705 840 5764 Plorans
870 5726 1189 5783 nequaquam
1217 5709 1448 5784 plorabis
1468 5751 1484 5780 ,
1533 5710 1783 5766 miserans

1881 4785 2090 4857 psalmo
2114 4781 2383 4852 legimus:
2423 4776 2491 4832 Ut
2517 4775 2760 4848 sagittent
2782 4773 2836 4826 in
2863 4772 3083 4825 obscuro
3117 4778 3288 4821 rectos
3328 4764 3481 4818 corde

1880 4878 2000 4955 (Ps.
2034 4895 2088 4940 κ,
2116 4876 2201 4946 2),
2233 4876 2323 4945 qui
2357 4880 2559 4928 tantam
2607 4870 2709 4926 sibi
2757 4873 3037 4923 assumunt
3079 4862 3479 4926 auctoritatem,

1880 4984 1934 5029 ut
1966 4988 2060 5027 Sull
2092 4971 2315 5025 dextera
2359 4969 2589 5022 doceant
2624 5006 2638 5028 ,
2680 4979 2777 5018 seu
2814 4961 3030 5017 sinistra
3062 5001 3076 5025 ,
3110 4958 3161 5013 id
3192 4964 3277 5013 est
3300 4997 3316 5024 ,
3365 4958 3480 5012 sive

1879 5068 2041 5130 bona,
2074 5067 2188 5122 sive
2220 5066 2385 5129 mala,
2417 5063 2592 5117 nolint
2620 5060 2918 5127 discipulos
2938 5058 3150 5114 ratione
3178 5056 3473 5123 discutere,

1878 5161 1972 5216 sed
2002 5177 2062 5217 se
2090 5172 2453 5230 praecessores
2478 5156 2651 5227 sequi.
2683 5155 2837 5212 Tunc
2861 5156 2913 5211 Iri
2937 5154 3025 5225 qui
3059 5154 3204 5224 prius
3226 5151 3478 5219 decipie-

1882 5255 2054 5320 bant,
2101 5266 2438 5321 nequaquam
2487 5250 2625 5305 ultra
2679 5251 2744 5304 ad
2788 5265 2885 5305 eos
2926 5248 3187 5304 videbunt
3214 5245 3480 5300 accedere

1882 5356 2168 5416 postquam
2202 5354 2262 5397 se
2287 5344 2561 5399 senserint
2600 5344 2928 5399 intellectas.
2981 5340 3155 5393 Porro
3177 5337 3329 5405 juxta
3370 5332 3479 5387 He-

1880 5436 2122 5493 braicum
2151 5442 2207 5488 et
2237 5433 2408 5488 facilis
2436 5442 2492 5489 et
2512 5448 2641 5488 vera
2671 5433 2987 5503 explanatio
3012 5439 3117 5484 est.
3168 5425 3304 5481 Cum
3332 5425 3480 5480 enirn

1892 5526 2152 5583 Dominus
2198 5524 2552 5581 credentibus
2609 5523 2825 5578 dederit
2871 5535 3065 5592 panem
3115 5528 3364 5582 arctum,
3429 5526 3485 5572 et

1888 5635 2081 5691 aquarn
2113 5618 2352 5681 brevem,
2401 5630 2740 5689 nequaquam
2779 5615 2917 5669 ultra
2957 5613 3117 5667 faciet
3158 5610 3377 5666 avolare
3415 5611 3484 5667 ab

1889 5712 1971 5766 eis
1998 5711 2151 5767 illuni
2183 5710 2276 5783 qui
2316 5711 2480 5767 docet
2508 5708 2785 5765 hominem
2826 5705 3152 5769 scientiam;
3201 5701 3296 5759 sed
3342 5718 3487 5761 seut-

262 5885 280 5914 ο
313 5860 530 5941 Vocula:
554 5902 585 5939 η
608 5898 657 5946 le
677 5894 854 5961 neque
885 5891 938 5947 in
962 5868 1196 5949 Hebr-reo
1227 5932 1242 5959 ,
1300 5907 1475 5965 neque
1513 5894 1563 5948 in
1601 5885 2025 5961 llicron‘ym’tana
2055 5906 2123 5950 es
2152 5909 2219 5950 eo
2245 5902 2395 5951 textu
2427 5890 2682 5950 versione
2713 5890 3000 5947 habentur.
