4010 6312
517 331 621 392 3"

1770 331 1829 388 S.
1876 329 2153 389 EUSEBII
2191 330 2569 390 HIERONYMI

3716 334 3832 392 διε

513 452 612 507 i’er
637 453 891 508 videbunt
920 445 1059 502 oculi
1092 445 1213 515 ejus
1239 454 1632 516 przeceptorem
1661 460 1843 514 suum,
1871 454 1926 500 et
1951 458 2111 501 aures
2143 446 2188 506 Α
2215 462 2330 501 rum
2356 447 2411 500 in
2436 446 2606 500 vaccis
2630 446 2940 519 populorum
2964 442 3086 519 (Ps.
3116 461 3281 509 um,
3306 444 3402 518 5|)
3436 464 3451 502 :
3486 454 3542 502 et
3569 445 3696 517 pulli
3724 449 3837 504 asi-

515 546 660 601 illins
691 544 917 598 verbum
950 549 1071 603 post
1104 549 1313 609 tergum
1361 542 1633 595 monentis
1672 540 2000 607 exaudient,
2050 550 2132 595 at-

514 650 622 708 que
643 633 873 688 dicentis
902 631 1059 687 :llmc
1077 633 1162 687 via
1182 643 1328 687 recta
1350 642 1453 697 est,
1481 632 1754 686 ambulate
1774 633 1826 685 in
1845 647 1932 695 ea,
1955 647 2131 702 neque

512 726 577 781 ad
600 725 869 789 dvxtram,
889 738 1064 792 neque
1086 723 1152 776 a'l
1176 724 1479 789 sinistram,
1500 723 1800 779 secundum
1833 724 1964 779 illud
1988 725 2129 795 quod

508 817 637 872 alibi
661 818 890 883 legitur:
916 815 1027 871 Nec
1045 815 1113 870 nd
1142 818 1398 883 dextram,
1421 832 1512 870 nec
1533 816 1602 869 ad
1622 817 1884 871 sinistram
1904 817 2132 872 declina-

512 913 682 968 bimns
702 957 714 979 ,
745 913 828 966 eia
855 913 999 985 regia
1025 909 1537 986 medicatur-(Num.
1560 926 1648 972 xx,
1676 910 1786 982 Π).
1815 911 1871 966 In
1899 923 2131 981 utraque

513 1006 660 1061 enim
712 1016 865 1075 parte
894 1005 1157 1075 quidquid
1184 1019 1347 1075 supra
1374 1005 1593 1059 modum
1633 1014 1738 1065 est.
1773 1005 1825 1059 in
1860 1004 1991 1060 vitio
2021 1015 2128 1062 est.

517 1098 586 1155 Et
613 1099 684 1154 de
715 1098 925 1154 dextris
958 1098 1200 1167 partibus
1231 1098 1433 1153 dicitur
1467 1114 1481 1152 :
1516 1096 1598 1151 Ne
1623 1098 1694 1151 sis
1708 1099 1885 1168 justus
1910 1099 2131 1153 multum

522 1191 699 1266 (Eccl.
727 1208 820 1259 ut,
854 1192 965 1261 l7).
997 1190 1072 1246 De
1096 1191 1331 1247 sinistris
1360 1202 1539 1247 autem
1563 1191 1706 1262 quod
1740 1191 1795 1245 in
1820 1191 2129 1259 laetiorum,

520 1295 579 1342 et
610 1288 662 1341 in
686 1288 1033 1358 pereuntium
1061 1298 1213 1350 parte
1235 1298 1530 1358 ponantur,
1561 1286 1705 1341 nulla
1729 1285 1996 1342 dubitatio
2026 1297 2131 1343 est.

593 1378 775 1450 (Vers.
804 1378 923 1441 22’s.)
956 1376 1022 1432 Et
1053 1378 1424 1433 contaminabis
1454 1379 1675 1433 laminas
1704 1379 2023 1451 sculptilium
2050 1395 2133 1432 ar-

520 1471 659 1542 genti
684 1470 788 1535 tui,
821 1468 984 1542 412
1011 1478 1058 1524 et
1098 1470 1451 1525 vestimentum
1489 1468 1770 1539 conﬂatilis
1799 1471 1917 1524 auri
1949 1472 2051 1538 tui,
2084 1480 2132 1525 et

525 1566 798 1638 dispergas
823 1581 882 1620 ca
912 1568 1041 1619 sicut
1064 1565 1447 1620 immunditiam
1471 1575 1843 1621 menstruam:
1873 1565 2130 1636 egredere,

526 1661 667 1715 dices
697 1663 762 1715 ei.
796 1659 937 1715 LXX
967 1679 977 1714 :
1012 1660 1080 1715 Et
1109 1660 1483 1715 contaminabis
1511 1659 1654 1714 idola
1694 1658 2052 1730 dcargentnta,
2085 1668 2132 1713 et

525 1754 778 1834 deaurata
800 1770 819 1807 :
842 1754 1156 1808 comminues
1185 1770 1242 1806 ea
1270 1764 1315 1807 rt
1338 1754 1601 1826 dispergas
1625 1754 1754 1806 sicut
1785 1769 1970 1823 aquam
1993 1768 2132 1806 mm-

2234 553 2449 600 norum,
2486 538 2682 609 quibus
2708 538 2907 593 sedens
2929 538 3193 594 Dominus
3241 540 3523 611 ingressus
3551 549 3636 595 est
3673 541 3833 598 Jeru-

2234 631 2399 685 salem
2431 630 2645 703 (Mattlt.
2668 629 2802 702 xxi),
2834 633 2922 700 qui
2952 639 3249 699 operantur
3268 644 3490 700 terram,
3518 634 3602 689 sic
3625 634 3690 688 de
3706 650 3832 691 area

2234 723 2545 790 comedent,
2578 733 2631 777 ut
2660 722 2819 778 fuerit
2847 724 3193 786 ventilatum,
3223 739 3290 779 ne
3330 724 3458 794 quid
3487 723 3743 780 videlicet
3780 726 3834 783 in

2232 818 2356 872 cibo
2388 832 2574 872 eorum
2598 818 2827 873 mixtum
2858 819 2929 872 sit
2958 819 3256 887 palearum,
3291 817 3360 874 de
3387 821 3660 891 quibusin
3690 821 3837 877 lere-

2234 911 2337 963 tnia
2367 910 2628 977 scriptum
2651 919 2731 964 est
2767 928 2778 964 :
2816 910 2957 977 Quid
2982 908 3145 984 paleis
3175 911 3245 965 ad
3273 911 3501 966 triticum
3527 953 3542 974 ,
3577 913 3702 966 dicit
3734 913 3837 967 Do—

2233 1004 2400 1057 minus
2423 1000 2638 1072 (let-em.
2669 1001 2861 1074 xxtn)?
2881 1000 2934 1059 e‘t
2953 1021 3072 1073 qum
3100 1009 3150 1059 in
3176 1003 3478 1075 Evangelio
3504 1006 3834 1061 comburun-

2234 1103 2320 1149 tur
2347 1095 2455 1166 igni
2486 1095 2904 1166 intestinguibtli
2932 1095 3103 1169 (Luc.
3138 1112 3198 1153 ιιι
3224 1097 3264 1170 ).
3295 1097 3465 1153 Porro
3502 1097 3655 1168 jtma
3688 1096 3829 1153 LXX

2228 1188 2470 1257 jumenta
2496 1231 2511 1254 ,
2559 1204 2681 1257 qua:
2732 1188 2960 1242 necdum
3003 1191 3231 1245 rationis
3274 1189 3668 1261 sapientizrque
3710 1198 3835 1247 sunt

2234 1282 2412 1352 plena,
2443 1292 2498 1336 et
2527 1281 2597 1335 de
2626 1280 2823 1352 quibus
2854 1299 3019 1337 unum
3052 1283 3296 1353 loquitur
3339 1282 3403 1338 ad
3432 1282 3602 1339 Deum
3637 1303 3649 1339 :
3684 1285 3834 1341 Sicut

2222 1378 2523 1448 jumentum
2547 1374 2714 1444 {actus
2744 1390 2860 1430 sum
2886 1377 3027 1448 apud
3047 1384 3096 1432 te
3116 1374 3235 1448 (Ps.
3271 1393 3440 1443 usit,
3465 1376 3584 1450 25).
3616 1392 3838 1449 pascen-

2235 1478 2320 1522 tur
2362 1469 2413 1521 in
2448 1468 2569 1523 loco
2609 1469 2970 1539 pinguissimo
2995 1479 3049 1524 et
3076 1469 3317 1539 spatioso
3343 1511 3356 1533 ,
3407 1470 3497 1541 qui
3546 1486 3655 1526 non
3683 1469 3837 1527 :dl‘ert

2234 1562 2419 1631 spinas
2444 1572 2494 1615 et
2527 1561 2777 1629 tribulos,
2808 1563 2904 1618 sed
2925 1562 3080 1633 quasi
3106 1572 3248 1617 terra
3270 1562 3434 1618 Israel
3457 1564 3599 1619 lacte
3629 1576 3680 1619 et
3706 1567 3838 1620 mel-

2234 1657 2283 1711 le
2310 1656 2570 1721 decurrit,
2588 1666 2643 1711 et
2667 1658 2881 1726 plenam
2911 1657 3259 1729 pascentibus
3282 1656 3471 1713 tribuit
3500 1657 3832 1714 libertatem.

2234 1749 2394 1805 Tauri
2424 1760 2606 1804 autem
2649 1760 2703 1805 et
2732 1750 2896 1805 boves
2922 1750 3013 1818 qui
3048 1757 3353 1819 operantur
3384 1759 3609 1813 terram,
3647 1750 3698 1804 id
3733 1759 3835 1817 est,

523 1830 757 1915 struatre,
788 1857 838 1903 et
866 1848 995 1902 sicut
1022 1856 1218 1902 stercus
1247 1846 1457 1921 abjicies
1496 1863 1573 1901 ea.
1620 1844 1754 1901 Cum
1797 1846 2131 1902 intellrxeris
2161 1830 2207 1890 Β
2236 1843 2476 1913 Apostoli
2513 1853 2565 1897 et
2616 1840 2720 1897 virl
2760 1842 3075 1912 apostolici,
3106 1841 3175 1897 de
3203 1840 3401 1913 quibus
3448 1848 3505 1896 et
3555 1841 3833 1911 apostolus

524 1943 833 2004 veritatem,
870 1951 926 1995 et
952 1940 1292 2010 decipientes
1325 1940 1389 1993 ad
1421 1950 1472 1995 te
1501 1956 1606 1994 non
1638 1940 1999 2004 accesserint,
2030 1937 2128 1994 sed

530 2034 676 2089 oculi
711 2034 787 2086 tui
816 2031 1054 2087 viderint
1087 2042 1474 2101 praeceptorem
1501 2040 1652 2085 tuum
1680 2074 1695 2098 ,
1745 2041 1800 2087 et
1837 2046 1997 2086 aures
2024 2041 2131 2087 tute

528 2140 751 2196 semper
776 2124 1079 2179 audierint:
1115 2124 1244 2179 Htec
1266 2125 1369 2189 via,
1400 2124 1653 2179 ambulate
1689 2126 1742 2178 in
1767 2140 1848 2186 ea.
1880 2141 2040 2197 neque
2063 2125 2131 2180 ad

529 2220 785 2282 dextram,
811 2233 976 2287 neque
1001 2218 1069 2271 ad
1096 2218 1359 2271 sinistram
1394 2235 1411 2282 ;
1444 2227 1572 2273 tunc
1602 2233 1793 2273 omnes
1833 2233 2051 2274 errores
2077 2229 2132 2275 et

530 2312 701 2377 idola,
732 2325 795 2365 ae
823 2309 1209 2365 similitudines
1231 2310 1475 2365 veritatis
1501 2351 1516 2375 ,
1558 2326 1679 2378 quae
1722 2311 1913 2365 artifex
1954 2311 2129 2383 lingua

528 2412 917 2476 composuerat
940 2404 993 2458 in
1016 2404 1309 2473 splendore
1333 2402 1681 2474 eloquentur,
1697 2402 1839 2472 quod
1862 2403 2131 2474 interpre.

528 2507 672 2553 tatur
693 2504 1001 2565 argentum,
1030 2505 1084 2550 et
1117 2497 1170 2549 in
1192 2496 1404 2549 ratione
1432 2496 1735 2563 sapientiae,
1769 2495 1909 2565 quod
1938 2510 2130 2549 aurum

528 2600 707 2655 sonat,
737 2589 1080 2643 comminues
1124 2598 1288 2655 atque
1318 2587 1639 2657 disperges,
1681 2597 1733 2640 et
1764 2588 1832 2641 ita
1860 2586 2134 2657 judicabis

533 2683 835 2747 immunda,
870 2691 928 2735 ut
954 2690 1306 2735 menstruam:
1334 2679 1577 2735 mulieris
1600 2681 1979 2735 sordidissimo
2008 2697 2135 2736 san-

530 2776 677 2846 guini
711 2789 1029 2845 compares,
1046 2774 1189 2843 quod
1214 2773 1393 2829 verbis
1416 2774 1540 2830 aliis
1564 2788 1756 2845 aquam
1787 2784 2134 2832 menstruam

531 2867 889 2937 Septuaginta
924 2868 1336 2922 transtulerunt.

601 2957 782 3032 (Vers.
815 2958 932 3026 24.)
965 2957 1029 3011 Et
1059 2957 1270 3012 dabitur
1295 2958 1471 3027 pluvia
1499 2958 1684 3013 semini
1709 2967 1798 3012 tuo
1827 2960 2136 3031 ubicumque

532 3055 861 3109 seminaveris
884 3054 939 3107 in
967 3062 1123 3116 terra,
1155 3063 1200 3106 et
1227 3054 1374 3122 panis
1404 3052 1615 3124 frugum
1632 3065 1781 3109 terra:
1805 3054 1833 3084 “
1861 3056 1958 3109 erit
1983 3054 2132 3111 uber-

531 3147 694 3200 rimus
718 3154 764 3199 et
789 3146 1017 3217 pinguis.
1050 3143 1195 3199 LXX
1222 3163 1231 3199 :
1273 3143 1417 3200 Tunc
1446 3147 1539 3198 erit
1572 3145 1747 3214 pluria
1771 3148 1954 3202 semini
1983 3154 2135 3202 terra:

2232 1936 2427 1990 Paulus
2449 1936 2708 2006 scriptum
2736 1937 3126 2006 interpretatur
3167 1954 3182 1992 :
3218 1933 3341 1989 Non
3368 1935 3615 2005 alligabis
3647 1952 3704 1990 os
3726 1936 3838 1991 bovi

2230 2032 2513 2085 triturauti.
2550 2030 2639 2096 Et,
2672 2029 2944 2103 Numquid
2963 2031 3027 2084 de
3051 2029 3211 2085 bobus
3231 2046 3359 2084 cura
3386 2039 3462 2084 est
3487 2027 3597 2083 Deo
3625 2029 3645 2101 (
3673 2028 3828 2085 lCor.

2230 2137 2308 2188 lx,
2341 2122 2564 2193 9)?Scd
2597 2123 2785 2191 utique
2812 2122 2981 2176 dehis
3011 2122 3163 2187 dicit,
3193 2121 3283 2188 qui
3306 2129 3607 2191 operantur
3634 2127 3833 2175 terram

2231 2229 2406 2278 suam,
2439 2224 2489 2269 et
2523 2214 2591 2269 de
2617 2215 2815 2286 quibus
2842 2213 2987 2269 idem
3018 2214 3261 2283 loquitur
3282 2255 3299 2281 ,
3336 2212 3431 2267 Dei
3461 2214 3789 2286 agricultura
3811 2255 3825 2281 ,

2234 2303 2331 2361 Dei
2351 2307 2628 2377 (ediﬁcatio
2659 2323 2835 2362 sumus
2862 2306 2882 2381 (
2908 2305 2928 2360 Ι
2951 2305 3069 2362 Cor.
3094 2321 3176 2369 Ilt,
3204 2306 3298 2377 9).
3332 2305 3493 2363 Pater
3522 2306 3667 2362 enim
3699 2306 3838 2377 agri-

2233 2400 2349 2454 cola
2375 2409 2482 2465 est,
2512 2406 2570 2455 et
2590 2398 2839 2454 Christus
2870 2400 3025 2454 vinea
3075 2404 3090 2465 (
3116 2397 3277 2453 Joan.
3309 2415 3376 2453 xv
3409 2399 3430 2470 )
3485 2416 3499 2454 :
3548 2400 3838 2453 comedent

2237 2497 2417 2563 paleas-
2450 2493 2650 2548 mixtas
2690 2509 2811 2548 cum
2848 2492 3055 2548 hordeo
3086 2492 3370 2547 ventilato.
3413 2492 3665 2562 Legimus
3690 2489 3837 2561 quod

2235 2592 2381 2647 Isaac
2411 2588 2670 2643 hordeum
2701 2589 2928 2652 severit,
2961 2595 3017 2641 et
3037 2586 3156 2655 quia
3185 2584 3326 2655 apud
3363 2585 3661 2656 allaphylos
3692 2592 3834 2654 erat,

2233 2684 2601 2741 centenarium
2651 2681 2840 2736 liurdei
2897 2680 3102 2751 frugem
3148 2678 3418 2749 receperit
3447 2682 3464 2747 (
3493 2677 3621 2733 Gen.
3652 2679 3835 2749 nrt).

2238 2779 2299 2834 Et
2340 2777 2477 2833 Osee
2503 2792 2632 2830 coro
2666 2785 2721 2830 et
2748 2773 2970 2829 dimidio
2992 2788 3122 2828 coro
3153 2772 3345 2828 hordei
3362 2772 3622 2828 conduxit
3651 2772 3842 2827 mulie-

2237 2888 2349 2927 rem
2375 2869 2675 2925 adulteram
2702 2869 2720 2935 (
2743 2865 2873 2921 Osce
2901 2881 2959 2921 ttt
2982 2867 3020 2934 ).
3083 2866 3334 2921 Salvator
3360 2880 3580 2936 quoque
3604 2866 3838 2936 quinque

2238 2963 2408 3019 millia
2435 2964 2674 3018 virorum
2698 2959 2729 3000 ι’
2751 2961 2840 3031 qui
2876 2959 3056 3015 adhuc
3079 2958 3330 3015 sensibus
3357 2960 3609 3029 corporis
3636 2959 3838 3014 service

2239 3059 2388 3119 bant,
2414 3068 2468 3110 et
2499 3055 2696 3125 Legem
2727 3054 3096 3124 sequebantur
3125 3053 3315 3125 Moysi,
3345 3051 3674 3107 hordeaceis
3696 3051 3839 3122 pani-

2239 3151 2338 3206 bus
2369 3157 2708 3205 saturaverat
2736 3148 2921 3217 (Joun.
2954 3147 3051 3221 Vl).
3080 3148 3181 3217 Qui
3214 3147 3266 3202 in
3300 3150 3407 3202 alio
3436 3147 3559 3203 loco
3587 3148 3837 3220 frangens

531 3249 654 3301 tute.
681 3247 729 3293 et
760 3240 907 3304 panis
942 3243 1152 3310 frugum
1181 3247 1334 3292 teri-ce
1376 3249 1479 3293 tum
1504 3239 1602 3293 erit
1630 3238 1903 3294 abundans
1937 3249 1987 3294 et
2016 3240 2134 3311 pia-
2160 3209 2204 3271 C
2239 3253 2443 3313 septem
2476 3241 2634 3311 Legis
2661 3255 2827 3310 panes
2846 3250 2901 3296 et
2920 3240 2974 3295 in
2999 3209 3167 3296 irusta
3186 3240 3587 3303 comminuens,
3613 3209 3840 3312 quatuor

534 3334 669 3407 guis.
703 3332 976 3401 Scriptum
996 3342 1079 3387 est
1097 3333 1149 3387 in
1166 3332 1372 3403 Regum
1398 3331 1676 3388 volumine
1691 3331 1783 3397 (ill
1800 3332 1927 3402 Reg.
1948 3332 2131 3404 xvm),

534 3427 678 3497 quod
714 3435 999 3497 postquam
1036 3426 1307 3481 interfecti
1355 3435 1484 3481 sunt
1526 3426 1596 3480 ab
1627 3425 1743 3481 Elia
1792 3427 2131 3497 pseudopro-

536 3518 720 3586 pheta:
742 3560 757 3584 ,
804 3521 927 3573 data
960 3520 1032 3573 sit
1063 3518 1239 3589 pluvia
1272 3529 1429 3573 terra:
1459 3518 1621 3574 Israel
1668 3536 1681 3572 :
1721 3526 1777 3574 et
1801 3518 1945 3587 quod
1980 3519 2136 3589 panis

539 3609 720 3663 Elismi
768 3619 823 3664 et
866 3617 1052 3679 postea
1083 3609 1384 3665 Salvatoris
1432 3608 1736 3664 uberrimus
1786 3611 1941 3665 fuerit
1972 3618 2135 3679 atque

535 3698 946 3768 pinguissimus,
978 3711 1035 3754 et
1078 3712 1282 3754 tantam
1313 3700 1564 3754 lubuerit
1602 3701 2000 3771 plenitudinem
2027 3749 2041 3771 ,
2077 3712 2136 3759 ut

536 3790 703 3846 multa
752 3790 1032 3845 hominum
1065 3792 1230 3846 millia
1261 3808 1327 3847 ex
1355 3807 1423 3847 eo
1446 3801 1687 3848 saturata
1731 3794 1839 3851 siut
1872 3795 1980 3867 (ιν
2000 3794 2133 3869 Reg.

536 3897 593 3936 tv
618 3897 632 3947 ;
660 3881 821 3936 Joan.
853 3882 958 3953 v1).
996 3881 1071 3938 lta
1097 3892 1152 3937 et
1180 3883 1231 3937 iu
1262 3884 1517 3952 praesenti
1546 3884 1685 3948 loco,
1720 3901 1826 3941 non
1856 3888 2003 3957 prius
2041 3889 2135 3946 da-

535 3976 686 4033 bitur
716 3977 894 4046 pluvia
935 3976 1136 4032 semini
1180 3976 1475 4047 spirituali,
1504 3985 1560 4033 et
1590 3978 1744 4047 panis
1786 3990 1945 4035 terrce
1972 3982 2134 4038 uber-

540 4072 713 4127 rimus
742 4081 904 4141 atque
945 4071 1355 4141 pinguissimus,
1386 4071 1491 4127 nisi
1534 4072 1676 4127 idola
1705 4072 2051 4145 deargeutata
2082 4084 2139 4132 et

543 4165 797 4221 deaurata
824 4164 1025 4220 fuerint
1049 4165 1404 4227 comminuta.
1449 4174 1506 4221 et
1530 4175 1776 4236 reputata
1821 4166 1873 4222 in
1905 4169 2140 4239 sterqui-

544 4257 759 4313 linium.
789 4257 902 4314 Nisi
925 4260 1073 4314 enim
1092 4259 1222 4314 vitia
1243 4260 1590 4322 recesserint.
1611 4263 1842 4318 virtutes
1868 4279 1974 4319 non
2002 4264 2138 4321 sub-

544 4359 698 4404 eunt.

614 4440 796 4513 (Vers.
828 4442 949 4515 25.)
983 4442 1235 4500 Pascetur
1268 4447 1321 4500 in
1352 4448 1671 4516 possessione
1709 4457 1798 4506 tua
1842 4450 1896 4507 in
1933 4452 2020 4509 die
2042 4452 2140 4509 illa

539 4551 703 4608 agnus
732 4537 975 4605 spatiose.
1007 4537 1073 4592 Et
1100 4541 1240 4594 tauri
1263 4540 1338 4594 tui
1365 4552 1414 4596 et
1439 4539 1576 4610 pulli
1594 4542 1861 4598 asinorum
1888 4551 1977 4614 qut
2015 4563 2140 4616 ope-

542 4638 729 4683 rantur
756 4638 978 4691 terram,
1021 4632 1354 4688 commixtum
1381 4634 1876 4713 migma\comedent
1920 4638 2053 4693 sicut
2084 4638 2139 4695 in

494 4776 501 4783 κ
538 4737 661 4777 area
684 4721 795 4795 [ΑΙ.
816 4723 870 4778 in
894 4740 1016 4779 area
1041 4723 1119 4795 ut]
1143 4724 1449 4779 rentilatum
1465 4736 1557 4781 est.
1582 4725 1754 4785 LXX:
1780 4726 1849 4782 Et
1866 4740 2142 4800 pascentur

534 4818 775 4886 jumenta
812 4826 902 4870 tua
948 4818 1003 4870 in
1045 4817 1130 4873 die
1157 4817 1251 4873 illa
1282 4816 1453 4871 locum
1483 4818 1727 4889 pinguem
1756 4829 1803 4875 et
1829 4823 2139 4888 spatiosum.

544 4905 707 4960 Tauri
733 4907 882 4962 vestri
912 4917 957 4962 et
983 4908 1127 4964 boues
1150 4910 1301 4963 vestri
1329 4910 1419 4981 qui
1444 4919 1720 4981 operantur
1746 4920 2141 4976 tenam,come-

546 4995 666 5051 dent
695 4999 869 5066 paleas
904 5001 1205 5056 commixtus
1245 5002 1300 5055 in
1344 4996 1539 5057 hordeo
1564 5004 1827 5060 ventilata.
1876 5004 1930 5060 ltt
1960 5022 2142 5066 rerum

548 5091 790 5145 omnium
816 5091 1169 5154 abundantia,
1199 5094 1404 5150 caelesti
1433 5095 1612 5166 pluvia
1640 5095 2004 5154 descendente
2029 5141 2045 5165 ,
2086 5109 2143 5158 et

546 5181 638 5236 illo
662 5198 801 5249 pane
820 5183 912 5255 qui
943 5183 1012 5241 de
1032 5184 1170 5240 coelo
1195 5185 1495 5253 descendit,
1512 5204 1672 5260 quem
1699 5191 1789 5262 qui
1816 5192 2139 5260 comederit,

546 5291 838 5347 numquam
867 5280 1093 5342 esuriet,
1120 5289 1406 5347 pascentur
1437 5281 1561 5351 agni
1591 5283 1645 5337 in
1668 5283 1786 5339 loco
1813 5285 2144 5353 spatiosissi-

547 5383 657 5435 tuo,
687 5372 775 5440 qui
809 5381 1111 5441 sequuntur
1138 5386 1334 5441 agnum
1365 5387 1705 5445 quocumque
1734 5376 1878 5432 Vadit
1904 5417 1920 5442 ,
1969 5388 2023 5433 ct
2049 5379 2144 5450 qui

545 5476 765 5534 semper
794 5465 859 5519 ad
888 5464 1134 5522 dextram
1167 5479 1313 5522 sunt.
1366 5467 1532 5527 Tauri
1577 5478 1758 5526 autem
1794 5470 1957 5545 3.13
1989 5474 2145 5541 prin-

543 5559 692 5627 cipes
722 5560 919 5632 gregis,
948 5560 1017 5617 de
1039 5562 1234 5632 quibus
1263 5562 1490 5634 legimus
1532 5582 1544 5617 :
1586 5562 1930 5639 Congregatio
1960 5577 2141 5623 tauro-

621 5771 647 5845 ξ
678 5765 853 5845 χειιξε.
881 5771 1087 5845 frugum
1109 5779 1261 5822 terra:
1282 5776 1384 5845 tute
1409 5770 1502 5824 erit
1527 5771 1821 5840 abundans,
1846 5783 1893 5826 et
1916 5774 2143 5845 pinguis.

619 5832 648 5877 δ
678 5832 889 5917 Yatic.,
921 5832 1005 5909 qui
1036 5848 1157 5897 tunc
1196 5840 1461 5935 sensibus,
1494 5851 1636 5913 etc.;
1682 5850 1733 5901 et
1767 5832 1932 5915 paulo
1976 5832 2142 5935 ιδῖηι,ζ

2162 4598 2219 4661 D

2238 3335 2409 3391 millia
2440 3334 2584 3391 viros
2616 3334 2848 3406 replevit
2879 3334 3103 3389 triticeis
3134 3335 3397 3402 panibus,
3439 3334 3533 3404 qui
3565 3333 3841 3406 evangeli-

2236 3444 2358 3485 cum
2388 3442 2673 3483 numerum
2699 3428 3066 3497 sequebantur
3095 3425 3315 3498 (Matth.
3352 3425 3476 3497 xv).
3526 3426 3839 3483 Istiusmodi

2238 3523 2421 3592 populi
2451 3522 2750 3579 comedunt
2774 3530 2829 3577 et
2859 3533 3067 3591 partem
3101 3520 3379 3591 palearum
3405 3536 3419 3585 ;
3466 3520 3594 3574 dum
3646 3523 3702 3577 in
3729 3521 3842 3593 qul-

2237 3616 2462 3672 busdam
2495 3623 2802 3685 sequuntur
2826 3615 3061 3669 litteram
3087 3655 3101 3680 ,
3146 3622 3201 3668 et
3247 3622 3429 3668 tamen
3463 3628 3561 3682 per
3606 3616 3790 3684 paleas
3816 3623 3837 3653 ⁸

2237 3720 2290 3766 et
2314 3708 2577 3763 hordeum
2608 3710 2870 3779 paulatim
2896 3706 3208 3778 proﬁciunt,
3233 3716 3293 3762 ut
3319 3715 3606 3763 transeant
3644 3709 3716 3765 ad
3736 3707 3842 3764 l'rtt-

2239 3810 2501 3856 montum.

2305 3894 2628 3966 (νει-835.)
2663 3894 2727 3948 Et
2752 3905 2900 3949 erunt
2940 3910 3095 3967 super
3141 3910 3344 3950 omnem
3382 3906 3606 3951 montem
3666 3893 3831 3950 excel-

2236 4005 2372 4052 sum,
2396 3998 2443 4042 et
2461 4004 2617 4058 super
2643 4005 2847 4043 omnem
2878 3987 3061 4043 collem
3091 3987 3341 4043 eleuatum
3383 3989 3481 4043 rivi
3523 3988 3833 4044 currentium

2238 4098 2489 4153 aquarum
2510 4083 2561 4136 in
2589 4082 2674 4136 die
2693 4082 3064 4153 interfectiouis
3086 4080 3387 4148 multorum,
3420 4098 3537 4136 cum
3559 4081 3831 4137 ceciderint

2239 4185 2422 4230 turres.
2457 4174 2514 4229 In
2545 4174 2649 4230 hoc
2680 4176 2800 4229 loco
2827 4174 3000 4230 Judmi
3026 4174 3225 4229 multos
3255 4174 3579 4230 interfectos
3600 4182 3658 4228 et
3681 4186 3835 4228 ruen-

2238 4277 2325 4324 tes
2357 4277 2557 4334 turres,
2589 4267 2658 4323 ad
2700 4267 2930 4323 Romani
2959 4266 3175 4338 imperii
3222 4266 3469 4323 referunt
3515 4267 3833 4335 potentiam,

2239 4359 2308 4417 de
2337 4360 2532 4430 quibus
2552 4369 2605 4416 et
2631 4359 2925 4429 Apostolus
2946 4360 3192 4430 loquitur
3216 4358 3288 4431 (Il
3318 4358 3506 4414 Thess.
3533 4358 3634 4428 vn)
3668 4376 3683 4415 :
3710 4356 3839 4413 Tett-

2240 4462 2351 4510 tum
2372 4455 2459 4525 qui
2481 4461 2613 4509 tenet
2639 4468 2797 4517 nunc,
2824 4450 2990 4525 ιιι
3015 4462 3203 4521 teneat,
3231 4452 3396 4507 donec
3422 4451 3491 4507 de
3527 4454 3700 4506 medio
3724 4451 3831 4520 ﬁat.

2241 4546 2395 4615 Quod
2424 4546 2634 4601 scilicet
2658 4545 2711 4599 in
2736 4544 2828 4599 illo
2858 4554 3104 4613 tempore
3135 4556 3285 4601 tanta
3327 4545 3615 4602 beatitudo
3643 4547 3714 4601 sit
3746 4556 3834 4614 po-

2246 4638 2357 4707 puli
2388 4637 2577 4705 lsrael,
2611 4647 2667 4691 ut
2704 4653 2812 4691 non
2844 4638 3021 4693 solum
3064 4639 3238 4694 valles
3276 4649 3442 4708 atque
3489 4638 3827 4710 campestria,

2245 4732 2342 4787 sed
2365 4746 2558 4785 omnes
2579 4738 2792 4786 nnmtes
2816 4739 2872 4786 et
2900 4731 3075 4788 colles
3102 4731 3261 4801 aquis
3289 4731 3588 4786 liuentibus
3621 4732 3835 4801 irrigen-

2246 4834 2355 4882 tur.
2379 4824 2489 4880 Nos
2519 4833 2700 4881 autem
2726 4834 2940 4880 montes
2978 4834 3033 4879 et
3075 4825 3265 4891 colles,
3312 4839 3410 4880 eos
3447 4822 3831 4894 intelligamus,

2244 4920 2336 4987 qui
2367 4918 2420 4973 in
2448 4917 2726 4974 excelsum
2752 4918 3048 4974 virtutibus
3079 4919 3276 4973 elevati
3308 4925 3456 4982 sunt,
3483 4918 3576 4989 qul
3597 4916 3836 4972 esuriant

2244 5020 2299 5067 et
2323 5012 2513 5068 sitiunt
2532 5010 2800 5082 justitiam
2834 5010 3053 5083 (Matth.
3082 5012 3158 5082 ν).
3189 5025 3328 5082 quos
3355 5011 3620 5066 Deininus
3647 5022 3834 5081 provo-

2249 5116 2335 5160 cat
2359 5104 2426 5159 ad
2455 5103 2899 5173 bibendum.Qui
2937 5104 3082 5159 enim
3127 5104 3330 5160 biberit
3370 5102 3441 5158 de
3492 5104 3651 5172 aquis
3699 5103 3829 5169 ejus,

2246 5214 2352 5255 non
2375 5199 2521 5254 sitiet
2542 5199 2594 5254 in
2620 5205 2889 5254 internum
2923 5195 3104 5261 (Joau.
3128 5196 3224 5266 ιν).
3259 5195 3413 5252 Uade
3440 5204 3499 5251 et
3538 5197 3593 5251 in
3630 5194 3833 5267 psalmo

2244 5292 2473 5363 legimus
2499 5309 2510 5344 :
2537 5289 2834 5345 Benedicite
2860 5287 3144 5344 Demittunt
3174 5271 3238 5347 de
3267 5288 3496 5360 fontibus
3517 5285 3686 5342 Israel
3708 5287 3725 5347 l
3745 5280 3827 5337 Ps.

2246 5400 2409 5450 Lxrtt,
2440 5383 2556 5454 27).
2582 5383 2649 5438 Et
2676 5385 2727 5437 in
2758 5382 3053 5451 Evangelio
3085 5381 3322 5447 dicitur,
3353 5380 3499 5451 quod
3528 5380 3706 5435 omnis
3746 5370 3830 5444 qui

2246 5477 2449 5532 biberit
2483 5475 2555 5531 de
2583 5474 2740 5545 aquis
2770 5473 2899 5530 Jesu
2926 5514 2941 5539 ,
2971 5473 3196 5529 ﬂumina
3228 5488 3385 5543 aqum
3412 5472 3552 5527 viva:
3581 5471 3741 5527 liuent
3770 5465 3831 5521 de

2246 5579 2437 5625 ventre
2456 5569 2577 5638 ejus
2604 5567 2788 5639 ματη.
2820 5566 2941 5637 vu).
2971 5567 3040 5622 Et
3066 5565 3135 5622 ad
3184 5566 3355 5621 Deum
3395 5564 3631 5621 Sanctus
3665 5558 3832 5630 loqui-

2255 5776 2498 5848 frangens
2526 5776 2752 5848 quinque
2779 5774 2936 5848 Legis
2962 5790 3140 5848 panes,
3165 5781 3272 5848 etc.

2325 5859 2347 5907 φ
2378 5844 2559 5917 idem,
2710 5844 2890 5931 paleas
2917 5844 3095 5902 hordei
3119 5844 3395 5919 paulatim,
