4010 6322
234 348 342 407 349

768 345 1407 404 COMMENTARIOIilTM
1444 345 1510 402 IN
1554 345 1787 405 lSAlAM
1828 345 2250 411 PROPHETAH
2290 347 2422 405 LIB.
2465 348 2534 404 Χ.
2576 345 2732 405 CAP.
2767 347 2936 405 XXX.

3406 352 3517 411 550

235 476 321 524 tur
345 486 361 523 :
382 466 638 541 Quoniam
662 466 802 536 apud
830 476 878 520 te
904 476 976 522 est
998 468 1116 539 fons
1138 466 1254 520 ritis
1272 463 1392 537 (Ps.
1418 480 1580 530 xxxv,
1608 464 1719 536 10),
1744 463 1813 521 de
1838 467 1892 529 Α
1916 467 2101 523 minus
2128 466 2323 524 ccelum
2348 481 2575 532 norum,
2594 476 2651 523 et
2678 477 2879 523 terram
2900 480 3122 533 novant,
3152 477 3207 524 et
3229 468 3518 525 transierit

218 578 329 633 quo
349 561 703 634 purissimum
727 557 927 615 tinnien
951 559 1246 630 egreditur,
1269 572 1434 633 super
1462 572 1570 630 quo
1592 573 1811 615 rursum

219 652 488 727 Scriptura
547 661 977 709 commemorat:
1010 649 1271 708 Fluminis
1316 654 1537 721 impetus
1582 651 1813 721 laetiﬁcat

232 747 473 800 civitatem
503 741 605 799 Dei
631 742 752 815 (Ps.
785 759 908 811 ην,
938 744 1023 813 4).
1056 743 1123 799 Ει
1154 744 1210 799 in
1250 743 1365 799 alio
1396 743 1515 798 loco
1547 761 1559 797 :
1589 740 1811 800 Fluvios

230 835 325 890 Dei
363 835 582 909 repletus
620 846 693 890 est
722 835 912 905 aquis(
942 833 1032 889 Ps.
1065 850 1207 901 ωιν,
1240 832 1376 905 10);
1409 834 1498 889 ille
1536 833 1809 901 videlicet,

226 929 312 999 qui
339 927 575 998 loquitur
602 942 699 997 per
723 924 1016 982 Jeremiam
1048 944 1062 981 :
1099 924 1188 980 ille
1212 926 1590 999 dereliquerum
1620 928 1813 997 fontem

226 1036 369 1089 aqua:
395 1019 520 1074 vim
540 1014 671 1090 (Jer.
696 1032 754 1072 ιι.
783 1013 895 1074 t5).
932 1015 1045 1074 lloc
1067 1028 1250 1072 autem
1281 1029 1410 1072 tunc
1434 1016 1525 1072 ﬁet
1544 1057 1559 1082 ,
1583 1031 1706 1070 cum
1733 1018 1813 1071 in-

230 1111 435 1168 teriecti
457 1110 688 1178 fuerint,
724 1110 839 1166 sive
875 1111 1141 1182 perierint
1171 1110 1389 1182 plurimi
1424 1128 1437 1163 :
1471 1110 1628 1164 Multi
1669 1111 1813 1165 enim

227 1205 410 1267 vocati,
435 1202 585 1274 pauci
613 1218 732 1257 vero
754 1203 899 1256 electi
921 1199 1097 1271 (Matt.
1123 1202 1237 1276 xx).
1272 1203 1339 1258 Et
1365 1218 1489 1257 cum
1519 1201 1815 1257 ceciderint

225 1303 421 1361 turres,
450 1296 569 1350 sive
592 1293 897 1348 ἁιειιιοιιιιιιι
933 1303 1236 1366 potestates
1256 1336 1269 1360 ,
1303 1293 1424 1350 sive
1446 1294 1663 1365 superbi
1695 1293 1811 1365 qni-

221 1404 322 1460 que
348 1400 401 1443 et
428 1400 747 1461 arrogantes
775 1398 828 1445 et
852 1391 1032 1461 magni
1057 1390 1110 1445 in
1142 1390 1247 1446 isto
1274 1390 1508 1457 sacculo;
1532 1391 1600 1445 de
1621 1390 1815 1461 quibus

219 1492 272 1537 et
296 1482 348 1537 in
371 1483 598 1554 psalmis
620 1483 815 1539 dicitur
849 1502 861 1538 :
907 1482 1028 1538 Vidi
1049 1484 1267 1555 impium
1294 1483 1567 1551 eleratum,
1594 1495 1642 1538 et
1673 1483 1816 1540 exal-

219 1586 376 1631 tatum
400 1577 535 1632 sicut
554 1578 733 1632 cedros
762 1577 974 1645 Libani,
1004 1589 1052 1635 et
1075 1580 1309 1647 transivi,
1331 1588 1376 1635 et
1402 1594 1517 1633 ecce
1541 1594 1643 1633 non
1683 1588 1812 1645 erat,

215 1673 417 1742 quaesivi
442 1689 585 1737 eum,
609 1682 779 1728 etnon
799 1684 873 1729 est
903 1674 1137 1729 inventus
1164 1672 1308 1728 locus
1328 1674 1475 1746 ejus(
1502 1671 1595 1727 Ps.
1625 1688 1816 1737 xxxvr,

208 1764 300 1831 55,
331 1764 376 1820 5:
400 1763 442 1836 ).
465 1762 587 1820 Has
615 1775 789 1821 turres
817 1765 1093 1822 :editicare
1127 1766 1426 1836 cupiebant
1458 1764 1664 1838 (Cenes.
1690 1766 1814 1837 xu),

1916 557 2134 617 habitus
2152 557 2336 615 mundi
2352 557 2534 628 hujus,
2551 569 2608 613 nt
2620 558 2748 612 luna
2762 567 2818 615 et
2836 559 2917 614 sol
2934 558 3412 617 laborisetcursus
3422 560 3509 617 sui

1916 649 2138 722 pra-inin
2153 657 2577 720 consequantur.
2595 649 2810 707 Etenim
2827 651 3138 720 expectatio
3149 658 3412 709 creaturae
3424 665 3513 708 rc-

1915 742 2241 798 velationem
2259 742 2491 797 ﬁliorum
2515 742 2606 798 Dei
2626 744 2976 810 praestolatur
2989 759 3004 796 :
3019 743 3145 813 quia
3160 753 3212 799 et
3228 741 3343 811 ipsa
3361 757 3513 799 crea-

1915 845 2032 892 tura
2067 835 2391 893 liberabitur
2430 852 2459 890 a
2495 834 2763 892 servitute
2790 837 3183 906 corruptionis,
3215 836 3269 891 in
3298 835 3517 892 liberta-

1916 941 2022 987 tem
2053 932 2240 1001 gloria:
2266 931 2502 987 ﬁliorum
2526 930 2615 986 Dei
2637 930 2840 1004 (Rom,
2870 945 2988 998 νιιι,
3025 929 3145 1002 19)ι
3168 931 3295 985 licet
3320 945 3383 984 ea
3398 930 3517 1000 qui-v

1916 1024 2037 1079 dam
2072 1023 2179 1096 [ΑΙ.
2211 1021 2460 1096 quidem]
2495 1038 2695 1094 organa
2735 1023 2871 1078 lucis
2899 1022 3267 1092 iutelligeutes
3289 1063 3305 1087 ,
3329 1022 3515 1077 insen—

1914 1121 2093 1179 sibilia
2133 1136 2255 1176 esse
2283 1119 2637 1174 contendant.
2674 1117 2825 1175 Luna
2869 1131 3001 1187 ergo
3054 1116 3189 1172 solis
3243 1116 3513 1186 fulgorem

1914 1214 2162 1282 accipiet.
2181 1212 2289 1269 Nec
2303 1213 2500 1269 mirum
2516 1211 2619 1266 hoc
2631 1209 2701 1267 de
2721 1209 3036 1265 clarissimo
3048 1207 3254 1264 sentire
3269 1207 3515 1264 elenteno

1916 1319 1996 1375 to,
2014 1308 2098 1363 cui
2125 1307 2459 1378 principatus
2482 1305 2655 1359 noctis
2672 1311 2760 1359 est
2788 1302 3015 1360 traditus
3030 1343 3047 1370 ,
3068 1316 3192 1357 cum
3206 1302 3277 1356 de
3306 1301 3510 1357 sanctis

1915 1416 2135 1474 quoque
2159 1402 2424 1469 scriptum
2438 1399 2507 1452 sit
2537 1415 2552 1452 :
2577 1395 3012 1470 Fulgebuntjusti
3024 1398 3176 1467 quasi
3187 1393 3300 1466 sol(
3318 1392 3507 1453 Matth.

1920 1513 2039 1559 stu,
2060 1494 2179 1567 45).
2202 1497 2266 1550 lit
2295 1494 2375 1548 sol
2404 1491 2713 1563 septuplum
2740 1489 2923 1545 lumen
2952 1489 3184 1560 accipiet
3204 1504 3221 1541 :
3244 1486 3384 1542 sicut
3413 1485 3514 1541 luit

1918 1592 2009 1647 lux
2036 1602 2241 1662 septem
2276 1589 2486 1642 dierum
2515 1626 2529 1652 ,
2572 1583 2788 1655 quando
2835 1583 2906 1639 ab
2958 1583 3117 1640 initio
3158 1592 3378 1638 creatus
3429 1587 3517 1636 est

1919 1684 2154 1744 mundus
2183 1682 2543 1755 (quamquam
2593 1688 2785 1750 septem
2831 1678 2972 1738 dies,
3006 1674 3361 1744 Septuaginta
3402 1687 3512 1729 non

1922 1771 2328 1850 transtulerint)
2374 1770 2589 1843 quando
2644 1770 2906 1825 Dominus
2957 1767 3268 1837 alligaverit
3319 1767 3515 1820 vulnus

215 1856 299 1926 qui
328 1869 624 1911 innverunt
648 1857 818 1926 pedes
840 1874 969 1913 suos
994 1859 1064 1914 de
1085 1858 1329 1926 Oriente,
1353 1875 1582 1927 quorum
1612 1858 1813 1929 linguae
1848 1877 1890 1937 Β
1923 1871 2103 1944 populi
2173 1870 2256 1924 sui
2285 1911 2301 1936 ,
2378 1867 2495 1921 site
2554 1862 2829 1918 sanaverit
2891 1861 3278 1917 contritioncm
3335 1856 3516 1927 p0pnli

215 1948 262 2003 in
291 1947 577 2024 Babylone
608 1951 850 2008 confusae
870 1960 1015 2020 sunt,
1047 1963 1102 2009 et
1128 1953 1238 2019 illi,
1267 1967 1431 2025 super
1450 1969 1591 2027 quos
1612 1952 1814 2010 cecidit

214 2042 370 2098 turris
399 2044 577 2099 Siloa-
600 2041 754 2115 (Luc.
786 2044 926 2117 xm).

277 2135 456 2208 (γει-ει.
488 2137 617 2210 :26.)
644 2136 712 2192 Et
734 2141 828 2195 erit
850 2138 943 2195 luat
964 2138 1125 2208 lumc,
1164 2140 1293 2195 sicut
1326 2139 1421 2194 lus:
1446 2139 1607 2208 solis,
1655 2148 1701 2192 et
1729 2137 1811 2193 lu-

212 2247 323 2287 men
356 2232 484 2286 solis
516 2233 622 2286 erit
664 2234 961 2306 septuplum
989 2234 1120 2290 sicut
1148 2235 1242 2288 lux
1268 2245 1462 2306 septem
1490 2233 1714 2301 dierum,
1758 2233 1814 2287 in

214 2325 294 2379 die
310 2343 410 2398 qua
442 2328 741 2401 alligaverit
763 2326 1021 2384 Dominus
1044 2326 1231 2383 rulnus
1265 2325 1445 2397 papuli
1478 2329 1592 2394 sui,
1624 2338 1670 2381 et
1701 2342 1814 2397 per-

215 2435 473 2474 cussuram
511 2418 691 2494 plaga:
719 2422 831 2492 ejus
856 2421 1132 2477 sanaverit.
1157 2419 1297 2477 LXX
1336 2439 1350 2477 :
1386 2419 1452 2474 Et
1499 2421 1593 2474 erit
1637 2416 1815 2475 lumen

214 2513 366 2584 lume,
392 2520 533 2572 sicut
569 2515 741 2573 lumen
769 2516 916 2585 solis,
946 2529 990 2573 et
1021 2516 1194 2573 lumen
1229 2515 1355 2573 solis
1390 2516 1719 2591 septuplum,
1760 2516 1815 2569 in

214 2610 293 2664 die
332 2612 553 2683 quando
601 2612 858 2667 sanaverit
903 2611 1161 2667 Dominus
1213 2613 1583 2667 contritiouem
1636 2611 1819 2682 populi

212 2706 315 2771 sui,
341 2716 387 2760 et
414 2704 656 2761 dolorem
695 2705 866 2779 plaga:
900 2724 1003 2762 iure
1041 2708 1315 2762 curaverit.
1349 2707 1512 2761 Miror
1542 2706 1816 2777 quomodo

215 2796 266 2852 in
299 2800 563 2868 prsesenti
607 2801 729 2855 loco
773 2800 935 2856 verba
970 2800 1235 2855 llebraica
1275 2815 1481 2855 LABANA
1508 2784 1735 2871 (.1335),
1767 2808 1817 2854 et

217 2904 401 2948 nausia
425 2892 628 2965 (man).
677 2909 798 2962 «iure
831 2892 1030 2963 Aquila
1053 2891 1638 2962 iuterpretaturalbom
1663 2902 1708 2945 et
1731 2908 1818 2945 ca-

212 2980 405 3048 lorem,
447 3000 547 3053 per
591 3000 710 3054 quin
755 2985 937 3039 lunam
993 2985 1272 3055 solemque
1321 2983 1594 3055 signiﬁcat
1655 2999 1817 3053 supra

214 3074 355 3130 idem
391 3073 543 3131 LXX
570 3076 785 3131 laterem
808 3086 864 3133 et
883 3092 1085 3133 uiarum
1110 3076 1511 3139 transtulerint,
1539 3076 1593 3129 in
1614 3090 1679 3129 eo
1701 3076 1820 3130 loco

212 3165 298 3219 ubi
335 3167 608 3235 scriptum
637 3179 719 3223 est
753 3184 766 3221 :
800 3167 865 3222 Et
898 3168 1153 3223 erubescet
1183 3169 1329 3237 luna,
1352 3178 1397 3222 et
1418 3166 1499 3221 sol
1527 3167 1817 3239 confunde-

1914 1965 1997 2020 sui
2031 1962 2291 2034 :quando
2327 1959 2641 2030 implebitur
2672 1955 2838 2030 416
2882 1954 3013 2009 illud
3054 1952 3199 2025 quod
3248 1948 3514 2020 scriptum

1911 2069 1997 2113 est
2027 2075 2040 2111 :
2078 2055 2266 2130 Fugiet
2288 2053 2439 2109 dolor
2460 2093 2476 2119 ,
2504 2062 2551 2106 et
2573 2064 2790 2114 maror,
2826 2056 2873 2102 et
2899 2047 3121 2120 gemitus
3141 2052 3161 2113 (
3182 2041 3296 2098 Isa.
3330 2055 3474 2097 xxxv
3495 2079 3511 2106 ,

1919 2152 2006 2221 10)
2036 2167 2051 2206 :
2079 2149 2301 2220 quando
2351 2147 2687 2202 subintrante
2732 2141 3071 2212 plenitudine
3109 2139 3380 2209 gentium,
3406 2133 3516 2191 salu

1915 2259 2015 2299 vus
2042 2243 2133 2298 lict
2158 2240 2338 2296 omnis
2373 2238 2535 2293 Israel
2560 2253 2577 2302 ;
2621 2243 2715 2290 aut
2742 2243 2897 2290 certe
2923 2230 3139 2301 quando
3161 2230 3294 2285 ultio
3320 2238 3514 2283 eorum

1919 2336 2147 2397 venerit,
2175 2348 2407 2404 quorum
2444 2329 2548 2385 sub
2584 2328 2746 2383 altari
2772 2326 3011 2382 clamant
3046 2325 3240 2378 animae
3270 2341 3285 2375 :
3319 2319 3519 2387 Usque-

1915 2446 2016 2500 quo
2046 2443 2148 2481 non
2172 2424 2439 2481 ulcisceris
2463 2422 2767 2495 sanguinem
2789 2426 3025 2472 nostrum
3050 2416 3114 2469 de
3144 2415 3224 2468 his
3250 2414 3340 2484 qui
3367 2410 3517 2466 habi-

1917 2532 2027 2576 tant
2052 2522 2109 2576 in
2132 2532 2271 2573 terra
2302 2517 2487 2587 (Apoc.
2520 2530 2596 2583 vr,
2633 2510 2759 2583 19)?
2807 2511 2875 2567 Et
2915 2512 3019 2564 hoc
3050 2506 3338 2564 considera
3368 2503 3516 2575 quod

1918 2630 2026 2670 non
2055 2612 2277 2680 dixerit,
2321 2609 2540 2682 quando
2588 2606 2864 2662 sanaverit
2890 2603 3275 2661 contritionem
3326 2598 3518 2671 populi

1918 2710 2001 2765 sui
2033 2707 2229 2775 Israel,
2262 2708 2374 2761 sive
2404 2703 2610 2770 Jacob;
2640 2702 2739 2758 sed
2780 2699 3064 2765 absolute,
3097 2695 3279 2768 populi
3306 2696 3389 2750 sui
3410 2734 3425 2759 ,
3454 2700 3517 2749 ut

1919 2816 2108 2857 omnes
2129 2800 2243 2857 Deo
2260 2797 2527 2871 signiticet
2553 2796 2874 2853 servientes.
2892 2792 3121 2863 Quidam
3146 2791 3327 2846 locum
3351 2790 3515 2843 istum

1919 2907 1973 2951 et
2003 2895 2185 2948 omnia
2214 2909 2335 2963 quin
2359 2893 2425 2961 in
2457 2891 2559 2946 hoc
2592 2890 3075 2959 repromissionum
3108 2883 3355 2954 capitulo
3382 2895 3517 2936 con-

1921 2988 2186 3052 tinentur,
2222 2987 2286 3039 ait
2319 2985 2593 3040 caelestem
2623 2981 2868 3037 referunt
2896 2978 3222 3040 Jerusalem,
3246 2986 3301 3029 ct
3335 2973 3401 3028 ad
3432 2986 3520 3028 re-

1925 3080 2229 3134 versionem
2261 3076 2441 3146 popnli
2470 3078 2613 3143 ejus,
2636 3074 2854 3145 quando
2878 3073 3193 3142 implebitur
3216 3069 3347 3125 illud
3373 3067 3518 3139 quod

1924 3172 2185 3243 scriptum
2220 3179 2308 3226 est
2336 3190 2345 3221 :
2378 3167 2573 3225 Crelum
2597 3180 2645 3222 et
2677 3179 2816 3223 terra
2861 3164 3242 3236 pertransibunt
3274 3161 3507 3238 (Matth.

210 3266 317 3313 tur.
353 3257 466 3312 Pro
499 3272 611 3327 quo
643 3258 717 3312 illi
751 3259 1093 3329 interpretati
1121 3270 1280 3328 sinit,
1309 3260 1575 3330 lique/ient
1596 3258 1813 3328 lateres,
1847 3263 1893 3325 Ο
1927 3282 2072 3330 xxiv,
2104 3263 2220 3336 35).
2252 3262 2358 3319 Alii
2387 3261 2455 3315 ad
2502 3260 2638 3315 Elian
2699 3272 2967 3329 tempora,
3010 3266 3066 3312 et
3107 3259 3281 3327 ipsum
3331 3256 3524 3311 dicunt

208 3360 257 3403 et
307 3359 429 3405 ruet
476 3366 676 3413 murus,
707 3360 762 3405 et
788 3366 933 3407 nunc
964 3352 1102 3406 idem
1132 3364 1422 3422 sequentes
1470 3352 1816 3418 llrbraicuin,

207 3441 378 3517 415
410 3442 877 3515 lunamsolcmque
909 3445 1312 3502 transtulerint.
1347 3445 1500 3502 Unde
1541 3447 1676 3501 mihi
1720 3446 1816 3502 da-

214 3547 300 3592 tur
355 3536 606 3605 suspicio
640 3577 655 3602 ,
714 3553 821 3592 non
872 3552 970 3593 eos
1018 3553 1232 3594 errasse
1282 3553 1314 3592 a
1367 3541 1672 3609 principio,
1720 3539 1818 3595 sed

215 3631 480 3701 paulatim
520 3631 855 3701 scriptorum
896 3631 1026 3687 vitio
1063 3633 1406 3703 dcpravatos.
1449 3635 1632 3704 Neque
1671 3636 1815 3690 enim
1859 3702 1865 3709 ,

216 3721 329 3778 ﬁeri
394 3730 605 3794 potest,
646 3733 703 3777 ut
766 3723 860 3794 qui
919 3724 975 3779 in
1064 3727 1165 3780 hoc
1214 3725 1333 3781 loco
1397 3727 1586 3782 eadem
1653 3728 1813 3782 verba

218 3816 354 3873 bene
424 3817 773 3886 interpretati
834 3825 994 3886 sunt,
1054 3817 1107 3873 in
1164 3821 1540 3890 superioribus
1601 3838 1821 3879 errare-

221 3907 344 3963 rint.
395 3908 456 3965 In
527 3907 617 3963 die
673 3924 807 3979 ergo
862 3909 1260 3967 interlectiouis
1318 3914 1644 3978 multorum.
1693 3931 1816 3971 cum

221 4006 545 4069 arrogantes
570 4000 907 4069 supernique
932 4003 1242 4057 corrueriut
1261 4043 1274 4066 .
1307 4014 1364 4059 et
1393 4007 1483 4075 qui
1520 4014 1821 4075 posuerunt

225 4090 275 4145 in
304 4092 503 4148 coelum
534 4105 598 4148 os
626 4108 818 4162 suum,
843 4093 1135 4150 didicerint
1168 4112 1291 4152 csse
1335 4114 1396 4153 se
1442 4109 1644 4154 teriam
1667 4142 1681 4168 ,
1712 4101 1820 4155 erit

223 4183 399 4242 lninen
424 4187 595 4253 lunae,
629 4187 773 4242 sicut
805 4187 984 4242 lumen
1009 4189 1145 4244 solis
1175 4205 1189 4242 :
1223 4191 1441 4259 quando
1470 4192 1680 4247 dederit
1709 4192 1821 4248 Do—

231 4302 3299 4329 W

1923 3375 2069 3423 esse,
2094 3360 2163 3416 de
2193 3375 2301 3430 quo
2326 3371 2487 3427 supra
2513 3355 2772 3425 scriptum
2798 3364 2883 3409 est
2916 3370 2930 3404 :
2962 3349 3130 3405 Erunt
3164 3350 3302 3403 oculi
3340 3348 3414 3400 tui
3441 3349 3520 3400 uio

1924 3456 2100 3510 dentes
2123 3460 2490 3526 praeceptorem
2513 3462 2656 3504 tuum
2677 3462 2725 3502 et
2750 3463 2902 3503 aures
2936 3456 3039 3501 tute
3073 3445 3286 3500 audient
3313 3446 3523 3495 verbum

1922 3558 2036 3619 post
2068 3561 2266 3620 tergum
2294 3543 2548 3599 monentis
2573 3559 2591 3597 :
2616 3550 2744 3597 tunc
2773 3539 2844 3596 de
2865 3538 3141 3594 montibus
3170 3546 3225 3591 et
3245 3534 3519 3602 collibus,

1919 3642 2072 3708 juxta
2101 3638 2313 3693 tabulas
2335 3649 2639 3707 poetarum,
2666 3641 2723 3688 et
2750 3630 2974 3688 Saturni
3002 3644 3231 3685 aureum
3260 3627 3519 3683 saeculum

1926 3731 2081 3786 laetis
2109 3730 2256 3785 rivos
2278 3728 2469 3792 ﬂuere,
2488 3738 2543 3782 et
2568 3726 2638 3782 de
2666 3726 2927 3781 arborum
2956 3721 3102 3779 foliis
3129 3722 3335 3777 stillare
3361 3719 3523 3776 mella

1923 3825 2237 3896 purissima.
2273 3824 2407 3890 Quae
2437 3822 2525 3893 qui
2557 3821 2849 3892 recipiunt,
2897 3819 3047 3875 mille
3089 3829 3308 3888 quoque
3350 3828 3526 3869 anno-

1921 3935 2042 3974 rum
2075 3917 2338 3984 l'abuhrm,
2367 3926 2422 3971 et
2446 3926 2722 3971 terrenum
2764 3914 3065 3970 Salvatoris
3111 3909 3401 3980 imperium
3429 3907 3526 3962 Ju-

1921 4013 2079 4068 daico
2097 4029 2289 4070 errore
2318 4012 2643 4082 suscipient,
2676 4027 2788 4065 non
2838 4007 3208 4076 intelligentes
3256 4005 3526 4074 Apocaly-

1923 4107 2061 4177 psim
2091 4106 2318 4163 Joannis
2345 4106 2401 4161 in
2430 4104 2720 4175 superﬁcie
2757 4102 2975 4166 litterae,
3008 4098 3305 4154 rnedullata
3330 4094 3527 4151 Eccle-

1920 4198 2017 4252 sia:
2046 4208 2392 4254 sacramenta
2423 4207 2738 4252 contexere.

1233 4379 1711 4488 LIBER
1781 4383 1998 4489 DE
2014 4386 2295 4491 01M
2314 4383 2531 4493 US.

294 4643 655 4719 515-516
676 4644 944 4729 ‘Decimus
966 4644 1154 4711 Liber,
1184 4661 1342 4717 quem
1375 4660 1522 4702 nunc
1559 4644 1822 4700 habemus
1849 4658 1902 4718 ι)
1928 4654 2205 4717 gestorum
2251 4645 2671 4701 coiitinentiam.
2714 4644 2904 4715 Itaque
2954 4653 3013 4700 ut
3066 4644 3316 4708 voluisti,
3374 4644 3530 4715 virgo

233 4737 281 4792 iu
311 4742 587 4806 manibus,
626 4753 771 4794 ιιοιιο
815 4747 869 4794 et
920 4738 1207 4794 undecimo
1246 4740 1425 4795 minor
1448 4738 1555 4795 erit
1594 4753 1824 4794 numero

234 4845 482 4888 versuum
504 4873 518 4899 ,
556 4846 661 4888 non
684 4846 943 4887 sensunrn
978 4831 1375 4902 magnitudine.
1414 4832 1673 4904 Sequitur
1702 4828 1824 4904 [ΑΙ.

234 4923 515 4998 Sequetur]
547 4927 693 4981 enim
742 4939 868 4981 eum
915 4924 1292 4981 Seunacherib
1344 4936 1506 4997 atque
1545 4925 1829 4994 Rabsaeis,

237 5027 287 5071 et
306 5017 557 5076 Ezechiae
586 5020 736 5091 regis
761 5019 1018 5085 historia,
1050 5034 1174 5089 qua:
1204 5033 1306 5074 nec
1328 5019 1479 5091 jungi
1525 5036 1651 5075 cum
1686 5034 1830 5091 prat-

238 5111 551 5168 ceilentibus
584 5113 812 5182 poterit.
846 5119 1070 5184 propter
1091 5125 1372 5166 enormem
1395 5111 1688 5167 Volnmiuis
1710 5127 1827 5166 ma-

238 5204 568 5270 gnitudinem
601 5202 722 5277 [Αι.
754 5203 1222 5277 longitudinem],
1254 5218 1356 5261 nec
1391 5203 1560 5259 dividi
1606 5216 1827 5277 prepter

305 5347 330 5377 ⁸
374 5339 543 5413 Super
565 5340 972 5413 responsionem,
1005 5349 1114 5413 etc.
1149 5338 1375 5409 Aliquot
1422 5353 1555 5413 mss.
1580 5338 1821 5413 icndices

241 5408 418 5481 legunt
442 5408 597 5480 super
621 5408 938 5484 sponsione;
977 5412 1119 5481 quod
1166 5408 1422 5465 Erasmus
1451 5421 1505 5465 et
1546 5412 1822 5466 Marianas

242 5485 407 5537 secuti
461 5494 606 5547 sunt,
632 5499 739 5538 non
793 5483 1159 5553 intelligentes
1194 5485 1395 5537 nullam
1425 5497 1549 5535 esse
1585 5486 1823 5553 sponsio-

242 5500 407 5537 secnn
461 5500 606 5547 sunt,
632 5500 739 5538 non
793 5500 1159 5553 tnterugeutes
1194 5500 1395 5537 nouam
1425 5500 1549 5535 esse
1585 5500 1607 5535 s
1649 5500 1821 5537 onsio-

241 5566 350 5606 nem
381 5553 692 5627 Hieronymi
723 5553 989 5609 adversus
1034 5571 1195 5624 quam
1238 5555 1555 5607 IIIEISSlIat‘Cl
1593 5500 1821 5627 Illnlinus

244 5635 453 5691 scorpio
480 5624 624 5691 smpe
644 5637 1027 5695 comparatus;
1058 5627 1154 5680 sed
1179 5626 1592 5695 responsionem
1625 5624 1823 5678 l‘ra-la-

198 5702 213 5711 “
246 5695 400 5767 tionis
440 5699 825 5751 timumcntarii
872 5699 927 5751 in
977 5695 1259 5751 Dattlelem
1288 5738 1304 5762 ,
1354 5711 1462 5767 qua
1492 5709 1614 5750 sese
1644 5707 1833 5750 tuetur

246 5762 820 5845 hieronymusdlcens
855 5784 890 5845 εΔ
921 5768 984 5823 Et
1008 5773 1168 5845 miror
1192 5762 1840 5845 quosdampeppzpoipoe:

251 5835 510 5912 indignari
546 5840 713 5907 mihi,
739 5841 890 5908 quasi
925 5855 1019 5912 ego
1045 5835 1419 5897 decurtaverim
1452 5835 1664 5904 librum,
1689 5835 1844 5908 q'num

1932 4738 2139 4795 Christi
2171 4737 2546 4809 Eustochium,
2576 4746 2633 4794 et
2658 4747 2716 4794 nt
2736 4738 2788 4793 in
2817 4751 3108 4793 commune
3136 4735 3364 4808 placuit,
3389 4734 3532 4793 sicut

1930 4844 1987 4891 et
2015 4836 2330 4905 superiores
2358 4843 2487 4891 ante
2518 4832 2719 4889 dictari
2742 4875 2758 4900 ,
2788 4840 2846 4888 et
2885 4833 3031 4886 hunc
3073 4838 3130 4886 et
3179 4829 3453 4899 reliquos,
3484 4830 3531 4886 si

1927 4925 2181 4983 Christus
2210 4926 2490 4994 annuerit,
2514 4927 2730 4984 dietaho
2753 4925 2925 4983 libros
2949 4942 2962 4980 :
2992 4934 3050 4980 ut
3082 4924 3402 4997 prophetiae
3422 4924 3528 4982 sibi

1928 5020 2207 5090 copulem,
2242 5036 2344 5076 nec
2369 5036 2466 5076 eas
2494 5020 2639 5075 inter
2659 5034 2720 5076 se
2747 5018 2982 5075 lacerent
3009 5029 3172 5091 atque
3201 5019 3533 5091 tliseerpam,

1926 5113 1980 5168 in
2004 5114 2233 5169 alterius
2260 5113 2445 5177 linem,
2472 5123 2529 5167 et
2549 5113 2780 5170 alterius
2806 5113 3157 5184 principium.
3187 5112 3364 5168 Audio
3391 5128 3533 5185 prur-

1930 5217 2077 5263 terea
2090 5206 2388 5277 scorpium,
2406 5213 2615 5263 mutum
2641 5207 2840 5263 animal
2870 5215 2926 5263 et
2947 5218 3483 5274 venenatum,supor
3500 5211 3527 5243 ι

1929 5351 1977 5396 et
2003 5341 2275 5413 Origenes,
2294 5350 2342 5394 el
2362 5341 2642 5413 AEusebius,
2672 5353 2720 5396 et
2749 5342 3093 5410 Apollinaris.
3127 5340 3333 5413 aliique
3353 5336 3529 5413 Eccle-

1929 5408 2128 5466 sinstici
2148 5413 2243 5465 viri
2268 5422 2314 5465 et
2351 5411 2601 5469 Doctores
2627 5408 2865 5477 Graeciae,
2890 5414 3007 5473 has,
3045 5421 3099 5464 ut
3130 5412 3260 5474 dixi,
3294 5408 3530 5463 Visiones

1932 5500 2033 5537 non
2073 5482 2253 5536 haberi
2293 5483 2437 5548 apud
2476 5484 2726 5539 Hebrteos
2771 5486 3089 5550 leuantur,
3122 5498 3212 5535 nec
3250 5496 3303 5533 se
3343 5478 3529 5535 debere

1930 5555 2244 5623 respondere
2279 5553 2574 5627 Porphyrio
2617 5570 2712 5627 pro
2749 5551 2830 5606 his
2861 5549 3200 5627 q_é_tenollam
3237 5551 3530 5627 Scriptura!

1932 5621 2143 5683 Sancta:
2180 5621 2539 5681 auctoritatem
2566 5621 2850 5696 praebeant.
2876 5621 3022 5677 llaec
3061 5636 3178 5696 erat
3218 5621 3527 5688 responsio,

1937 5712 2044 5755 non
2070 5700 2293 5770 sponsio
2313 5711 2476 5769 quam
2506 5694 2737 5755 Ruﬁnus
2765 5708 2999 5767 carpere
3021 5705 3075 5748 et
3096 5694 3167 5770 ad
3188 5695 3531 5770 calumniam

1939 5766 2159 5827 trahere
2191 5766 2486 5832 nitebatur.
2872 5766 2879 5767 7
3152 5766 3426 5825 Hilarus.
