4010 6298
541 275 643 336 531

537 400 898 468 responsione
942 400 1218 471 quondam
1264 404 1715 468 Commentarioli
1763 418 1872 474 mei
1925 421 1978 477 in
2037 423 2139 479 Da-

538 491 737 547 nielem
771 495 1128 565 prophetam.
1181 501 1368 556 nescio
1412 505 1543 575 quid
1587 513 1910 579 mussitare,
1969 518 2138 575 immo

534 582 700 639 ferire
725 588 913 642 conari
949 591 1002 644 in
1029 605 1131 645 suo
1158 601 1183 630 ⁸
1214 610 1346 662 pure
1369 610 1715 657 moriturum.
1743 605 1913 677 Cujus
1942 613 2137 670 naeniae

535 684 590 731 et
622 678 883 743 lugubres
904 683 1199 740 cantilenae
1221 690 1453 745 necdum
1480 693 1614 750 mihi
1648 698 1876 765 proditir
1905 715 2052 773 sunt,
2083 719 2136 763 el

534 765 740 824 idcirco
759 770 930 826 dilata
963 779 1249 846 responsio
1279 797 1292 833 :
1318 784 1594 856 magisque
1629 788 1996 850 obediendum
2037 765 2133 854 tibi

524 868 646 925 εει,
694 871 751 915 et
789 873 983 919 saneto
1029 878 1197 940 alque
1245 873 1618 932 eruditissimo
1658 881 1778 937 viro
1832 885 1982 943 fratri
2042 900 2134 946 tuo

530 949 907 1020 Pammachio,
940 961 1032 1029 qui
1063 961 1356 1020 insatiabili
1401 970 1583 1027 studio
1637 990 1724 1030 me
1772 992 1870 1047 per
1921 980 2134 1040 litteras

527 1046 701 1116 cogit,
729 1049 950 1119 exple-to
977 1051 1113 1109 Isaia
1132 1096 1149 1119 ,
1178 1060 1419 1115 transire
1447 1062 1513 1117 ad
1554 1046 1803 1125 Ezechiel
1828 1112 1844 1135 ,
1869 1088 1994 1130 cum
2029 1092 2132 1148 ego

523 1142 779 1196 etaetatis
800 1154 857 1198 et
883 1151 1134 1218 corporis
1164 1150 1541 1215 imbecillitate
1564 1161 1872 1233 conlectus,
1890 1174 2129 1228 notario-

526 1244 760 1301 rumque
784 1238 1036 1305 penuria,
1070 1242 1160 1310 qui
1191 1259 1279 1300 me
1302 1258 1527 1314 possent
1549 1253 1665 1308 suis
1687 1257 2009 1314 ministeriis
2033 1265 2131 1318 ad-

516 1317 735 1388 juvare,
767 1325 820 1379 in
845 1326 1043 1383 eodem
1070 1330 1249 1388 adhuc
1274 1334 1389 1389 loto
1419 1336 1687 1411 haesitem,
1712 1354 1769 1401 et
1798 1349 1885 1404 vix
1916 1363 2125 1421 partem

523 1406 677 1467 Isaiae
709 1415 946 1474 mediam
990 1420 1043 1477 in
1082 1422 1184 1480 lioc
1229 1426 1508 1487 volumine
1528 1435 1830 1496 .llniturutn
1870 1458 1993 1502 esse
2038 1464 2125 1505 me

523 1508 766 1564 credam.
809 1514 963 1581 Quod
1006 1520 1075 1585 si,
1122 1518 1150 1558 δ
1195 1530 1248 1577 te
1296 1538 1511 1596 orante,
1561 1535 1933 1609 complevere,
1986 1545 2127 1600 arri-

526 1596 717 1666 pienda
738 1616 899 1660 erunt
918 1618 972 1662 et
995 1609 1226 1682 reliqua,
1246 1631 1366 1687 quit-
1387 1635 1417 1675 a
1438 1596 1853 1703 quartodecimo
1877 1596 2123 1695 Ezechiae

521 1690 668 1760 regis
697 1709 845 1751 anno
876 1697 1155 1760 habebunt
1192 1705 1372 1766 initio.

588 1868 751 1944 417
770 1872 951 1945 (Vers.
977 1880 1048 1935 27
1079 1886 1260 1955 seqq.)
1281 1886 1414 1945 Ecce
1443 1908 1631 1949 nomen
1662 1897 1873 1956 Domini
1902 1907 2037 1961 venit
2058 1908 2124 1963 de

511 1958 697 2028 longe:
714 1965 906 2021 ardens
925 1972 1074 2039 furor
1098 1977 1213 2043 ejus
1224 1990 1274 2031 et
1297 1984 1472 2050 gravis
1500 1987 1571 2040 ad
1595 1994 1933 2060 portandum.
1957 1998 2121 2057 Labia

513 2052 631 2123 ejus
678 2059 879 2123 repleta
909 2074 1031 2120 sunt
1066 2070 1444 2142 indignatione,
1477 2089 1524 2133 et
1580 2052 1763 2155 lingua
1802 2091 1916 2160 ejus
1969 2099 2121 2166 quasi

1658 2142 1683 2155 υ
1808 2142 1844 2160 'l
1858 2142 1912 2147 "'
1970 2142 2118 2166 “1’⁷“””

511 2142 652 2215 ignis
686 2148 958 2210 devorans.
993 2158 1227 2229 Spiritus
1272 2170 1385 2241 ejus
1432 2174 1568 2230 velut
1613 2187 1814 2236 torrens
1852 2187 2118 2245 inundans

509 2257 671 2314 usque
694 2248 764 2300 ad
789 2253 1015 2309 medium
1045 2260 1195 2326 colli,
1218 2265 1290 2317 ad
1315 2272 1608 2338 perdenda:
1628 2288 1801 2345 gentes
1826 2298 1919 2347 pro
1940 2284 2111 2354 nihili,

511 2342 563 2388 et
587 2341 791 2406 [renum
820 2354 841 2381 π
878 2350 1071 2405 erroris
1095 2354 1235 2423 quod
1283 2371 1393 2414 erat
1429 2362 1483 2418 in
1516 2341 1749 2425 max—illis
1776 2379 2109 2444 papillarum.

1776 2424 2109 2444 r-,-.--.....-.

506 2424 777 2487 Canticum
816 2437 915 2492 erit
948 2442 1110 2509 vobis,
1155 2448 1288 2503 sicut
1317 2469 1421 2508 no.1:
1447 2462 1786 2531 sanctiﬁcata:
1814 2468 2116 2526 solemnita-

504 2518 592 2582 tis,
622 2531 672 2575 et
696 2526 876 2581 ltetitia
903 2534 1098 2600 cordis,
1136 2539 1270 2593 sicut
1286 2545 1376 2612 qui
1404 2550 1572 2621 pergit
1614 2518 1731 2607 cum
1754 2557 1903 2623 tibia,
1950 2572 2005 2617 ut
2030 2564 2113 2619 in-

503 2617 601 2664 tret
619 2613 673 2669 in
704 2630 926 2675 montem
962 2623 1175 2682 Domini
1216 2632 1288 2684 ad
1318 2613 1521 2703 forte»;
1535 2640 1725 2700 Israel.
1756 2613 1902 2706 LXX,
1931 2671 1947 2709 :
1975 2654 2111 2714 Ecce

503 2720 688 2762 nomen
718 2711 928 2771 Domini
959 2724 1093 2775 venit
1123 2738 1242 2796 post
1263 2738 1466 2801 tempus
1495 2739 1711 2798 multum
1735 2762 1754 2799 :
1794 2750 1986 2807 ardens
2023 2758 2110 2824 fu-

501 2811 591 2850 ror
620 2816 735 2853 cum
761 2807 951 2878 gloria,
980 2812 1245 2888 eloquium
1270 2823 1528 2884 lubiorum
1560 2837 1692 2903 ejus,
1726 2841 1989 2912 eloquium
2014 2849 2108 2904 ira:

503 2887 709 2912 ..1-.-μμ-
801 2907 812 2912 ·
843 2901 853 2911 ⁸
956 2906 967 2912 ‘
1106 2910 1113 2912 “

1580 2887 1692 2903 νη,
1728 2887 1747 2893 ,
1779 2887 1989 2912 ,.,........
2015 2887 2105 2904 ..υν

500 2887 736 2959 plenum,
765 2907 814 2952 et
835 2901 915 2954 ira
943 2906 1140 2975 luroris
1173 2914 1306 2969 sicut
1336 2920 1469 2991 ignis
1505 2926 1788 2998 devorabit,
1819 2945 1870 2990 et
1892 2940 2106 3005 spiritus

1354 2983 1376 2991 ν
1730 2983 1788 2998 "I
1820 2983 1866 2990 "
1893 2983 1990 3005 '1'"
2007 2983 2104 2996 ""‘"

504 2983 618 3051 ejus
645 2988 777 3043 sicut
819 3009 958 3065 aqua
988 2999 1042 3054 in
1072 3005 1228 3074 valle,
1273 3011 1484 3070 trahens
1506 3023 1671 3075 veniet
1701 3042 1863 3098 usque
1903 3034 1972 3087 ad
1995 3038 2105 3091 col-

1212 3072 1219 3074 .
1564 3072 1664 3075 νην*
1702 3072 1861 3098 -ννϊτν
1903 3072 1969 3087 ⁸⁷⁸⁵
1995 3072 2103 3091 υνθ-

499 3072 642 3143 Iunt,
694 3095 742 3135 et
779 3087 1032 3149 dividetur
1081 3107 1138 3151 ut
1188 3108 1454 3164 conturbet
1501 3127 1677 3184 gentes
1725 3138 1877 3194 super
1929 3145 2103 3187 errare

502 3178 655 3236 vano,
684 3182 732 3227 et
757 3178 1027 3252 abjicietur
1059 3206 1220 3255 error.
1257 3208 1308 3252 et
1339 3217 1565 3261 assume:
1590 3225 1677 3264 eos
1716 3213 1771 3268 in
1823 3233 2100 3289 conspectu
2128 3212 2174 3275 Ο

502 3272 677 3289 Mum
762 3266 821 3289 ,η
975 3278 1024 3289 ..

495 3272 700 3361 eorum.
750 3266 1024 3346 Numquid
1052 3298 1253 3357 semper
1275 3303 1474 3357 Oportet
1515 3314 1601 3355 vos
1635 3306 1801 3361 lictori
1826 3322 1875 3365 et
1900 3266 2104 3383 inrgredi

1160 3350 1171 3357 _
1309 3350 1319 3357 _
1519 3350 1597 3355 η,
1635 3350 1795 3361 ...νυι
1826 3350 1871 3365 ν.
1900 3350 2103 3383 "sulcus

495 3350 548 3405 in
586 3369 770 3415 sancta
808 3382 921 3421 mea
949 3370 1166 3445 iugiter,
1220 3387 1371 3452 quasi
1418 3390 1551 3456 festa
1592 3399 1908 3459 celebrantes
1948 3417 2105 3480 atque

498 3452 774 3480 ,.n...l....a—-
832 3478 839 3480 λ
868 3471 881 3480 -
919 3466 930 3476 '
1085 3472 1115 3480 "
1216 3477 1223 3480 ”
1276 3479 1279 3480 ⁷

494 3452 798 3523 gaudentes,
826 3471 882 3515 ut
912 3466 1282 3535 ingrediamini
1319 3496 1436 3536 cum
1467 3486 1595 3544 tibia
1625 3493 1697 3545 ad
1733 3510 1956 3553 montem
1988 3452 2098 3557 Do-

502 3543 629 3597 mini
663 3552 733 3601 ad
759 3549 930 3611 Deum
974 3559 1186 3622 Israel?

1276 3724 1288 3733 _
1466 3724 1603 3742 γὴν.-.
1652 3724 1773 3749 ..υ-νυ
1819 3724 2095 3746 υιιυιιιυιο

497 3724 852 3799 Corripuerat
879 3756 1061 3802 sermo
1100 3755 1451 3821 pl‘OpllellcuS
1480 3780 1577 3822 eos
1600 3809 1615 3830 ,
1648 3773 1738 3840 qui
1779 3787 2098 3849 eoiilemplo

497 3818 695 3849 nos-:lzn
731 3826 820 3849 '\-!
849 3818 901 3849 ,Α
1020 3845 1030 3849 ⁸
1128 3841 1162 3849 -
1206 3844 1217 3849 ’

1102 3818 1110 3819 7
1205 3818 1213 3821 _
1494 3818 1573 3822 γ--
1601 3818 1615 3830 ,
1651 3818 1738 3840 -.'---
1780 3818 1994 3835 νν-ιιυιιι
2024 3818 2092 3841 ἰυ

493 3818 696 3877 auxilio
729 3818 1098 3905 Dei,‘pr0pter
1126 3841 1549 3916 Babyloniorum
1582 3871 1784 3918 metum
1813 3870 1879 3922 ad
1919 3818 2092 3946 Egy-

499 3916 636 3946 ηιιη.
682 3922 898 3946 μην-ωε
941 3928 951 3946 ι
1052 3943 1060 3946 -

1815 3916 1879 3922 ἠ.-
1919 3916 2023 3943 -..ο
2073 3916 2089 3918 τ

499 3916 639 3984 ptios
680 3922 1087 3998 confugiebant,
1122 3950 1176 3992 et
1205 3953 1289 3995 est
1328 3951 1689 4008 comminatus
1716 3916 2097 4024 descendenli-

492 4005 612 4076 bus,
648 4012 717 4068 ibi
741 4032 837 4072 eos
866 4033 990 4079 esse
1013 4029 1327 4089 morituros.
1357 4037 1700 4117 Rursumque
1729 4065 1850 4121 post
1877 4072 2090 4129 pmuas,

493 4113 584 4129 an.
618 4106 703 4129 ..ε-2
740 4108 879 4129 illd,”
1011 4116 1043 4129 ι.
1214 4125 1224 4129 -
1276 4126 1285 4129 -

1613 4106 1625 4117 Ι
1730 4106 1744 4121 1
1804 4106 1814 4108 ‘
1836 4106 1848 4109 '
1916 4106 2090 4129 """v’

492 4113 586 4155 eos
615 4106 705 4173 qui
739 4108 888 4166 illum
920 4116 1110 4175 audire
1139 4125 1444 4186 voluissent
1464 4131 1574 4206 Al.
1600 4106 1946 4221 uoluissenl],
1982 4168 2091 4210 non

492 4197 664 4221 ..ΑΙ---μ
703 4217 720 4221 ι
769 4206 780 4221 ⁸
827 4207 862 4221 η
974 4214 985 4221 ⁸
1043 4214 1056 4221 ⁸
1118 4218 1128 4221 ⁸
1188 4220 1219 4221 η

1469 4198 1485 4206 -
1762 4197 1770 4198 ί
1818 4197 1946 4221 ""J‘
1982 4197 2087 4210 """

488 4197 666 4254 solum
697 4206 800 4259 sub
826 4207 1155 4282 Zorobabel,
1184 4220 1346 4292 Ezra,
1370 4228 1669 4289 ctNecmia
1702 4237 1755 4293 in
1783 4240 2087 4304 Jerusalem

493 4286 831 4351 habitaturus
858 4315 981 4357 esse
1005 4309 1297 4380 promittit,
1329 4318 1425 4372 sed
1451 4323 1711 4393 majorem
1733 4335 1951 4391 cunctis
1970 4354 2091 4395 cre-

490 4378 750 4441 dentibus
783 4392 950 4449 verbo
973 4394 1094 4467 Dei,
1123 4402 1174 4456 ili
1199 4418 1667 4475 consummatione
1699 4426 1886 4482 mundi
1916 4430 2087 4489 beati-

493 4475 733 4536 tudinem
784 4487 1102 4573 pollicetur,
1153 4503 1372 4569 quando
1416 4522 1513 4577 per
1542 4527 1731 4572 omnes
1774 4533 1991 4581 montes
2028 4537 2088 4584 et

484 4571 658 4628 colles
687 4566 908 4637 current
937 4566 1200 4656 aquarum
1224 4592 1446 4654 ﬂumina
1468 4644 1482 4667 ,
1508 4617 1564 4660 et
1594 4608 1893 4671 interfectis

485 4659 576 4728 tis,
606 4667 804 4725 cadent
832 4683 1031 4733 turres.
1061 4679 1213 4738 Luna
1237 4704 1453 4761 quoque
1478 4707 1532 4749 et
1559 4700 1641 4752 sol
1673 4703 1877 4760 clarius
1899 4710 2081 4770 lumen

483 4758 778 4830 accipient,
808 4771 1025 4837 quando
1055 4777 1249 4835 vulnus
1276 4758 1457 4852 populi
1487 4790 1571 4844 sui
1592 4791 1856 4854 Dominus
1880 4803 2082 4874 alliga-

485 4851 624 4904 verit
656 4864 819 4926 atque
860 4871 1156 4924 sanaverit.
1198 4851 1357 4931 Licet
1395 4876 1513 4935 llaec
1541 4884 1758 4952 quidam
1801 4851 2080 4974 ὑπερϐιῗλι.

485 4949 584 4974 ..λ-
647 4942 802 4974 nun
829 4949 953 4974 n-__-,
987 4967 1023 4974 .,
1209 4967 1238 4974 γ.

483 4949 605 5006 κῶς,
637 4942 806 5019 418
829 4949 954 5024 Cyri
986 4967 1345 5033 temporibus,
1377 4974 1468 5041 qui
1492 4942 2082 5056 captivitatem-populi

1395 5036 1407 5041 -
1563 5036 1576 5045 .
1974 5036 2074 5056 μ..

478 5036 763 5105 ηἸεικεινὶι,
797 5043 849 5098 ill
894 5056 1038 5106 terra
1065 5052 1250 5113 luda-a
1291 5065 1505 5133 expleta
1551 5076 1909 5134 contendant.
1940 5082 2074 5151 Quia

480 5124 813 5151 ἓηξι..-1.η..μ
877 5144 889 5151 Α
945 5141 955 5151 ι
1033 5142 1064 5151 .-
1170 5148 1199 5151 _,

479 5124 643 5195 igitur
662 5129 823 5190 bonis
841 5141 1289 5205 ctobedieutibus
1313 5160 1532 5223 pra-mia
1558 5170 1889 5233 repromissa
1921 5124 2070 5245 εἶμι,

476 5234 618 5277 nunc
647 5229 960 5287 econtrario
1000 5236 1159 5293 malis
1201 5251 1255 5297 et
1293 5229 1766 5324 contemptoribus
1803 5229 2071 5336 supplicia

542 5441 569 5514 ς*
608 5432 784 5514 _V_alic.
804 5481 820 5505 ,
846 5438 898 5492 in
918 5457 1014 5495 suo
1043 5460 1198 5514 opere
1225 5452 1561 5513 moriturum.

538 5503 565 5542 ι’
608 5508 752 5594 lonlem
772 5552 787 5574 ,
808 5503 955 5581 quod
979 5515 1047 5581 si,
1077 5503 1131 5571 ut
1149 5535 1294 5583 reor,
1320 5531 1666 5594 complevere.

542 5586 574 5681 ιι¹
615 5577 732 5681 Dpo
762 5577 959 5681 nuisls”
1017 5577 1090 5681 et‘
1128 5595 1332 5678 [renum
1392 5577 1576 5681 errare
1642 5606 1863 5675 faciens,
1925 5613 2066 5681 quod

466 5658 596 5715 erat,
615 5661 730 5733 .ete.
762 5652 929 5738 Paulo
972 5652 1234 5738 po.~t__pro
1267 5666 1401 5723 sicut
1445 5652 1898 5738 nés'eréii'Hi'iiéa

464 5732 584 5827 goat.
604 5722 1068 5827 ‘inps'tzﬁl‘raganle
1096 5722 1326 5792 Hebraeo
1354 5722 2058 5827 textu'i‘ﬁgaﬂetu

468 5792 647 5847 mian‘a
675 5788 951 5854 versione.

1799 299 1859 357 S.
1904 301 2183 364 EUSEBII
2220 309 2603 374 HIERONYMI

3724 343 3832 403 553

2165 427 2607 503 Anuntiautur,
2657 441 2800 509 quod
2851 443 3115 504 Dominus
3176 451 3399 525 impleat
3452 460 3830 528 cogitationem

2237 538 2415 593 suam,
2446 538 2503 582 et
2532 530 2600 585 ad
2633 534 2937 601 puniendos
2987 540 3150 612 longo
3191 557 3311 613 post
3359 557 3609 620 tempore
3658 562 3832 615 veniat

2238 628 2575 686 peccatores,
2606 626 2740 680 etin
2766 643 2992 686 cunctos
3022 618 3351 694 sententiam
3384 644 3645 712 proferat,
3675 649 3832 717 spiri-

2237 716 2403 776 tuque
2429 715 2545 770 oris
2573 719 2656 773 sui
2685 719 2981 780 interﬁciat
3009 726 3256 800 impimn,
3295 750 3456 805 quem
3491 715 3828 815 l'renumrap-

2236 801 2399 869 pellat
2427 804 2595 864 fuisse
2624 815 2944 880 populorum
2974 836 2987 874 :
3020 836 3128 876 non
3158 839 3268 894 quo
3288 828 3570 898 subjectos
3586 847 3817 905 regeret,

2231 895 2326 949 sed
2359 912 2468 967 quo
2513 902 2768 961 subditos
2807 909 2911 964 sibi
2963 913 3205 971 traheret
3256 919 3323 973 ad
3381 895 3620 982 ruinam.
3647 895 3829 985 vPonit

2231 1001 2446 1059 quoque
2473 994 2888 1058 similitudinem
2920 1010 3179 1065 torrentis
3207 1027 3380 1084 usque
3406 1016 3472 1071 ad
3510 1019 3718 1077 collum
3748 1023 3826 1076 in-

2233 1082 2510 1151 undnnlis,
2543 1098 2600 1143 ut
2638 1093 2799 1149 linem
2841 1100 3083 1156 omnium
3117 1082 3333 1161 venisse
3384 1118 3637 1166 lestetur.
3681 1113 3827 1171 Sicut

2229 1173 2373 1229 enim
2402 1188 2615 1237 torrens
2643 1185 2871 1242 sull‘ocat
2902 1206 3050 1255 eum,
3083 1195 3150 1248 ad
3191 1197 3347 1265 cujus
3390 1202 3597 1257 collum
3653 1221 3822 1278 usque

2230 1272 2541 1334 pervenerit
2573 1290 2586 1326 :
2628 1278 2708 1330 sic
2730 1276 2996 1348 judicium
3051 1284 3142 1340 Dei
3190 1289 3465 1347 neminem
3500 1295 3822 1366 impunitum

2228 1358 2382 1415 abire
2407 1365 2662 1432 patietur.
2692 1366 2828 1425 Cum
2859 1385 3042 1431 autem
3068 1376 3310 1448 frenum,
3334 1385 3478 1453 quod
3510 1387 3565 1442 in
3595 1392 3825 1448 maxillis

2227 1461 2345 1507 erat
2373 1458 2614 1514 omnium
2644 1465 2907 1533 gentium,
2938 1483 3062 1525 eum
3086 1473 3319 1530 subditis
3345 1476 3394 1532 ei
3423 1481 3681 1550 gentibus
3712 1500 3827 1550 lter-

2227 1545 2449 1615 didi-rit,
2482 1562 2537 1605 et
2566 1553 2634 1609 ad
2667 1556 2820 1613 nihili
2863 1560 3155 1620 deduxerit
3189 1584 3204 1621 ε
3259 1579 3387 1625 tunc
3420 1545 3599 1640 vobis,
3634 1545 3823 1648 inquit,

2224 1643 2447 1706 Sanctis,
2472 1646 2562 1713 qui
2589 1648 2722 1703 meis
2742 1650 3080 1721 jussiouibns
3102 1660 3362 1730 obedilis,
3384 1664 3493 1720 erit
3520 1670 3818 1738 canticum,

2228 1734 2367 1790 sicut
2392 1733 2420 1774 ά
2450 1754 2554 1794 nox
2577 1744 2929 1802 sanctiﬁcata:
2952 1750 3340 1822 solemnitalis,
3376 1759 3598 1826 quando
3624 1763 3823 1833 επιξεεί

2151 1823 2199 1883 Β
2224 1827 2357 1881 esus
2385 1828 2454 1885 de
2483 1830 2738 1905 Egypto,
2774 1848 2830 1894 et
2871 1841 2925 1894 in
2971 1843 3319 1903 solemnitate
3367 1823 3594 1908 Paschal:
3636 1823 3819 1925 jttgtlm

2224 1924 2502 1979 servitutis
2534 1926 2806 2000 Egyptim
2834 1936 3171 2007 projeeistis.
3195 1941 3442 2001 dicentes
3475 1948 3528 2001 in
3562 1924 3699 2004 mari
3724 1949 3826 2006 Ru-

2224 2011 2322 2067 bro
2362 2014 2644 2076 Pharaone
2691 2024 3027 2083 submerso:
3079 2029 3362 2089 Cantemus
3417 2035 3668 2107 Domino,
3715 2044 3824 2112 glo-

2220 2105 2354 2161 riose
2378 2111 2515 2164 enim
2546 2117 2912 2188 magniﬁcatus
2938 2132 3017 2177 est
3048 2121 3245 2195 (Exod.
3282 2143 3376 2197 xv,
3407 2129 3458 2202 Ι)
3511 2149 3527 2187 :
3557 2142 3613 2187 et
3639 2136 3817 2192 cordis

2222 2209 2367 2256 tanta
2401 2204 2607 2270 la-titia,
2641 2218 2699 2263 ut
2738 2211 3025 2270 imitemini
3056 2230 3154 2271 eos
3179 2218 3270 2290 qui
3305 2220 3373 2276 ad
3416 2226 3683 2295 templum
3720 2228 3822 2297 pri-

2218 2295 2405 2350 mitiva
2426 2307 2729 2371 portantes,
2764 2316 2819 2361 et
2842 2307 2894 2361 ili
2926 2308 3020 2363 Dei
3049 2313 3338 2368 toreularia
3367 2314 3680 2375 deferentcs
3698 2337 3813 2376 mu-

2217 2401 2370 2453 nera,
2404 2404 2637 2463 pergunt
2665 2410 2788 2451 cum
2823 2399 2994 2467 tibiis,
3025 2404 3207 2460 cordis
3236 2422 3269 2477 ε
3288 2408 3430 2463 rudia
3452 2413 3695 2469 carmine
3721 2415 3817 2472 de-

2215 2490 2601 2542 monstrantes.
2652 2489 2777 2546 llaec
2800 2492 2954 2562 juxta
3000 2496 3325 2556 llebraicnm
3369 2502 3525 2559 brevi
3552 2522 3812 2565 sermone

2213 2578 2523 2644 perstrinxi.
2543 2578 2598 2634 lu
2616 2592 2840 2655 utraque
2861 2598 3042 2644 autem
3059 2590 3303 2648 editione
3323 2598 3691 2653 annotandum
3705 2610 3810 2667 est,

2211 2668 2357 2735 quod
2391 2686 2502 2726 lion
2533 2672 2815 2744 Dominus,
2843 2680 2938 2734 sed
2968 2697 3166 2737 nomen
3202 2683 3414 2741 Domini
3440 2698 3567 2759 post
3591 2692 3812 2747 multum

2212 2765 2424 2828 tempus
2442 2761 2716 2830 adveniat,
2745 2767 2815 2823 de
2838 2786 2945 2837 quo
2968 2771 3020 2825 in
3053 2772 3531 2833 Psaltuisdicilur:
3562 2779 3815 2838 Benedic-

2209 2860 2293 2906 tus
2325 2855 2413 2922 qui
2432 2859 2566 2911 venit
2591 2860 2644 2912 in
2671 2863 2877 2918 nomine
2908 2862 3153 2934 Domini,
3187 2867 3332 2924 Deus
3372 2869 3653 2936 Dominus.
3686 2889 3734 2932 et
3751 2877 3813 2932 il-

2208 2942 2343 2999 luzrit
2372 2949 2516 3003 nobis
2542 2949 2988 3031 (Ps.exvn,2(i).
3027 2960 3091 3014 Et
3125 2961 3242 3027 ipse
3268 2963 3586 3033 loquilurin
3622 2969 3805 3025 Evan-

2206 3037 2355 3106 gelio
2375 3053 2392 3093 :
2410 3039 2525 3108 Ego
2551 3047 2664 3098 veni
2685 3046 2740 3101 in
2770 3051 2978 3103 nomine
2991 3050 3159 3126 419
3180 3053 3356 3111 Patris
3370 3059 3489 3116 mei.
3512 3069 3688 3116 etnon
3702 3080 3811 3117 sus-

2205 3130 2411 3200 cepistis
2445 3149 2526 3188 me
2552 3133 2734 3201 (Joan.
2773 3155 2828 3206 v,
2852 3141 2967 3214 45).
3015 3145 3360 3218 l'ulcllreque
3402 3161 3524 3219 post
3576 3155 3807 3211 multum

2206 3228 2419 3291 tempus
2436 3227 2624 3282 venite
2640 3228 2866 3297 dicitur,
2889 3234 3147 3305 loquente
3171 3238 3407 3295 bumana
3428 3242 3808 3312 impatientia:

2211 3311 2508 3387 Usquequo.
2535 3318 2775 3388 Domine,
2807 3326 3119 3383 Oblivisceris
3142 3346 3223 3385 nte
3250 3333 3303 3386 in
3333 3334 3531 3402 ﬁnem?
3557 3341 3807 3409 quamdiu

2204 3412 2389 3464 avertis
2407 3412 2590 3481 [aciem
2611 3426 2754 3471 tuam
2778 3434 2811 3473 a
2840 3436 2922 3473 me
2942 3420 3064 3493 (Ps.
3091 3440 3186 3489 xu.
3217 3425 3314 3497 l)?
3340 3428 3557 3485 Ardens
3590 3451 3803 3506 quoque

2204 3500 2356 3559 furor
2382 3506 2502 3575 ejus
2545 3509 2690 3565 venit
2728 3526 2850 3567 cum
2881 3513 3078 3583 gloria,
3114 3525 3173 3573 ut
3196 3535 3358 3587 quem
3392 3524 3443 3576 in
3487 3500 3799 3582 humilitate

2202 3601 2658 3669 contempsimus,
2701 3605 2753 3658 in
2787 3606 3074 3675 majestate
3106 3609 3419 3668 timeamus.
3461 3614 3579 3672 Hoc
3623 3619 3798 3689 ipsum

2202 3697 2258 3743 et
2284 3690 2335 3743 in
2361 3692 2586 3759 psalmis
2613 3698 2878 3766 scriptum
2908 3711 2995 3756 est
3022 3696 3040 3756 “;
3070 3701 3211 3758 Deus
3238 3707 3517 3778 manifeste
3541 3707 3656 3782 [ΑΙ.
3692 3728 3801 3766 ma-

2203 3783 2444 3857 nifestus]
2484 3789 2668 3856 veniet,
2718 3791 2858 3848 Deus
2898 3804 3074 3850 noster
3099 3809 3149 3850 et
3181 3814 3285 3852 non
3330 3800 3521 3856 silebit.
3567 3802 3723 3875 Ignis
3749 3806 3801 3859 in

2200 3888 2476 3947 conspectu
2498 3884 2612 3953 ejus
2633 3884 2857 3953 ardebit,
2882 3897 2931 3941 et
2963 3887 3015 3941 in
3040 3888 3260 3944 circuitu
3281 3894 3395 3965 ejus
3420 3903 3703 3967 tempestas
3718 3916 3803 3953 ca—

2197 3965 2444 4038 lida(Ps.
2474 3987 2626 4037 xm,
2658 3975 2713 4043 5,
2752 3975 2833 4046 4).
2869 3978 2989 4043 lpse
3010 3982 3158 4034 enim
3186 3982 3430 4053 loquitur
3461 3965 3802 4060 iuVEvange-

2196 4062 2435 4135 lio(Luc.
2459 4083 2558 4134 xu,
2576 4067 2669 4140 49)
2693 4087 2707 4123 :
2742 4069 2920 4144 Ignem
2949 4075 3061 4128 veni
3083 4076 3285 4132 mittere
3313 4095 3469 4152 super
3492 4091 3723 4151 terram,
3755 4093 3800 4138 et

2194 4173 2349 4226 quam
2374 4161 2489 4216 volo
2517 4173 2572 4216 ut
2595 4164 2821 4221 ardeat!
2849 4166 3057 4222 Rursus
3085 4168 3138 4223 in
3165 4171 3273 4223 alio
3306 4173 3519 4241 psalmo
3555 4176 3796 4247 legitur:

2205 4247 2317 4306 Vos:
2340 4250 2550 4308 Domini
2571 4257 2919 4313 intercidentt's
2935 4260 3201 4329 ﬂammam
3223 4264 3361 4333 ignis
3380 4264 3502 4324 (Ps.
3519 4272 3793 4342 uvtll,'.'),

2194 4351 2250 4398 ut
2281 4345 2542 4416 quidquid
2573 4347 2625 4403 in
2659 4348 2866 4404 mundo
2893 4363 2978 4406 est
3006 4351 3136 4409 finiti
3158 4396 3174 4420 ,
3214 4354 3512 4426 lignorum,
3541 4371 3599 4415 et
3626 4363 3797 4431 Stipu-

2192 4434 2291 4503 lie,
2323 4447 2347 4475 ε
2372 4441 2589 4507 rapiens
2611 4439 2829 4495 ﬂamma
2855 4453 3169 4500 consumat.
3196 4444 3353 4503 Unde
3383 4460 3438 4504 et
3472 4450 3622 4505 Deus
3650 4453 3789 4524 ignis

2188 4526 2391 4585 dicitur
2417 4546 2538 4587 esse
2566 4546 2900 4590 eonsumens
2926 4535 3112 4608 (Deut.
3155 4538 3252 4611 tv).
3306 4540 3579 4614 Quodque
3621 4545 3785 4601 infer-

1940 4622 2078 4676 tnul-
2111 4608 2165 4668 Ῑ)
2192 4635 2279 4679 tur
2307 4642 2320 4679 :
2355 4624 2448 4679 Ira
2486 4628 2684 4696 furoris
2713 4632 2829 4700 ejus
2870 4633 3023 4703 quasi
3069 4608 3517 4707 ignisﬁdevorabit',
3547 4641 3792 4712 plerique

2187 4727 2506 4772 ttOSlt‘Ol’lltlt
2536 4716 2671 4772 iram
2714 4718 2919 4777 luroris
2951 4723 3165 4779 Domini
3205 4727 3487 4783 diabolum
3521 4731 3792 4802 interpre-

2184 4818 2390 4874 tantur,
2420 4811 2506 4864 cui
2540 4812 2807 4870 tradimur
2836 4816 2904 4870 ad
2955 4818 3319 4885 puniendum,
3365 4823 3462 4889 qui
3505 4822 3664 4890 juxta
3717 4826 3785 4879 li-

2183 4900 2340 4956 brum
2373 4902 2650 4959 Samuelis
2688 4909 2989 4963 commovit
3020 4909 3210 4976 David,
3251 4926 3311 4964 ut
3339 4926 3663 4973 numeraret
3696 4933 3791 4986 po-

2185 4994 2369 5064 pulum
2407 4995 2498 5050 Dci
2541 4997 2611 5064 (ll
2645 4996 2778 5069 Reg.
2826 5000 2995 5069 xxiv).
3048 5001 3117 5057 Et
3161 5004 3460 5073 Apostolus
3506 5008 3786 5078 loquitur;

2183 5086 2388 5141 tradere
2430 5087 2793 5158 hujuscemodi
2825 5092 3044 5148 Satanas
3090 5096 3145 5149 in
3186 5097 3453 5152 interitum
3492 5104 3687 5168 carnis,
3732 5112 3787 5157 ut

2181 5180 2397 5250 spiritus
2426 5182 2602 5235 salvus
2638 5183 2730 5250 ﬁat
2751 5184 2798 5253 (Ι
2837 5183 2962 5239 Cor.
2991 5200 3044 5252 v,
3083 5184 3161 5258 5).
3195 5186 3295 5243 Hie
3332 5201 3519 5246 autem
3554 5196 3671 5263 ipse
3706 5195 3787 5250 fll-

2179 5287 2293 5337 τοι,
2324 5283 2382 5328 et
2416 5273 2495 5329 ira
2523 5272 2729 5330 furoris
2776 5276 2994 5331 Domini
3034 5279 3173 5334 nihil
3200 5294 3306 5335 suo
3340 5281 3504 5339 faciet
3529 5285 3780 5355 arbitrio,

2247 5470 2274 5509 ά
2332 5473 2513 5543 Atque
2553 5474 2641 5530 hic
2680 5475 2872 5530 iisdem
2911 5476 3001 5558 de,
3026 5479 3205 5558 causis
3253 5490 3622 5556 contextoque
3659 5487 3778 5558 ipso

2171 5543 2581 5641 exigetile’nax,
2611 5563 2709 5618 pro
2731 5564 2828 5633 vox
2847 5550 3311 5641 τεὶςξὶιὶξὶῃξιιξτῌᾼΔ
3370 5621 3391 5641 ²
3512 5625 3526 5641 ⁸
3759 5627 3772 5641 ο

2246 5625 2269 5654 ί·
2315 5616 2369 5671 lu
2399 5617 2574 5693 vatie.
2592 5616 2626 5688 ,“
2643 5622 2851 5693 sapiens
2870 5622 2911 5692 ﬂ
2929 5636 3083 5693 mima
3103 5638 3121 5686 ;
3140 5621 3620 5693 quemadmodum
3644 5627 3773 5684 alibi

2169 5701 2277 5742 non
2308 5705 2418 5747 uno
2452 5691 2508 5747 in
2541 5694 2662 5749 loco
2704 5691 2972 5762 scriptum
3024 5691 3094 5747 ab
3137 5691 3472 5767 Hieronymo
3514 5699 3776 5757 observa-

2170 5771 2314 5815 mUSi
