4010 6382
192 346 288 405 355

712 337 1350 399 COMMENTARIORUM
1395 336 1460 393 ΙΝ
1502 335 1741 396 ISAIAM
1781 335 2203 402 PROPllETAM
2246 340 2378 396 LIB.
2421 341 2492 397 Χ.
2533 340 2688 398 CAP.
2731 340 2920 398 XXXI.

3351 349 3458 406 554

175 458 264 514 sed
309 452 444 524 quod
504 452 606 508 sibi
650 452 815 508 fuerit
864 455 1213 520 imperatum.
1261 450 1417 508 Unde
1465 451 1748 522 sequitur:
1779 456 1832 514 Α
1857 453 1950 508 sed
1974 468 2082 523 quo
2111 469 2210 524 per
2236 453 2521 524 Assyrium
2557 455 2698 510 tliab'
2723 455 2832 509 lum
2864 454 3253 524 intelligamus.
3293 457 3455 514 Deni-

177 549 430 620 Eloquium
453 547 722 602 Eabiorum
751 548 882 615 t-jus,
913 546 1171 615 eloquium
1190 546 1285 600 ira:
1315 544 1546 613 plenum.
1577 543 1753 613 Spiri-

181 653 264 697 tus
285 657 490 711 quoque
517 638 634 706 ejus
660 638 812 706 quasi
840 653 976 706 aqua
1019 640 1073 691 in
1103 637 1267 700 valle,
1303 635 1530 691 trahens
1561 639 1753 692 veniet

179 747 337 802 usque
364 732 422 784 ad
448 729 690 795 collum,
735 739 792 782 ut
825 728 1089 799 Supplicia
1123 744 1289 798 super
1331 738 1646 798 peccatores
1677 728 1757 783 fa-

182 823 282 879 ciat
306 820 624 876 redundare.
654 819 756 886 Qui
786 820 1062 874 dividetur
1092 835 1190 890 pro
1229 821 1492 892 qualitate
1527 823 1751 876 merito-

181 929 311 979 rum,
342 923 396 967 ut
425 910 620 981 perdat
646 926 809 982 atque
841 912 1135 967 conturbet
1174 920 1386 983 gentes,
1421 927 1560 984 quas
1586 928 1756 969 vanus

185 1019 324 1061 error
354 1006 662 1067 seduxerat,
689 1014 746 1060 et
775 1021 835 1060 se
866 1003 1179 1075 intelligant
1205 1007 1605 1074 supplantatas.
1647 1005 1758 1062 Un-

181 1099 330 1155 dead
364 1098 727 1168 hujuscemodi
759 1098 1008 1153 homines
1053 1098 1275 1164 dicitur,
1325 1099 1416 1169 qui
1471 1100 1524 1154 in
1569 1098 1760 1154 mundi

183 1193 331 1263 hujus
359 1193 584 1262 potentia
616 1194 1006 1263 praevalebant,
1035 1201 1089 1247 et
1108 1207 1208 1246 suo
1229 1191 1648 1248 delectabantur
1671 1207 1759 1247 er-

177 1301 316 1346 rore,
349 1299 448 1338 non
484 1298 580 1339 eos
607 1300 828 1354 semper
859 1285 962 1339 huc
987 1297 1110 1338 esse
1141 1283 1401 1338 facturos.
1448 1282 1759 1351 Praecipue-

175 1393 274 1450 que
301 1379 468 1433 locunt
499 1377 665 1432 istum
695 1385 750 1432 ct
777 1387 947 1432 totam
991 1377 1384 1432 continentiam
1415 1378 1636 1447 capituli
1669 1376 1786 1436 ad-.

174 1488 352 1528 versus
373 1473 658 1528 haereticos
684 1481 740 1527 et
781 1472 962 1527 omnia
1005 1471 1286 1541 dogmata,
1321 1485 1442 1540 qua:
1477 1479 1764 1524 sunt-con-

174 1566 328 1623 traria
359 1568 595 1633 veritati,
627 1567 766 1621 dicta
785 1566 1006 1637 quidam
1041 1575 1357 1621 nostrorum
1383 1573 1590 1635 putant,
1619 1565 1763 1634 quod

167 1673 282 1714 cum
317 1658 511 1728 judicii
567 1669 782 1730 tempus
831 1659 1146 1724 advenerit,
1197 1674 1540 1729 nequaquam
1586 1659 1763 1729 ingre-

167 1752 375 1807 diantur
421 1762 620 1808 sancta
649 1754 767 1822 ejus
797 1764 852 1808 et
899 1763 1168 1817 montem,
1220 1752 1270 1805 id
1321 1761 1408 1807 est
1459 1751 1765 1807 Ecclesiam

1855 560 1960 614 que
1991 546 2235 614 sequitur
2264 564 2274 598 :
2313 545 2380 597 Et
2408 547 2502 598 erit
2527 547 2778 599 transitus
2800 547 2957 616 virgte
2981 547 3237 615 fundatus
3261 591 3274 614 ,
3301 566 3455 617 quam

1855 637 2172 706 requiescere
2200 638 2355 707 faciet
2381 634 2635 691 Dominus
2671 655 2827 710 super
2847 654 2984 692 cum.
3017 637 3085 692 Et
3115 647 3202 694 est
3227 656 3455 697 sensus:

1855 729 2203 800 Nequaquam
2239 747 2363 785 eum
2393 732 2540 801 virga
2587 748 2698 802 pero
2722 733 2879 794 utiet,
2927 743 2981 787 et
3015 747 3134 788 eam
3168 749 3354 789 rursus
3385 735 3463 790 le-

1857 821 2027 888 vabit,
2054 838 2115 876 ae
2149 839 2299 878 more
2325 824 2656 879 etcdentiutn
2687 823 2852 878 linem
2885 824 3052 879 faciet
3087 825 3462 894 verberaudi;

1857 915 1952 969 sed
1978 915 2133 983 quasi
2164 915 2438 970 fundatam
2465 925 2521 972 et
2547 917 2657 971 alta
2687 917 2873 972 radice
2899 917 3154 982 delixam,
3192 919 3244 972 in
3287 919 3464 988 poenis

1860 1006 1982 1076 ejus
2011 1005 2170 1078 421
2217 1007 2378 1063 faciet
2428 1023 2772 1078 permanere.
2815 1008 2972 1077 Quod
3006 1009 3051 1063 si
3099 1009 3174 1064 ita
3206 1010 3465 1083 intelligi-

1860 1106 1970 1162 tur,
1997 1100 2082 1153 ttbi
2115 1099 2223 1154 erit
2254 1101 2576 1169 ptenitentia
2597 1100 2801 1155 diaboli
2838 1119 2848 1155 :
2886 1103 3194 1170 prasertim
3225 1118 3345 1157 cum
3377 1103 3462 1158 di-

1860 1201 2016 1245 catur
2064 1191 2494 1260 peccatoribus:
2545 1191 2627 1247 Ite
2657 1194 2708 1246 in
2757 1194 2928 1261 ignem
2988 1205 3259 1262 aeternum,
3313 1212 3464 1267 quem

1862 1284 2174 1354 prwpararit
2205 1283 2344 1338 Deus
2374 1285 2581 1339 diabolo
2612 1296 2657 1338 et
2693 1284 2890 1356 angelis
2921 1287 3032 1356 ejus
3068 1285 3288 1357 (Matth.
3326 1303 3461 1354 xxv,

1861 1375 1980 1444 41).
2016 1377 2071 1430 lu
2101 1378 2373 1447 tympanis
2403 1387 2460 1431 et
2489 1377 2542 1432 itt
2577 1377 2826 1443 citharis,
2875 1387 2934 1434 et
2964 1379 3124 1435 bellis
3176 1380 3467 1452 prazeipuis

1863 1471 2193 1539 expugnabit
2221 1486 2339 1535 eos,
2372 1469 2651 1526 daemones
2677 1471 2933 1526 videlicet
2963 1482 3016 1527 et
3048 1487 3242 1528 omnes
3272 1475 3470 1544 impios

1864 1579 1987 1618 cum
2019 1563 2216 1634 gaudio
2245 1567 2486 1620 omnium
2521 1567 2781 1621 Dominus
2824 1568 3186 1637 expugnabit.
3219 1568 3304 1623 Ab
3347 1569 3466 1626 heri

1866 1658 2067 1727 quippe
2105 1667 2159 1711 et
2190 1675 2218 1710 a
2249 1659 2530 1727 pra-terito
2559 1669 2810 1728 tempore
2843 1669 3144 1728 praeparata
3172 1673 3254 1714 est
3283 1677 3313 1716 a
3340 1677 3468 1733 rege

1873 1751 2105 1805 Domino
2133 1759 2158 1787 ιι
2191 1750 2485 1819 Thopheth,
2520 1753 2569 1805 id
2598 1763 2704 1814 est,
2737 1753 2843 1805 lata
2866 1764 2916 1805 et
2944 1753 3177 1819 spatiosa
3207 1754 3469 1822 gehenna,

163 1845 364 1900 Domini
389 1864 406 1901 :
435 1864 503 1900 ne
541 1847 647 1900 sub
677 1846 958 1916 religionis
1002 1844 1223 1900 nomine
1263 1843 1496 1912 divitias.
1526 1858 1763 1913 Congre-
1790 1849 1840 1909 B
1866 1861 1989 1917 qua:
2014 1863 2108 1901 eos
2133 1845 2356 1900 a-ternis
2383 1856 2506 1900 urat
2536 1845 2851 1901 ardoribus.
2898 1845 3302 1900 Nutrimentutn
3352 1847 3470 1915 ejus

158 1947 298 2010 gout,
337 1940 747 2009 abutanturque
793 1940 1027 2001 luxuria,
1061 1937 1219 2008 quasi
1253 1937 1466 1992 Domini
1509 1935 1644 1994 festa
1673 1952 1764 1992 ce-

155 2031 446 2090 lebrantes.
475 2033 658 2089 Judtei
687 2033 752 2088 de
774 2032 890 2104 Gog
912 2044 964 2088 et
992 2033 1180 2103 Magog
1200 2032 1479 2102 gentibus,
1505 2047 1639 2102 quas
1667 2046 1764 2100 pu~

156 2133 265 2179 tattt
285 2127 352 2180 ab
384 2127 670 2197 Aquilone
700 2137 982 2187 venturas,
1016 2126 1068 2180 id
1094 2136 1199 2187 est,
1227 2126 1293 2180 de
1319 2123 1562 2195 Scythia:
1599 2124 1764 2193 parti-

151 2217 267 2284 bus,
318 2219 438 2275 h:ec
468 2219 814 2288 intelligunt,
866 2217 1032 2291 420
1068 2232 1234 2288 super
1265 2216 1465 2288 quibus
1513 2213 1765 2271 Ezechiel

155 2313 362 2383 plenius
395 2313 648 2383 loquitur
691 2310 903 2383 (Ezech.
943 2312 1079 2383 χιχ).

214 2405 393 2476 (Vers.
428 2405 504 2461 30
539 2406 725 2475 seqq.)
786 2403 853 2458 Et
879 2404 1116 2458 auditam
1163 2403 1317 2472 faciet
1362 2399 1620 2456 Dominus
1651 2400 1768 2472 glo-

147 2497 274 2549 riam
326 2498 470 2551 vocis
523 2497 662 2567 ejus,
713 2507 762 2548 et
793 2506 1036 2550 terrorem
1078 2494 1273 2549 brachii
1312 2496 1391 2548 sui
1439 2491 1674 2548 ostendet
1714 2492 1768 2545 in

150 2593 561 2646 comminatione
597 2590 795 2660 furoris
823 2601 871 2643 et
899 2591 1112 2660 flamma
1138 2590 1273 2659 ignis
1297 2589 1591 2642 devorantis
1612 2585 1769 2640 :alli—

145 2682 223 2738 det
244 2688 297 2737 in
329 2684 554 2738 turbine
580 2691 628 2736 et
654 2684 709 2736 in
752 2681 929 2753 lapide
953 2681 1249 2754 grandinis.
1284 2682 1327 2734 Α
1355 2696 1471 2735 voce
1495 2679 1630 2733 enim
1665 2677 1770 2732 Do-

144 2775 267 2827 mini
311 2775 530 2846 pavebit
567 2774 728 2827 Assur
770 2775 917 2843 virga
965 2787 1260 2844 percussus,
1311 2780 1358 2825 et
1389 2771 1489 2825 erit
1520 2770 1770 2825 transitus

139 2869 296 2940 uirga:
327 2868 605 2936 fundatus
639 2883 658 2922 :
685 2885 839 2938 quam
868 2868 1192 2934 requiescere
1223 2867 1376 2938 faciet
1406 2865 1666 2919 Dominus
1688 2882 1773 2919 su-

137 2976 226 3031 per
255 2979 377 3016 eum
405 2963 467 3016 in
500 2962 766 3032 tympanis
799 2971 845 3015 et
875 2963 928 3014 in
957 2961 1194 3025 citharis,
1228 2971 1276 3013 et
1318 2961 1373 3013 in
1403 2959 1554 3013 bellis
1588 2958 1773 3025 praeci-

135 3056 249 3120 puis
299 3051 645 3125 expugnabit
697 3069 803 3106 eos.
860 3050 1172 3122 Pra'parata
1234 3059 1309 3105 est
1355 3049 1493 3102 enim
1545 3049 1610 3102 ab
1665 3048 1776 3103 heri

140 3145 462 3213 Thapheth.
492 3165 529 3202 a
559 3162 678 3218 rege
699 3155 1000 3216 praeparata
1029 3143 1295 3216 profunda
1335 3154 1381 3198 et
1411 3144 1654 3205 dilatata,
1681 3157 1776 3194 nu-

1863 1949 1918 1994 et
1951 1939 2122 1994 fomes
2175 1940 2312 2010 ignis
2341 1951 2445 2004 ρει,
2493 1950 2547 1994 ct
2581 1940 2727 2010 ligna
2781 1940 2974 1999 multa.
3026 1940 3080 1993 id
3112 1949 3218 2003 est,
3249 1939 3467 1995 flatuma

1865 2040 2127 2101 perpetua
2158 2044 2212 2086 et
2239 2032 2506 2100 supplicia
2537 2043 2909 2101 peccatorum.
2940 2030 3005 2085 Et
3042 2034 3300 2102 quoniam
3327 2033 3470 2088 sicut

1863 2124 1933 2179 de
1953 2124 2168 2178 camino
2188 2135 2243 2178 et
2273 2126 2490 2180 fornace
2514 2126 2658 2194 ignis
2674 2124 2942 2189 ardentis,
2975 2125 3331 2193 propheticus
3355 2139 3471 2178 ser-

1866 2233 1956 2272 mo
1998 2217 2347 2287 prazdixerat,
2380 2229 2562 2272 servat
2594 2218 2989 2287 metaphoram,
3029 2230 3084 2270 ut
3117 2217 3247 2272 flatu
3276 2226 3330 2272 et
3355 2218 3469 2288 spi-

1865 2311 1973 2366 ritu
2007 2326 2070 2366 ac
2112 2313 2390 2366 voluntate
2435 2310 2650 2365 Domini
2705 2310 2844 2364 hanc
2893 2311 3152 2364 succendi
3205 2312 3470 2378 sciamus,

1867 2404 2038 2458 mixto
2064 2404 2347 2471 sulphure,
2401 2402 2544 2471 quod
2611 2402 2882 2467 ﬂammas,
2937 2402 3159 2463 excitat,
3213 2413 3272 2456 ttt
3311 2402 3470 2459 faciat

1869 2499 2082 2553 acriora
2115 2506 2406 2551 tormenta.
2457 2497 2628 2550 Porro
2660 2494 2802 2563 qttod
2848 2495 3006 2564 juxta
3054 2494 3196 2550 LXX
3228 2496 3432 2551 dicitur
3461 2515 3472 2550 :

1870 2589 1951 2642 Ad
1989 2604 2160 2643 vocem
2200 2586 2414 2641 Domini
2452 2588 2838 2657 superabantur
2885 2587 3089 2658 Assyrii
3139 2587 3319 2660 plaga,
3361 2605 3476 2644 cum

1869 2686 2180 2758 percusserit
2207 2701 2315 2750 eos,
2351 2695 2397 2738 et
2425 2686 2524 2740 erit
2543 2686 2588 2738 ti
2609 2685 2664 2738 in
2685 2685 2906 2739 circuitu
2931 2686 3066 2738 unde
3095 2687 3264 2754 fuerat
3287 2696 3333 2739 et
3359 2703 3477 2755 spes

1871 2780 2056 2834 auxilii
2073 2821 2088 2843 ,
2112 2781 2166 2832 in
2193 2795 2292 2845 quo
2320 2779 2649 2844 conﬁdebat:
2683 2778 2786 2846 ipsi
2807 2793 2927 2831 cum
2953 2780 3215 2850 tympanis
3248 2787 3295 2830 et
3317 2776 3484 2830 citha-

1872 2887 1932 2923 ra
1962 2872 2261 2942 pagnabunt
2302 2869 2574 2924 adversum
2617 2887 2736 2925 eum
2779 2885 2842 2924 ea:
2886 2871 3313 2933 commutatione,
3346 2868 3483 2925 illttd

1875 2963 2164 3032 signiﬁcat,
2190 2963 2333 3032 quod
2364 2963 2655 3016 adversum
2688 2961 2964 3016 diabolum
3001 2972 3357 3030 consuigaut,
3390 2961 3483 3032 qui

1875 3056 1921 3109 ei
1949 3053 2218 3123 quondam
2246 3055 2451 3107 subditi
2482 3055 2724 3115 fuerant,
2747 3063 2944 3108 etcum
2972 3055 3175 3124 gaudio
3199 3064 3361 3123 atque
3389 3056 3484 3107 la:-

1880 3146 1994 3200 titia
2024 3145 2285 3199 dimicent
2313 3158 2499 3199 contra
2530 3161 2653 3199 eum
2684 3162 2748 3200 ex
2791 3148 3225 3201 commutatione
3255 3147 3439 3200 subita
3467 3161 3483 3200 :

134 3242 388 3297 trimenta
427 3245 558 3314 ejus
580 3240 739 3308 ignis,
769 3248 816 3292 et
846 3238 994 3307 ligna
1035 3241 1199 3290 multa
1228 3254 1246 3290 :
1275 3237 1431 3306 flatus
1463 3233 1674 3288 Domini
1703 3235 1773 3285 εἰ·
1805 3228 1849 3289 C
1882 3238 2009 3292 duttt
2046 3236 2414 3306 intelligentes
2446 3253 2692 3292 errorem
2733 3252 2918 3299 suum,
2968 3238 3256 3292 destruunt
3301 3254 3424 3292 eum
3459 3253 3490 3292 a

134 3343 211 3386 cut
241 3346 482 3386 torrens
519 3329 790 3401 sulphuris
830 3329 1148 3383 succendens
1190 3344 1322 3381 eam.
1358 3327 1502 3381 LXX
1540 3343 1552 3379 :
1589 3324 1658 3378 Et
1690 3341 1786 3377 au-

131 3428 300 3482 dimm
340 3425 532 3496 faciet
564 3426 819 3477 Dominus
858 3423 1081 3492 gloriam
1131 3423 1267 3475 vocis
1297 3438 1427 3486 saw,
1478 3429 1526 3475 et
1556 3424 1785 3490 furorem

134 3517 342 3574 brachii
378 3516 480 3571 sui
509 3513 750 3569 ostendet
777 3530 896 3568 cum
927 3514 1106 3581 furore
1127 3525 1173 3567 et
1195 3515 1274 3567 ira
1300 3528 1318 3567 :
1348 3524 1396 3568 et
1422 3514 1634 3582 ﬂamma
1652 3512 1787 3584 ignis

132 3611 438 3666 deuorante
472 3608 776 3674 fulminabit
805 3610 1140 3670 vehementer,
1167 3617 1211 3660 et
1229 3607 1366 3660 sicut
1392 3623 1529 3678 aqua
1554 3616 1600 3660 et
1625 3622 1784 3676 gran-

136 3700 200 3753 do
231 3699 594 3756 descenditis
622 3714 740 3752 cum
768 3699 838 3752 vi.
869 3697 950 3752 Ad
974 3714 1144 3752 vocem
1167 3699 1304 3752 enint
1334 3698 1544 3752 Domini
1573 3712 1788 3768 supera-

131 3792 336 3849 bantur
366 3792 598 3863 Assyrii
627 3791 786 3862 plaga
813 3808 914 3859 qua
963 3793 1214 3864 percutiet
1259 3808 1370 3854 eos,
1399 3802 1448 3845 et
1480 3792 1578 3845 erit
1623 3792 1670 3844 ei
1695 3773 1794 3859 per.

133 3887 460 3949 circuitum,
501 3886 646 3938 unde
675 3883 892 3937 habebat
919 3900 1059 3956 spem
1089 3884 1297 3949 auxilii,
1345 3886 1398 3938 in
1422 3902 1526 3955 qtto
1555 3885 1785 3946 con/ide-

130 3978 244 4043 bat,
277 3980 393 4047 ipsi
444 3994 576 4032 cum
621 3978 882 4049 tympanis
930 3985 978 4030 et
1019 3977 1222 4032 cithara
1275 3977 1580 4050 pugnabunt
1610 3990 1788 4033 contra

132 4089 252 4127 emn
289 4089 362 4128 ea:
397 4077 842 4128 commutatione.
887 4071 966 4125 Tu
994 4074 1128 4126 enim
1169 4082 1291 4126 ante
1322 4073 1432 4127 dies
1461 4073 1738 4142 decipieris
1769 4091 1788 4128 :

132 4169 416 4241 numquid
444 4176 500 4220 et
541 4165 633 4219 tibi
659 4182 876 4238 regnum
904 4175 1142 4238 paratunt
1173 4175 1249 4218 est
1277 4165 1304 4218 ?
1338 4164 1542 4218 Vallem
1571 4171 1791 4236 profun-

136 4259 289 4321 dam,
323 4260 493 4331 ligna
534 4259 726 4326 posita,
760 4259 929 4328 ignem
975 4268 1022 4310 et
1083 4257 1225 4326 ligna
1275 4256 1605 4321 multorum;
1644 4259 1793 4324 furor

137 4350 397 4415 Domini.
439 4354 590 4406 sicut
614 4350 764 4405 uallis
789 4349 1040 4420 sulphure
1070 4363 1338 4403 succensa.
1369 4347 1619 4402 Poteram
1641 4347 1792 4414 juxta

139 4444 509 4500 llehraicum
565 4442 692 4513 quid
728 4443 859 4497 ntihi
909 4440 1189 4497 videretur
1216 4454 1448 4495 currens
1494 4437 1796 4509 legentibus

139 4535 451 4603 indicare;
489 4535 594 4590 sed
625 4535 754 4606 quid
807 4536 996 4590 iaciam
1036 4533 1398 4604 quorumdam
1439 4530 1664 4599 studiis,
1705 4531 1796 4600 qui

1887 3345 1997 3398 quo
2035 3330 2247 3398 decepti
2296 3329 2530 3382 fuerant.
2564 3328 2884 3397 Diciturque
2919 3327 2984 3382 ad
3026 3329 3196 3392 illttm,
3243 3328 3387 3398 quod
3419 3331 3488 3382 ab

1889 3425 2044 3481 initio
2102 3441 2162 3478 se
2205 3425 2321 3493 ipse
2377 3424 2696 3491 deceperit,
2740 3437 2963 3492 regnum
3017 3437 3173 3476 suum
3216 3423 3490 3477 atbitrans

1887 3519 2305 3587 sempiternum,
2336 3517 2424 3572 cui
2456 3526 2640 3586 parata
2669 3515 2738 3570 sit
2768 3515 3015 3587 gehenna
3045 3524 3101 3571 et
3127 3526 3331 3570 aeterna
3360 3529 3488 3584 sup-

1888 3611 2074 3682 plicia.

1960 3703 2112 3772 (Cap.
2140 3701 2334 3756 XXXI.
2365 3732 2437 3742 —
2461 3701 2615 3756 Vers.
2644 3702 2669 3756 1
2697 3699 2880 3771 seqq.)
2921 3699 3012 3754 Va:
3034 3701 3124 3772 qui
3169 3699 3490 3755 descendunt

1887 3797 1938 3850 in
1973 3794 2266 3868 {Egyptum
2308 3798 2378 3848 ad
2423 3795 2699 3860 auailium,
2752 3796 2806 3848 in
2833 3793 2974 3864 equis
3008 3805 3295 3866 sperantes,
3321 3803 3369 3847 et
3395 3794 3491 3847 ha-

1889 3890 2060 3944 bentes
2091 3889 2340 3958 fiduciam
2365 3905 2520 3958 super
2542 3887 2832 3961 quadrigis.
2867 3887 2989 3952 quia
3015 3887 3188 3943 multa:
3227 3889 3328 3940 sint
3367 3886 3490 3958 [ΑΙ.

1889 3979 2052 4052 sunt],
2085 3991 2131 4032 ct
2155 3995 2310 4049 super
2336 3980 2614 4049 equitibus,
2647 3979 2769 4047 quia
2793 3977 3063 4049 praevalidi
3103 3979 3278 4041 nimis,
3304 3990 3348 4030 et
3389 3995 3490 4031 non

1890 4083 2009 4126 sunt
2051 4073 2235 4139 con/isi
2271 4089 2423 4144 super
2457 4071 2714 4128 Sanctum
2746 4068 2913 4123 Israel
2937 4085 2955 4122 :
2993 4080 3038 4122 et
3075 4068 3353 4122 Dominum
3394 4085 3496 4123 non

1890 4163 2251 4232 requisierunt.
2287 4161 2411 4231 Ipse
2458 4175 2630 4217 autem
2662 4162 2870 4230 sapiens
2914 4159 3134 4213 adduxit
3184 4161 3401 4216 malum.
3453 4169 3499 4214 ct

1893 4255 2044 4308 verba
2070 4272 2163 4308 sua
2185 4271 2285 4308 non
2314 4255 2550 4320 abstulit,
2576 4265 2624 4307 et
2664 4263 2940 4324 consurget
2968 4267 3146 4307 contra
3160 4253 3364 4307 domum
3383 4269 3502 4323 pes-

1896 4347 2162 4413 simorum,
2211 4359 2256 4400 et
2285 4356 2463 4401 contra
2487 4345 2745 4401 auxilium
2789 4347 3117 4413 operantium
3148 4348 3498 4417 iniquitatem.

1899 4437 2165 4508 Egyptus
2209 4437 2361 4491 homo
2387 4448 2436 4492 et
2468 4456 2571 4493 non
2593 4439 2763 4493 Deus:
2793 4449 2839 4493 et
2874 4441 2991 4500 equi
3030 4457 3206 4494 eorum
3259 4458 3403 4505 caro,
3455 4451 3503 4494 et

1902 4545 2004 4582 non
2024 4531 2271 4596 spiritus:
2299 4540 2345 4582 et
2376 4528 2636 4584 Dominus
2660 4532 2931 4584 inclinabit
2953 4530 3063 4602 [ΑΙ.
3087 4531 3376 4604 inclinat-it]
3397 4549 3507 4585 nut-

143 4627 252 4682 nisi
287 4640 350 4683 et
385 4625 556 4683 LXX
582 4625 946 4696 interpretum
971 4624 1271 4680 editionem
1320 4624 1655 4690 disseruero,
1696 4623 1797 4677 im-
1827 4624 1874 4684 D
1902 4636 2024 4673 num
2062 4636 2230 4682 suout,
2264 4627 2311 4672 et
2331 4629 2534 4672 corruet
2584 4620 2889 4693 auxiliator,
2929 4631 2975 4674 et
3004 4623 3151 4676 cadet
3177 4627 3258 4675 cui
3293 4633 3508 4693 praesta-

148 4722 488 4791 perfectum
525 4736 665 4789 opus
697 4737 784 4776 me
811 4721 1127 4776 habiturum
1159 4737 1281 4778 esse
1307 4720 1676 4776 denuntiant?
1703 4719 1801 4776 Se-

148 4834 294 4886 quar
317 4819 515 4888 igitur
545 4824 765 4883 ceptum
795 4813 1044 4870 ordinent
1069 4814 1399 4873 disserendi.
1433 4814 1546 4869 Vox
1583 4814 1799 4868 Domini

154 4917 332 4981 atque
365 4919 726 4981 prmceptttni
759 4910 1019 4964 omnibus
1062 4919 1186 4962 uota
1232 4908 1384 4974 lieut,
1434 4918 1487 4963 et
1537 4908 1803 4964 fortitudo

153 5001 393 5058 brachii
435 5001 593 5055 illius
624 5002 836 5055 cunctis
870 4999 1110 5070 patebit,
1161 4999 1380 5070 quando
1424 4999 1805 5055 retributionis

158 5103 406 5165 tempus
440 5093 763 5154 advenerit.
799 5095 1034 5147 ﬂammae
1056 5101 1109 5146 ct
1135 5091 1392 5154 turbinis,
1417 5092 1804 5164 grandinisque

156 5186 602 5258 magnitudine,
634 5195 689 5242 et
721 5185 962 5256 pondere
1009 5183 1247 5251 lapiiltnn
1291 5183 1600 5238 deseretur.
1630 5187 1807 5252 Super

158 5294 279 5351 quo
311 5278 597 5335 Ezechiel
632 5280 684 5334 in
731 5277 1039 5350 prOphetia,
1084 5284 1144 5332 ut
1169 5277 1429 5342 diximus,
1475 5276 1590 5348 Gog
1620 5286 1674 5332 et
1702 5276 1810 5332 Ma-

155 5388 298 5444 gog,
329 5377 529 5443 βῗειιιι
553 5388 811 5428 sermone
829 5371 1020 5426 scribit
1043 5371 1262 5426 thech.
1280 5386 1510 5435 xxxviii,
1536 5381 1580 5424 et
1600 5370 1811 5441 xxviii).

164 5466 254 5521 Ad
293 5467 480 5520 vocis
511 5465 627 5535 ejus
659 5466 952 5535 imperium
977 5465 1197 5533 pavebit
1215 5464 1386 5520 Assur
1411 5465 1562 5534 virga
1592 5479 1820 5536 percus-

162 5575 293 5615 sus.
342 5556 564 5614 Omnis
591 5558 822 5626 impius,
856 5558 1036 5612 omnis
1063 5556 1307 5611 imitator
1335 5556 1515 5628 gentis
1548 5556 1819 5612 inimicas:

168 5666 288 5707 non
336 5663 477 5722 quo
515 5647 570 5704 in
601 5649 691 5705 die
715 5649 908 5721 judicii
962 5651 1110 5706 solus
1138 5649 1210 5705 sit
1237 5647 1520 5704 feriendus
1545 5645 1824 5719 Assyrius,

1904 4723 1988 4768 tur
2013 4713 2288 4776 auxilium,
2317 4712 2576 4785 simulque
2603 4729 2782 4767 omnes
2802 4724 3188 4768 consumentur.
3215 4715 3342 4770 Post
3365 4731 3504 4770 unus

1901 4810 2279 4879 jumentorum
2312 4807 2522 4874 Austri,
2553 4815 2608 4861 et
2637 4820 2738 4862 eos
2759 4806 2850 4875 qui
2881 4807 3176 4874 portabunt
3206 4811 3257 4861 in
3304 4804 3512 4878 Egyp~

1910 4911 2020 4954 tum
2054 4899 2273 4953 divitias
2301 4913 2431 4954 suas
2461 4898 2526 4952 ad
2551 4898 2838 4969 populum,
2872 4898 2967 4968 qui
2989 4900 3073 4952 eis
3099 4897 3362 4968 prodesse
3403 4916 3509 4955 uuu

1909 5001 2147 5064 poterat,
2176 4992 2270 5061 qui
2301 4995 2598 5060 sperabant
2624 4991 2886 5047 auxilium
2916 4989 3081 5065 422
3109 5011 3159 5046 ιιι
3191 4992 3509 5054 fortitudine

1912 5085 2238 5150 Pharaonis,
2263 5095 2318 5139 et
2348 5085 2626 5140 habt-bant
2656 5084 2909 5141 fiduciam
2944 5087 2996 5141 in
3029 5088 3220 5142 umbra
3265 5088 3510 5162 Egypti,

1915 5180 2015 5233 sub
2044 5179 2234 5246 specie
2263 5177 2598 5232 l‘th‘l‘rittlliS
2629 5179 2681 5232 in
2708 5176 3041 5246 Jerusalem,
3081 5191 3137 5236 et
3185 5184 3519 5251 raptmtatis

1915 5271 2164 5326 laxanda:
2189 5269 2294 5322 sub
2323 5267 2485 5338 Cyto,
2515 5269 2584 5324 de
2610 5274 3088 5328 consummatione
3117 5276 3329 5336 saeculi,
3369 5286 3422 5328 et
3449 5274 3518 5329 de

1919 5368 2159 5432 perlecta
2208 5360 2478 5430 justorum
2538 5362 2877 5418 beatitudine
2929 5380 3114 5418 sei-mo
3167 5365 3520 5433 propheticus

1921 5457 2234 5510 nuntiarat:
2262 5469 2406 5508 nunc
2438 5459 2731 5511 revertitur
2761 5455 2828 5508 ad
2864 5456 3113 5518 eosdem,
3147 5455 3217 5508 ad
3248 5473 3386 5525 quos
3426 5473 3521 5513 sn-

1925 5565 2020 5621 pra
2054 5550 2269 5603 locutus
2293 5547 2470 5602 fuerat
2498 5563 2564 5603 ne
2595 5547 2998 5603 descenderent
3025 5548 3078 5602 in
3113 5547 3432 5619 Egyptum.
3459 5553 3526 5608 Et

1930 5647 2033 5702 hoc
2064 5645 2208 5701 inter
2237 5651 2571 5718 praesentem
2601 5643 2782 5701 locum
2800 5651 2886 5699 est
2910 5649 2968 5698 ct
2998 5643 3358 5714 praeteritum,
3380 5647 3527 5718 quod

247 5818 282 5847 ι
318 5809 532 5866 Antea
566 5814 685 5864 erat
733 5804 1078 5878 Theopheth:
1129 5822 1261 5866 mss.
1307 5823 1439 5868 vero
1473 5807 1711 5882 Thopeth
1742 5807 1948 5881 legunt.
