4010 6346
545 305 656 366 855

1811 286 1868 342 s.
1912 281 2184 341 susse"
2223 271 2603 340 IIIERONYMI
3727 273 3816 346 iss

545 421 620 476 ibi
650 417 956 490 praccipitur
983 409 1144 466 tribui
1167 407 1340 476 Iudae,
1369 421 1437 462 ne
1481 403 1816 460 descendant
1847 404 1902 458 in
1937 401 2141 473 Egyp-
2169 405 2223 465 Α
2247 402 2423 456 cendet
2449 401 2702 455 Dominus
2720 401 3055 470 exercituum,
3076 409 3134 456 ut
3165 403 3428 474 prcelietur
3443 419 3598 476 super
3623 417 3813 463 montem

549 522 692 578 tum;
725 511 810 564 hic
832 507 956 577 quia
983 507 1298 570 contempto
1325 498 1555 569 imperio
1583 497 1817 562 Domini,
1850 495 2149 552 descensu-

550 607 594 662 ri
620 606 762 666 sint,
811 596 1217 670 propltetalur:
1263 603 1319 649 et
1371 591 1518 663 quod
1559 606 1588 644 a
1639 587 2150 644 Nabu;hodonosor

549 709 678 768 rege
707 689 1030 763 Babylonio,
1069 699 1174 742 tam
1198 685 1364 742 lsrnel
1391 701 1552 755 quam
1577 684 1844 755 Egyptii,
1881 691 1988 736 tam
2023 697 2146 751 pcr-

548 791 688 862 fuga:
717 801 880 858 quam
911 782 1268 839 auxiliatores
1303 778 1508 850 pariter
1533 779 1894 832 trucidentur.
1933 775 2010 828 De
2043 788 2150 844 quo

546 881 814 942 Ieremins
843 877 1162 951 plenissime
1191 876 1242 932 lo
1264 875 1430 943 tuitur
1460 870 1672 944 (Jerem.
1709 873 1865 940 seu).
1897 869 1990 923 Vm
2019 883 2152 938 ergo

547 975 634 1032 his
673 975 766 1046 qui
816 970 1162 1028 descendunt
1203 969 1254 1022 in
1301 965 1620 1037 Egyptutn,
1669 971 1724 1018 et
1770 961 2148 1017 Chaldaeorum

547 1082 718 1136 metu,
768 1067 982 1122 Domini
1017 1069 1290 1134 praecepta
1326 1065 1717 1124 contemnunt,
1773 1065 2057 1126 sperantes
2095 1053 2148 1108 in

543 1160 876 1225 idololatris,
923 1159 1014 1228 qui
1043 1156 1142 1212 Dei
1178 1153 1386 1210 cultum
1417 1143 1622 1208 habere
1654 1163 1712 1204 se
1732 1149 1967 1220 iactant;
1995 1157 2046 1202 et
2096 1147 2150 1201 in

545 1262 814 1323 equorum
863 1251 1066 1306 auxilio
1107 1248 1466 1315 contldentes,
1517 1245 1773 1300 nesciunt
1820 1243 2088 1311 scriptum
2133 1257 2144 1293 :

551 1345 750 1401 Fallax
778 1360 934 1417 equus
959 1344 1012 1398 in
1041 1343 1260 1397 salutent
1309 1337 1429 1410 (Ps.
1463 1353 1635 1400 xxxrl,
1663 1335 1791 1407 l7);
1839 1334 2152 1403 habentque

553 1438 808 1494 ﬁduciam
842 1451 1008 1506 super
1038 1433 1316 1505 quadrigis
1347 1441 1402 1487 et
1446 1431 1705 1486 curribus
1748 1439 1801 1484 et
1839 1428 2148 1498 equilibus;

553 1547 658 1590 nec
683 1532 1046 1587 recordamur
1071 1529 1216 1583 illius
1234 1525 1476 1582 Cantici:
1511 1523 1720 1594 Equum
1746 1533 1794 1576 et
1829 1535 2151 1576 ascensorem

555 1625 747 1699 dejecit
779 1625 832 1678 in
863 1639 1008 1677 mare
1053 1620 1252 1691 (Exod.
1289 1635 1380 1687 xv,
1417 1616 1495 1688 i).
1537 1617 1604 1672 Et
1633 1632 1740 1670 non
1781 1624 1908 1670 sunt
1960 1613 2150 1668 conﬁsi

555 1731 726 1789 Super
753 1719 1014 1773 Sanctum
1057 1714 1250 1778 Israel,
1285 1713 1376 1780 qui
1415 1711 1760 1766 manentibus
1799 1709 1850 1764 in
1883 1718 2024 1764 terra
2059 1709 2152 1763 Ju-

555 1810 708 1872 daun,
737 1827 892 1864 suum
928 1825 1023 1880 per
1044 1809 1338 1864 Jeretniam
1370 1805 1733 1876 pollicebatur
1768 1804 2051 1856 auxilium.
2087 1799 2154 1854 Et

561 1903 840 1958 Dominum
876 1917 979 1956 non
1030 1901 1407 1969 requisicrunt;
1450 1911 1558 1950 non
1606 1909 1715 1965 quo
1751 1909 1859 1948 non
1891 1893 2160 1962 requisie-

550 1997 692 2060 rint;
725 1995 823 2048 sed
863 2007 972 2061 quo
1016 1991 1268 2061 requisiti
1313 1989 1477 2043 verba
1517 1987 1970 2056 contempserint.
2003 1983 2158 2040 Unde

555 2089 702 2147 etde
728 2087 888 2141 malis
925 2083 1306 2139 sacerdotibus
1349 2080 1576 2135 dicitur:
1619 2078 1718 2144 Qui
1759 2078 2008 2132 deuorant
2050 2075 2160 2148 ple-

553 2182 664 2238 bent
697 2193 861 2233 meum
883 2221 898 2238 .
929 2176 1214 2230 Dominum
1245 2191 1348 2228 non
1385 2174 1752 2226 invocarerunt
1782 2169 1902 2242 (Ps.
1959 2185 2052 2234 LII,
2096 2169 2152 2235 5,

552 2273 630 2344 6).
656 2272 774 2342 Ipse
805 2279 986 2324 autem
1012 2269 1250 2336 sapiens,
1279 2265 1330 2320 id
1355 2275 1460 2332 est,
1491 2265 1774 2324 Dominus,
1797 2261 2020 2316 adduxit
2046 2275 2160 2314 ma-

552 2367 666 2423 lum
695 2377 860 2438 Super
888 2377 1006 2429 eos,
1036 2372 1090 2417 et
1138 2361 1460 2431 pessimum,
1491 2357 1749 2413 videlicet
1791 2354 2156 2411 Nabuchodo-

551 2460 911 2528 nosor,‘sive
949 2459 1200 2514 abstilute
1243 2457 1468 2522 malum,
1509 2470 1623 2510 rem
1675 2453 2010 2522 signiﬁcans,
2053 2467 2158 2504 non

551 2567 878 2625 personam:
912 2550 1150 2606 etverbii
1191 2563 1288 2604 sua
1339 2563 1447 2600 non
1489 2545 1746 2609 abstulit,
1786 2559 1906 2614 qua:
1944 2545 2159 2600 locutus

549 2645 730 2702 fuerat
775 2661 871 2715 per
903 2643 1227 2714 Pr0pbetas.
1257 2638 1624 2707 Quamodrem
1662 2643 1956 2706 consurget
1997 2651 2160 2704 super

555 2739 760 2794 tribum
782 2737 976 2791 .ludam
999 2735 1224 2789 domum
1253 2731 1646 2802 pessimorum,
1687 2737 1742 2783 et
1767 2739 1958 2782 contra
2001 2728 2158 2780 auxi-

551 2831 689 2887 lium
716 2827 1117 2897 Aigyptiorum,
1135 2825 1226 2894 qui
1245 2832 1542 2892 operantur
1568 2819 1928 2890 iniquitatem.
1957 2818 2160 2890 .-t':'gyp-

553 2931 634 2978 tus
655 2923 824 2986 enim,
849 2922 966 2974 sire
1012 2916 1320 2988 ﬂigyptius,
1357 2925 1412 2969 ut
1447 2913 1588 2968 LXX
1619 2912 2039 2977 transtulerunt,
2063 2909 2159 2962 ho-

551 3032 638 3071 mo
669 3023 760 3078 est,
791 3023 839 3068 et
868 3030 970 3068 non
1001 3013 1184 3066 Deus:
1223 3019 1272 3063 et
1301 3010 1417 3080 equi
1453 3023 1630 3062 eorum
1661 3023 1804 3070 caro,
1837 3015 1884 3058 et
1917 3021 2020 3058 non
2049 3005 2159 3075 spi-

547 3109 698 3163 ritus.
735 3105 888 3163 Unde
923 3113 978 3160 et
1009 3107 1060 3158 in
1107 3103 1344 3158 .leremia
1385 3101 1650 3170 scriptum
1683 3107 1793 3154 est:
1841 3097 2156 3151 Maledictus

2189 1800 2521 1862 “Dicamus
2585 1810 2640 1854 et
2707 1801 2868 1854 aliam
2942 1804 3418 1872 comparationem
3473 1823 3486 1857 :

2254 493 2405 558 Sion,
2423 503 2467 548 et
2493 511 2646 566 super
2667 493 2847 548 collem
2863 498 2996 567 ejus.
3019 495 3296 551 Sicutaves
3315 497 3469 551 volun
3479 503 3571 562 tes,
3589 498 3659 551 sic
3681 507 3818 569 prote-

2251 595 2332 659 get
2364 586 2616 642 Dominus
2637 585 3286 654 exercitttumlet‘usalem,
3319 597 3594 660 protegens
3632 603 3678 645 et
3713 591 3817 646 libe-

2251 697 2396 746 ναης,
2415 681 2668 736 transiens
2691 691 2736 732 et
2757 678 2982 734 sulcatis.
2999 677 3066 735 'la
3089 683 3396 738 manifestis
3413 693 3574 737 unam
3596 684 3820 752 ponimus

2253 772 2570 838 editinttem,
2603 775 2839 828 rnaxime
2857 773 2946 828 ubi
2971 775 3120 828 nulla
3143 773 3436 831 diversitas
3461 779 3718 831 sensuum
3733 785 3816 833 est.

2252 863 2496 920 Ciusisin
2537 865 2768 935 t‘Egypto
2805 865 3068 921 lsraelitis
3101 875 3155 921 et
3194 867 3491 938 Egyptiis‘,
3529 869 3586 922 in
3619 875 3822 939 quorum

2255 958 2456 1012 auxilia
2479 957 2843 1026 conﬁdebant,
2873 965 3222 1015 revertentur
3247 959 3354 1032 [Αι.
3388 961 3754 1036 revertuntur]
3777 963 3818 1018 in

2253 1052 2578 1117 Jerusalem,
2603 1053 2744 1124 Cyro
2771 1063 3059 1124 regnante,
3081 1055 3302 1124 captivi.
3331 1055 3394 1109 Et
3421 1065 3520 1124 per
3551 1055 3684 1110 duas
3703 1058 3824 1112 simi-

2255 1143 2535 1211 litudines,
2583 1145 2821 1210 Domini,
2853 1146 3034 1217 quise
3073 1147 3190 1202 fore
3233 1148 3546 1217 adiutorem
3586 1149 3821 1218 prornisc-

2253 1247 2362 1302 rat,
2405 1237 2672 1294 fortitudo
2693 1247 3048 1294 monstratur.
3077 1241 3226 1296 Sicut
3247 1241 3333 1296 leo
3363 1249 3415 1296 et
3441 1242 3658 1297 catulus
3679 1241 3824 1298 leonis

2255 1333 2530 1397 esuriens,
2567 1332 2612 1386 si
2649 1340 2843 1387 cernat
2881 1333 3064 1386 avium
3095 1347 3337 1403 gregem,
3380 1331 3526 1388 nulla
3575 1341 3824 1401 paStorum

2255 1433 2681 1492 voce‘tcrrctur,
2716 1435 2772 1480 et
2811 1426 3220 1481 multitudinem
3257 1441 3449 1480 eorum
3481 1429 3726 1483 conscius
3757 1428 3828 1483 viJ

2255 1519 2394 1572 rium
2428 1533 2646 1572 suarum
2678 1519 2942 1588 despicit:
2971 1518 3050 1574 sic
3071 1519 3334 1573 Dominus
3353 1522 3690 1575 exercituum
3713 1537 3830 1592 prat-

2254 1612 2496 1679 liabitur,
2551 1627 2658 1667 non
2686 1621 2877 1668 contra
2903 1623 3138 1668 montem
3195 1612 3326 1668 Sion
3358 1623 3412 1668 et
3463 1615 3662 1669 collem
3705 1615 3824 1686 ejus,

2258 1723 2425 1777 super
2493 1715 2730 1762 montem
2792 1709 2924 1763 Sion
2987 1719 3180 1763 contra
3258 1708 3604 1764 adversarios
3679 1711 3823 1765 illius.

3569 1803 3830 1871 Quomodo

2259 1909 2391 1948 aves
2429 1905 2488 1948 ut
2525 1893 2830 1949 defendunt
2877 1894 3045 1950 [mtas
3077 1909 3227 1954 suos.
3277 1897 3434 1950 nidos
3475 1899 3830 1968 supertolant,

2257 1995 2313 2040 et
2342 1988 2458 2041 sive
2486 1997 2826 2056 serpentem,
2869 1990 2984 2045 sive
3015 1987 3294 2044 hominem
3327 1990 3584 2058 viderint,
3619 2005 3833 2061 avesque

2258 2079 2392 2134 alios
2429 2081 2496 2135 ad
2529 2081 2706 2151 pullos
2737 2085 2867 2136 suos
2911 2083 3196 2146 accedere,
3233 2083 3414 2138 oblitzc
3445 2085 3831 2152 imbecillitatis,

2259 2181 2438 2228 rostro
2485 2183 2726 2243 pugnant
2769 2183 2824 2229 ct
2879 2175 3182 2244 unguibus,
3224 2175 3586 2248 doloremque
3625 2177 3836 2248 pectoris

2258 2269 2476 2337 garrula
2501 2284 2632 2322 voce
2655 2271 3034 2338 congeminant
3057 2289 3068 2323 :
3093 2271 3174 2324 sic
3199 2269 3464 2326 Dominus
3499 2279 3742 2344 proteget
3759 2273 3840 2327 Je-

2260 2362 2522 2427 rusalem,
2548 2369 2603 2416 rt
2636 2363 2888 2417 liberabit
2918 2377 3036 2418 eam
3071 2363 3365 2424 transiens.
3400 2371 3566 2435 atque
3598 2365 3834 2421 salvabit.

2260 2451 2366 2506 Pro
2385 2461 2699 2518 transeunte,
2727 2455 2778 2508 in
2799 2455 3104 2509 llcbraico'l
3134 2459 3329 2510 νηριδες
3365 2456 3416 2510 in
3445 2457 3634 2520 tribus,
3663 2467 3842 2527 praeter

2259 2543 2425 2606 LXX,
2443 2545 3164 2622 interpretibusuaspéaimv
3195 2547 3434 2616 ponitur.
3453 2547 3524 2601 Et
3551 2555 3659 2617 duo
3681 2545 3842 2601 mani-

2259 2638 2456 2692 festum
2489 2649 2593 2704 est,
2615 2639 2840 2704 Pascha,
2869 2640 2970 2695 hoc
2993 2651 3097 2706 est,
3123 2639 3291 2695 l’ltasc
3315 2635 3720 2714 Dnmini,52&
3739 2655 3838 2696 non

2261 2732 2553 2801 passionem
2599 2732 2935 2801 signiﬁcare,
2985 2733 3080 2788 sed
3134 2741 3432 2790 transitum.
3479 2737 3630 2804 Quod
3672 2743 3838 2791 antem

2263 2821 2596 2878 Dominusin
2626 2827 3043 2881 similitudinem
3070 2827 3250 2882 arium
3275 2835 3556 2897 proteletur
3587 2827 3742 2886 fuerit
3763 2843 3844 2884 su;

2261 2916 2707 2984 per.lcru;~alem,
2747 2921 2798 2970 in
2847 2919 3144 2990 Evangelia
3184 2922 3302 2990 ipse
3339 2925 3610 2976 testatur:
3647 2921 3844 2976 Jerusa:

2261 3007 2379 3076 leni,
2398 3009 2430 3062 J
2439 3009 2714 3077 erusalem,
2729 3029 2844 3082 qua!
2859 3014 3052 3067 occidis
3073 3013 3379 3086 Pt‘ephetas,
3396 3027 3442 3068 et
3457 3014 3666 3087 lepidas
3677 3035 3756 3071 eos
3765 3015 3844 3087 qui

2261 3101 2330 3152 ad
2353 3113 2400 3156 te
2429 3103 2574 3156 missi
2609 3114 2727 3156 sunt
2761 3104 2943 3170 (Matt.
2981 3119 3131 3172 sxttt,
3167 3105 3298 3177 37):
3319 3111 3520 3178 quoties
3547 3108 3658 3180 [.tl.
3690 3110 3844 3180 quatis

553 3199 708 3254 homo
743 3200 832 3270 qui
879 3213 1022 3266 spem
1055 3195 1203 3249 habet
1253 3197 1306 3248 in
1351 3193 1578 3258 homine,
1604 3197 1651 3245 et
1678 3191 1902 3260 ﬁrmarit
1949 3205 2159 3242 carnem
2187 3192 2228 3251 C
2265 3191 2526 3265 diejvolui
2553 3210 2870 3268 congregare
2891 3197 3028 3266 ﬁlios
3051 3205 3187 3258 tuos,
3213 3201 3346 3252 sicut
3361 3199 3566 3270 gallina
3585 3209 3846 3275 congregat

552 3291 752 3346 brachii
780 3292 881 3354 sui,
909 3299 960 3346 et
983 3305 1015 3342 a
1047 3287 1268 3341 Domino
1289 3285 1496 3340 recessit
1515 3301 1602 3337 cor
1631 3286 1760 3354 ejus.
1801 3281 1864 3334 Et
1887 3281 1980 3335 erit
2007 3281 2156 3351 quasi

554 3387 747 3457 myrice
775 3386 828 3439 in
854 3384 1076 3446 deserto,
1115 3397 1230 3453 qua:
1252 3397 1352 3434 non
1379 3377 1567 3432 videbit
1606 3393 1722 3428 cum
1763 3376 1993 3430 venerint
2021 3375 2155 3428 bona

551 3477 772 3549 (lerant.
799 3491 931 3540 xvu,
959 3477 1015 3540 5,
1044 3477 1120 3544 ti).
1151 3473 1214 3526 Et
1245 3471 1419 3525 inalio
1439 3471 1556 3523 loco
1572 3468 1836 3537 scriptum
1863 3477 1966 3522 est.
2003 3465 2156 3519 Vana

556 3573 698 3625 satus
747 3571 971 3623 hominis
997 3566 1117 3637 (Ps.
1164 3581 1275 3628 υς,
1309 3563 1420 3632 15),
1479 3563 1613 3628 sive,
1647 3572 1704 3613 ut
1761 3561 1956 3615 nrelius
1988 3559 2156 3612 habe-

557 3673 643 3718 tur
677 3665 730 3715 in
761 3663 1014 3724 lit-.brmo,
1049 3661 1100 3712 in
1127 3658 1353 3711 homine.
1376 3657 1620 3725 Cumque
1648 3655 1906 3709 Dominus
1935 3667 2155 3706 manum

554 3769 709 3810 suam
742 3751 1047 3806 cxtenderit
1087 3748 1250 3820 523
1278 3747 1342 3802 ad
1388 3747 1744 3817 puniendum,
1787 3746 1871 3799 vel
1917 3744 2160 3798 declina-

560 3847 732 3908 verit,
786 3843 888 3898 sub
943 3841 1258 3912 metaphora
1298 3839 1530 3909 auriga},
1573 3847 1628 3892 et
1659 3837 1846 3892 frenos
1887 3849 2154 3905 equorum

555 3937 894 4006 currentium
945 3935 1226 3999 relaxarit;
1266 3940 1488 3986 corruet
1523 3929 1815 3984 auxiliator
1841 3927 2154 3999 Egyptius,

556 4043 610 4088 et
632 4029 802 4085 Israel
823 4029 910 4083 cui
937 4025 1304 4092 priestabatur
1326 4023 1609 4079 auxilium.
1637 4023 1769 4089 Quae
1791 4023 2006 4093 quidem
2034 4037 2157 4091 pos-

557 4138 750 4180 sumus
781 4120 1093 4190 intelligere
1115 4128 1167 4174 ct
1188 4133 1352 4188 super
1378 4119 1463 4172 his
1489 4118 1580 4187 qui
1605 4115 2006 4187 persecutionis
2025 4126 2158 4169 tctu-

562 4231 698 4285 pore
726 4223 784 4268 et
810 4211 1180 4269 tribulationis
1215 4221 1376 4281 atque
1420 4211 1686 4280 angustia:
1715 4223 1824 4263 non
1869 4207 2159 4264 conﬁdunt

569 4309 624 4363 in
655 4307 910 4373 Domino,
945 4305 1040 4360 sed
1073 4305 1124 4358 in
1149 4301 1556 4375 Egyptiorum,
1594 4301 1647 4355 id
1679 4310 1783 4366 est,
1809 4301 2153 4356 semul-arium

559 4401 846 4455 hominum
872 4397 1110 4462 auxilio;
1145 4397 1455 4451 nescientes
1479 4393 1758 4450 Abraham
1791 4394 2155 4466 periclitatum

558 4495 614 4550 in
645 4493 905 4564 dirupto,
935 4499 990 4546 et
1019 4491 1110 4546 Dei
1137 4490 1394 4560 populum
1432 4491 1546 4544 luto
1576 4497 1636 4546 et
1667 4489 1934 4545 lateribus
1980 4491 2032 4544 in
2063 4490 2153 4544 illa

2259 3286 2428 3356 pit-’10s
2447 3303 2566 3339 suos
2595 3283 2688 3339 sub
2716 3287 2830 3341 alas
2849 3301 2990 3352 suas,
3025 3299 3072 3344 et
3085 3289 3418 3345 noluisti?Et
3447 3293 3496 3346 itt
3523 3293 3847 3348 Deutcronoé

2261 3379 2370 3432 min
2391 3379 2593 3433 dicitur
2609 3379 2678 3434 de
2693 3380 2956 3436 Domino:
2987 3380 3254 3454 Expendit
3274 3386 3390 3437 alas
3411 3397 3556 3448 suas,
3575 3395 3622 3438 et
3642 3385 3848 3454 suscepit

2261 3485 2370 3534 eos,
2391 3477 2437 3522 et
2468 3473 2690 3541 portavit
2722 3487 2806 3526 eos
2829 3474 2885 3526 in
2923 3474 3150 3528 humeris
3189 3477 3296 3530 suis
3319 3475 3501 3548 (Deut.
3536 3483 3714 3540 xxiii.
3745 3475 3845 3548 il).

2333 3562 2515 3632 (Vers.
2547 3565 2580 3617 ti
2611 3561 2792 3634 seqq.)
2841 3565 3226 3633 Convertimini,
3270 3569 3404 3622 sicut
3441 3571 3494 3624 iit
3541 3571 3849 3646 profundum

2259 3658 2604 3721 recesset-alis,
2639 3657 2738 3726 ﬁlii
2768 3657 2956 3715 Israel.
2992 3659 3059 3714 In.
3087 3662 3171 3715 die
3203 3663 3340 3717 enim
3383 3663 3482 3718 illa
3528 3667 3740 3739 objiciet
3785 3667 3851 3720 rtt‘

2257 3747 2400 3800 idola
2428 3751 2630 3818 argenti
2653 3752 2732 3804 sui
2763 3767 2806 3806 et
2837 3753 2980 3806 idola
3001 3757 3118 3809 auri
3149 3758 3252 3822 sui,
3301 3773 3416 3827 qua:
3457 3761 3694 3829 fecerunt
3721 3759 3850 3814 vobis

2259 3853 2444 3894 manus
2473 3855 2656 3898 vestra:
2697 3846 2750 3898 in
2781 3855 3066 3917 peccatum.
3113 3847 3178 3902 Et
3207 3850 3352 3904 cadet
3397 3851 3564 3906 Assur
3601 3855 3659 3908 in
3687 3851 3848 3923 gladio

2259 3949 2362 3988 non
2387 3937 2502 4002 viri,
2528 3947 2574 3990 et
2604 3939 2810 4008 gladius
2839 3955 2942 3994 non
2965 3943 3186 3995 hominis
3217 3945 3412 3998 vorabit
3448 3963 3564 4000 eum
3585 3964 3604 4002 :
3627 3955 3676 4002 et
3703 3949 3852 4021 fugiet

2259 4043 2360 4080 non
2399 4045 2430 4081 a
2462 4031 2595 4100 facie
2626 4031 2812 4100 gladii,
2854 4047 2899 4088 et
2920 4038 3140 4107 juvenes
3158 4037 3271 4107 ejus
3293 4040 3570 4110 vectigales
3594 4053 3766 4096 erant.
3790 4039 3852 4094 Et

2260 4121 2510 4191 fortitudo
2536 4129 2651 4195 ejus
2679 4141 2710 4176 η
2732 4137 2928 4179 terrore
2953 4129 3212 4196 transibit,
3245 4139 3294 4183 et
3325 4133 3584 4201 parebunt
3609 4135 3852 4206 fugientes

2261 4213 2518 4286 principes
2543 4218 2675 4288 ejus,
2719 4218 2852 4272 dixit
2875 4218 3150 4288 Dominus,
3197 4225 3348 4289 cuius
3367 4225 3504 4294 ignir
3531 4229 3584 4279 in
3618 4223 3771 4289 Bion,
3811 4229 3852 4280 et

2260 4309 2492 4361 caminus
2523 4311 2634 4380 ejus
2661 4311 2712 4364 in
2740 4309 3054 4368 Jerusalem.
3084 4313 3114 4352 ιι
3143 4315 3320 4372 LXX:
3351 4316 3748 4386 Convertimt'tti,
3787 4319 3854 4373 si—

2259 4411 2342 4452 cut
2365 4401 2419 4453 in
2451 4403 2771 4469 profundum
2801 4408 3147 4476 recesseratis,
3174 4409 3273 4476 ﬁlii
3295 4407 3486 4464 Israel.
3517 4411 3586 4465 In
3617 4411 3706 4468 die
3729 4413 3853 4466 enim

2259 4490 2356 4543 illa
2384 4492 2592 4564 objiciet
2623 4495 2700 4547 vir
2721 4495 2866 4548 idola
2891 4497 3096 4568 argenti
3125 4501 3228 4563 sui,
3259 4503 3308 4554 et
3329 4501 3476 4555 idola
3496 4505 3614 4557 auri
3639 4507 3724 4558 sui
3747 4513 3854 4574 qua:

559 4589 784 4660 regione
815 4587 1074 4653 servisse,
1097 4600 1220 4656 quae
1241 4582 1600 4654 Spiritealiter
1617 4583 1930 4654 appellatur
1962 4581 2154 4638 tornax
2184 4579 2236 4639 D
2262 4587 2498 4652 fecerunt
2529 4585 2668 4637 vobis
2717 4601 2902 4641 manus
2947 4599 3128 4644 restria
3169 4591 3224 4644 in
3264 4601 3554 4662 peccatum.
3619 4583 3690 4652 Et
3717 4595 3856 4652 cadet

553 4683 754 4740 ferrea.
787 4679 941 4737 Unde
964 4688 1020 4736 et
1045 4680 1098 4734 in
1127 4678 1450 4750 Apocalypsi
1474 4678 1702 4734 Joannis
1729 4678 1957 4747 legitur:
1985 4675 2152 4730 Locus

553 4776 610 4831 in
649 4783 752 4846 quo
792 4773 1078 4844 cruciﬁxus
1119 4779 1192 4824 est
1231 4769 1510 4832 Dominus,
1565 4755 2154 4836 spiritualiter't'ocatur

558 4866 790 4922 Sodoma
819 4875 868 4919 et
898 4863 1160 4934 zﬁgyptus
1188 4860 1298 4933 [AL
1330 4859 1636 4933 Afgypthts]
1659 4859 1844 4931 (Apoc.
1871 4875 1946 4925 xt,
1977 4863 2055 4930 8).

627 4956 810 5027 (Vers.
839 4954 896 5020 4,
935 4955 1018 5023 5-.)
1047 4953 1184 5020 Quid
1209 4951 1316 5007 haec
1357 4953 1479 5005 dicit
1513 4951 1768 5004 Dominus
1789 4951 1858 5004 ad
1885 4967 1998 5006 me:
2025 4969 2153 5022 quo-

557 5048 712 5104 modo
735 5047 778 5099 ii
799 5047 968 5117 rugiat
983 5047 1062 5097 leo
1083 5055 1129 5098 et
1149 5045 1352 5098 catulus
1369 5045 1532 5098 leonis
1553 5057 1707 5115 super
1731 5043 1962 5112 pra’dam
1983 5059 2148 5112 suam,

555 5155 674 5195 cum
695 5136 973 5192 occurrerit
996 5136 1042 5188 ei
1063 5135 1342 5189 multitudo
1360 5145 1649 5205 pastorum,
1663 5152 1694 5188 (ι
1708 5149 1830 5188 voce
1847 5141 1972 5190 'eoru
1982 5153 2028 5189 ut
2047 5153 2150 5191 non

552 5230 878 5307 formidabit,
895 5237 940 5282 et
969 5243 1002 5280 a
1029 5226 1362 5282 multitudine
1381 5243 1556 5282 eorum
1571 5244 1676 5282 non
1701 5229 2015 5298 parebitrsic
2031 5229 2149 5284 des-

619 5451 644 5480 ιι
691 5439 756 5493 In
807 5429 1066 5492 Hebraico
1098 5433 1289 5491 Phase.
1337 5434 1414 5491 Ita
1445 5433 1635 5508 tegunt
1665 5447 1858 5497 umhes
1885 5449 2016 5499 mss.
2054 5449 2149 5498 co-

550 5515 703 5578 dices
729 5509 878 5565 nullo
903 5519 1181 5575 excepto:
1217 5518 1274 5562 st
1297 5509 1556 5566 Erasmus
1581 5519 1638 5564 et
1667 5511 1938 5568 Marianas
1961 5527 2148 5570 vorem

549 5585 834 5654 ﬂabra-ani
853 5581 1069 5654 pupctis
1084 5579 1551 5654 Massorctbarum
1578 5582 1924 5646 instructam.
1951 5602 2150 5654 nempe

550 5635 955 5727 ἓξᾟῇνρἀὲῥᾷἢή
981 5691 995 5715 ,
1045 5635 1102 5702 in
1153 5647 1304 5705 te‘xi'u
1346 5635 2152 5727 interdum}A’no'ﬁo'néiéiiii:

555 5726 798 5780 luerunt.
828 5724 1107 5778 MARTILN.

558 5821 626 5834 --ι
655 5793 890 5847 Consule
915 5791 1356 5846 Commentarios
1387 5793 1440 5847 in
1475 5795 1780 5867 Micbasam,
1827 5805 1883 5854 et
1925 5797 1978 5855 in
2019 5797 2154 5857 Mat-

2263 4679 2423 4732 Assur
2451 4680 2505 4732 in
2533 4677 2710 4749 gladio
2741 4697 2844 4735 non
2871 4684 2988 4750 viri,
3013 4693 3060 4738 et
3089 4687 3300 4757 gladius
3324 4699 3428 4742 non
3451 4689 3682 4747 hornim‘s
3709 4707 3850 4747 tit-ra:

2261 4769 2333 4824 bit
2363 4787 2500 4834 eum,
2533 4781 2583 4824 et
2611 4773 2770 4842 fugiet
2805 4791 2910 4828 non
2937 4789 2970 4829 α
3003 4779 3138 4848 facie
3161 4781 3358 4850 gladii;
3377 4785 3600 4853 jar-cnes
3625 4787 3746 4858 ejus
3777 4801 3854 4840 su-

2261 4861 2577 4933 perabantur
2600 4879 2618 4916 :
2651 4877 2793 4934 petra
2833 4869 2972 4921 enim
3010 4871 3468 4929 circumdabantur
3512 4881 3667 4948 quasi
3701 4877 3851 4944 uallo,

2262 4963 2310 5008 et
2338 4955 2643 5024 uincentur;
2693 4961 2780 5028 qui
2805 4975 2978 5016 autem
3020 4967 3233 5033 fugerit,
3267 4969 3518 5041 capietur.
3563 4963 3700 5027 Hcce
3737 4969 3858 5026 dicit

2263 5046 2550 5104 Dominus:
2581 5049 2769 5107 Beatus
2792 5057 2880 5122 qui
2911 5056 3062 5112 habet
3095 5059 3150 5112 in
3181 5058 3311 5114 Sion
3353 5067 3549 5130 semen,
3580 5073 3628 5120 et
3657 5069 3856 5120 dantes-

2259 5141 2388 5195 ticos
2419 5143 2474 5195 in
2501 5140 2816 5200 Jerusalem.
2847 5147 3129 5218 Pugnante
3155 5149 3390 5206 Domino
3419 5161 3590 5225 super
3609 5163 3853 5212 inmitem

2257 5233 2388 5289 Sinti
2411 5246 2600 5292 eorum
2629 5238 2972 5296 adversaries
2999 5241 3139 5311 ejus,
3167 5251 3222 5298 et
3247 5247 3568 5316 prptegenle
3593 5257 3719 5304 eam
3747 5247 3855 5303 ins-

2253 5443 2380 5516 tliaei
2412 5455 2532 5516 cap.
2567 5465 2716 5505 xxvr.

2325 5515 2496 5596 anno
2530 5520 2700 5596 \fattc.
2735 5527 2901 5592 atque
2921 5533 3062 5579 unus
3094 5523 3266 5581 phiot.
3309 5537 3413 5584 ms.
3443 5519 3608 5596 LXX.
3644 5541 3763 5588 cum
3785 5535 3854 5588 si.

2252 5587 2445 5670 inititer
2475 5593 2652 5670 priora
2673 5587 3052 5670 trans-tulerint,
3081 5598 3136 5670 in
3173 5598 3280 5668 ﬁne
3299 5601 3448 5670 fuerit
3725 5587 3852 5660 srri-

2255 5661 2430 5747 hentes
2455 5678 2472 5717 :
2494 5663 2722 5747 Iuvenes
2747 5667 2859 5737 ejus
2880 5661 3408 5747 superabuntur_,:ctc.
3442 5675 3506 5730 Et
3534 5691 3590 5730 re
3625 5661 3852 5747 quidem

2257 5745 2388 5810 vera
2420 5749 2528 5789 non
2571 5737 2697 5792 aliis
2737 5754 2896 5810 quam
2927 5741 2980 5796 in
3015 5741 3124 5796 line
3159 5742 3341 5800 verbis
3371 5759 3468 5802 eos
3513 5737 3666 5802 videi
3701 5749 3854 5804 enim
