4010 6368
214 311 310 366 357

691 308 1335 369 CUMMENTMHORUM
1376 309 1445 368 IN
1481 305 1718 368 15.5le
1759 308 1784 368 Ι

1891 304 2187 368 ῬΠΕΤᾹΜ
2229 310 2359 368 LIB.
2405 309 2474 368 X.
2517 312 2669 370 CAP.
2713 311 2934 374 XXX“.

216 431 290 474 lar
318 419 517 476 avium:
548 419 951 488 Convertimini,
979 437 1010 476 ο
1042 423 1132 478 lilii
1156 424 1354 485 lerael:
1387 427 1503 480 sive
1533 436 1588 480 ut
1619 427 1775 498 Sym-
1805 428 1850 488 Α
1886 425 1998 480 alio
2023 426 2143 480 loco
2177 427 2246 483 de
2277 443 2338 483 ea
2363 430 2628 494 scriptum
2659 431 2758 485 sit:
2786 431 2900 486 Erit
2922 433 3090 504 gloria
3120 436 3303 490 domus
3323 438 3481 512 hujus

212 511 428 565 machus
457 514 753 566 transtulit:
784 511 928 583 Agite
969 515 1339 583 paenitentiam,
1389 517 1478 586 qui
1520 518 1779 589 profundo

212 602 417 655 consilio
441 601 580 672 atque
603 611 808 673 peccato
845 619 876 656 a
921 601 1140 658 Domino
1188 609 1488 661 recessistis.
1533 608 1588 661 Si
1633 610 1778 662 enim

209 695 307 749 hoc
337 695 585 760 feceritis,
609 695 932 763 abjicientes
956 697 1093 752 idnln
1119 715 1281 755 aurea
1309 711 1470 770 atque
1499 714 1778 772 argentea,

195 808 307 863 quae
328 792 469 846 vobis
511 790 738 846 fuerunt
786 792 841 846 in
888 803 1190 863 peccatum,
1235 805 1456 865 propter
1496 813 1616 867 qua:
1651 799 1781 853 urbs

187 897 353 941 vestra
378 897 543 956 cath
573 895 685 939 est:
734 887 895 941 cadet
920 886 1109 951 Assur,
1143 888 1300 958 cujus
1333 898 1481 943 metu
1526 904 1665 942 nunc
1699 888 1781 942 ln-

201 977 332 1047 gitis,
371 992 472 1032 non
512 976 702 1046 gladio
754 979 1060 1045 hominum,
1107 995 1208 1034 nec
1254 980 1526 1035 exercitus
1559 981 1778 1049 robore,

203 1068 290 1123 sed
322 1067 410 1124 Dei
444 1071 698 1138 potentia.
735 1069 1017 1140 Signiﬁcat
1062 1083 1241 1126 autem
1275 1070 1568 1142 Angelum,
1604 1088 1632 1126 a
1674 1089 1781 1142 quo

204 1172 407 1218 centum
454 1164 722 1234 octoginta
773 1165 1014 1234 quinque
1059 1165 1229 1219 millia
1276 1165 1630 1237 Assyriorum
1676 1175 1781 1221 una

205 1271 358 1312 noete
381 1258 548 1313 deleta
589 1266 734 1312 sunt.
768 1257 891 1328 Ipse
931 1273 1150 1330 quoque
1183 1276 1277 1315 rex
1311 1256 1574 1332 Assyrius
1617 1260 1785 1330 fugiet

200 1366 298 1405 non
332 1351 598 1406 hominum
629 1352 895 1423 gladium,
929 1354 1026 1407 sed
1061 1355 1202 1408 iram
1221 1353 1345 1409 Dei:
1373 1356 1446 1408 ita
1477 1363 1530 1408 ut
1555 1354 1781 1423 juvenes

196 1442 334 1498 illius
359 1453 516 1513 atque
555 1445 791 1510 robusti,
823 1444 1122 1516 vectigales
1156 1445 1286 1500 ﬁant
1325 1445 1517 1509 Medis,
1554 1446 1621 1500 de
1665 1445 1786 1515 qul-

193 1537 284 1592 bus
311 1553 466 1608 supra
499 1548 694 1593 eontra
724 1539 1056 1611 Babylonem
1087 1539 1321 1594 dicitur:
1382 1537 1518 1592 Ecce
1547 1555 1639 1611 ego
1668 1555 1783 1594 sus-

189 1629 341 1684 citabo
365 1631 498 1685 vobis
533 1630 742 1686 Medos.
782 1632 846 1686 Et
870 1631 1138 1686 l‘ortitmlo
1168 1632 1376 1702 Assyrii
1423 1632 1633 1687 Domini
1672 1643 1782 1687 ter-

189 1737 303 1777 rore
327 1723 581 1779 transibit
606 1723 772 1796 425
791 1733 952 1794 atque
983 1725 1282 1789 prmteriet,
1315 1740 1615 1794 ornuesque
1633 1725 1782 1794 prin-

1886 519 2181 572 norissimtc
2208 537 2362 588 super
2391 522 2618 593 priorem
2672 525 2875 598 (Agga’i
2910 541 2964 578 ll.
2998 526 3278 596 10).Quml
3312 539 3365 584 et
3403 532 3469 584 ad

1886 610 2182 666 Ecclesium
2210 615 2397 668 referri
2431 625 2635 682 potest,
2668 619 2915 673 risionem
2949 622 3090 689 pacis
3116 633 3162 674 et
3193 624 3478 691 speculam,

1883 702 1951 756 de
1972 718 2073 773 qm
2104 707 2362 775 scriptum
2395 717 2508 761 est:
2542 706 2786 763 Gloriosa
2808 713 2952 765 dicta
2973 724 3094 768 sunt
3122 714 3187 766 de
3209 724 3275 778 te,
3303 717 3479 771 civitas

1884 792 1980 847 Dei
2011 793 2126 865 (Ps.
2155 813 2372 866 Lxxxvt,
2398 797 2476 870 2).
2512 799 2575 853 Et
2614 801 2740 854 alibi
2772 819 2782 854 :
2815 800 3082 858 Fluminis
3107 807 3322 876 impetus
3358 805 3491 860 lecti-

1883 883 2283 953 ﬁcatciritatcm
2310 889 2404 943 Dei
2451 889 2618 960 (Ibid.
2666 907 2791 957 xcv,
2825 894 2904 965 5).
2951 894 3008 948 ln
3042 895 3144 951 hac
3170 896 3321 952 enim
3351 898 3490 966 ignis

1883 985 1966 1030 est
2015 986 2068 1032 et
2108 982 2378 1048 caminus,
2430 982 2520 1052 qui
2553 983 2778 1039 devoret
2822 997 3172 1056 peccatores,
3218 998 3272 1043 et
3324 990 3491 1059 ligna,

1884 1068 2112 1136 Renum,
2143 1073 2510 1144 stipulamque
2535 1087 2850 1143 cunsumat;
2883 1081 3000 1132 sive
3030 1080 3210 1135 lurneu
3235 1093 3288 1136 et
3322 1081 3492 1137 (Ἰώθ-

1885 1179 2006 1229 nus,
2037 1173 2091 1218 ut
2114 1165 2386 1236 iustorum
2410 1170 2652 1238 clarius,
2687 1179 2742 1226 et
2765 1177 3113 1242 peceatorum
3148 1191 3304 1245 poma
3331 1191 3490 1230 mon-

1883 1267 1927 1309 81
1939 1268 2015 1311 rel
2027 1273 2111 1312 υτ.

1959 1350 2113 1421 (Cap.
2148 1351 2362 1407 XXXII.
2392 1385 2460 1394 —-
2484 1355 2644 1410 Vers.
2688 1357 2710 1410 1
2749 1359 2931 1428 seqq.)
2964 1357 3099 1412 Ecce
3135 1362 3488 1433 oumjnstitia

1885 1444 2115 1513 regnabit
2131 1461 2241 1510 rex,
2259 1457 2304 1500 et
2323 1450 2584 1517 principes
2606 1450 2657 1502 in
2678 1451 2882 1522 judicio
2911 1464 3190 1523 prteerunt.
3212 1453 3277 1508 Et
3299 1460 3390 1512 rrit
3414 1459 3492 1514 t'ir

1885 1536 2019 1589 sicut
2044 1539 2132 1606 qui
2153 1537 2485 1593 absconditur
2504 1558 2536 1593 a
2560 1553 2730 1608 vento,
2762 1553 2814 1597 et
2833 1545 2962 1598 celat
2992 1563 3045 1599 se
3075 1565 3106 1600 ιι
3146 1558 3446 1616 tempestate
3468 1567 3488 1606 :

1887 1630 2127 1683 sicutrivi
2148 1649 2403 1700 aquarum
2429 1637 2481 1689 in
2503 1636 2612 1701 siti,
2632 1647 2676 1690 et
2695 1641 2873 1692 umbra
2892 1650 3051 1708 prtrte
3074 1644 3414 1711 promittentis
3439 1646 3491 1699 in

1884 1732 2021 1776 terra
2050 1726 2273 1780 deserta.
2307 1727 2430 1781 Non
2459 1731 2759 1800 caligabunt
2785 1733 2920 1786 oculi
2948 1734 3251 1802 ridentinm,
3279 1747 3322 1790 et
3345 1755 3496 1794 anrts

184 1818 321 1887 ciprs
348 1819 491 1872 illius
513 1821 966 1888 pertremiscent.
998 1819 1143 1872 Dixit
1165 1820 1310 1873 enim
1331 1818 1598 1874 Dominus
1620 1827 1783 1888 atque
1819 1823 1859 1882 Β
1889 1815 2208 1871 audientium
2247 1821 2522 1890 diligenter
2561 1824 2945 1878 auscultabunt.
2981 1824 3050 1878 Et
3094 1844 3181 1880 cor
3220 1829 3495 1882 stultorum

185 1910 442 1980 pollicitus
462 1919 580 1980 est,
609 1912 766 1982 cujus
792 1911 1017 1976 dixisse,
1051 1910 1248 1966 fecisse
1277 1921 1389 1965 est:
1419 1920 1476 1966 et
1500 1914 1589 1981 qui
1616 1912 1780 1966 habet

186 2001 348 2072 ignem
375 2006 426 2056 in
456 2002 619 2070 Sion,
651 2015 707 2059 et
733 2005 1008 2058 caminum
1044 2007 1096 2058 in
1119 2005 1452 2070 Jerusalem,
1485 2017 1542 2060 ut
1582 2005 1782 2060 adver-

187 2095 352 2149 s:irios
371 2098 701 2151 suosinstar
733 2096 951 2166 Stipulte
990 2109 1152 2172 atque
1193 2098 1458 2168 lignorum
1489 2099 1781 2169 egrediens

182 2187 242 2241 de
262 2187 570 2244 Jerusalem
591 2191 806 2245 ﬂamma
833 2203 1137 2246 consumat.
1162 2192 1314 2246 Alius
1333 2193 1436 2248 hoc
1462 2194 1606 2262 quod
1635 2193 1774 2248 dici-

181 2293 290 2337 tur:
322 2281 387 2338 In
413 2286 498 2340 die
522 2285 632 2339 illa
659 2285 868 2359 objiciet
904 2288 980 2340 vir
1006 2286 1150 2340 idola
1181 2288 1384 2358 argenti
1419 2288 1522 2352 sui,
1556 2297 1610 2342 et
1645 2287 1776 2341 reli-

180 2391 292 2442 tpm,
322 2379 400 2433 sic
429 2377 855 2446 interpretatur,
891 2389 948 2434 ut
972 2389 1096 2449 post
1118 2381 1357 2435 reditum
1378 2382 1444 2434 de
1462 2381 1781 2450 captivitate

179 2465 467 2539 Babylonia
520 2485 704 2540 usque
760 2471 826 2524 ad
866 2471 1158 2527 adventura
1201 2470 1440 2532 Christi.
1487 2487 1778 2542 numquam

181 2559 305 2618 ﬁlius
332 2563 503 2619 Israel
559 2565 702 2620 idola
745 2568 983 2622 coluisse
1025 2576 1274 2623 testetur.
1316 2567 1604 2640 Assyrium
1646 2584 1782 2639 quo--

177 2668 271 2722 que
297 2657 348 2708 in
382 2661 651 2727 praisenti
677 2659 794 2714 loco
826 2660 1151 2731 signiﬁcari,
1181 2677 1288 2716 non
1319 2652 1386 2715 ab
1417 2663 1649 2732 Angela,
1683 2663 1779 2717 sed

177 2759 203 2799 a
239 2747 408 2803 Medis
447 2765 578 2806 esse
628 2752 1022 2821 superandum,
1057 2753 1202 2823 quod
1252 2755 1680 2809 vetustissimum
1728 2765 1786 2810 et

173 2843 439 2908 quondam
469 2857 668 2914 potens
693 2862 948 2914 riguum,
979 2857 1102 2918 post
1143 2847 1408 2902 olfensam
1438 2849 1651 2902 Domini
1689 2849 1786 2903 tle-

175 2932 332 2989 letum
373 2939 472 3006 sit,
528 2939 941 3010 victoribttsqttc
982 2940 1260 2995 servierit.
1311 2939 1551 2994 Nazara‘i
1603 2941 1782 2998 locum

172 3027 326 3084 istum
354 3032 438 3087 sic
467 3033 820 3102 intelligunt:
855 3032 898 3087 0
929 3034 1021 3086 ﬁlii
1055 3033 1244 3097 lsrael,
1277 3034 1368 3102 qui
1398 3033 1632 3088 Consilio
1663 3049 1780 3102 pes-

173 3120 305 3175 simo
333 3124 436 3179 Dei
465 3125 639 3179 lilium
669 3126 1002 3196 denegastis,
1029 3128 1368 3182 revertimini
1397 3127 1464 3181 ad
1488 3143 1609 3180 eum
1641 3137 1693 3182 et
1719 3127 1786 3182 ad

1884 1909 2135 1980 intelliget
2177 1912 2464 1970 scientiam.
2497 1925 2546 1968 et
2596 1915 2776 1986 lingua
2822 1917 3088 1971 balbernm
3139 1919 3376 1972 relocitcr
3418 1919 3493 1972 lo-

1885 2015 2067 2070 quetur
2105 2015 2150 2057 et
2175 2006 2372 2074 iplane.
2410 2005 2532 2060 Non
2566 2008 2828 2062 t'ocnbitur
2869 2012 3004 2063 ultra
3032 2013 3075 2065 is
3117 2013 3205 2081 qui
3245 2014 3496 2080 insipiens

1884 2103 1978 2159 est,
1999 2097 2272 2168 princeps:
2295 2116 2453 2170 neque
2481 2101 2855 2169 fraudulentus
2881 2105 3232 2172 appellabitur
3254 2122 3490 2176 magnus.

1888 2183 2091 2242 Fatuus
2120 2192 2256 2242 enim
2299 2194 2447 2259 fatua
2478 2194 2740 2259 laquetur,
2769 2204 2816 2247 et
2843 2212 2932 2248 cor
2961 2199 3078 2268 ejus
3120 2198 3270 2266 faciet
3306 2199 3502 2269 iniqui-

1889 2287 2068 2344 tatem,
2097 2291 2153 2335 ut
2180 2284 2414 2351 perﬁciat
2435 2285 2845 2348 simulationem,
2882 2299 2926 2341 et
2951 2288 3196 2358 loquatur
3217 2291 3286 2344 ad
3311 2291 3496 2346 Domi-

1889 2381 2010 2425 num
2033 2375 2420 2442 fraudulenter,
2444 2388 2493 2431 et
2518 2381 2838 2446 racuefacint
2865 2381 3090 2434 animum
3115 2385 3392 2437 esurientis
3412 2426 3424 2446 ,
3453 2395 3499 2438 et

1893 2473 2070 2535 potant
2093 2468 2284 2520 sitienti
2309 2472 2537 2538 auferat.
2559 2469 2913 2526 Fraudulenti
2936 2488 3059 2526 casa
3089 2475 3312 2542 pessima
3335 2485 3451 2528 sunt
3481 2493 3500 2531 .'

1891 2558 2000 2628 ipse
2027 2559 2166 2612 enim
2203 2562 2538 2631 cogitationes
2570 2565 2896 2616 concinnavit
2928 2567 2996 2617 ad
3023 2566 3313 2634 perdendos
3355 2567 3501 2622 mites

1888 2651 1942 2704 in
1959 2668 2190 2707 sermone
2207 2655 2462 2708 mendacii
2487 2673 2504 2710 :
2527 2673 2644 2710 cum
2668 2659 2962 2725 loqueretur
2991 2671 3188 2728 pmtper
3205 2663 3493 2727 judicium.

1895 2745 2143 2820 Princeps
2159 2765 2276 2803 vero
2291 2767 2350 2805 ea
2367 2759 2480 2820 qua:
2496 2753 2651 2824 digna
2666 2764 2785 2806 sunt
2799 2755 3034 2822 principe
3050 2754 3294 2826 cogitabit
3302 2770 3368 2822 ,ει
3393 2757 3504 2826 ipsé

1890 2855 2046 2909 super
2065 2841 2221 2895 duces
2241 2843 2417 2898 stabit.
2444 2843 2590 2898 LXX
2613 2865 2622 2896 :
2643 2843 2780 2898 Ecce
2797 2848 2930 2898 enim
2949 2862 3040 2898 rex
3043 2850 3222 2919 justus
3240 2848 3494 2916 regnabit,

1891 2940 1940 2984 et
1962 2934 2222 3003 principes
2249 2951 2364 2988 cum
2382 2937 2581 3005 judicio
2610 2947 2892 3007 praerunt.
2918 2937 2986 2992 Et
3015 2941 3109 2992 erit
3140 2940 3293 2993 homo
3324 2942 3502 2994 occul-

1894 3034 2009 3077 tans
2036 3042 2295 3079 sermones
2334 3043 2482 3094 suos;
2508 3041 2556 3084 ct
2589 3031 2935 3084 abscondetur
2972 3037 3119 3094 quasi
3144 3035 3207 3087 ab
3228 3049 3366 3102 aqua
3388 3049 3502 3104 qut:

1893 3120 2059 3186 fertur"
2084 3134 2101 3170 :
2132 3127 2179 3171 et
2206 3122 2480 3190 apparebit
2510 3122 2562 3172 in
2599 3122 2748 3183 Sion,
2779 3124 2913 3176 sicut
2937 3125 3126 3192 [lucius
3149 3141 3380 3190 currens,
3425 3129 3504 3180 in-

168 3212 473 3285 Αρυδιηιοε
501 3220 644 3285 eius.
699 3220 754 3275 Si
799 3223 944 3273 enim
986 3219 1088 3274 hoc
1131 3219 1399 3285 fecemis’
1429 3221 1610 3273 omnia
1655 3221 1787 3290 abii.
1815 3219 1862 3279 ρ.
1896 3207 2070 3279 clgtus
2097 3213 2151 3262 in
2180 3221 2318 3264 terra
2345 3212 2558 3274 sitienti,
2593 3222 2639 3265 et
2664 3229 2981 3283 nequaquam
3013 3227 3162 3270 erant
3185 3220 3502 3286 conﬁdentes

167 3311 322 3366 cietis
359 3311 518 3365 idola
546 3327 671 3380 quae
695 3313 852 3367 Vobis
883 3313 1031 3384 prius
1063 3313 1278 3370 fuerant
1320 3317 1375 3368 in
1404 3327 1705 3384 peccatum,
1735 3325 1788 3368 et

165 3403 327 3456 cadet
359 3401 530 3456 vobis
560 3401 832 3469 diabolus,
869 3419 974 3458 non
1016 3408 1218 3460 vestris
1244 3407 1469 3470 viribus,
1501 3407 1596 3462 sed
1626 3411 1788 3461 mise-

169 3495 407 3550 ricortlia
451 3495 918 3562 llei:etjuvenes
949 3498 1066 3567 ejus
1101 3501 1190 3569 qui
1221 3503 1493 3571 quondam
1543 3517 1639 3570 pro
1695 3503 1787 3558 illo

167 3599 584 3660 pugimverant,
628 3599 791 3644 erunt
838 3591 1100 3647 Ecclesia:
1129 3595 1458 3665 vectigales,
1505 3596 1787 3667 emi-isque

169 3681 430 3739 fortitudo
459 3695 519 3739 et
547 3694 695 3753 petra
723 3684 872 3739 illius
903 3688 1288 3755 pertransihit:
1322 3689 1630 3759 philosophi
1657 3706 1786 3759 quo-

168 3791 266 3846 que
303 3791 360 3836 et
401 3794 580 3834 onme
611 3779 807 3850 degma
862 3795 1182 3850 perversum
1222 3783 1287 3837 ad
1335 3783 1515 3839 cruris
1565 3784 1782 3850 signum

171 3877 307 3938 terga
364 3881 722 3926 converterit.
765 3872 981 3927 hornini
1008 3876 1206 3943 quippe
1255 3876 1524 3930 sententia
1575 3885 1678 3942 est,
1725 3885 1786 3931 ut

169 3959 266 4017 hoc
296 3965 422 4019 liat:
453 3965 620 4034 cujus
664 3964 804 4034 ignis
835 3967 956 4020 sive
1003 3967 1190 4022 lumen
1219 3978 1302 4022 cst
1334 3969 1386 4022 in
1419 3969 1550 4024 Sioir
1583 3980 1637 4024 et
1681 3971 1782 4024 cli-

168 4051 340 4108 banus
367 4057 420 4109 in
453 4057 789 4112 Jerusalem.
821 4058 966 4126 Ignis
995 4070 1052 4113 et
1077 4059 1260 4112 lumen
1291 4061 1555 4115 l-iebraicc
1574 4061 1780 4116 eisdem

168 4149 490 4204 scribuntur
526 4149 732 4204 litteris
762 4166 957 4210 Αιειηι,
995 4161 1124 4218 vae,
1147 4165 1274 4214 RES;
1321 4153 1464 4221 quod
1497 4153 1542 4207 si
1575 4154 1784 4222 legatur

169 4254 252 4303 UB,
284 4243 458 4313 ignem
491 4251 687 4299 sonat:
723 4246 766 4296 si
793 4260 883 4308 ou,
918 4245 1104 4298 lucem.
1139 4245 1252 4298 Hoc
1292 4244 1412 4298 ideo
1443 4245 1646 4299 dictum
1677 4257 1781 4308 est.

169 4334 287 4403 qnia
325 4352 428 4403 pro
451 4337 603 4408 igne,
639 4351 800 4405 quem
832 4337 1392 4404 solusinterprctatus
1421 4344 1504 4389 est
1540 4338 1788 4406 Symma-

170 4427 320 4496 chus,
390 4431 604 4501 Atpt-ila
664 4441 720 4485 et
776 4430 1084 4486 Tlreodotio
1136 4431 1312 4484 lancea
1371 4431 1783 4484 transtulerunt.

169 4522 302 4590 Quid
340 4525 454 4581 sibi
491 4538 681 4579 autem
715 4526 842 4580 velit
890 4525 1031 4595 quod
1081 4525 1131 4578 in
1163 4524 1518 4595 Septuaginta
1552 4522 1785 4592 legitur:

1889 3303 1947 3355 in
1973 3302 2268 3357 hominibus
2292 3321 2310 3357 :
2331 3306 2422 3358 sed
2446 3321 2600 3359 aures
2632 3324 2755 3358 suas
2776 3311 2844 3358 ad
2865 3309 3186 3363 audiendum
3212 3314 3430 3377 dabunt,
3453 3321 3504 3366 et

1892 3409 1984 3447 cor
2017 3395 2348 3464 inﬁrm-orum
2377 3399 2610 3451 attendet
2638 3402 2847 3452 auditui
2874 3416 2892 3453 :
2921 3415 2965 3454 et
2994 3402 3187 3474 linguae
3214 3403 3506 3457 balbutien-

1893 3488 2021 3541 lium
2065 3489 2165 3542 cito
2210 3491 2407 3543 discent
2446 3492 2588 3561 loqui
2619 3507 2797 3560 pacem
2827 3509 2845 3545 :
2877 3503 2922 3545 et
2962 3509 3291 3560 nequaquam
3335 3495 3508 3550 dicent

1891 3583 2056 3637 stulto
2083 3593 2140 3636 ut
2167 3585 2405 3656 princeps
2426 3586 2516 3647 sit.
2534 3601 2624 3638 nec
2652 3586 2792 3638 ultra
2814 3586 2984 3640 dicent
3007 3587 3234 3640 ministri
3258 3589 3354 3652 tui,
3373 3597 3504 3644 tace.

1891 3672 2098 3728 Fatuus
2124 3677 2258 3730 enim
2291 3680 2442 3747 fatua
2468 3679 2726 3748 loquetur,
2758 3688 2806 3732 et
2847 3696 2934 3733 cor
2958 3682 3070 3750 ejus
3095 3695 3230 3732 cana
3254 3681 3509 3753 intelliget

1885 3770 1959 3819 ad
1993 3768 2364 3836 perﬁciendam
2391 3771 2740 3837 iniquitatem,
2773 3780 2822 3825 et
2862 3772 3176 3843 loquendum
3207 3771 3276 3825 ad
3318 3773 3503 3828 Domi-

1889 3875 2014 3915 num
2035 3877 2280 3926 errorem,
2304 3875 2359 3916 ut
2385 3865 2650 3936 dispergat
2677 3865 2880 3920 animas
2905 3869 3209 3933 esurientes,
3230 3877 3276 3920 et
3303 3869 3506 3921 animas

1887 3954 2116 4010 sitientes
2162 3965 2354 4012 uacttas
2396 3957 2578 4027 facint.
2630 3958 2918 4013 Consilium
2982 3961 3114 4012 enim
3157 3959 3501 4029 pessimorum

1889 4050 2070 4119 iniqua
2118 4051 2408 4122 cogitabit:
2440 4053 2730 4117 interficere
2780 4051 3004 4103 humiles
3051 4051 3370 4104 sermonibus
3407 4051 3510 4104 ini-

1887 4143 2022 4210 quis,
2058 4151 2104 4194 et
2135 4144 2390 4210 dissipare
2419 4143 2573 4195 verba
2595 4142 2869 4194 [inutilium
2889 4142 2940 4194 in
2963 4141 3187 4210 judicia.
3217 4137 3303 4192 Pii
3333 4149 3506 4195 autem

1891 4235 2202 4302 sapientiora
2221 4235 2533 4307 cegitarunt,
2549 4244 2595 4288 et
2615 4233 2716 4286 hoc
2735 4232 3009 4286 consilium
3034 4242 3318 4301 permanet.
3342 4231 3510 4288 Juxta

1895 4325 2038 4379 LXX
2064 4327 2395 4395 lnterpretes
2428 4330 2518 4397 qui
2549 4328 2808 4382 dixerunt
2835 4344 2847 4381 :
2875 4326 3009 4380 Ecce
3037 4329 3171 4382 enim
3212 4344 3303 4382 rex
3331 4329 3504 4395 iustus

1893 4417 2150 4487 regnabit,
2202 4431 2251 4472 et
2299 4417 2459 4491 “7
2511 4421 2771 4491 principes
2820 4436 2936 4474 cum
2973 4421 3180 4490 judicio
3221 4431 3506 4494 pra'crunt,

1895 4524 2017 4578 qua:
2033 4522 2259 4578 scquunt
2272 4527 2334 4564 ur
2349 4513 2730 4580 superioribus
2743 4514 3047 4582 copulanda
3074 4525 3227 4578 sunt,
3244 4515 3328 4568 his
3352 4515 3507 4570 vide-

175 4611 329 4670 Petra
377 4618 856 4673 circumdabantur
895 4619 1048 4688 quasi
1085 4616 1240 4682 vallo,
1289 4617 1657 4671 stringentur:
1698 4615 1790 4684 qni
1818 4599 1873 4659 D
1899 4604 2054 4670 licet,
2083 4604 2134 4658 in
2163 4603 2362 4672 quibus
2396 4605 2550 4673 prius
2579 4605 2884 4672 capitulum
2917 4606 3126 4659 lini-tum
3161 4617 3244 4661 est
3274 4625 3286 4660 :
3321 4606 3513 4661 Beatus

173 4719 340 4763 autem
366 4711 610 4785 fugerit,
652 4711 922 4779 capietur:
959 4710 1102 4764 seire
1140 4725 1244 4764 non
1284 4709 1460 4763 valeo.
1502 4706 1622 4761 Nisi
1648 4706 1789 4760 forte

176 4797 274 4854 hoc
298 4817 608 4872 possumus
637 4802 846 4866 dicere,
879 4801 1021 4871 quod
1041 4801 1268 4871 juvenes
1296 4802 1436 4871 regis
1465 4799 1666 4870 Assyrii
1695 4797 1794 4868 qui

177 4892 424 4951 vincendi
441 4904 582 4952 sunt
602 4906 768 4964 atque
789 4894 1066 4964 capiendi,-
1093 4895 1164 4947 ita
1183 4895 1590 4948 circumdantur
1613 4904 1790 4963 petra,

176 4984 274 5043 hoc
295 5001 406 5057 est,
425 4989 753 5046 fortitudine
786 4987 1025 5053 Domini,
1055 4987 1331 5058 quonmd-o
1363 4988 1510 5041 νςιηο·
1551 4985 1790 5040 circum—-

179 5077 332 5135 datur
355 5081 582 5137 civitas.
620 5081 789 5136 Porro
821 5081 967 5151 quod
987 5081 1261 5148 sequitur:
1290 5087 1312 5114 θ
1339 5076 1527 5131 Beatus
1554 5079 1644 5149 qui
1687 5079 1786 5130 Ita-

181 5172 265 5226 bet
306 5191 490 5230 semen.-
543 5176 604 5228 in
633 5174 788 5238 Sion,
821 5185 867 5227 et
909 5171 1218 5226 dantestieos
1246 5171 1296 5224 in
1333 5168 1658 5230 Jerusalem.
1709 5169 1792 5222 sic

181 5261 548 5336 interpretari
598 5280 922 5335 possumus,
961 5271 1020 5318 ut
1059 5264 1318 5318 diesmuts
1354 5260 1638 5331 prrcsentis
1681 5259 1794 5314 loci

181 5361 372 5413 sensui.
403 5361 736 5425 convenire,
787 5357 940 5428 quod
978 5357 1302 5411 exlr‘orterur
1341 5367 1532 5409 sermo
1567 5351 1794 5406 divinus

183 5449 561 5521 lugientesrirv
575 5452 900 5526 Egyptum,
919 5453 1126 5507 reverti
1145 5451 1208 5505 in
1227 5450 1630 5515 fortisalemwt
1649 5445 1796 5501 ﬁlios

183 5555 505 5610 procreare.
555 5546 836 5600 Guitanttr
875 5544 1163 5600 beatitudo
1198 5541 1560 5613 promittitur,
1588 5549 1646 5593 ut
1689 5541 1792 5594 Dos

188 5637 318 5691 mini
371 5638 716 5694 defendatur
746 5648 798 5693 cl
827 5647 1140 5708 protegatur
1183 5636 1403 5690 auxilio.
1430 5633 1598 5706 426
1625 5635 1690 5687 Ει
1731 5632 1786 5686 in

255 5828 280 5857 ⁸
317 5821 474 5878 Unus
509 5820 710 5889 Vatic.,
749 5821 890 5893 quod
915 5822 1142 5892 sequitur
1164 5822 1217 5876 in
1246 5819 1410 5877 LXX.
1439 5818 1650 5884 Beatus,
1682 5825 1787 5873 etc.

1894 4700 1986 4770 qui
2010 4697 2162 4752 habet
2193 4712 2364 4751 semen
2405 4698 2458 4751 in
2493 4696 2645 4758 Sion.
2681 4708 2727 4750 et
2759 4698 3067 4752 domesticos
3097 4699 3150 4751 in
3191 4698 3510 4756 Jerusalem.

1896 4791 2062 4847 Juxta
2098 4791 2426 4846 llcbrairmn
2460 4789 2607 4844 ﬁnita
2638 4790 2821 4860 priore
2850 4788 3174 4860 Prophetia,
3197 4790 3264 4844 do
3301 4789 3386 4843 his
3419 4792 3513 4862 qui

1898 4885 1953 4940 in
1988 4884 2284 4956 Egyptian
2315 4884 2766 4940 descendebant:
2803 4889 2946 4937 nunc
2989 4885 3220 4939 alterius
3248 4885 3515 4940 vaticina-

1896 4981 2066 5035 tionis
2095 4977 2386 5036 erordium
2434 4989 2542 5042 est,
2585 4979 2653 5032 de
2683 4977 2920 5032 adventu
2969 4977 3181 5032 scilicet
3223 4976 3516 5037 Christiet

1896 5072 2283 5144 Apostolorum
2312 5073 2452 5138 ejus.
2480 5070 2586 5125 Iste
2609 5071 2758 5124 enim
2789 5084 2886 5125 rex
2914 5071 3162 5142 reg-nubit
3189 5071 3337 5142 fuste
3364 5092 3376 5127 :
3403 5089 3510 5130 non

1896 5166 2180 5236 ac'eipiens
2232 5175 2526 5232 personam
2569 5162 2620 5215 in
2663 5161 2894 5232 judicio,
2940 5171 2995 5217 et
3036 5164 3314 5233 principes
3363 5165 3511 5220 illius

1898 5273 2019 5313 cum
2047 5260 2288 5313 veritate
2314 5263 2608 5324 praeterunt.-
2642 5268 2857 5322 causas,
2889 5267 3000 5310 non
3044 5256 3297 5311 homines
3329 5256 3516 5311 consit-

1898 5350 2173 5405 derantes.
2211 5349 2279 5402 Et
2306 5349 2634 5418 quicumque
2664 5349 2770 5404 sub
2809 5349 2931 5417 ejus
2969 5348 3292 5402 umbraculo
3323 5348 3510 5414 fuerit,

1898 5444 1979 5498 sic
2011 5445 2160 5498 tutus
2207 5441 2308 5496 erit
2361 5443 2412 5495 in
2460 5441 2908 5497 tribulationibus
2939 5450 2993 5494 et
3024 5439 3317 5506 angustiis.
3360 5449 3414 5494 et
3459 5441 3512 5496 in

1901 5537 2086 5592 mtrttdi
2135 5538 2291 5592 istius
2335 5541 2684 5604 tempestate,
2729 5531 3006 5601 quomoda
3054 5529 3149 5599 qui
3195 5535 3423 5586 ventum
3459 5540 3517 5587 et

1901 5631 2173 5688 turbinem
2208 5628 2443 5698 fugiens,
2476 5641 2534 5682 se
2567 5635 2683 5681 tuto
2713 5623 3001 5680 abscondit
3027 5623 3180 5684 loco;
3207 5631 3261 5676 et
3289 5625 3378 5694 qui
3421 5641 3515 5696 pu-
