4010 6316
565 261 675 318 359

1825 235 1887 293 S.
1930 229 2207 291 EUSEBII
2244 226 2626 289 HIERONYMI

3719 226 3801 287 360

565 380 815 439 rissimos
844 372 1027 428 fontes
1061 361 1272 420 invenit
1305 359 1360 415 in
1394 356 1648 421 deserto;
1693 362 1748 411 et
1783 355 1875 427 qui
1916 355 1970 409 in
1999 353 2165 410 vehe—
2191 370 2241 433 Α
2270 352 2517 408 ﬁdelibus
2558 350 2773 405 salvare
2811 347 3039 416 cupiens
3085 360 3193 402 non
3243 346 3550 411 credentes;
3584 352 3635 402 et
3672 348 3804 404 stabit

568 472 736 529 menti
764 476 900 523 aestu
927 460 1058 517 solis
1084 456 1281 512 ardore
1309 464 1500 508 cuncta
1534 460 1801 515 torrente,
1831 450 1934 505 sub
1961 448 2165 519 promi-

566 557 717 618 nenti
748 567 882 610 saxo
911 546 1267 619 requieverit.
1298 542 1402 600 Ubi
1445 556 1546 596 nos
1586 540 1828 596 diximus
1861 556 1875 594 :
1907 540 2041 594 sicut
2070 537 2167 592 rivi

564 665 817 725 aquarum
848 647 903 701 in
939 644 1051 709 siti,
1084 639 1441 709 Septuaginta
1472 636 1868 691 trausmlerunt
1893 650 1907 688 :
1938 642 1985 688 et
2004 648 2170 711 appa-

563 748 693 804 rebit
719 746 774 798 in
802 741 935 800 Sion
955 737 1105 811 quasi
1138 734 1326 807 ﬂuvius
1351 747 1584 786 currens.
1615 729 1855 785 Verbum
1886 728 2032 783 enim
2062 725 2166 780 lle-

562 838 834 897 braicum.
857 833 927 889 de
948 847 1058 903 qtto
1086 843 1251 899 supra
1272 825 1690 894 disputavimus,
1712 836 1933 877 uastitas
1956 814 2167 907 (p733),

563 933 710 1009 quod
741 930 950 986 dicitur
978 927 1033 980 in
1057 924 1169 988 siti,
1199 924 1318 976 sive
1346 920 1405 974 in
1438 918 1693 977 siccitate.
1720 923 1779 970 et
1804 916 1860 969 in
1887 915 2046 977 invio,
2072 910 2171 966 Se-

566 1007 853 1102 ptuaginta
899 1027 956 1076 et
997 1015 1329 1079 'l‘heodotio,
1361 1013 1417 1065 in
1458 1010 1591 1066 Sion
1621 1007 1963 1078 interpretati
1994 1011 2121 1060 sunt
2152 1018 2166 1057 :

565 1098 668 1194 pro
695 1132 871 1180 suos,
902 1113 956 1169 id
981 1120 1086 1177 est,
1117 1109 1226 1174 siti,
1258 1108 1502 1178 legentes
1531 1118 1670 1171 SION,
1701 1117 1824 1172 qua:
1851 1099 2058 1156 eisdem
2084 1098 2171 1152 lit-

568 1190 705 1270 ieris
753 1209 1031 1265 scribitur.
1075 1201 1208 1257 Cum
1261 1214 1391 1268 ergo
1438 1195 1695 1251 Christus
1741 1190 2072 1263 regnaverit,
2118 1199 2173 1244 et

569 1306 845 1381 principes
867 1301 986 1371 ejus
1027 1295 1343 1368 praefuerint
1373 1292 1427 1347 itt
1450 1290 1680 1360 judicio,
1717 1304 1827 1344 non
1858 1285 2172 1356 caligabunt

569 1377 712 1455 oculi
744 1403 773 1433 ⁸
799 1392 1162 1453 credentium,
1204 1395 1260 1442 et
1302 1397 1467 1440 aures
1505 1380 1840 1435 audientium
1879 1377 2172 1444 diligenter

567 1489 874 1552 attendeut,
905 1501 1026 1556 qu.e
1060 1480 1213 1555 prius
1252 1478 1433 1534 surdae
1469 1483 1650 1540 erant,
1677 1481 1735 1528 et
1777 1487 1874 1528 cor
1893 1469 2170 1540 quondam

567 1583 863 1642 stultorum
898 1575 1169 1645 intelliget
1198 1569 1510 1634 scientiam,
1543 1577 1599 1622 et
1643 1564 1821 1636 lingua
1863 1562 2170 1618 balbutien-

566 1680 704 1737 tium
733 1688 898 1744 atque
924 1680 1224 1730 mutorum,
1256 1680 1378 1736 quae
1408 1661 1686 1717 Christum
1716 1672 1914 1713 sonare
1942 1671 2048 1711 non
2075 1670 2171 1725 po-

569 1779 730 1834 terat,
756 1767 917 1839 pleno
946 1770 1244 1836 apertoque
1270 1769 1529 1812 sermone
1563 1753 1853 1808 Dominum
1881 1745 2170 1803 conﬁtebi-

571 1873 680 1920 tur.
727 1859 851 1917 Non
890 1854 1154 1913 vocabitur
1194 1848 1335 1904 ultra
1369 1848 1415 1901 is
1458 1846 1547 1917 qui
1590 1845 1779 1899 stultus
1810 1850 1902 1905 est,
1937 1841 2173 1912 princeps

569 1957 618 2028 (l
647 1954 769 2009 Cor.
801 1950 863 2023 t).
892 1948 1125 2005 Stultam
1153 1945 1298 1998 enim
1330 1938 1462 1994 fecit
1486 1938 1626 1991 Deus
1654 1935 1977 2005 sapientiam
2017 1930 2174 1999 hujus

570 2047 780 2108 saeculi.
831 2042 1014 2112 Neque
1058 2036 1422 2110 fraudulentus
1457 2031 1654 2087 doctor
1693 2039 1855 2098 atque
1887 2038 2175 2097 perversus

570 2139 917 2217 appellabitur
955 2148 1172 2207 magnus
1204 2132 1256 2184 in
1291 2126 1505 2197 populis
1541 2142 1555 2175 τ
1587 2122 1796 2179 Scriba:
1834 2120 2091 2217 videlicet
2119 2124 2175 2217 et

572 2209 860 2298 Pharisaei,
883 2225 1082 2300 quibus
1109 2221 1372 2279 Dominus
1395 2215 1749 2286 loquebatur:
1775 2211 1935 2270 Stulti
1956 2220 2004 2265 et
2025 2209 2170 2274 eieci,

571 2326 697 2400 quid
728 2325 900 2391 maius
938 2328 1034 2385 est,
1076 2330 1263 2371 aurum
1290 2328 1359 2366 an
1400 2309 1649 2374 templum
1694 2303 1833 2377 quod
1878 2300 2172 2371 sanctiﬁcat

568 2395 754 2475 aurum
786 2413 1003 2488 (Matth.
1034 2424 1192 2471 mit.
1230 2404 1339 2479 l7).
1371 2402 1576 2459 Fatuus
1601 2401 1749 2455 enim
1799 2397 1944 2453 fatua
1977 2395 2170 2462 loque-

570 2521 679 2580 tur,
716 2525 816 2579 pro
843 2523 953 2577 quo
993 2505 1046 2559 in
1079 2501 1345 2580 Ilebraico
1389 2496 1655 2565 scriptum
1710 2500 1838 2547 est:
1877 2503 2050 2545 αΑΒΑι.
2076 2503 2173 2542 Μ-

568 2574 1119 2668 ηλιξλιοηᾲειιῃεῃι
1149 2577 1285 2654 .153
1301 2574 1448 2651 ιτευ).
1478 2588 1594 2640 lloc
1632 2584 1886 2648 dicimus,
1919 2593 1977 2636 ut
2006 2579 2168 2636 verba

568 2700 783 2770 Abigail
833 2702 1194 2763 expoltanms,
1240 2680 1476 2738 dicentis
1520 2679 1591 2734 de
1628 2677 1799 2733 Nabal
1837 2675 2113 2730 Carmelio
2151 2691 2166 2729 :

571 2765 876 2848 Secundum
903 2796 1087 2837 nomen
1107 2791 1259 2833 suum
1287 2774 1536 2845 insipiens
1557 2781 1629 2824 est
1655 2769 1699 2842 (l
1724 2766 1854 2841 Reg.
1883 2782 2020 2834 xxv,
2049 2765 2168 2837 25).

565 2884 709 2942 Vere
728 2880 875 2937 enim
904 2877 1091 2932 fatuus
1117 2873 1263 2927 lauta
1291 2870 1563 2935 loquetur,
1585 2871 1641 2918 et
1659 2878 1755 2917 cor
1776 2861 1895 2933 ejus
1926 2859 2171 2931 perﬁciet

564 2976 936 3046 iniquitatem,
968 2967 1062 3040 qui
1084 2965 1157 3021 ibi
1180 2962 1359 3019 timuit
1379 2960 1473 3014 ubi
1503 2957 1671 3031 428
1698 2973 1804 3010 nou
1838 2963 1957 3010 erat
1982 2953 2166 3019 timor,

566 3083 621 3129 et
648 3067 978 3123 abutebatur
1007 3059 1234 3116 stultitia
1265 3069 1363 3128 pro
1394 3068 1688 3125 sapientia,
1721 3050 1913 3106 dicens
1941 3066 1954 3103 :
1990 3047 2097 3103 Hic
2122 3048 2169 3103 si

567 3178 633 3218 ea:
678 3158 788 3213 Deo
818 3164 972 3222 esset,
1005 3168 1108 3208 non
1156 3151 1374 3206 solveret
1403 3148 1669 3201 sabbatum
1719 3141 1902 3214 (Joan.
1947 3156 2021 3206 is,
2056 3140 2167 3211 16).

566 3255 724 3327 Quod
764 3266 936 3325 usque
979 3248 1142 3302 hodie
1188 3244 1325 3300 facit
1369 3244 1627 3312 magister
1657 3251 2081 3310 synagOgarum,
2115 3243 2173 3288 ut

566 3349 816 3426 perlici-it
846 3343 1270 3406 simulationem,
1304 3351 1403 3409 pro
1442 3351 1549 3407 qua
1580 3335 1634 3389 itt
1685 3332 1953 3389 llebraico
1981 3330 2173 3385 scribi-

565 3421 656 3503 iur
684 3458 858 3502 ossea
903 3440 1079 3529 (εμπ),
1121 3434 1175 3491 id
1221 3443 1325 3495 est.
1370 3431 1663 3508 ὑπόκρισις.
1694 3425 1850 3529 υιιιΙθ
1878 3422 2077 3495 smpins
2104 3421 2171 3477 ad

564 3538 697 3597 Phan
713 3539 875 3592 isaeos
897 3517 1102 3588 dicitur
1126 3546 1138 3579 :
1167 3526 1259 3581 Vo:
1280 3524 1419 3578 vobis
1441 3522 1639 3578 Scribte
1661 3530 1707 3573 et
1727 3517 1983 3571 Pharistet‘
2000 3517 2165 3586 hypo-

569 3630 718 3684 crita
741 3623 963 3696 (Matth.
996 3636 1146 3687 unt,
1178 3616 1293 3688 14).
1333 3615 1397 3668 Et
1435 3614 1697 3681 loquatur,
1731 3608 1927 3678 inquit,
1957 3607 2027 3660 ad
2065 3605 2173 3660 Do-

572 3721 771 3776 minum
799 3711 1158 3784 fraudulenter
1190 3724 1207 3762 :
1243 3705 1518 3778 Magister,
1569 3705 1758 3757 scimus
1787 3705 1909 3767 quia
1953 3715 2018 3753 ea:
2061 3696 2174 3753 Deo

572 3829 663 3878 es,
716 3820 764 3865 et
814 3805 953 3878 quod
992 3802 1062 3857 ad
1113 3812 1162 3855 te
1195 3814 1299 3854 non
1330 3797 1550 3869 pertinet
1574 3795 1637 3848 de
1674 3792 2004 3853 hominibus.
2053 3792 2174 3846 licet

570 3920 778 3964 censum
809 3900 929 3956 dari
961 3897 1178 3958 Caesari,
1203 3909 1272 3947 an
1301 3906 1403 3945 non
1428 3887 1618 3963 (Ibid.,
1646 3903 1783 3949 χιιι,
1811 3884 1899 3951 16,
1934 3883 2046 3958 Π).
2071 3884 2171 3951 Qui

575 3995 958 4059 vacui-faciunt
981 3989 1195 4047 animas
1220 3982 1514 4040 esurientis
1545 3980 1752 4052 populi.
1784 3988 1841 4035 et
1868 3986 2050 4049 potum
2080 3991 2176 4031 au-

575 4093 758 4150 l'erunt
782 4084 1094 4146 sitientibus
1116 4080 1311 4141 turbis,
1337 4090 1440 4131 nec
1468 4075 1572 4144 ipsi
1602 4075 1890 4135 intrantes,
1918 4085 2020 4126 nec
2039 4068 2175 4124 alios

575 4187 785 4243 inti-are
816 4180 1106 4251 patientes.
1131 4167 1483 4228 Fraudulenti
1506 4167 1652 4222 enim
1683 4165 1927 4219 doctoris
1949 4172 2005 4220 et
2026 4163 2177 4233 prin-

578 4277 719 4346 cipis
754 4271 935 4328 omnia
965 4282 1090 4323 vasa
1121 4273 1178 4319 et
1198 4277 1347 4318 arma
1378 4259 1488 4333 [ΑΙ.
1521 4255 1728 4330 amara]
1753 4263 1880 4312 sunt
1910 4256 2173 4324 pessima;

578 4367 670 4441 qui
707 4364 1002 4422 concinnat
1028 4357 1185 4413 dolos
1223 4353 1292 4409 ad
1332 4350 1638 4423 perdendos
1663 4349 1938 4421 simplices
1967 4348 2023 4404 in
2061 4363 2178 4403 ser-

578 4474 742 4518 mone
765 4450 1055 4518 mendacii,
1082 4450 1276 4505 dicens
1294 4448 1362 4501 ad
1383 4444 1670 4513 deceptum
1702 4444 1993 4515 populum:
2015 4441 2178 4498 Scru-

577 4526 689 4612 tare
707 4562 758 4609 et
788 4549 926 4614 vide,
951 4544 1197 4614 quoniam
1225 4539 1491 4613 Propheta
1524 4540 1588 4593 de
1614 4535 1837 4594 Galiltra
1874 4553 1977 4592 non
2004 4542 2179 4607 surget

577 4647 692 4725 [AL
723 4638 976 4717 resurget]
1005 4637 1190 4706 (Joan.
1226 4650 1326 4700 vn,
1354 4634 1472 4706 52).
1503 4631 1634 4687 Cum
1665 4631 1957 4700 loqueretur
1985 4630 2053 4684 ad
2083 4641 2181 4683 eos

574 4720 607 4781 ὖ
635 4750 834 4812 pauper
859 4732 1145 4810 judicium,
1181 4729 1272 4799 qui
1303 4742 1425 4781 cum
1472 4725 1624 4779 dives
1664 4734 1828 4788 esset,
1880 4736 1979 4792 pro
2023 4720 2180 4775 nobis

577 4847 786 4905 pauper
816 4828 993 4883 factus
1030 4835 1115 4881 est
1139 4822 1211 4890 (ll
1236 4819 1360 4876 Cor.
1393 4816 1531 4883 vnt).
1563 4815 1706 4871 Vere
1736 4831 1879 4868 enim
1914 4813 2177 4882 judicium

579 4927 662 4980 eis
689 4922 962 4986 Christus,
993 4927 1050 4973 et
1073 4914 1338 4986 justitiam
1370 4908 1709 4980 loquebatur,
1742 4907 1931 4961 dicens
1953 4922 1967 4958 :
1992 4905 2055 4961 Si
2077 4922 2181 4960 non

579 5015 720 5087 facio
749 5028 907 5085 opera
933 5010 1106 5065 Patris
1138 5009 1257 5075 mei,
1280 5006 1443 5060 nolite
1478 5002 1688 5057 credere
1723 4999 1851 5054 mihi
1874 5016 1893 5054 :
1918 5000 1966 5054 si
2005 5011 2180 5054 autem

581 5108 744 5183 facio.
771 5116 795 5144 ε
819 5114 867 5159 et
900 5103 944 5158 si
982 5102 1106 5155 mihi
1142 5116 1247 5153 non
1274 5099 1432 5153 vultis
1464 5097 1694 5161 credere,
1716 5095 1953 5167 operibus
1989 5094 2182 5149 credite

582 5198 765 5274 (Joan.
804 5212 864 5261 χ,
910 5195 1026 5264 37).
1072 5190 1181 5247 Iste
1221 5189 1558 5260 pauperqui
1617 5189 1856 5258 loquitur
1894 5186 2178 5258 judicium,

580 5295 836 5367 princeps
882 5297 937 5344 et
989 5284 1275 5347 Dominus,
1306 5298 1369 5337 ea
1412 5295 1532 5353 qua:
1564 5282 1810 5350 principe
1853 5280 2012 5351 digna
2052 5291 2182 5337 sunt

578 5385 861 5460 cogitabit,
888 5383 1080 5438 dicens
1104 5397 1118 5434 :
1152 5377 1277 5434 Non
1316 5377 1429 5432 veni
1470 5375 1571 5431 nisi
1590 5374 1661 5429 ad
1689 5391 1804 5430 oves
1832 5375 2060 5448 perditas
2081 5376 2178 5431 do-

580 5498 696 5538 mus
723 5477 896 5536 Israel
919 5474 1141 5551 (Matth.
1166 5488 1257 5539 xv,
1288 5470 1399 5542 ﬂ).
1441 5469 1510 5527 Et
1544 5468 1814 5526 sollicitus
1837 5472 1944 5526 erit
1974 5486 2073 5541 pro
2096 5470 2179 5526 in-

652 5709 679 5739 ι
702 5699 902 5765 Vatic.,
930 5696 1069 5753 oculi
1092 5690 1401 5765 videntium,
1422 5696 1468 5743 et
1495 5703 1665 5755 aures,
1690 5696 1799 5743 etc.

649 5768 681 5813 δ
709 5773 769 5832 ιιι
795 5759 989 5828 eodem
1016 5779 1214 5841 pauper
1241 5759 1603 5818 desideratur.

2274 461 2440 517 super
2481 444 2651 500 duces
2698 456 2828 497 suos
2857 440 3171 510 Apostolus.
3203 454 3429 510 quorum
3468 438 3533 493 ad
3573 455 3713 494 unum
3739 440 3801 495 lo.

2269 540 2450 609 quitur
2475 555 2488 591 :
2516 535 2599 591 Tu
2642 547 2814 590 autem
2836 533 2987 588 homo
3017 532 3296 595 unanimis.
3328 530 3433 587 dua:
3450 547 3582 586 meus
3615 541 3657 585 et
3688 541 3803 587 notus

2269 630 2606 701 meus(Psal.
2648 644 2757 694 uv,
2805 626 2919 699 14).
2975 626 3099 682 Haec
3138 626 3300 697 juxta
3328 624 3803 695 Hebraicum,aquo

2272 724 2418 781 LXX
2459 739 2563 780 non
2592 725 2768 779 solum
2797 722 3002 786 verbis,
3027 720 3121 776 sed
3146 729 3202 777 et
3231 720 3480 777 sensibus
3507 720 3556 776 in
3584 721 3804 792 plerisque

2272 821 2607 877 discordant.
2627 821 2761 878 Cum
2796 821 2939 876 enim
2963 835 3058 876 rex
3082 820 3264 890 justus
3287 819 3602 891 regnaverit,
3624 830 3669 874 et
3693 821 3805 889 prin-

2271 914 2421 985 cipes
2465 914 2614 970 illius
2668 912 3057 985 imperaverint
3107 927 3230 969 cum
3277 911 3499 983 judicio,
3548 914 3643 967 erit
3678 912 3804 967 homo

2273 1006 2610 1062 abscondens
2656 1019 2940 1060 sermones
2969 1020 3123 1069 suos,
3157 1004 3319 1059 homo
3343 1003 3433 1075 qui
3472 1018 3563 1075 per
3605 1011 3802 1059 naturam

2273 1099 2416 1155 Deus
2440 1111 2545 1165 εει,
2578 1106 2634 1153 et
2659 1099 2962 1154 abscondet
2988 1112 3272 1153 sermones
3292 1111 3436 1165 suos,
3467 1098 3669 1167 loquens
3686 1098 3803 1154 eisin

2274 1193 2548 1264 parabolis
2574 1190 2790 1264 (Matth.
2826 1209 2921 1259 xx,
2952 1191 3047 1253 2i,
3075 1190 3167 1257 25,
3195 1188 3289 1258 24,
3314 1200 3361 1245 et
3382 1189 3529 1261 xxv).
3553 1189 3806 1246 Abscoudel

2273 1294 2456 1341 autem
2483 1285 2638 1357 quasi
2669 1286 2740 1339 ab
2765 1298 2907 1353 aqua
2935 1294 3215 1348 currente,
3247 1298 3275 1337 a
3308 1283 3503 1354 populo
3536 1283 3716 1339 scilicet
3735 1282 3807 1338 lu-

2271 1377 2535 1443 daeorum,
2560 1380 2649 1448 qui
2680 1378 2853 1432 instar
2878 1391 3031 1447 aquae
3060 1391 3160 1445 pro
3187 1378 3560 1447 magistrorum
3583 1375 3806 1432 voluntate

2274 1471 2380 1527 huc
2408 1472 2644 1542 illucque
2674 1471 2844 1527 fertur
2860 1478 2917 1526 et
2945 1470 3196 1525 trahitur.
3217 1468 3317 1538 Qui
3347 1467 3508 1524 homo
3529 1468 3808 1525 abscondens

2273 1566 2415 1634 apud
2446 1563 2758 1621 incredulos
2786 1579 3072 1620 sermones
3110 1578 3263 1627 suos,
3310 1561 3580 1634 apparebit
3608 1562 3655 1617 in
3689 1559 3806 1625 Sion,

2274 1658 2380 1713 hoc
2402 1669 2506 1721 est,
2536 1659 2587 1713 in
2626 1657 2869 1712 Ecclesia
2900 1658 3057 1729 quasi
3089 1656 3285 1712 ﬂuvius
3316 1656 3560 1728 inclytus,
3587 1666 3634 1711 et
3657 1655 3811 1710 decur-

2197 1755 2246 1816 B
2271 1767 2400 1807 rens
2422 1750 2476 1806 in
2501 1761 2642 1806 terra
2667 1750 2891 1806 sitienti.
2919 1750 3214 1821 Apparebit
3240 1751 3388 1807 enim
3409 1751 3809 1821 gentilinmpt'ptt-

2278 1844 2353 1910 lo,
2368 1845 2459 1914 qni
2481 1844 2630 1913 prius
2651 1843 2901 1898 veritatis
2926 1842 3234 1913 patiebatur
3249 1844 3419 1909 sitim;
3447 1852 3500 1898 et
3525 1842 3695 1912 rigabit
3712 1854 3810 1894 arva

2275 1938 2513 1993 sitientia
2543 1936 2733 1991 ﬂuvius
2751 1934 2918 2008 429
2931 1936 3046 1997 Dei,
3071 1936 3137 1989 de
3162 1951 3269 2007 quo
3297 1938 3555 2005 Scriptum
3578 1943 3651 1990 est
3672 1951 3683 1987 :
3705 1931 3810 1986 Flu-

2274 2032 2428 2085 minis
2448 2031 2665 2103 impetus
2689 2029 2921 2101 la’ttficat
2941 2030 3199 2083 civitatem
3232 2030 3328 2083 Dei
3350 2028 3496 2103 (Psal
3534 2045 3648 2092 XLV,
3669 2026 3734 2094 4).
3763 2025 3813 2080 Et

2274 2124 2329 2179 in
2356 2125 2465 2179 alio
2479 2124 2629 2177 loco:
2651 2121 2873 2177 Flumen
2892 2119 2992 2176 Dei
3013 2122 3261 2193 repletum
3280 2132 3358 2177 est
3381 2126 3519 2189 aquis
3543 2119 3810 2194 (Psalulv,

2277 2215 2388 2285 10).
2425 2215 2544 2287 Ipse
2571 2216 2718 2271 enim
2750 2216 2989 2286 loquitur
3019 2216 3070 2271 iu
3112 2216 3447 2287 Evangelio:
3481 2215 3576 2283 Qui
3608 2214 3716 2273 st'tt'l.
3749 2227 3814 2265 ve-

2273 2310 2381 2363 niat
2402 2311 2471 2363 ad
2490 2325 2590 2378 me,
2613 2319 2661 2362 et
2681 2308 2839 2363 bibat.
2886 2309 2989 2376 Qui
3025 2310 3188 2365 credit
3211 2310 3263 2363 in
3295 2327 3396 2371 me.
3420 2309 3544 2364 sicut
3562 2307 3673 2362 dicit
3696 2305 3813 2359 Scri-

2273 2414 2445 2474 ptura,
2484 2404 2705 2472 [Iuntina
2739 2402 2802 2457 de
2835 2413 3010 2457 ventre
3030 2406 3143 2471 eius
3175 2404 3342 2473 ﬂuent
3368 2418 3509 2472 aqua:
3527 2403 3637 2456 vittc
3662 2396 3812 2469 (Joau.

2271 2510 2368 2558 vlt.
2402 2494 2518 2567 58).
2548 2496 2700 2553 Tunc
2720 2511 3066 2568 nequaquam
3099 2496 3384 2553 habebunt
3409 2496 3628 2551 ﬁduciam
3656 2492 3700 2545 in
3722 2506 3815 2545 ma-

2271 2590 2488 2663 gistris;
2532 2591 2627 2647 sed
2677 2591 3002 2662 pra-bebuut
3039 2606 3201 2645 aures
3251 2606 3385 2648 suas
3427 2591 3489 2647 ad
3540 2587 3813 2645 audiendum

2276 2672 2600 2750 Dominum;
2631 2697 2687 2741 et
2717 2697 2824 2740 tam
2856 2686 3022 2740 corde
3048 2701 3209 2752 quam
3235 2687 3419 2758 lingua
3453 2679 3816 2757 pacetnDoinini

2272 2776 2604 2848 fatebuntur,
2636 2779 2953 2834 deserentes
2977 2779 3173 2834 stultos
3198 2780 3480 2851 principes
3506 2788 3558 2833 et
3585 2776 3818 2831 ministros

2272 2885 2484 2936 eorum,
2514 2871 2607 2940 qui
2646 2870 2997 2926 credentibus
3023 2872 3074 2925 itt
3102 2871 3319 2936 Jesum,
3350 2870 3664 2942 imperabant
3685 2867 3820 2922 silen-

2273 2963 2430 3018 tium.
2460 2964 2591 3031 Qua:
2621 2974 2946 3033 sequuntur,
2970 2962 3222 3021 eumdem
3257 2981 3430 3033 prone
3449 2976 3670 3025 sensum,
3690 2964 3817 3029 quem

2272 3067 2328 3114 ct
2357 3058 2704 3125 llebraicum,
2747 3059 3064 3121 continent;
3100 3068 3155 3114 et
3190 3071 3422 3129 possunt
3472 3054 3714 3114 ha-reticis
3746 3067 3819 3107 co-

2199 3148 2246 3211 C
2277 3149 2472 3221 aptari.
2506 3150 2571 3205 Hi
2601 3150 2747 3205 enim
2781 3150 3078 3222 loquuntur
3107 3161 3304 3208 cantra
3337 3153 3608 3208 Dominum
3637 3145 3818 3204 menda-

2275 3243 2444 3306 cium,
2469 3252 2526 3296 et
2554 3252 2872 3311 pervertunt
2900 3244 3113 3298 animas
3142 3244 3452 3300 esurientes
3484 3255 3634 3314 atque
3664 3238 3820 3296 sitieno

2276 3341 2377 3398 teS,
2412 3344 2468 3389 et
2497 3350 2694 3390 vacuas
2714 3335 2867 3391 abire
2888 3338 3120 3402 iaciunt;
3153 3346 3212 3392 ut
3239 3339 3407 3394 etiam
3430 3338 3475 3394 si
3502 3336 3622 3408 quid
3649 3342 3822 3390 natum-

2275 3426 2401 3483 liter
2450 3428 2576 3484 buni
2635 3430 2904 3496 habeant,
2953 3431 3342 3502 magi~trorum
3399 3433 3635 3488 amittant
3681 3428 3816 3486 vitio.

2275 3537 2504 3592 quorum
2533 3537 2697 3579 omne
2724 3524 3018 3578 consilium
3048 3533 3155 3592 e~t,
3187 3534 3245 3580 nt
3269 3527 3494 3596 [terdatlll
3514 3524 3719 3579 humiles
3741 3517 3823 3573 ini-

2275 3612 2398 3682 quis
2426 3615 2796 3682 sermonibus,
2827 3625 2883 3670 et
2907 3616 3176 3687 dissipent
3197 3619 3369 3673 verba
3403 3616 3664 3672 humilium
3690 3612 3734 3666 iu
3756 3610 3822 3680 ju-

2277 3704 2440 3761 dicio.
2471 3706 2528 3762 In
2575 3725 2683 3777 quo
2717 3713 2919 3774 pariter
2944 3710 3340 3775 annotandum,
3381 3711 3522 3784 quod
3552 3708 3635 3779 qui
3668 3707 3727 3761 ab
3760 3702 3821 3757 eis

2276 3799 2454 3870 decipi
2479 3810 2680 3870 potest,
2715 3803 2935 3858 humilis
2961 3806 3054 3873 sit,
3085 3814 3139 3861 et
3159 3815 3326 3861 terra:
3351 3806 3646 3863 cohaerens.

2351 3890 2533 3964 (Vers.
2563 3892 2597 3949 9
2628 3895 2810 3965 seqq.)
2839 3894 3087 3951 Mulieres
3109 3898 3392 3965 opulenter,
3415 3897 3600 3968 surgite
3624 3903 3670 3950 et
3700 3888 3823 3946 audi-

2277 3994 2326 4040 te
2358 4002 2526 4041 vocem
2579 4005 2743 4043 meam
2773 4004 2792 4044 :
2817 3989 2945 4060 ﬁlias
2982 3990 3325 4058 conﬁdentes,
3364 3992 3602 4060 percipite
3650 3984 3821 4041 auribus

2279 4078 2539 4150 eloquium
2569 4098 2759 4137 meum.
2794 4080 2920 4137 Post
2943 4083 3053 4137 dies
3100 4093 3147 4138 et
3169 4101 3389 4151 annum,
3414 4095 3459 4139 et
3487 4101 3571 4139 vos
3593 4077 3825 4136 conturbm

2279 4173 2460 4230 bimini
2496 4177 2813 4247 conﬁdentes
2856 4192 2875 4230 :
2904 4189 3262 4231 consummata
3283 4190 3358 4234 est
3386 4178 3521 4234 enim
3566 4168 3823 4229 vindemia:

2280 4267 2517 4324 collectio
2539 4268 2676 4324 ultra
2711 4284 2815 4323 non
2845 4269 3029 4324 veniet.
3062 4268 3424 4341 Obstupescite
3450 4268 3708 4344 apuleutae,
3729 4276 3827 4316 cou-

2282 4362 2561 4417 turbamini
2604 4361 2922 4425 conﬁdentes
2953 4378 2972 4416 :
3014 4364 3188 4419 exuite
3222 4381 3331 4429 vos,
3376 4376 3425 4419 et
3475 4351 3822 4432 ccnfuudimiui.

2282 4455 2388 4510 Pro
2417 4470 2526 4525 quo
2555 4454 2922 4526 Symmachus
2965 4456 3362 4527 interpretatus
3402 4464 3516 4518 est.
3547 4446 3785 4510 nudamini
3811 4456 3824 4495 :

2209 4540 2258 4601 D
2284 4548 2551 4617 sequitur.
2577 4545 2844 4617 Arcingite
2872 4545 3076 4602 lumbos
3109 4562 3327 4610 vestros.
3355 4564 3512 4621 super
3536 4550 3678 4601 ubera
3702 4540 3824 4613 plou-

2279 4639 2417 4711 gite,
2447 4654 2603 4709 super
2646 4638 2858 4711 regione
2896 4639 3252 4706 desiderabili,
3279 4655 3437 4713 super
3478 4640 3617 4693 vinea
3660 4624 3792 4695 fertili
3814 4635 3829 4676 -'

2279 4745 2436 4801 super
2457 4733 2670 4783 humum
2701 4728 2882 4799 pepuli
2930 4732 3029 4786 mei
3059 4732 3214 4797 spina
3257 4741 3307 4786 et
3347 4747 3521 4804 vepres
3548 4723 3830 4783 ascenderit:

2280 4833 2473 4894 quanto
2492 4825 2657 4895 magis
2677 4840 2837 4893 super
2856 4841 3032 4881 omnes
3052 4828 3232 4882 domos
3252 4826 3438 4901 gaudii
3458 4822 3666 4881 civitatis
3685 4808 3831 4873 exsul-

2283 4916 2483 4970 tantis?
2505 4915 2701 4972 Domus
2728 4918 2864 4972 enim
2894 4918 3111 4973 dimissa
3146 4928 3224 4973 est
3266 4934 3286 4973 :
3312 4918 3585 4974 multitudo
3617 4908 3741 4967 urbis
3760 4918 3831 4958 re-

2282 5005 2407 5062 licta
2429 5018 2502 5062 est
2524 5024 2544 5063 :
2566 5010 2792 5066 tenebrat
2819 5020 2865 5065 et
2889 5009 3121 5083 palpatio
3151 5016 3307 5083 facta
3339 5022 3457 5066 sunt
3490 5022 3639 5077 super
3657 4996 3831 5074 εριιητν

2282 5115 2369 5155 cas
2411 5118 2569 5171 usque
2616 5103 2673 5157 in
2720 5114 2972 5158 wternum
3001 5105 3292 5175 :gaudiunt
3333 5115 3634 5176 onagrorunt
3673 5098 3830 5176 ρωτνβ

2280 5210 2511 5268 gregum.
2543 5193 2719 5250 Donec
2745 5193 3049 5262 effundatur
3070 5212 3224 5264 super
3252 5213 3347 5251 nos
3380 5175 3588 5264 spiritus
3613 5189 3673 5244 de
3695 5175 3830 5240 excel-

2281 5301 2339 5338 so
2373 5294 2461 5340 :et
2485 5286 2583 5340 erit
2611 5285 2870 5341 desertum
2897 5287 2950 5340 in
2978 5284 3244 5351 Charmel,
3271 5297 3319 5342 et
3351 5280 3588 5342 Charine!
3605 5284 3653 5333 in
3670 5276 3827 5331 ςαιιιιπι

2280 5378 2620 5452 reputabitur.
2658 5377 2719 5433 Et
2739 5379 2989 5433 habitabit
3018 5380 3073 5434 in
3097 5378 3377 5435 solitudine
3389 5375 3666 5450 judicium,
3685 5365 3829 5435 eti“-

2281 5473 2396 5527 titia
2414 5474 2472 5529 in
2496 5470 2736 5529 Charmel
2762 5471 2975 5527 sedebit.
3005 5472 3075 5528 Et
3111 5474 3210 5529 erit
3237 5487 3368 5545 opus
3392 5470 3612 5545 justititz
3646 5470 3771 5537 pax:
3792 5458 3828 5506 εί

2352 5695 2374 5724 ο
2407 5685 2527 5740 Duo
2548 5682 2752 5754 Vatic.,
2780 5691 2827 5739 et
2852 5682 2980 5739 mihi
3008 5699 3113 5740 non
3132 5680 3307 5749 vultis,
3338 5687 3446 5737 etc.
