4010 6370
1086 154 1123 175 /

323 282 420 343 361

865 277 1523 345 COMMENTARIORUM
1559 276 1629 337 IN
1667 276 1903 338 lSAlAM
1941 273 2366 336 PROPHETAM
2406 274 2538 335 LIB.
2585 275 2656 334 X.
2698 276 2851 336 ΠΛΡ.
2892 277 3114 338 XXXII.

3514 281 3622 341 56!

322 399 496 457 cultus
516 399 745 471 justitite
770 400 1028 457 silentiam
1054 418 1075 457 :
1100 412 1148 456 et
1168 402 1415 456 securitas
1448 417 1608 472 usque
1644 400 1698 453 in
1737 400 1926 477 sempi-
1952 400 2007 461 Α
2033 397 2189 469 (Luc.
2230 414 2321 464 xv,
2351 398 2467 470 '55).
2518 399 2689 471 Adyta
2719 400 2966 473 Templi,
3000 412 3054 456 et
3075 406 3286 459 secreta
3331 403 3615 475 mysteria,

322 503 548 551 ternum.
585 493 650 547 Et
687 494 878 549 sedebit
904 494 1127 562 papulas
1154 509 1295 548 meus
1326 496 1382 548 in
1411 492 1799 566 pulchritudine
1826 510 1924 562 ραι

322 585 417 648 eis,
441 595 489 641 et
527 587 583 641 in
616 586 960 640 tabernaculis
1002 585 1231 656 ﬁducita,
1254 594 1304 640 et
1344 586 1399 640 in
1439 585 1610 658 requie
1648 587 1919 654 opulenta.

322 677 539 735 Grando
570 688 740 735 autem
776 680 831 734 in
856 680 1186 736 descensione
1222 679 1411 739 saltus.
1434 690 1483 734 et
1513 678 1805 733 humilitate
1823 677 1921 732 hu-

318 770 608 827 miltabitur
634 772 832 827 civim).
859 769 1025 845 ‘30
1047 769 1195 827 Beati
1216 773 1305 842 qui
1340 772 1605 826 seminatis
1629 787 1787 841 super
1811 787 1923 825 om-

315 881 405 921 nes
424 882 612 939 aquas,
633 867 965 921 imminentes
996 867 1177 937 pedem
1209 868 1350 921 bovis
1376 877 1424 920 et
1444 866 1604 923 asini.
1625 864 1796 931 LXX,
1823 881 1922 936 pro

314 959 545 1016 tenebris
569 970 619 1014 et
640 958 966 1032 palpatione.
995 976 1111 1030 qua:
1133 961 1289 1030 [actae
1312 970 1436 1016 sunt
1459 976 1617 1031 super
1647 958 1922 1030 speluncas

315 1066 477 1121 usque
504 1051 563 1106 in
610 1035 1009 1118 sempiternum,
1053 1052 1474 1118 transtulerunt,
1507 1065 1553 1106 et
1594 1061 1744 1106 erunt
1785 1052 1923 1106 villis

318 1152 422 1199 tua:
465 1140 724 1214 spelunca:
769 1160 931 1215 usque
974 1144 1030 1198 in
1068 1158 1321 1199 aeternum
1350 1160 1370 1200 :
1391 1143 1539 1216 quod
1570 1144 1624 1200 itt
1655 1144 1922 1200 Hebraico

319 1238 523 1295 dicitur
542 1254 716 1296 οιηίει.
742 1222 895 1309 hes)
917 1249 975 1295 et
1010 1255 1148 1296 usus
1169 1242 1337 1329 qm),
1373 1254 1511 1311 quas
1541 1238 1756 1295 Hebraei
1788 1238 1925 1294 duas

319 1342 506 1389 turres
536 1334 589 1386 iu
618 1331 925 1389 Jerusalem
962 1333 1130 1388 fuisse
1167 1335 1525 1398 arbitrantur,
1560 1335 1808 1388 excelsas
1838 1342 1923 1387 ate

315 1440 426 1495 que
478 1425 845 1488 llrmis'simas,
879 1442 1002 1496 quae
1049 1427 1133 1481 his
1172 1427 1521 1497 appellantur
1589 1425 1922 1483 nominibus.

313 1516 562 1584 Quarum
615 1534 765 1588 prior
800 1519 1198 1589 interpretatur
1222 1519 1463 1583 tenebrtc,
1507 1522 1624 1574 sive
1663 1519 1923 1587 nubilum,

315 1608 462 1680 quod
495 1622 666 1680 usque
693 1610 761 1664 ad
795 1610 969 1666 nubes
1009 1610 1248 1681 erigeret
1280 1619 1465 1681 caput.
1498 1611 1707 1672 Altera,
1740 1610 1926 1683 proba-

313 1712 552 1758 mentum
597 1712 654 1758 et
699 1703 942 1772 ﬁrmitas,
978 1702 1117 1771 sive,
1145 1713 1205 1759 ut
1231 1703 1593 1777 Symmachus
1623 1708 1809 1770 vertit,
1840 1705 1924 1758 itt-

2029 491 2329 561 palpabiles
2362 491 2601 546 tenebrae
2626 494 3080 562 possederunt,el
3103 493 3240 549 facta
3262 504 3389 549 sunt
3417 511 3621 565 nequa-

2023 600 2184 653 quam
2213 584 2435 639 cellaria
2468 599 2717 638 vasorum
2747 581 2982 653 Domini,
3015 586 3113 641 sed
3142 589 3415 657 spelunca:
3450 602 3622 658 usque

2018 673 2079 730 in
2104 677 2519 744 sempiternum.
2541 676 2843 734 Audierant
2866 680 3011 736 enim
3034 695 3063 734 a
3091 681 3322 736 Domino
3340 680 3623 738 Salvatore

2026 766 2245 840 (Matth.
2271 784 2383 829 ιιι.
2417 769 2509 841 15)
2532 788 2544 824 :
2574 769 2773 824 Domus
2802 769 2985 826 Patris
3007 774 3138 839 mei,
3165 774 3348 828 domus
3373 774 3623 829 orationis

2025 865 2290 919 vocabitur
2309 880 2329 919 :
2350 879 2439 919 vos
2455 875 2629 919 autem
2644 865 2845 935 fecistis
2873 882 2987 919 eam
3007 868 3306 939 speluncam
3336 867 3618 923 latronum.

2024 954 2319 1022 Caudium,
2345 957 2543 1026 inquit,
2575 974 2914 1028 onagrorum,
2946 976 3141 1029 pascua
3183 977 3416 1035 gregum.
3468 960 3625 1027 Quod

2025 1051 2108 1106 vel
2131 1054 2284 1122 juxta
2316 1052 2556 1108 litteram
2587 1051 3005 1122 intelligendum
3035 1064 3140 1117 est,
3174 1069 3241 1108 ιο
3269 1055 3411 1124 quod
3438 1055 3626 1112 deser-

2028 1152 2079 1199 ta
2107 1147 2217 1199 sint
2244 1145 2460 1211 omnia;
2487 1145 2573 1199 vel
2610 1145 2989 1215 Spiritualiter,
3021 1147 3164 1217 quod
3195 1148 3424 1217 expulso
3451 1148 3626 1209 Israe-

2025 1236 2100 1303 le,
2128 1236 2229 1293 feri
2257 1239 2510 1295 homines
2537 1249 2590 1293 et
2623 1238 2721 1293 Dei
2745 1240 2991 1294 natitiam
3023 1255 3128 1294 non
3160 1238 3443 1304 habentes,
3473 1240 3625 1296 babi-

2030 1340 2144 1388 teut
2182 1330 2236 1386 in
2276 1331 2484 1388 Judtea.
2516 1331 2583 1386 Et
2629 1332 2730 1386 hac
2768 1330 2863 1387 ﬁat
2898 1332 3073 1388 donec
3120 1330 3431 1388 effundatur
3461 1348 3626 1403 super

2030 1441 2133 1480 nos
2157 1426 2382 1496 Spiritus
2410 1426 2479 1481 de
2495 1427 2735 1492 excelso,
2770 1442 2930 1497 quem
2954 1430 3203 1483 Salvator
3229 1429 3529 1483 ascendens
3556 1426 3627 1483 ad

2030 1517 2271 1586 Patrem,
2303 1517 2658 1573 credentibus
2706 1519 3042 1590 repzomisit,
3072 1520 3261 1575 dict-ns
3295 1539 3308 1574 :
3352 1518 3484 1575 Ecce
3532 1537 3627 1593 ego

2029 1607 2186 1674 vado,
2214 1618 2261 1663 et
2306 1613 2510 1664 mittam
2554 1610 2696 1664 vobis
2724 1610 3062 1666 Paracletum
3107 1611 3370 1680 Spiritum
3397 1613 3629 1669 ueritatis

2032 1698 2215 1773 (Joan.
2247 1701 2388 1773 xv1).
2425 1702 2494 1756 Et
2525 1718 2740 1758 rursum
2774 1721 2789 1758 :
2825 1703 3004 1759 Donec
3033 1704 3311 1771 accipiatis
3341 1708 3406 1758 de
3431 1704 3635 1761 excelso

313 1796 534 1867 quisitio
561 1810 583 1851 :
603 1810 673 1851 eo
719 1795 865 1867 quod
928 1797 981 1851 in
1038 1798 1467 1868 contemplando
1508 1796 1752 1851 culmine
1807 1796 1927 1868 ejus
1955 1800 2004 1862 B
2034 1794 2275 1849 virtutem
2300 1798 2321 1867 (
2347 1794 2475 1850 Luc.
2504 1810 2653 1860 utv,
2683 1794 2753 1853 49
2780 1794 2821 1866 ).
2867 1797 3133 1867 Quodque
3169 1812 3333 1867 supra
3364 1798 3577 1853 dixerat
3610 1816 3625 1853 :

314 1890 470 1945 Oculi
498 1890 842 1946 fallerentur.
875 1889 933 1947 lu
968 1889 1077 1945 line
1104 1905 1322 1961 quoque
1357 1888 1581 1959 capituli
1631 1890 1700 1945 ita
1744 1889 1921 1945 inter-

316 1983 519 2053 pretati
550 1990 679 2037 sunt
704 2000 718 2036 :
741 1980 895 2036 Beati
911 1984 1001 2055 qui
1027 1985 1283 2039 seminam
1302 2000 1459 2056 super
1480 1998 1682 2038 omnem
1710 1998 1921 2051 aquam,

314 2074 411 2129 ubi
445 2076 534 2130 bos
560 2085 608 2130 et
636 2075 817 2130 asinus
859 2077 1088 2131 calcant.
1120 2076 1252 2132 Post
1281 2076 1624 2132 vocationem
1655 2084 1923 2146 gentium,

317 2169 547 2240 quando
592 2168 846 2224 Christus
885 2184 979 2225 rex
1031 2169 1384 2239 imperaverit
1425 2184 1550 2225 cum
1587 2169 1839 2239 justitia,
1870 2174 1926 2221 et

314 2265 603 2336 principes
632 2263 772 2336 ejus,
799 2264 1049 2337 Apostoli
1074 2274 1130 2321 et
1150 2264 1435 2335 apostolici
1470 2250 1573 2319 viri
1608 2261 1929 2333 praefueriut

317 2355 675 2412 credentibus
722 2372 847 2413 cum
876 2357 1107 2427 judicio,
1132 2357 1397 2429 dirigetur
1425 2371 1609 2413 sermo
1654 2354 1929 2425 ριόιιιιειί-

319 2463 423 2506 cus
471 2449 540 2505 ad
586 2451 848 2508 mulieres
876 2452 1190 2522 opulentas,
1218 2466 1354 2523 quas
1391 2452 1479 2508 vel
1510 2450 1676 2507 urbes
1699 2449 1925 2517 tiodiem,

320 2544 414 2600 vel
440 2557 751 2616 synagogas
779 2544 927 2600 illius
964 2544 1249 2615 temporis,
1280 2543 1365 2600 vel
1399 2555 1455 2599 ut
1500 2543 1749 2614 plerique
1784 2542 1931 2597 arbi-

322 2645 562 2706 trantur,
587 2652 871 2696 matronas
913 2640 1151 2695 divitum
1186 2637 1463 2710 quondam
1493 2636 1676 2708 populi
1706 2635 1930 2692 Judaeu-

322 2747 449 2789 rom
470 2733 736 2791 debemus
755 2735 1032 2801 accipere,
1064 2733 1263 2805 quibus
1290 2736 1441 2803 quasi
1465 2730 1778 2803 jacentibus
1803 2727 1934 2785 dici-

2026 1889 2213 1944 Adhuc
2245 1904 2297 1944 m
2316 1890 2530 1953 idicum,
2552 1898 2601 1943 et
2628 1891 2726 1944 erit
2751 1889 2983 1945 Libanus
3009 1892 3069 1945 iri
3090 1890 3359 1958 Charmel,
3386 1902 3436 1946 et
3461 1890 3629 1947 Char-

2030 1981 2131 2036 mel
2151 1984 2205 2037 in
2231 1982 2424 2038 saltum
2448 1983 2775 2049 reputabitur
2803 2001 2823 2038 :
2854 1995 2904 2038 et
2925 1984 3140 2039 audient
3166 1987 3221 2039 in
3247 1985 3335 2038 die
3359 1983 3454 2039 illa
3480 1985 3630 2040 surdi

2027 2076 2178 2131 verba
2207 2075 2347 2141 libri,
2378 2087 2426 2131 et
2459 2076 2526 2132 de
2570 2076 2813 2142 tenebris,
2841 2088 2889 2132 et
2921 2076 3146 2147 caligine
3185 2079 3324 2133 oculi
3372 2096 3629 2135 caecorum

2028 2169 2271 2224 uidebunt
2290 2168 2515 2240 (Supra,
2543 2172 2718 2239 XX“);
2743 2184 2889 2225 nunc
2923 2169 3048 2225 aliis
3069 2169 3254 2225 verbis
3276 2170 3514 2241 idipsum
3544 2189 3632 2231 re-

2030 2263 2187 2334 petit,
2217 2262 2360 2333 quod
2390 2262 2631 2318 solitudo
2659 2268 2904 2333 gentium
2934 2275 3186 2320 vertatur
3220 2266 3273 2320 in
3306 2266 3528 2323 divitias
3552 2270 3634 2326 ls-

2031 2357 2142 2412 rael
2167 2371 2183 2421 ;
2206 2366 2261 2410 et
2288 2356 2453 2411 Israel
2480 2366 2764 2421 reputetur
2794 2358 2846 2410 in
2875 2368 3099 2426 gentes:
3126 2372 3235 2427 quo
3258 2365 3507 2428 tempore
3538 2360 3633 2416 ha-

2028 2449 2292 2505 bitaverit
2312 2448 2364 2503 in
2392 2448 2616 2504 deserto
2637 2448 2925 2518 judicium,
2961 2448 3226 2504 Dominus
3256 2461 3419 2521 atque
3448 2452 3635 2508 Salva.

2032 2552 2140 2607 tor,
2171 2544 2265 2600 cui
2306 2543 2469 2599 Pater
2513 2543 2666 2599 dedit
2703 2560 2868 2602 omne
2901 2544 3168 2615 judicium
3200 2543 3384 2619 (Joan.
3429 2546 3535 2616 tu).
3562 2546 3634 2602 Et

2023 2636 2238 2710 justitia
2266 2637 2322 2691 in
2349 2635 2590 2691 Charmel
2634 2639 2948 2706 requiescet,
2993 2637 3063 2693 de
3086 2654 3188 2708 qua
3221 2653 3387 2709 supra
3425 2642 3633 2697 dictum

2032 2737 2119 2782 est
2150 2745 2163 2782 :
2194 2727 2258 2783 Et
2288 2729 2385 2784 erit
2406 2731 2461 2784 in
2489 2727 2734 2785 Charmel
2758 2730 3039 2795 desertum,
3069 2731 3212 2802 quod
3245 2731 3512 2803 judicium
3551 2743 3635 2789 at-

327 2834 419 2882 tur
441 2837 560 2896 post
589 2830 807 2885 ruinam
829 2828 1110 2901 :Surgite;
1128 2840 1184 2885 et
1205 2827 1567 2883 nihilominus
1586 2825 1934 2895 appellantur
2032 2836 2139 2891 que
2152 2823 2365 2893 jnstitia
2387 2822 2591 2880 habitet
2617 2824 2670 2879 in
2688 2825 2934 2893 deserto,
2965 2835 3023 2879 et
3047 2828 3355 2896 requiescat
3377 2828 3428 2882 in
3453 2826 3629 2882 Claar-

326 2921 459 2991 ﬁlite
485 2923 841 2995 confidentes,
874 2924 995 2984 sive
1035 2933 1304 2994 sperantes
1336 2939 1355 2977 :
1385 2919 1812 2992 praecipiturque
1850 2918 1935 2973 eis
2034 2915 2167 2979 mel,
2199 2916 2289 2985 qui
2331 2918 2481 2986 prius
2505 2918 2885 2989 appellabatur
2914 2920 3380 2990 desertum.0pus
3410 2936 3631 2993 quoquc

325 3025 392 3071 ut
419 3016 649 3073 audiant
671 3031 958 3073 sermones
991 3015 1231 3081 Domini,
1258 3025 1313 3070 et
1345 3012 1703 3069 recordentur
1722 3009 1933 3065 dierum
2030 3005 2257 3077 iustitia:
2274 3008 2381 3062 erit
2403 3024 2527 3076 pax,
2551 3024 2693 3079 quzr,
2721 3010 2877 3078 juxta
2894 3013 3243 3076 Apostolum,
3264 3028 3481 3067 omnem
3505 3028 3631 3070 sen-

327 3119 384 3166 et
415 3112 567 3179 anni,
607 3111 677 3167 de
712 3127 825 3184 quo
855 3112 907 3167 in
939 3109 1405 3181 consequentibus
1426 3111 1453 3142 ⁸
1479 3107 1680 3163 dicturi
1717 3119 1931 3170 sumus,
2037 3114 2160 3154 sum
2185 3112 2481 3167 exsuperat
2511 3099 2777 3172 (Philipp.
2814 3100 2907 3173 tv).
2940 3100 3008 3156 Et
3041 3105 3211 3157 cultus
3235 3105 3447 3170 iustitia:
3470 3104 3632 3160 sileno

326 3203 452 3274 ipso
489 3202 777 3261 Salvatorc
826 3203 1043 3271 dicente
1074 3219 1090 3257 :
1116 3201 1350 3261 Spiritus
1390 3199 1601 3255 Domini
1636 3213 1792 3271 super
1829 3212 1929 3264 me,
1959 3190 2008 3255 C
2039 3192 2192 3255 lium.
2225 3200 2285 3246 ιιι
2326 3207 2434 3247 non
2477 3193 2820 3262 multiloquio
2856 3192 3191 3261 Iudaeorum,
3235 3196 3332 3251 Sed
3368 3197 3634 3279 brevitate

323 3309 550 3372 prapter
570 3298 709 3367 quod
740 3299 893 3353 unxit
930 3313 1011 3352 me
1032 3313 1051 3352 :
1078 3296 1432 3370 euangelizare
1462 3293 1776 3367 pauperibus
1803 3290 1941 3345 misit
2041 3285 2167 3341 ﬁdei
2204 3284 2437 3340 adorent
2474 3285 2792 3350 Dominum;
2821 3294 2877 3341 et
2915 3287 3093 3342 securi
3123 3300 3324 3344 aeterna
3379 3307 3510 3361 pace
3552 3308 3635 3349 te-

322 3409 417 3448 me
439 3407 460 3446 :
491 3390 781 3459 praedicare
805 3390 1020 3462 captivis
1048 3389 1431 3450 remissionem,
1456 3396 1504 3441 et
1538 3386 1688 3440 cwcis
1722 3385 1889 3439 visum
1920 3398 1939 3437 :

326 3497 522 3539 uocare
540 3496 738 3535 annum
761 3479 971 3535 Domini
988 3478 1356 3544 acceptabilem
1370 3476 1521 3550 (Luc.
1546 3492 1621 3539 tv,
1643 3475 1735 3541 18,
1759 3474 1868 3543 l9),
1885 3484 1939 3529 et

331 3577 452 3647 ipsa
484 3572 796 3630 recordatio
828 3574 925 3627 ﬁat
954 3574 1038 3629 eis
1053 3573 1208 3643 juxta
1238 3569 1591 3643 Septuaginta
1616 3569 1669 3624 in
1692 3567 1937 3622 dolorem

333 3683 459 3724 cum
508 3682 628 3737 spe,
666 3677 720 3721 ut
761 3665 1024 3736 plangant
1075 3680 1136 3721 se
1183 3664 1469 3719 Dominum
1523 3663 1855 3731 denegasse,
1885 3669 1941 3716 et

334 3774 490 3831 spem
528 3758 766 3815 habeant
792 3758 1015 3823 salutis,
1037 3756 1084 3813 si
1108 3759 1324 3829 egerint
1364 3755 1768 3826 paenitentiam.
1799 3754 1940 3809 Dicit

339 3856 484 3909 cnim
532 3851 868 3908 vindemiam
918 3864 1378 3916 consummatam,
1420 3861 1477 3908 et
1523 3859 1646 3922 post
1689 3850 1937 3905 ultimam

340 3952 684 4021 vastitatem,
706 3960 828 4016 quae
851 3944 953 4000 sub
980 3942 1319 4015 Vespasiano
1345 3951 1404 4000 et
1432 3944 1555 3999 Tito
1584 3942 1940 4013 Adrianoque

340 4043 562 4106 accidit.
588 4057 930 4114 nequaquam
969 4041 1132 4096 aliam
1174 4042 1548 4113 captivitatem
1593 4054 1718 4096 esse
1747 4049 1941 4095 ventu-

342 4151 485 4199 ram,
514 4150 618 4191 nec
644 4149 998 4190 remansuros
1019 4135 1208 4190 botros
1232 4136 1284 4189 in
1311 4136 1545 4203 pOpulis,
1568 4133 1659 4204 qui
1681 4132 1941 4202 deinceps

342 4229 637 4301 colligendi
666 4238 811 4284 sunt.
843 4227 999 4285 Unde
1044 4235 1408 4295 provocantur
1447 4225 1516 4280 ad
1562 4228 1860 4295 planctum,
1886 4231 1939 4279 et

337 4322 602 4395 jubentur
628 4321 834 4377 nudare
867 4330 1111 4391 pectora,
1139 4328 1197 4376 et
1229 4317 1519 4389 accingere
1549 4316 1761 4372 lumbos
1788 4330 1941 4381 suos,

344 4432 408 4471 eo
438 4417 584 4488 quod
611 4416 765 4487 regio
785 4414 1062 4487 quondam
1090 4410 1499 4477 desiderabilis,
1521 4419 1578 4466 et
1607 4410 1762 4464 vinea
1791 4406 1945 4463 ferti-

344 4510 431 4576 lis,
449 4510 518 4566 de
545 4526 647 4582 qua
674 4511 941 4578 scriptum
962 4517 1077 4563 est:
1103 4505 1217 4579 Ego
1247 4504 1482 4578 plantaci
1510 4515 1557 4560 te
1583 4503 1782 4558 uincam
1803 4505 1946 4574 fruc-

2040 3382 2346 3450 quieseant,
2380 3390 2436 3436 et
2469 3380 2524 3435 in
2557 3379 2931 3437 tabernaculis
2959 3397 3146 3437 eorum
3180 3382 3288 3439 sint
3309 3384 3535 3452 dvitiae,
3566 3388 3635 3444 de

2042 3473 2242 3545 quibus
2285 3474 2576 3543 Apostolus
2631 3473 2952 3541 loquebatur
2984 3475 3028 3546 (Ι
3057 3474 3241 3541 Com,
3286 3476 3384 3548 5):
3429 3476 3635 3533 Gratias

2042 3584 2141 3641 ago
2168 3567 2275 3622 Deo
2292 3583 2404 3621 meo
2424 3583 2516 3641 per
2539 3566 2723 3622 Jesum
2740 3566 3033 3634 Christum,
3056 3572 3299 3640 quoniam
3322 3571 3375 3625 in
3404 3573 3640 3630 omnibus

2038 3660 2202 3735 ωε
2232 3661 2417 3716 divites
2439 3662 2564 3730 [acti
2593 3662 2715 3715 estis
2746 3661 2799 3716 in
2823 3679 2905 3728 eo,
2928 3664 2983 3718 in
3016 3665 3157 3718 omni
3178 3666 3347 3735 verba,
3377 3676 3428 3720 et
3448 3666 3504 3721 in
3525 3684 3634 3722 om-

2040 3756 2094 3810 ni
2122 3756 2358 3810 scientia.
2381 3754 2516 3811 Cum
2544 3763 2726 3811 autem
2770 3758 2998 3826 populus
3037 3757 3369 3817 christianos
3409 3761 3637 3832 sederit,

2039 3848 2125 3903 vel
2149 3846 2476 3903 habitaverit
2509 3849 2560 3903 in
2594 3848 3022 3917 pulchritudine,
3056 3851 3174 3907 sive
3206 3863 3264 3907 ut
3292 3852 3433 3909 LXA
3463 3863 3641 3913 trans-

2044 3943 2310 4009 tuleruut,
2341 3941 2399 3995 in
2438 3940 2646 3997 civitate
2687 3944 2854 4011 pacis,
2880 3941 3020 3999 haud
3047 3946 3269 4000 dubittm
3293 3950 3422 4013 quin
3449 3948 3503 4003 in
3539 3950 3643 4005 Ec:

2041 4033 2241 4100 clesia;
2275 4045 2401 4089 tunc
2435 4033 2644 4105 grando
2671 4043 2834 4105 atque
2879 4046 3194 4105 tempestas.
3230 4047 3287 4092 et
3318 4039 3531 4093 lion-ini
3562 4043 3640 4098 ira

2042 4127 2349 4184 desaeviens
2378 4128 2717 4183 de~ceudeut
2745 4127 2799 4181 iu
2839 4127 3059 4192 saltum,
3090 4129 3160 4184 de
3189 4145 3299 4199 quo
3328 4144 3491 4198 supra
3525 4132 3644 4189 dic-

2043 4231 2157 4277 tum
2186 4229 2305 4277 est:
2329 4220 2397 4275 Et
2421 4219 2662 4276 Cltarmel
2690 4221 2743 4275 in
2774 4222 2970 4276 saltum
3004 4223 3362 4295 reputabitur;
3385 4237 3439 4280 et
3462 4225 3640 4283 humi-

2044 4311 2272 4367 liabitur
2312 4310 2503 4366 civitas
2548 4310 2881 4387 Jerusalem,
2909 4323 2963 4368 et
2997 4325 3141 4378 juxta
3183 4317 3343 4372 aliam
3392 4319 3643 4387 scriptu-

2044 4417 2183 4467 ram,
2224 4402 2292 4456 de
2323 4411 2466 4458 terra
2492 4403 2766 4466 loquetur.
2794 4403 2924 4472 Quae
2951 4420 3075 4461 cum
3105 4406 3180 4462 ita
3204 4422 3265 4463 se
3296 4408 3555 4473 habeant.
3585 4421 3643 4467 et

2049 4490 2402 4546 didicerimus
2447 4493 2705 4548 vaticinio
2754 4494 3083 4564 prophetali,
3109 4510 3313 4565 quanta
3347 4504 3486 4555 bona
3539 4501 3642 4557 Ec-

345 4604 575 4675 tiferam,
602 4611 759 4658 totam
781 4616 951 4655 veram
977 4615 996 4654 :
1022 4600 1281 4665 quomodo
1304 4612 1556 4653 conversa
1581 4611 1635 4650 es
1657 4595 1714 4649 in
1750 4593 1947 4647 amari-
1972 4586 2022 4647 Ι)
2049 4590 2217 4646 clesia
2244 4603 2564 4659 possessura
2595 4591 2689 4653 sit,
2716 4602 2770 4645 et
2791 4604 2994 4660 quanta
3026 4594 3166 4647 mala
3199 4610 3424 4664 passura
3453 4598 3522 4651 sit
3553 4596 3646 4653 Je-

348 4697 584 4753 tudinem
614 4696 730 4751 vitis
770 4696 957 4751 alienat
978 4691 1115 4765 (Jer.
1143 4708 1199 4759 tt,
1229 4691 1323 4764 21)
1342 4692 1367 4744 ‘l
1396 4690 1645 4745 Romano
1671 4696 1939 4753 vastante,

344 4790 527 4848 deleta
571 4788 663 4843 sit.
697 4786 873 4857 Super
915 4783 1154 4847 humum,
1185 4783 1381 4853 inquit,
1411 4779 1592 4856 populi
1630 4782 1752 4845 mei,
1780 4776 1941 4851 531

345 4884 516 4956 spintc
536 4891 586 4937 et
612 4897 810 4954 vepres,
837 4883 959 4936 sive
982 4881 1158 4950 fenum
1196 4875 1455 4931 ascendet.
1489 4881 1555 4932 tt
1591 4884 1678 4932 est
1705 4888 1942 4930 sensus:

346 4979 406 5036 Si
456 4988 658 5033 terram
703 4975 971 5041 Judtearn,
1003 4989 1125 5043 qua:
1165 4971 1609 5042 repromissionis
1662 4980 1804 5025 terra
1834 4978 1939 5033 est,

343 5072 522 5146 spina:
555 5070 911 5141 repleverunt
938 5076 996 5123 et
1025 5082 1241 5136 vepres,
1274 5074 1479 5135 quanto
1500 5065 1676 5134 magis
1703 5063 1834 5117 alias
1863 5064 1944 5116 ci-

342 5168 546 5221 vitates
576 5181 696 5236 qua:
730 5163 907 5233 plenae
933 5174 1059 5215 sunt
1090 5158 1314 5229 gaudio,
1334 5164 1526 5226 etquze
1550 5156 1682 5211 illud
1711 5170 1948 5226 evange-

339 5262 516 5317 licum
543 5272 976 5326 consequentur;
1021 5253 1110 5309 Vir
1139 5253 1228 5325 qui
1249 5252 1486 5327 gaudetis
1524 5266 1681 5314 nunc,
1703 5250 1949 5321 quoniam

341 5349 798 5426 plorabilis(Luc.
826 5364 878 5403 v1
929 5348 1057 5419 25)!
1093 5351 1353 5402 llomutus
1384 5344 1492 5418 [ΑΙ.
1526 5341 1750 5417 Domo]
1778 5348 1947 5411 enim,

344 5449 404 5503 id
436 5457 545 5510 est,
572 5447 835 5514 templum
864 5458 1043 5497 unum
1076 5444 1361 5497 dimissum
1393 5449 1499 5501 est,
1528 5442 1744 5495 dicente
1774 5453 1859 5493 uie
1885 5438 1952 5492 ad

343 5538 686 5607 Apostolus:
712 5536 943 5602 Surgite.
973 5535 1216 5590 abeamus
1245 5534 1363 5587 hinc
1392 5529 1574 5603 (loan.
1606 5546 1691 5585 xtv
1711 5571 1725 5593 ,
1752 5530 1876 5600 3|};
1901 5540 1957 5586 et

344 5633 421 5690 ad
450 5631 763 5687 incredulos
784 5627 1157 5700 :Relinquetur
1185 5629 1322 5682 vobis
1349 5628 1533 5682 domus
1560 5635 1728 5680 vestra
1754 5624 1958 5678 deserta

433 5784 464 5814 "
497 5775 651 5834 Unus
678 5772 881 5831 νεαρ..
905 5772 961 5824 in
994 5768 1371 5841 consequentibz
1390 5782 1416 5822 s
1446 5765 1631 5822 lecturi
1650 5779 1849 5821 sumus.

666 5869 951 5932 Panos.
1000 5863 1234 5928 XXIV.

2051 4682 2291 4739 rusalem
2323 4697 2335 4735 :
2368 4679 2515 4736 beati
2538 4682 2698 4747 estis,
2731 4683 3000 4751 Apostoli,
3028 4688 3323 4753 caeteriquo
3352 4687 3637 4756 Doctores,

2047 4779 2141 4849 qui
2171 4774 2461 4831 seminatis
2482 4790 2650 4846 super
2676 4790 2867 4832 omnes
2893 4792 3062 4847 aquas
3090 4777 3383 4849 Scriptum
3407 4793 3640 4851 sani-tte,

2050 4869 2104 4926 in
2142 4868 2342 4939 quibus
2380 4868 2558 4924 calcat
2597 4869 2695 4924 bos
2735 4876 2793 4924 et
2826 4869 3037 4923 asinus.
3070 4869 3177 4925 Bos
3221 4872 3480 4928 mundum
3517 4876 3637 4931 aui.

2049 4963 2176 5027 mal,
2213 4976 2439 5033 propter
2461 4963 2790 5018 electionem
2817 4972 3052 5032 patrum,
3086 4962 3278 5018 asinus
3304 4966 3641 5036 itumundus,

2048 5067 2270 5127 propter
2293 5054 2665 5110 idololatrian:
2698 5056 2971 5126 quondam
2998 5059 3318 5126 gentilium,
3368 5072 3421 5115 ιιι
3470 5073 3526 5117 et
3570 5062 3640 5118 de

2049 5150 2484 5209 Circitlncisiune
2514 5160 2567 5204 et
2589 5150 2658 5205 tle
2692 5150 2963 5218 Pra-ptttio
2993 5151 3230 5207 ECt'lt‘Sla
3261 5155 3474 5209 llottttnl
3506 5169 3639 5210 con-

2053 5257 2332 5318 gregetur.
2375 5244 2533 5312 Quod
2582 5261 2767 5316 supra.
2796 5245 2951 5314 juxta
2985 5245 3150 5312 LXX,
3197 5248 3437 5303 dicitur:
3473 5250 3645 5320 Super

2056 5352 2244 5395 terram
2292 5340 2471 5410 populi
2503 5340 2600 5392 mei
2645 5356 2813 5406 spina
2842 5349 2889 5393 et
2931 5343 3105 5410 [mum
3146 5340 3419 5397 ttst‘cndel,
3455 5342 3648 5395 rolrrri

2059 5444 2269 5505 potest,
2301 5443 2355 5485 et
2396 5436 2461 5486 ad
2508 5431 2823 5493 hsereticos,
2856 5445 2904 5484 et
2960 5431 3024 5482 atl
3079 5431 3359 5498 simplices
3406 5448 3653 5502 qunque

2058 5526 2421 5591 credentium,
2447 5523 2543 5592 qui
2563 5541 2668 5576 non
2694 5524 2765 5576 ita
2791 5524 3133 5587 Scriptorum
3165 5525 3465 5592 intelligunt
3494 5540 3651 5581 sanc-

2062 5632 2195 5689 tam,
2227 5633 2283 5675 ut
2317 5621 2465 5676 Illius
2492 5620 2753 5675 Convenit
2786 5617 3081 5686 maiestati.
3110 5617 3267 5673 Unde
3301 5620 3514 5689 singula
3549 5622 3663 5677 sin-

3115 5855 3193 5918 l2
