4010 6346
313 311 427 372 369

841 314 1487 377 COMMENTARIOKUM
1525 318 1594 376 IN
1629 318 1866 378 ISAIAM
1903 319 2330 383 PROPHETAM
2368 324 2504 382 LIB.
2544 325 2615 383 Χ.
2656 327 2808 386 CAP.
2849 325 3097 387 XXXIV.

3525 334 3632 392 570

316 449 442 506 gem
463 435 522 490 in
544 434 731 490 decore
749 452 840 490 suo
868 436 1109 490 videbunt
1128 437 1268 490 oculi
1287 437 1382 498 tui,
1407 436 1780 499 eontetnnlate
1801 437 1932 494 Sion
1960 443 2016 504 Α
2038 441 2108 497 de
2155 443 2380 499 interitu
2409 443 2652 499 omnium
2703 447 2903 501 dicitur
2951 455 3256 514 nationum,
3278 448 3439 524 “1
3462 461 3519 507 et
3562 451 3633 508 de

319 529 525 583 urbem
555 529 917 584 soleninttatis
947 537 1170 593 nostra,
1212 529 1335 585 vide
1367 529 1665 585 Ecclesiam
1699 531 1925 598 L‘hristi,

319 622 376 678 in
407 638 516 694 qua
557 631 642 678 est
672 638 796 678 vera
827 625 1145 679 solemnitas
1172 641 1187 678 :
1212 625 1362 680 oculi
1397 626 1471 680 tui
1503 637 1727 681 cernent
1759 628 1924 682 visuo-

317 733 445 774 nem
477 720 649 787 pacis,
680 729 736 774 et
761 718 978 775 divitias
1023 721 1352 791 insperatus,
1399 738 1538 794 quas
1569 725 1762 778 oculus
1813 741 1920 779 tton

319 813 482 876 vidit,
515 827 620 868 nec
645 815 796 868 auris
828 815 1068 880 audivit,
1114 831 1216 871 nec
1246 817 1298 871 itt
1342 832 1440 872 cor
1471 818 1707 874 hominis
1735 834 1931 874 ascen-

315 904 540 971 derunt,
569 921 625 961 et
650 906 1067 962 tabernaculum
1092 909 1238 977 quod
1269 925 1612 980 nequaquam
1637 911 1930 966 trau~ferri

317 1013 540 1073 pctertt.
595 1001 753 1055 Prius
785 1003 932 1056 enim
965 1003 1375 1058 tabernaculum
1423 1005 1566 1070 quod
1597 1004 1787 1059 lt-Iotit
1833 1021 1933 1076 po-

318 1096 484 1166 pulus
522 1091 857 1160 Judeorutn,
904 1095 1226 1150 translatum
1275 1105 1360 1151 est
1407 1105 1572 1166 atque
1619 1097 1921 1151 sublatum.

323 1194 441 1250 Nec
483 1195 813 1250 movebuntur
836 1196 971 1249 clavi
998 1199 1111 1269 ejus
1139 1195 1196 1249 in
1235 1197 1626 1268 sempiternum,
1663 1206 1712 1250 et
1751 1212 1929 1250 omnes

319 1287 551 1361 funiculi
590 1290 704 1358 ejus
729 1289 870 1358 ﬁrmi
900 1299 1086 1354 erunt;
1133 1291 1206 1344 ita
1241 1301 1296 1342 ιιι
1329 1289 1590 1344 Dominus
1628 1290 1836 1344 habitet
1878 1293 1931 1344 in

321 1397 417 1446 co,
475 1383 566 1448 qui
616 1381 770 1437 locos
801 1391 884 1438 est
915 1385 1164 1436 omnium
1211 1381 1526 1448 ﬂuviorum,
1579 1384 1931 1453 rivorumque

318 1475 681 1532 currentium.
730 1490 826 1544 per
855 1489 997 1544 quos
1037 1474 1204 1548 M0
1231 1476 1413 1531 nullos
1458 1475 1712 1532 adversae
1762 1477 1932 1545 partis

317 1566 523 1638 poterit
553 1567 807 1631 navigare
835 1585 848 1620 :
878 1583 1046 1636 neque
1073 1568 1303 1621 triremis
1347 1584 1558 1640 magna,
1591 1583 1717 1638 qua:
1758 1569 1933 1624 inter-

315 1671 568 1730 pretatur
588 1659 867 1726 diabolus,
895 1675 1021 1714 eum
1055 1659 1360 1730 transgredi
1395 1661 1597 1729 poterit
1628 1679 1638 1689 -
1665 1662 1789 1730 quia
1827 1663 1932 1716 l)o~

315 1769 500 1809 mnus
524 1756 639 1821 ipse
659 1753 950 1821 ustjodex.
975 1763 1028 1808 ct
1053 1769 1332 1822 princeps,
1355 1763 1407 1808 et
1435 1769 1552 1818 rex,
1581 1766 1633 1809 et
1665 1753 1924 1811 Salvator

2031 542 2505 596 consummatione
2537 542 2746 608 mundi,
2777 559 2900 614 quae
2941 555 3026 600 est
3058 547 3109 598 in
3141 547 3230 601 die
3260 556 3440 602 tutura
3483 547 3631 618 judi-

2031 631 2124 687 cii.
2159 631 2314 688 Unde
2335 647 2531 688 omnes
2561 647 2754 705 gentes
2780 647 2828 689 et
2860 637 3043 706 populi
3076 647 3236 693 terrae
3266 652 3316 693 et
3347 640 3630 710 plenitudo

2029 724 2172 795 ejus,
2195 726 2348 781 orbis
2375 738 2431 782 et
2460 737 2655 783 cuncta
2683 729 2956 796 genimina
2983 735 3122 797 eius,
3162 741 3269 785 tam
3309 747 3431 803 (pne
3477 731 3510 787 b
3549 733 3632 787 bi-

2033 829 2217 875 tantur
2249 823 2390 888 loca,
2422 839 2586 890 quam
2618 841 2739 895 qua:
2767 825 3147 879 inhabitabilta
3183 841 3308 880 sunt
3344 827 3634 882 nimietate

2031 911 2253 985 frigoris
2293 924 2345 970 et
2379 915 2603 980 caloris,
2636 919 2894 987 jubentnr
2921 919 3133 985 audire,
3167 933 3221 975 et
3248 935 3370 990 quzc
3400 928 3634 975 ventura

2031 1015 2158 1059 sunt
2185 1021 2307 1060 cum
2339 1009 2485 1061 omni
2533 1010 2731 1063 mentis
2780 1019 3022 1066 tremore
3071 1024 3410 1080 cognoscere
3483 1010 3633 1065 lodi-

2030 1097 2214 1169 gnatio
2235 1101 2382 1156 enim
2405 1099 2621 1156 Domini
2653 1116 2997 1172 nequaquam
3024 1117 3191 1172 super
3218 1119 3379 1157 tinam
3409 1112 3632 1173 gentem

2031 1189 2296 1252 Jndtcam.
2327 1202 2382 1246 et
2414 1195 2673 1264 Assyrius
2723 1204 2888 1263 atque
2935 1193 3250 1258 Chaldzeos,
3311 1193 3628 1266 Egyptius,

2034 1283 2322 1344 Moabitas.
2345 1286 2780 1355 etAmmonitas,
2798 1297 2855 1342 et
2877 1286 3229 1344 Philistbteos
3257 1305 3270 1342 :
3297 1289 3392 1342 sed
3419 1301 3474 1342 et
3497 1303 3634 1343 con-

2034 1386 2115 1432 tra
2141 1395 2335 1434 omnes
2357 1395 2570 1450 gentes,
2601 1393 2656 1437 et
2684 1398 2852 1452 super
2880 1384 3191 1440 universam
3217 1384 3493 1452 militiam,
3518 1386 3636 1443 sive

2036 1482 2094 1526 ut
2118 1470 2262 1527 LXX
2293 1475 2715 1540 transtulerunt,
2749 1493 3018 1531 numerum
3046 1495 3249 1537 eorum.
3273 1491 3506 1536 ventura
3529 1480 3631 1536 de-

2036 1566 2316 1632 scribitur,
2351 1582 2474 1634 quae
2513 1569 2800 1622 interficiat
2829 1584 2940 1630 eas.
2975 1584 3026 1625 et
3061 1570 3293 1625 fetorem
3332 1586 3635 1640 corporum

2035 1661 2468 1727 putrescentium
2494 1661 2543 1712 in
2564 1659 2732 1714 altum
2765 1660 3065 1716 ascendere
3099 1663 3264 1716 faciat
3289 1664 3638 1734 :signilicaus

2034 1763 2254 1822 peccata
2299 1767 2544 1807 omntutn
2595 1766 2876 1806 nat-ouum
2913 1769 2929 1808 ι
2963 1762 3035 1807 tta
3068 1767 3120 1806 ut
3156 1755 3316 1810 sanie
3344 1771 3534 1810 carum
3577 1765 3639 1810 et

317 1857 529 1906 noster,
553 1857 608 1901 et
629 1845 727 1900 illo
749 1856 1096 1916 protegente,
1123 1846 1327 1901 nullius
1353 1857 1658 1901 metuemus
1682 1847 1927 1904 insidias.
1963 1837 2010 1897 B
2039 1843 2324 1912 spurcitia,
2353 1859 2416 1898 ac
2436 1845 2703 1912 Sanguine
2733 1857 2947 1900 montes
2977 1845 3295 1915 repleantur
3323 1863 3337 1900 :
3370 1846 3638 1902 sublimes

317 1939 451 1996 Haec
478 1938 624 1992 dicta
650 1948 777 1992 sunt
804 1937 872 1992 de
892 1937 1025 1994 Sion
1059 1941 1192 1993 urbe
1218 1939 1584 1993 Sttletllllilalis
1618 1953 1846 2002 nostrai,
1872 1949 1928 1992 et

317 2034 392 2090 de
411 2032 712 2090 Jerusalem
737 2033 1072 2089 habitatione
1094 2034 1391 2100 ditissima,
1420 2049 1580 2106 quam
1605 2034 1722 2104 ipse
1749 2033 1930 2088 [tomi-

314 2145 426 2185 nus
455 2127 636 2184 ﬂuvtis
660 2128 778 2182 suis
807 2127 1170 2183 circumdabit
1195 2139 1358 2200 atque
1380 2129 1626 2183 Vallabit.
1659 2129 1809 2183 Nunc
1831 2144 1930 2184 au-

312 2228 431 2279 te'n
480 2221 547 2274 ad
595 2231 873 2276 terrenam
917 2221 1163 2290 loquitur
1197 2220 1523 2287 Jerusalem,
1564 2223 1708 2293 quod
1757 2222 1928 2276 laxati

311 2315 433 2372 sint
461 2312 689 2368 funiculi
717 2313 1050 2367 tabernaculi
1083 2315 1226 2382 ejus,
1250 2325 1305 2370 et
1329 2313 1620 2369 tentorium
1647 2317 1926 2369 susnnere

313 2421 430 2464 non
461 2408 757 2476 quiverint,
791 2413 846 2461 et
887 2406 1061 2460 malus
1107 2405 1243 2474 ejus,
1295 2406 1347 2460 in
1394 2422 1502 2478 quo
1551 2407 1925 2475 pulcherrima

312 2503 590 2574 quondam
635 2502 754 2558 vela
801 2501 1131 2569 pendebant,
1166 2506 1340 2571 ruptis
1375 2503 1596 2557 funibus
1628 2502 1927 2570 cecidetit,

313 2605 384 2653 ut
412 2611 516 2649 non
542 2598 717 2650 solum
750 2595 817 2649 ad
845 2597 1277 2666 navigationem,
1311 2595 1406 2652 sed
1439 2597 1506 2650 ad
1537 2598 1758 2667 signum
1789 2610 1929 2665 quo-

315 2703 431 2760 que
461 2688 664 2742 inutilis
693 2687 785 2743 sit.
818 2689 1112 2758 Postquam
1139 2697 1320 2742 autem
1349 2689 1502 2743 navis
1529 2703 1719 2744 eorum
1763 2689 1932 2744 fuerit

315 2781 608 2847 dissoluta,
657 2791 712 2838 et
760 2783 1172 2838 tabernaculum
1231 2782 1580 2852 dlSStp.Illllll,
1635 2783 1708 2837 ita
1761 2794 1820 2836 ut
1872 2783 1926 2837 in

313 2887 613 2947 utramque
639 2885 847 2947 partem
874 2877 1101 2932 funiculi
1133 2876 1578 2939 disronipantur,
1613 2877 1790 2946 pra-da
1817 2877 1933 2931 vic-

306 2969 534 3027 toribus
557 2970 828 3025 dividetur
853 2987 867 3023 :
903 2969 972 3028 iui
999 2982 1104 3022 tam
1126 2968 1380 3023 itnbeciii
1403 2977 1564 3022 erunt
1593 2968 1826 3034 prclariis
1855 2968 1935 3021 vi-

307 3063 500 3122 ribus,
533 3073 590 3117 ιιι
613 3063 796 3118 claudi
826 3062 1200 3132 appellentur;
1243 3073 1298 3113 et
1333 3059 1687 3115 nihilominus
1710 3057 1808 3113 Dci
1850 3059 1929 3112 ira

305 3157 602 3214 tribuo-nte
625 3157 708 3210 eis
737 3155 1139 3217 fortitudinem,
1168 3153 1372 3207 nullam
1404 3151 1783 3206 infirmitatem
1807 3166 1935 3207 sen-

302 3252 486 3310 tient.
511 3266 612 3305 nec
633 3249 817 3305 dicent
839 3269 852 3302 :
871 3249 1123 3302 laboravi.
1154 3249 1254 3314 Qui
1277 3249 1424 3301 enim
1456 3245 1619 3301 fuerit
1642 3248 1784 3301 inter
1808 3262 1926 3310 eos,
1956 3220 2002 3284 ί)

299 3347 609 3403 auferetur
639 3343 708 3396 ab
738 3358 803 3397 eu
834 3344 1093 3411 iniquitas
1131 3354 1296 3414 atque
1328 3353 1634 3412 peCcatutn,
1678 3343 1802 3412 quia
1837 3340 1932 3396 Dei

301 3445 618 3496 eXSccntus
659 3445 744 3491 est
771 3435 1134 3490 voluntatem.

400 3529 572 3600 (Cap.
615 3527 1116 3582 XXXIV.—Vers.
1167 3528 1221 3595 1,
1261 3525 1712 3599 seqq.)Acccd-'te
1735 3535 1930 3597 gentes,

305 3635 363 3682 et
397 3621 596 3679 audite.
623 3630 670 3674 et
691 3620 874 3692 populi
895 3619 1146 3675 attendite
1172 3635 1190 3673 :
1217 3618 1404 3673 audiat
1429 3629 1566 3672 terra
1587 3629 1633 3672 et
1661 3617 1931 3686 plenitudo

304 3720 459 3789 ejus,
487 3712 624 3768 orbis
652 3723 698 3766 et
739 3729 888 3766 omne
908 3730 1113 3786 germen
1141 3717 1274 3787 ejus.
1307 3713 1446 3781 Quia
1474 3713 1766 3778 indignatio
1810 3712 1921 3765 Do-

305 3808 453 3865 mini
482 3824 636 3875 super
663 3823 838 3862 omnes
859 3817 1054 3880 gentes,
1080 3819 1126 3860 et
1158 3811 1308 3877 furor
1335 3823 1491 3873 super
1512 3807 1807 3861 universam
1833 3807 1931 3860 mi-

309 3902 495 3957 litiam
533 3917 709 3954 earum
734 3899 857 3972 [AL
889 3899 1098 3972 eorum]
1127 3917 1143 3954 :
1173 3901 1440 3972 interfecit
1470 3917 1579 3964 eus,
1624 3910 1672 3953 et
1705 3900 1848 3953 dedit
1875 3899 1930 3953 in

311 3992 662 4048 occ’sianein.
701 3991 870 4045 Occisi
915 4008 1092 4046 earum
1129 3993 1584 4065 prajicientur:et
1622 3991 1686 4044 de
1715 3991 1933 4045 cadave-

312 4085 475 4141 ribus
496 4100 675 4138 eurum
703 4082 941 4138 ascendet
967 4089 1103 4154 [utor
1128 4102 1144 4138 :
1166 4085 1423 4138 tabesccnt
1460 4095 1656 4138 montes
1683 4084 1937 4154 sanguine

316 4193 532 4234 catum.
561 4175 631 4232 Et
664 4177 762 4231 tabo
779 4186 885 4231 seet
907 4181 1074 4232 omnis
1098 4177 1285 4231 militia
1308 4181 1551 4230 ctet'omm
1575 4195 1592 4232 :
1614 4179 1936 4246 replicabitu-

319 4279 419 4325 ειη
448 4270 591 4337 (sive
632 4269 802 4338 compl
825 4271 1118 4336 enituntur)
1152 4272 1287 4322 sicut
1333 4269 1462 4322 liber
1494 4271 1604 4322 (teli
1629 4285 1646 4321 .'
1679 4279 1726 4321 et
1773 4270 1939 4322 omnis

319 4361 521 4418 militia
553 4379 728 4416 rarum
759 4363 972 4433 deﬂuet.
1004 4365 1138 4417 sicut
1189 4363 1376 4432 deﬂuit
1407 4363 1593 4431 folium
1623 4363 1686 4415 de
1712 4363 1862 4416 vinea
1889 4373 1939 4416 et

325 4456 404 4511 de
428 4456 553 4526 ﬁcu,
598 4459 845 4525 quoniam
890 4456 1168 4511 inebriatus
1193 4468 1265 4509 est
1296 4458 1349 4508 in
1389 4455 1516 4509 caelo
1539 4453 1744 4527 gladius
1775 4471 1937 4508 meus.

325 4552 474 4610 Eore
523 4570 680 4619 super
729 4551 1019 4608 Idunta’am
1068 4556 1362 4620 descendet,
1394 4566 1442 4608 et
1489 4570 1645 4625 super
1692 4555 1942 4620 pupulum

326 4645 708 4716 inbrfectionis
749 4662 873 4699 mea:
903 4648 971 4699 ad
1011 4647 1296 4719 judicium.
1349 4645 1573 4701 Gladius
1627 4646 1832 4698 Domini
1859 4663 1944 4700 re-

331 4738 503 4810 pletus
542 4748 619 4791 est
667 4739 944 4808 sanguine,
996 4739 1312 4793 ineratsatus
1361 4740 1513 4811 adipe
1542 4740 1646 4793 :de
1689 4740 1944 4810 sanguine

334 4848 590 4904 agnorum
616 4843 661 4884 et
687 4831 976 4895 hircorum,
1001 4833 1064 4885 de
1094 4833 1350 4902 sanguine
1380 4830 1785 4886 ntednllntorum
1812 4833 1946 4886 arie-

336 4937 486 4990 tum;
532 4925 734 4979 victima
775 4925 912 4978 enim
964 4923 1174 4977 Domini
1218 4925 1271 4976 in
1323 4921 1487 4978 Basra
1513 4940 1532 4977 :
1562 4934 1610 4978 et
1653 4923 1944 4995 interfectio

339 5034 530 5088 magna
574 5018 628 5070 in
659 5028 800 5070 terra
848 5017 1038 5070 Edam.
1072 5013 1138 5068 Et
1171 5015 1478 5069 descendent
1521 5018 1800 5072 unicornes
1830 5034 1948 5071 cum

341 5111 434 5174 eis,
482 5122 527 5162 et
568 5111 707 5162 (auri
753 5127 868 5164 cum
896 5111 1210 5181 potentibus.
1262 5105 1613 5163 Inebriabitur
1661 5120 1795 5162 terra
1825 5125 1948 5163 san-

342 5205 500 5276 guine
542 5219 751 5269 eorum,
795 5214 842 5270 et
873 5205 1058 5258 humus
1085 5220 1260 5257 eorum
1303 5203 1459 5269 adipe
1492 5204 1785 5275 pinguium.
1817 5203 1951 5259 Post

341 5313 458 5354 even
474 5299 689 5353 sionem
716 5297 1017 5352 Jerusalem
1046 5307 1101 5351 et
1131 5296 1471 5365 naufragium
1500 5295 1781 5364 quondam
1816 5296 1950 5351 soli-

343 5390 588 5447 dISSith.
613 5391 790 5456 navis,
823 5390 1171 5460 prasdamque
1194 5391 1378 5444 omnis
1399 5387 1756 5458 supellectilis
1781 5389 1949 5458 illius,

421 5545 448 5572 ιι
479 5533 718 5588 Verbum
757 5531 1077 5586 arbitran‘ur
1103 5530 1365 5596 expttngit
1402 5527 1698 5587 Victorius,
1730 5537 1841 5582 tum
1878 5543 1960 5583 se-

348 5606 433 5662 rie
477 5613 740 5661 ciuitoua
774 5602 921 5671 .legit
967 5617 1082 5656 vere
1119 5601 1211 5654 ltus
1256 5600 1458 5654 stellas.
1503 5600 1778 5668 quomodo
1818 5613 1866 5652 et
1907 5600 1960 5653 iu

352 5675 536 5733 Vatic.
575 5691 672 5728 tns.
707 5689 827 5728 esie
869 5690 993 5727 mox
1026 5680 1287 5728 «licvtnus.
1323 5672 1387 5725 Et
1419 5674 1604 5722 Verior
1634 5673 1849 5736 quidem
1878 5682 1964 5726 est

352 5762 578 5803 sensus.
613 5759 736 5799 cuot
767 5759 873 5798 non
909 5744 1007 5798 nio
1036 5745 1171 5799 duas
1201 5746 1270 5796 de
1301 5742 1447 5796 veris
1476 5756 1670 5806 nempe
1696 5743 1872 5795 stellis
1899 5757 1965 5796 ac

354 5818 429 5877 de
460 5815 750 5890 mysticis,
782 5816 1068 5887 opiniones
1114 5815 1475 5885 Hieronymus
1528 5821 1715 5882 ponat,
1747 5824 1800 5868 et
1841 5819 1963 5880 qua)

2033 1953 2279 2008 qua-quat
2324 1937 2555 1993 virtutes
2597 1949 2651 1993 et
2697 1938 2913 2010 Angeli,
2960 1942 3050 2007 qui
3095 1938 3327 2006 singulis
3375 1941 3635 2009 gentibus

2034 2030 2426 2102 praesidebant;
2461 2045 2512 2086 et
2547 2033 2788 2087 tabescitt
2813 2032 2993 2086 omnis
3028 2033 3218 2087 militia
3252 2033 3332 2086 vel
3362 2031 3638 2089 fortitudo

2030 2124 2296 2180 caelorum
2325 2140 2338 2178 :
2363 2124 2718 2194 repltceutur,
2754 2124 2870 2180 sive
2896 2124 3306 2196 complicentur
3333 2128 3461 2182 εωιὶ
3490 2127 3636 2182 sicut

2034 2217 2194 2275 liber.
2235 2226 2292 2270 et
2331 2217 2508 2270 omnis
2551 2215 2740 2270 militia
2770 2228 2826 2272 et
2873 2216 3153 2272 exercitus
3196 2233 3411 2276 eorum.
3466 2229 3637 2289 atque

2035 2321 2097 2366 ut
2129 2309 2272 2366 LXX
2306 2311 2744 2376 transtulerunt,
2764 2322 2812 2364 et
2841 2314 3006 2367 stellte
3029 2313 3282 2383 diﬂuant.
3307 2317 3359 2368 in
3385 2315 3646 2370 similitu-

2033 2405 2216 2460 dinem
2244 2404 2526 2470 foliorum,
2551 2421 2694 2476 quae,
2719 2406 3192 2477 appropinquante
3221 2408 3446 2479 frigore,
3476 2425 3641 2465 aren-

2034 2498 2104 2554 tia
2151 2511 2315 2569 atque
2344 2510 2622 2556 contracta
2657 2501 2726 2556 de
2756 2502 2914 2557 vinea
2940 2513 2995 2558 et
3037 2501 3141 2556 ficu
3168 2502 3434 2558 defluunt.
3468 2503 3627 2570 Quod

2031 2591 2253 2661 quidem
2284 2603 2339 2647 et
2386 2592 2638 2648 Salvator
2682 2593 2926 2663 loquitur
2972 2596 3023 2648 in
3061 2593 3360 2665 Evangelia
3408 2613 3421 2648 :
3457 2594 3642 2652 Stellio

2035 2685 2221 2738 cadent
2267 2685 2332 2739 de
2374 2687 2521 2751 caelo,
2561 2695 2609 2740 et
2639 2688 2850 2740 virtutes
2894 2687 3139 2741 caelorum
3193 2688 3550 2750 movebuntur,
3593 2699 3642 2743 et

2036 2789 2157 2834 tunc
2182 2781 2445 2852 apparebit
2477 2782 2683 2852 signum
2719 2779 2848 2836 Filii
2879 2783 3100 2836 hominis
3149 2787 3204 2837 in
3246 2781 3373 2838 caelo
3402 2784 3419 2853 (
3445 2782 3637 2838 Matth.

2033 2891 2185 2937 xxiv,
2215 2875 2306 2937 29,
2331 2874 2456 2947 30).
2489 2875 2559 2930 Et
2591 2877 2694 2932 hoc
2719 2877 3206 2943 considerandum,
3240 2877 3386 2944 quod
3419 2894 3526 2933 non
3553 2879 3637 2932 di-

2033 2977 2119 3023 cm
2151 2971 2375 3024 interire
2419 2973 2609 3032 corios,
2655 2971 2752 3024 sed
2798 2971 3077 3040 repbcari,
3129 2974 3245 3028 sive
3288 2973 3635 3042 complicari,

2034 3062 2188 3129 quasi
2241 3061 2461 3123 librum,
2511 3073 2564 3115 ut
2609 3071 2892 3130 postquam
2942 3066 3124 3118 ouuiia
3176 3076 3395 3130 peccata
3443 3077 3634 3127 aperta

2035 3151 2240 3206 fuerint
2265 3163 2318 3208 et
2346 3154 2569 3215 relecta,
2592 3154 2992 3222 complicentur
3022 3160 3110 3225 qui
3145 3160 3296 3228 prius
3318 3163 3489 3230 aperti
3517 3161 3635 3215 fue-

2034 3258 2180 3308 rant,
2225 3258 2282 3301 ut
2314 3263 2655 3318 nequaquam
2688 3249 2830 3302 ultra
2875 3251 3182 3305 scribantur
3211 3253 3263 3306 in
3304 3257 3385 3308 eis
3426 3253 3629 3309 delicta

2035 3339 2356 3395 multorum.
2411 3340 2487 3394 De
2537 3341 2916 3410 hujuscemodi
2969 3342 3122 3396 libris
3187 3343 3374 3400 Daniel
3432 3347 3484 3399 iit
3533 3360 3636 3399 suo

2033 3431 2312 3485 volumine
2337 3431 2575 3501 loquitur
2607 3449 2620 3486 :
2644 3429 2913 3487 Iudicium
2937 3432 3093 3501 sedit.
3122 3445 3169 3487 et
3193 3434 3310 3489 lbri
3334 3446 3501 3506 aperti
3528 3445 3653 3491 sunt

2034 3521 2056 3590 (
2082 3522 2216 3577 Dan.
2251 3538 2342 3585 vn,
2375 3523 2501 3590 10),
2537 3524 2586 3577 itt
2618 3526 2818 3594 quibus
2839 3525 3117 3596 descripta
3145 3536 3303 3581 erant
3333 3542 3500 3597 opera
3527 3528 3645 3582 sin-

2034 3617 2309 3686 gulorutn.
2343 3616 2541 3673 Stellzts
2571 3627 2753 3672 autem
2781 3618 2982 3673 cadere
3031 3620 3280 3691 plerique
3305 3629 3330 3657 ⁸
3360 3622 3637 3678 arbitram

2035 3718 2146 3775 tttr,
2170 3710 2326 3780 juxta
2354 3711 2742 3778 Apocalyositn
2771 3711 3002 3768 Joannis
3025 3714 3271 3785 (Apacal.
3294 3730 3346 3770 vt
3365 3729 3412 3770 et
3431 3715 3567 3784 vnt).
3589 3726 3644 3772 et

2035 3799 2166 3856 illttd
2199 3801 2342 3871 quod
2370 3803 2500 3857 alibi
2531 3803 2794 3871 scriptum
2813 3815 2927 3858 est:
2952 3803 3138 3860 Stellae
3162 3807 3416 3862 unirerste
3454 3805 3646 3862 arden-

2036 3907 2109 3953 tes
2130 3898 2409 3958 solventur,
2434 3908 2482 3952 et
2501 3898 2684 3953 ctelnm
2705 3916 2766 3952 ac
2791 3909 2927 3954 terra
2949 3902 3240 3955 transibunt
3264 3902 3282 3970 (
3304 3901 3431 3955 Luc.
3455 3918 3513 3959 κ.
3537 3902 3571 3954 ‘2
3593 3901 3641 3972 ).

2038 3990 2288 4047 l’rmlerit
2319 3993 2465 4046 enim
2515 3994 2681 4062 figura
2719 3993 2880 4061 hujus
2904 3992 3116 4047 mundi.
3152 3994 3381 4059 Quidam
3403 3992 3431 4031 ι»
3457 3994 3525 4048 de
3557 3993 3645 4049 bis

2037 4085 2218 4141 stellis
2245 4085 2350 4138 dici
2385 4095 2594 4153 putant.
2640 4101 2760 4155 qua!
2791 4086 2840 4138 in
2870 4085 3012 4139 coelo
3041 4084 3288 4142 rutilant,
3321 4094 3381 4138 ut
3409 4084 3463 4138 in
3495 4101 3651 4151 parte

2041 4189 2375 4232 mon~tretur
2421 4187 2477 4232 et
2509 4188 2705 4242 totum,
2755 4177 2903 4247 quod
2956 4177 3168 4232 scilicrt
3218 4193 3315 4248 per
3356 4177 3649 4235 stellarum

2039 4270 2254 4324 ruinam
2287 4270 2448 4324 etiam
2487 4269 2752 4323 caelorum
2784 4271 3040 4323 interitus
3071 4270 3399 4325 ostendatur
3425 4269 3651 4337 (IlCor.

2040 4363 2168 4428 vn).
2209 4362 2310 4414 .-\lii
2337 4377 2469 4416 vero
2491 4359 2655 4432 M2
2679 4359 2778 4414 has
2801 4361 2989 4416 stellas
3014 4370 3207 4426 putant
3231 4377 3356 4418 e~se
3380 4377 3648 4433 ruiturus,

2044 4452 2113 4506 de
2139 4453 2336 4521 quibus
2366 4463 2415 4505 et
2442 4452 2642 4505 Paulus
2676 4453 2971 4522 Apostolus
2996 4454 3190 4508 scribit
3214 4471 3229 4507 :
3258 4453 3378 4508 Non
3407 4465 3481 4509 est
3502 4456 3652 4510 nobis

2051 4553 2306 4598 certamen
2337 4545 2578 4596 adversus
2612 4547 2911 4611 sanguinem
2946 4555 2992 4598 et
3025 4561 3252 4610 carnem,
3286 4548 3376 4600 sed
3407 4546 3653 4601 adversus

2054 4639 2396 4709 principatus,
2438 4643 2682 4691 adversus
2714 4649 3007 4704 potestates,
3041 4640 3291 4694 adversus
3318 4652 3543 4696 rectores
3582 4653 3656 4697 te-

2049 4732 2323 4787 nebrarum
2351 4731 2593 4795 istarum,
2619 4731 2864 4784 adversus
2895 4731 3194 4802 spiritualia
3219 4732 3461 4796 nequitiae
3481 4734 3534 4785 in
3555 4750 3654 4789 rte-

2051 4823 2260 4879 les'ibus
2289 4821 2509 4893 (Ephes.
2541 4839 2612 4885 vt,
2651 4823 2714 4876 li
2737 4821 2776 4892 ).
2808 4823 2915 4877 Nec
2948 4825 3144 4877 niirum
3174 4823 3220 4877 si
3244 4824 3521 4879 damiones
3557 4828 3653 4892 qni

2054 4917 2106 4971 in
2135 4933 2260 4972 acre
2292 4916 2554 4980 habitant,
2588 4918 2840 4971 dicantur
2868 4932 2989 4972 esse
3018 4918 3297 4982 caelestes,
3331 4935 3453 4973 cum
3489 4921 3655 4978 etiam

2054 5013 2305 5066 volucres
2339 5013 2492 5077 coeli,
2524 5027 2641 5081 qurc
2675 5013 2860 5080 utique
2889 5028 2994 5066 non
3026 5015 3076 5068 in
3104 5015 3270 5080 caelo,
3314 5017 3407 5070 sed
3444 5016 3498 5072 in
3527 5034 3657 5074 aere

2057 5107 2307 5168 volitant,
2368 5104 2646 5174 Scriptura
2720 5107 3093 5174 cognominet.
3156 5107 3290 5163 Nam
3334 5119 3390 5165 et
3428 5109 3661 5167 Satanas

2059 5200 2479 5265 transfiguratur
2536 5199 2588 5253 itt
2636 5203 2898 5263 Ancelum
2956 5202 3091 5256 lucis
3121 5206 3138 5271 (
3163 5201 3204 5257 ΙΙ
3227 5201 3350 5258 Cor.
3385 5221 3436 5259 x1
3465 5206 3504 5275 ),
3537 5205 3670 5260 stel-

2062 5295 2168 5350 lam
2215 5309 2276 5348 se
2307 5308 2431 5348 esse
2458 5295 2746 5352 simulans.
2781 5295 2842 5349 Et
2877 5295 3136 5350 Salvator
3177 5296 3307 5349 vidit
3351 5311 3476 5349 eum
3509 5297 3666 5364 Quasi

2065 5386 2246 5456 fulgur
2277 5386 2346 5440 de
2369 5388 2514 5442 caalo
2543 5386 2832 5442 Cadentrm
2861 5385 3017 5458 (Luc.
3044 5387 3124 5455 ι).
3151 5386 3222 5440 Ει
3245 5388 3582 5458 tropologice
3602 5389 3673 5447 de

2071 5522 2294 5578 adducit
2333 5523 2640 5576 testimonia
2677 5519 2888 5573 duabus
2931 5527 3139 5573 tantum
3182 5525 3533 5589 conveniant,
3564 5542 3673 5583 non

2073 5597 2276 5661 tribus;
2309 5594 2555 5658 praestitit
2586 5603 2766 5647 tamen
2795 5593 2864 5644 tle
2892 5589 2999 5652 his,
3029 5601 3285 5646 contextu
3319 5593 3550 5665 integro,
3586 5600 3674 5654 ad.

2071 5681 2367 5724 ntomtisse.

2141 5737 2171 5778 δ
2203 5739 2321 5795 Duo
2354 5736 2552 5804 Vatic.,
2595 5733 2725 5792 Vere
2753 5734 2849 5791 has
2876 5732 3054 5790 stellas
3079 5734 3184 5790 dici
3209 5745 3416 5806 putant,
3439 5749 3544 5798 etc.
