4010 6300
447 268 544 324 571

1707 263 1767 320 S.
1809 261 2080 321 EUSEBII
2121 258 2515 321 HIERUNYMI

3643 265 3741 322 δη

446 398 516 437 eo
555 363 711 453 quasi
743 381 815 439 de
856 379 1012 436 stella
1053 392 1245 446 magna
1277 376 1513 433 dicitur:
1547 376 1821 444 Quomodo
1850 376 2038 433 cecidit
2065 379 2190 443 Aet
2221 378 2649 449 perpendiculum
2695 381 2748 434 in
2795 378 3185 435 desolationem.
3239 378 3457 435 Nobiles
3503 381 3618 453 ejus
3647 397 3745 437 non

451 476 668 546 Lucifer
706 472 798 544 qui
848 488 999 527 mane
1038 469 1298 527 oriebatur
1346 467 1503 538 (Isa.
1551 485 1679 535 Iuv,
1722 469 1859 539 li)?
1914 470 2046 527 Haec

452 570 704 625 universa
733 566 904 630 lient,
937 565 1064 636 quia
1096 565 1401 622 inebriatus
1432 573 1517 620 est
1562 565 1615 620 in
1642 565 1788 621 (ιωιο
1828 564 2042 636 gladius

450 662 602 731 ejus',
654 674 811 728 pmna
843 667 1010 731 atque
1053 661 1353 723 sententia,
1377 667 1433 715 et
1460 659 1593 716 ultio
1623 659 1675 714 in
1703 670 2041 728 peccatores,

448 768 568 822 qua:
622 751 891 820 profertur
929 766 959 806 a
1000 750 1253 807 Domino.
1287 752 1388 818 Qui
1438 751 1653 821 gladius
1693 760 1746 809 et
1772 752 2041 807 machaera

446 844 502 899 in
550 843 807 901 Ezechiel
854 842 1081 915 (Ezech.
1135 844 1264 914 XXI)
1315 852 1508 900 contra
1557 844 1755 915 impios
1822 844 2045 899 exacui-

447 943 570 1000 tur,
618 950 684 989 nc
727 934 978 1005 plurimis
1019 934 1347 1001 interfectis,
1391 935 1640 1005 vaginam
1691 949 1842 989 suam
1881 933 2043 1004 jube-

443 1036 535 1082 tur
584 1028 814 1085 intraro.
849 1024 1096 1099 Cumque
1142 1026 1442 1082 inebriatus
1485 1026 1646 1082 luerit
1685 1035 1741 1083 et
1796 1026 2045 1095 repletus

444 1120 499 1177 in
520 1121 685 1189 caelo,
720 1119 823 1177 hoc
850 1130 956 1184 est.
990 1121 1043 1176 in
1075 1135 1221 1182 aere.
1247 1120 1337 1191 qui
1368 1120 1769 1176 consuetudine
1800 1119 2044 1190 Scriptu~

444 1230 626 1271 rarum
658 1214 856 1273 ctelum
880 1213 1101 1278 dicitur,
1139 1223 1269 1282 tunc
1307 1212 1373 1269 ad
1404 1212 1690 1269 [dominam
1720 1227 1957 1283 quoque,
1991 1210 2043 1268 id

444 1318 550 1376 est,
571 1309 637 1367 ad
660 1321 876 1368 terrena
893 1308 1190 1369 descendet
1208 1328 1219 1365 :
1240 1319 1296 1364 ut
1321 1319 1442 1379 post
1463 1323 1682 1380 pinnam
1703 1308 2038 1373 dtemonum,

445 1403 612 1460 etiam
645 1403 924 1461 hominum
967 1403 1163 1461 animat
1196 1402 1530 1473 iudicentur.
1560 1400 1800 1458 ldumtea
1844 1401 2046 1471 quippe

441 1499 500 1554 in
545 1499 727 1570 lingua
779 1507 965 1555 nostra
1014 1508 1269 1555 terrenam
1318 1508 1494 1553 sonat.
1544 1496 1917 1568 Repletusque
1959 1505 2046 1552 est

443 1591 736 1661 sanguine,
762 1601 818 1648 et
841 1594 1174 1648 incrassatus
1193 1592 1354 1663 adipe
1373 1605 1637 1662 agnorum
1661 1598 1717 1645 et
1743 1589 2042 1655 hircorum,

443 1683 977 1754 m'edullatorumque
1031 1686 1268 1740 arietum
1318 1694 1484 1755 atque
1529 1693 1808 1739 taurorum
1844 1702 1854 1737 :
1890 1693 1946 1738 ut
1990 1692 2043 1739 et

2142 479 2293 525 erunt
2323 470 2392 525 ibi
2424 488 2442 525 :
2469 486 2636 542 regem
2668 472 2839 536 potius
2863 471 3196 534 invocabunt.
3219 481 3267 526 et
3289 487 3468 527 omnes
3492 472 3749 544 principes

2143 562 2254 631 ejus
2279 574 2427 617 erum
2452 563 2507 617 in
2538 562 2711 617 nihili.
2739 562 2805 617 Et
2823 562 3055 617 orientur
3080 562 3134 617 in
3163 563 3317 617 domo
3345 561 3459 635 [Al.
3490 562 3748 637 domibus]

2143 655 2258 724 ejus
2277 653 2464 723 spinet.
2487 664 2537 709 et
2563 655 2765 720 urticae,
2791 663 2839 708 et
2863 654 3100 726 paliurus
3126 655 3180 709 in
3205 654 3578 711 munitionibus
3598 656 3710 725 ejus
3728 670 3749 713 :

2145 755 2191 797 et
2220 746 2317 801 erit
2344 746 2511 802 cubile
2539 747 2847 814 draconum,
2877 756 2925 804 et
2951 765 3148 820 pascua
3172 749 3550 804 struthionum.
3579 747 3644 803 Et
3666 766 3748 804 oc-

2144 847 2350 893 current
2371 838 2629 896 daemonia
2656 843 3042 905 onoccntauris,
3068 851 3115 896 et
3136 841 3335 914 pilosus
3353 841 3603 898 clamabit
3621 844 3748 897 alter

2145 929 2214 982 ad
2239 931 2586 987 alterum:ibi
2612 931 2820 987 cubabit
2851 931 2960 1005 [AL
2995 931 3236 1005 cubaeit]
3260 934 3497 999 lamia,et
3531 934 3751 992 inueniet

2147 1018 2256 1092 [AL
2279 1020 2494 1094 invenit]
2515 1023 2609 1078 sibi
2648 1026 2897 1093 requiem.
2913 1024 2995 1080 lbi
3008 1024 3185 1081 habuit
3198 1029 3405 1092 [circum
3428 1025 3681 1091 ltericius,
3703 1037 3753 1085 et

2147 1116 2354 1171 nutrivit
2384 1116 2605 1185 catulos,
2632 1127 2679 1172 et
2703 1119 3061 1190 circumfodit,
3084 1131 3130 1177 et
3155 1123 3281 1190 fovit
3311 1123 3366 1179 in
3388 1122 3578 1179 umbra
3597 1127 3749 1197 ejus:

2144 1211 2272 1267 illuc
2291 1213 2589 1283 congregati
2618 1225 2736 1270 sunt
2767 1217 2929 1282 milvi,
2958 1216 3092 1271 alter
3118 1215 3187 1273 ad
3213 1217 3461 1275 alterum.
3489 1216 3755 1289 Requirite

2147 1303 2419 1376 diligenter
2450 1306 2503 1359 in
2533 1305 2665 1360 libro
2696 1306 2929 1373 Domini,
2960 1317 3011 1363 et
3057 1308 3236 1382 legite,
3266 1325 3427 1365 unum
3458 1325 3522 1365 ea:
3551 1310 3626 1365 eis
3650 1326 3754 1368 non

2146 1396 2332 1469 defuit,
2363 1398 2492 1452 alter
2521 1399 2591 1454 ad
2633 1400 2856 1456 alterum
2903 1416 3007 1457 non
3032 1403 3270 1475 qumioit
3302 1418 3321 1460 .'
3363 1405 3489 1476 quia
3530 1404 3670 1473 quod
3694 1419 3758 1460 ea

2145 1506 2233 1545 ore
2262 1506 2375 1546 meo
2394 1493 2647 1563 procedit,
2680 1494 2769 1550 ille
2799 1494 3084 1560 ntandouit,
3115 1505 3167 1553 et
3191 1496 3405 1568 spiritus
3426 1498 3565 1569 ejus,
3596 1493 3754 1567 ipseh

2145 1584 2470 1656 congregavit
2489 1602 2569 1640 ea.
2604 1584 2798 1656 Etipse
2818 1588 2960 1643 misit
2982 1588 3057 1644 eis
3083 1586 3192 1661 [AL
3223 1588 3291 1661 ei]
3322 1598 3532 1655 sortem,
3578 1600 3626 1646 et
3649 1607 3758 1648 ma-

2147 1694 2243 1735 nus
2266 1681 2382 1751 ejus
2409 1679 2583 1736 divisit
2614 1698 2728 1737 eam
2757 1683 2865 1737 illis
2890 1683 2944 1737 in
2973 1700 3239 1751 mensura,
3272 1701 3435 1756 usque
3465 1686 3521 1740 in
3563 1687 3757 1756 sempi-

440 1778 717 1847 principes
764 1788 819 1834 et
853 1779 1108 1847 populum
1149 1780 1358 1850 pariter
1386 1778 1661 1850 signiticet
1710 1779 2040 1848 puniendos.
2076 1763 2119 1824 Β
2149 1777 2352 1825 ternum
2388 1772 2725 1840 possidebunt
2751 1791 2865 1830 eam
2894 1791 2913 1830 :
2942 1776 2997 1831 in
3029 1777 3359 1849 generatione
3395 1787 3443 1833 et
3469 1779 3762 1850 generatio-

444 1869 677 1926 Victlma
709 1872 853 1927 enim
877 1872 1091 1927 Domini
1127 1873 1178 1926 in
1203 1873 1395 1938 Bosra,
1429 1880 1487 1928 et
1516 1871 1831 1927 interiectio
1854 1887 2048 1943 magna

447 1961 504 2017 in
552 1970 695 2018 terra
726 1961 926 2018 Edom.
961 1963 1036 2018 De
1064 1979 1167 2032 qua
1202 1964 1370 2019 Bosra
1416 1972 1472 2019 et
1519 1962 1761 2019 ldumzea
1791 1965 1958 2019 etiam
1994 1965 2047 2019 in

449 2054 908 2124 consequentibus
952 2053 1065 2122 (Ad
1089 2071 1238 2118 unt,
1265 2055 1289 2111 l
1314 2056 1332 2124 )
1357 2055 1498 2111 idem
1524 2055 1793 2125 Propheta
1818 2063 2052 2112 testatur

448 2145 639 2202 dicens
667 2165 679 2200 :
711 2146 838 2213 Quis
855 2157 927 2202 est
952 2149 1048 2202 iste
1070 2149 1160 2219 qui
1186 2149 1321 2204 venit
1341 2150 1406 2203 de
1434 2148 1600 2203 Edam
1621 2166 1641 2205 :
1663 2158 1689 2188 ι
1712 2150 1868 2205 rubra
1893 2151 2051 2205 uesti-

447 2248 621 2292 menta
649 2241 762 2311 ejus
795 2239 860 2293 de
892 2238 1098 2295 Bosra?
1137 2240 1203 2297 Et
1246 2242 1494 2298 nonnulli
1542 2243 1879 2302 existimant.
1924 2243 2050 2313 quia

445 2329 633 2397 Bosor,
662 2347 782 2387 caro
810 2331 1027 2398 dicitur,
1062 2348 1157 2405 per
1188 2334 1464 2391 victimam
1509 2335 1723 2393 Domini
1761 2338 1813 2392 in
1857 2337 2050 2404 Bosra,

446 2431 720 2482 tormenta
766 2427 1008 2482 omnium
1042 2426 1094 2481 in
1126 2441 1290 2482 carne
1333 2427 1789 2498 monstrari:qui
1837 2428 1925 2498 pio
1971 2427 2053 2482 la-

446 2514 651 2572 buntur
697 2532 909 2574 errore.
957 2518 1016 2575 in
1070 2520 1325 2585 prmsenti
1355 2521 1501 2574 enim
1530 2519 1650 2577 loco
1683 2535 1790 2574 non
1818 2535 1916 2590 per
1967 2535 2051 2575 ειη

446 2607 709 2673 litteram,
740 2625 862 2680 quae
893 2611 946 2667 in
974 2626 1142 2668 aeson
1170 2612 1378 2683 (πιθα),
1405 2612 1508 2667 hoc
1534 2622 1641 2678 est,
1674 2614 1725 2668 in
1746 2630 1919 2676 carne.
1954 2629 2052 2684 po-

448 2702 598 2756 nitur
627 2719 641 2757 :
666 2703 762 2758 sed
805 2718 902 2772 per
925 2719 1058 2760 sane
1086 2705 1367 2769 scribitur,
1397 2716 1453 2763 et
1488 2720 1654 2763 eosns
1692 2708 1907 2779 (n'th)
1948 2727 2050 2779 ap-

451 2791 719 2861 pellatur,
788 2810 910 2863 qurc
962 2794 1116 2865 juxta
1161 2797 1346 2853 Jesnm
1394 2808 1449 2854 et
1491 2801 1787 2855 Jeremiam
1836 2817 1944 2857 non
1997 2804 2048 2859 in

450 2883 649 2949 Ellum,
682 2884 731 2938 id
765 2893 873 2949 est,
905 2886 1171 2954 Idumam;
1205 2890 1300 2945 sed
1325 2889 1380 2945 iu
1417 2898 1562 2947 terra
1589 2892 1744 2948 Moab
1776 2894 2051 2951 invenitur

455 2973 684 3045 (Jerem.
725 2978 949 3049 xum).
993 2975 1162 3034 Bosra
1187 2992 1370 3037 autem
1404 2982 1457 3038 in
1487 2983 1667 3055 lingua
1701 2996 1885 3042 nostra
1931 3003 2049 3041 mu-

453 3074 616 3130 nitam
648 3083 805 3131 sonat
834 3086 998 3147 atque
1045 3077 1444 3144 circumdatam,
1487 3079 1604 3134 sive
1648 3081 1910 3148 ﬁrmatam
1944 3098 1963 3136 :
1993 3091 2051 3137 ut

454 3168 643 3224 orbem
670 3178 936 3224 terrarum
974 3170 1184 3225 Domini
1217 3171 1498 3228 voluntate
1527 3172 1721 3228 doceat
1740 3172 1904 3246 ω
1927 3189 2051 3231 esse

452 3260 769 3328 solidatam,
790 3262 942 3332 juxta
978 3263 1111 3318 illud
1142 3262 1289 3333 quod
1319 3265 1372 3319 in
1404 3265 1613 3335 psalmo
1644 3267 1888 3333 canitur;
1927 3265 2053 3333 Ipse

452 3369 609 3424 super
636 3354 802 3408 maria
830 3354 1069 3426 [undavit
1101 3374 1239 3421 eum,
1266 3366 1314 3411 st
1340 3372 1498 3426 super
1524 3359 1741 3427 ﬂamina
1771 3360 2049 3416 collocavit

451 3446 598 3501 illum
621 3449 640 3517 (
664 3448 757 3507 Ps.
791 3465 943 3517 χχιιι,
989 3449 1098 3518 “2);
1144 3460 1200 3505 et
1230 3449 1300 3504 de
1331 3449 1589 3507 ﬁrmitate
1630 3461 1790 3507 terra:
1820 3468 1887 3506 ex
1922 3467 2051 3522 per-

455 3552 588 3591 .sona
618 3538 713 3593 Dei
745 3541 979 3595 dicitur:
1006 3538 1120 3611 Ego
1162 3540 1367 3609 firmavi
1395 3538 1668 3611 columnas
1711 3544 1825 3612 ejus
1855 3542 1873 3612 (
1898 3542 2046 3599 Psal.

457 3642 636 3693 Lxxtv,
668 3629 761 3698 ὅ).
790 3628 1038 3700 Cumque
1069 3631 1286 3685 victima
1320 3631 1533 3686 Domini
1563 3631 1730 3688 fuerit
1756 3635 1807 3687 in
1852 3633 2047 3700 Bosra,

453 3725 505 3771 et
540 3716 845 3773 interfeCtio
875 3720 998 3788 ejus
1026 3719 1079 3773 in
1115 3719 1371 3784 ldumaaa,
1403 3720 1736 3779 descendent
1764 3725 2054 3783 nnicornes

447 3819 572 3858 cum
607 3806 776 3860 tauris
808 3807 1143 3875 potentibus,
1193 3821 1352 3877 rcges
1403 3809 1657 3865 videlicet
1686 3821 1742 3866 et
1775 3813 2054 3884 principes

456 3908 618 3953 terra:
649 3896 772 3971 [ΑΙ.
797 3898 982 3974 ejus];
1020 3907 1077 3956 et
1104 3904 1286 3956 otnnia
1309 3900 1729 3970 interiectionis,
1753 3913 1807 3960 et
1836 3907 2057 3979 sangui-

456 3989 539 4045 nis
584 3990 960 4064 replebuntur,
994 4002 1049 4050 et
1078 3992 1240 4063 adipe
1266 3994 1544 4065 quondam
1592 3995 1820 4053 divitum
1853 4014 1918 4056 ac
1957 4016 2056 4070 μοι

454 4091 683 4137 tcnlum.
718 4083 820 4141 Per
848 4100 972 4155 qua:
1024 4085 1214 4151 verba,
1243 4086 1393 4156 juxta
1426 4086 1721 4145 humanam
1752 4105 2054 4149 consuetu-

454 4175 658 4242 dinem,
692 4185 960 4233 terrnrem
1008 4180 1353 4237 audientibus
1399 4182 1747 4251 incutientia,
1778 4185 1830 4241 in
1862 4202 2057 4246 omnes

452 4265 730 4337 principes
764 4283 828 4323 ac
859 4279 1128 4341 potentes,
1182 4272 1525 4344 populosque
1577 4289 1643 4330 ac
1688 4291 1884 4343 parvos
1933 4292 2053 4337 tor-

454 4366 638 4415 ments
670 4368 1060 4416 monstrantur.
1110 4360 1304 4429 Bosra,
1354 4363 1406 4419 id
1440 4374 1550 4430 est,
1582 4371 1857 4435 munitam,
1892 4381 2056 4443 atque

453 4448 735 4519 ﬁrmatam,
758 4457 814 4505 et
837 4449 1033 4519 Edom,
1060 4452 1177 4508 sive
1206 4452 1399 4519 Duma,
1425 4465 1478 4510 et
1501 4455 1815 4525 ldummam,
1843 4460 2053 4519 Judzeoo

452 4555 571 4594 rum
619 4541 861 4613 magistri
914 4542 1144 4599 Romam
1178 4545 1408 4619 intelligi
1438 4547 1648 4615 volunt,
1683 4560 1739 4606 et
1768 4555 1956 4609 omnia
1983 4555 2052 4614 de

451 4632 568 4702 ipsa
600 4633 704 4688 dici
728 4650 851 4704 qua:
877 4636 1127 4706 sequenti
1157 4638 1399 4707 capitulo
1426 4641 1797 4699 continentur.

527 4723 708 4797 (Vers.
743 4727 776 4783 8
808 4725 990 4801 seqq.)
1025 4729 1160 4797 Quia
1201 4730 1313 4785 dies
1353 4732 1572 4788 ultionis
1621 4733 1852 4803 Domini,
1885 4754 2054 4795 annus

452 4815 846 4871 retributionum
880 4819 1071 4888 judicii
1101 4821 1252 4877 Sion.
1288 4820 1358 4876 Et
1401 4833 1763 4880 convertentur
1801 4836 2053 4886 torrentes

454 4910 564 4979 ejus
594 4907 651 4961 in
682 4909 866 4975 picem,
898 4919 945 4965 ct
966 4911 1149 4967 humus
1193 4918 1311 4987 ejus
1334 4915 1387 4969 in
1414 4915 1637 4988 sulphur
1658 4933 1678 4972 :
1704 4926 1753 4973 et
1787 4920 1882 4974 erit
1916 4930 2055 4980 terra

453 4999 569 5071 ejus
594 4997 651 5051 in
677 4998 839 5068 picem
868 5000 1152 5059 ardentem.
1182 5000 1350 5060 Nocte
1378 5016 1427 5061 et
1453 5008 1535 5063 die
1570 5025 1673 5064 non
1702 5011 2051 5084 extinguetur,

453 5092 507 5144 in
539 5092 909 5160 sempiternum
944 5096 1182 5151 ascendet
1208 5100 1382 5171 fumus
1407 5104 1519 5173 ejus
1546 5118 1565 5158 :
1591 5120 1623 5158 a
1651 5107 1975 5176 generatione
1999 5108 2054 5166 in

455 5188 838 5261 generationem
867 5186 1209 5256 desolabitur,
1247 5192 1302 5246 in
1339 5196 1583 5251 siccatum
1611 5200 1920 5255 necatorum
1951 5217 2054 5258 nou

456 5281 548 5335 erit
588 5282 840 5337 transiens
871 5298 963 5352 per
987 5298 1120 5337 ram.
1154 5278 1217 5338 Et
1245 5286 1573 5357 possidebunt
1603 5290 1749 5345 illam
1786 5304 2058 5350 onocrota—

457 5372 561 5439 las,
588 5383 636 5427 ct
667 5374 910 5441 hericius,
939 5385 987 5430 et
1017 5372 1142 5446 ibis,
1176 5387 1223 5432 et
1250 5394 1432 5435 corvus
1471 5379 1774 5439 habitabant
1803 5387 1859 5440 in
1893 5404 1974 5451 ea,
2005 5396 2054 5443 et

453 5465 760 5520 extendetur
785 5482 940 5537 super
965 5482 1079 5523 eam
1099 5482 1385 5526 mensura:
1414 5483 1470 5527 ut
1495 5475 1762 5546 redigatur
1785 5472 1856 5531 ad
1875 5479 2048 5547 nihili,

528 5605 553 5632 ἰ
579 5597 744 5653 Iidem
772 5616 894 5680 cum
923 5602 1107 5673 Volg.,
1137 5606 1308 5660 tinctis
1346 5610 1565 5665 vestibus
1594 5611 1659 5665 de
1694 5610 1895 5680 Bosra;
1932 5621 2045 5670 tum

454 5665 644 5736 Basar,
677 5685 774 5736 pro
796 5669 967 5727 Bosor
995 5665 1330 5731 constanter.

522 5732 551 5773 Β
574 5732 747 5793 Antea
779 5752 898 5797 erat
941 5744 1309 5816 congregabit;
1357 5758 1412 5805 et
1451 5765 1598 5820 mox,
1644 5768 1829 5810 manus
1864 5753 2040 5818 divisit

2151 1859 2265 1914 nem
2291 1861 2592 1918 habitabant
2617 1865 2671 1919 in
2696 1881 2779 1921 ea.
2811 1865 3049 1933 Hebraei,
3074 1878 3135 1923 ut
3162 1883 3325 1936 supra
3348 1867 3616 1932 diximus,
3643 1873 3761 1927 haec

2150 1952 2220 2008 de
2246 1952 2491 2011 Romano
2513 1957 2743 2026 imperio
2772 1959 3094 2029 prophetata
3127 1961 3491 2028 contendunt,
3516 1973 3572 2018 et
3594 1961 3763 2035 ω

2150 2046 2204 2103 in
2237 2046 2495 2105 ultionem
2521 2049 2655 2106 Sion
2679 2091 2695 2118 ,
2728 2052 3039 2108 vastitatem
3068 2053 3342 2122 quondam
3375 2057 3530 2126 regni
3565 2067 3760 2126 poten-

2151 2140 2346 2199 tissimi
2379 2142 2689 2212 prtcdicari,
2722 2146 2864 2213 quod
2888 2146 3040 2216 juxta
3076 2147 3314 2203 litteram
3344 2150 3598 2220 plerique
3625 2164 3787 2213 n,os-,

2152 2243 2359 2290 lrorum
2390 2237 2551 2291 etiam
2584 2239 2637 2293 in
2664 2239 2988 2311 Apocalypsi
3013 2240 3238 2297 Joannis
3255 2245 3520 2315 scriptum
3542 2254 3759 2314 putant.

2150 2324 2261 2383 Nos
2288 2338 2472 2384 autem
2503 2345 2572 2385 ex
2617 2346 2683 2386 eo
2721 2332 2863 2402 quod
2894 2332 3118 2399 dicitur,
3152 2333 3265 2389 dies
3291 2336 3510 2391 ultionis
3548 2335 3763 2393 Domini

2151 2437 2317 2477 annus
2372 2423 2766 2480 retributionum
2811 2426 3005 2499 judicii
3050 2426 3182 2484 Sion
3231 2429 3375 2486 hunc
3425 2428 3761 2487 arbitramur

2154 2526 2383 2579 annum,
2414 2514 2483 2569 de
2505 2524 2618 2585 “quo
2648 2516 2888 2586 loquitur
2912 2520 3026 2590 ipse
3048 2520 3301 2576 Salvator
3330 2539 3344 2576 :
3379 2521 3608 2593 Spiritus
3648 2522 3760 2577 Do.

2163 2606 2287 2661 mini
2315 2624 2469 2668 super
2495 2625 2603 2676 me,
2631 2626 2691 2664 eo
2719 2611 2859 2680 quod
2887 2615 3035 2668 unxit
3057 2631 3153 2676 me.
3182 2617 3535 2687 evangelicum
3559 2633 3757 2687 paupe~

2150 2697 2292 2751 ribus
2322 2700 2460 2753 misit
2484 2716 2584 2765 me,
2618 2704 2901 2770 praedicare
2934 2707 3147 2773 captivis
3180 2709 3553 2774 remissionem,
3582 2719 3628 2765 et
3656 2725 3759 2765 cte-

2150 2788 2223 2842 cis
2251 2799 2309 2843 ut
2331 2790 2558 2857 videant,
2600 2809 2780 2848 vocare
2819 2811 3012 2850 annum
3040 2795 3250 2851 Domini
3279 2800 3665 2868 acceptabilem.
3706 2810 3765 2858 et

2154 2883 2289 2936 diem
2314 2884 2669 2940 retributionis
2700 2886 2811 2942 Deo
2842 2900 3018 2943 nostra
3040 2907 3059 2946 :
3082 2892 3342 2958 consolari
3361 2909 3539 2949 omnes
3568 2895 3755 2966 lugen-

2155 2984 2250 3042 tes,
2283 2986 2330 3029 et
2360 2976 2486 3032 dare
2528 2978 2889 3052 plangentibus
2935 2980 3065 3036 Sion
3093 2984 3311 3053 gloriam
3347 2983 3501 3057 (Luc
3547 3001 3624 3051 tv,
3666 2987 3763 3056 18,

2157 3069 2222 3127 19
2248 3071 2279 3141 ,ξ
2306 3070 2436 3126 lsai.
2480 3089 2592 3138 ιιι,
2635 3074 2752 3147 1-5)
2792 3092 2804 3129 :
2841 3085 2897 3131 et
2935 3075 3005 3132 de
3047 3093 3155 3146 quo
3199 3092 3360 3149 supra
3392 3078 3597 3135 dictum
3633 3091 3713 3137 est
3746 3099 3765 3140 ι

2076 3143 2121 3204 C
2155 3161 2404 3219 Mulieres
2435 3164 2693 3232 opulenta:
2722 3143 2915 3238 surgite
2945 3143 3104 3240 (Isai.
3137 3143 3313 3232 χχιιι,
3337 3167 3395 3241 5)
3420 3187 3435 3228 :
3466 3179 3525 3226 et
3543 3171 3785 3244 dierum.

2154 3256 2279 3309 anni
2311 3257 2676 3312 recordamini
2702 3258 2755 3314 in
2783 3259 2973 3315 dolore
2993 3274 3119 3316 cum
3146 3276 3264 3334 spe,
3287 3276 3353 3317 ac
3384 3277 3483 3332 per
3509 3261 3620 3320 hoc
3642 3271 3770 3335 post

2152 3346 2465 3414 generalem
2523 3347 2688 3403 tOIitts
2747 3350 2899 3405 orbis
2963 3355 3498 3410 consummationem
3561 3355 3767 3412 reverti

2153 3435 2497 3507 Scriptorum
2523 3440 2588 3495 ad
2619 3440 2948 3504 Jerusalem.
2977 3444 3065 3499 cui
3097 3444 3191 3498 illo
3218 3453 3470 3517 tempore
3497 3448 3765 3519 loqueba-

2152 3536 2261 3590 tur.
2289 3538 2347 3585 et
2368 3532 2678 3586 vastitatem
2704 3533 2821 3601 ejus
2855 3533 3017 3603 pleno
3033 3549 3289 3592 sermone
3315 3539 3553 3595 describi
3577 3557 3592 3594 :
3616 3540 3770 3611 quod

2153 3620 2370 3677 scilicet
2397 3632 2682 3694 postquam
2720 3635 2934 3697 tempus
2965 3627 3224 3685 Romana:
3265 3630 3576 3688 obsidionis
3602 3632 3769 3691 adve-

2156 3713 2319 3781 nerit,
2350 3715 2471 3783 pice
2496 3725 2550 3771 et
2580 3716 2846 3786 sulphure
2875 3727 2931 3775 et
2957 3719 3190 3777 ﬂammis
3229 3722 3556 3780 ardentibus
3580 3726 3769 3785 omnia

2153 3805 2554 3875 compleantur,
2582 3818 2638 3865 et
2664 3808 2847 3866 l‘umns
2870 3813 3019 3869 illius
3033 3818 3249 3870 maneat
3273 3818 3325 3872 in
3350 3825 3649 3884 :ctcrnum,
3673 3819 3772 3876 ha-

2154 3898 2437 3970 hitentque
2462 3900 2537 3955 ibi
2568 3905 2922 3961 onocrotalus
2953 3916 3008 3962 et
3039 3907 3301 3975 hericius,
3319 3918 3376 3965 et
3404 3911 3532 3977 ibis,
3563 3921 3620 3970 et
3641 3927 3771 3971 cor-

2154 4009 2278 4062 vus,
2310 4010 2432 4065 quae
2474 3996 2779 4053 animantia
2809 3998 2866 4055 in
2892 3999 3127 4056 desertis
3176 4002 3311 4058 locis
3343 4002 3593 4062 habitare
3634 4023 3769 4064 con-

2154 4099 2477 4146 sueverunt:
2508 4101 2563 4146 et
2593 4091 2697 4149 hoc
2723 4090 2837 4155 fiat,
2874 4095 2999 4165 quia
3038 4093 3316 4152 fuiiiculus
3346 4097 3564 4156 Domini
3600 4113 3771 4173 atque

2157 4182 2624 4253 perpendiculum.
2676 4184 2728 4239 id
2777 4195 2881 4251 cst,
2919 4189 3190 4244 sententia
3236 4189 3381 4244 illius
3424 4205 3536 4246 non
3582 4193 3770 4251 valeat

2155 4271 2456 4328 immutari.
2484 4273 2703 4330 Nobiles
2732 4276 2874 4346 ejus,
2915 4276 2967 4331 id
3008 4287 3122 4345 est,
3154 4278 3400 4348 Apostoli
3429 4291 3600 4355 atque
3641 4299 3767 4341 ere-

2157 4365 2354 4421 dentes
2397 4380 2505 4421 non
2543 4376 2701 4422 erunt
2732 4367 2832 4433 ibi,
2865 4383 2968 4423 nec
2997 4369 3338 4439 perditorum
3367 4387 3602 4429 numero
3630 4390 3767 4433 con-

2153 4457 2452 4529 iungentur
2489 4476 2502 4512 :
2537 4458 2630 4513 scd
2658 4473 2841 4527 regem
2887 4460 3067 4531 potius
3092 4461 3365 4519 Christum
3399 4464 3766 4531 invocabant.

2080 4520 2363 4606 obuncos
2390 4560 2569 4605 autem
2621 4520 2905 4621 priticipes
2942 4553 3111 4618 illius,
3158 4555 3365 4612 Scriba:
3410 4520 3767 4617 videlicele;

2160 4641 2445 4707 Pharisaei,
2479 4642 2795 4713 redigentur
2820 4644 2872 4700 in
2920 4645 3099 4715 nihili,
3127 4657 3184 4703 et
3209 4648 3263 4704 in
3306 4648 3564 4708 domibus
3588 4668 3766 4727 quon-

2159 4732 2283 4791 dam
2314 4734 2681 4790 ornatissimis
2707 4737 2882 4807 spinae
2911 4749 2965 4794 et
2997 4740 3184 4796 urtica?
3210 4751 3264 4797 et
3285 4741 3533 4813 paliurus
3570 4746 3760 4803 orieno

2160 4836 2265 4884 tur.
2298 4827 2523 4897 Eritque
2567 4827 2747 4884 cubile
2775 4828 3100 4896 draconum,
3146 4840 3203 4886 et
3246 4847 3442 4902 pascua
3489 4834 3764 4891 struthio—

2159 4934 2314 4988 num,
2362 4935 2482 4991 quas
2527 4928 2584 4975 et
2613 4920 2727 4990 ipsa
2760 4920 2914 4990 signa
2944 4931 3071 4978 sunt
3113 4931 3373 4980 extrema:
3418 4925 3760 4984 solitudinis.

2161 5012 2225 5067 Et
2255 5020 2548 5068 occurrent
2580 5013 2685 5068 sibi
2714 5013 2766 5069 in
2795 5029 2855 5067 ea
2875 5055 2890 5079 ,
2915 5012 3071 5086 juxta
3113 5015 3258 5071 LXX
3290 5017 3509 5074 diversa
3553 5018 3765 5076 da‘mo-

2161 5121 2288 5162 num
2323 5105 2723 5177 phantasmata,
2755 5106 2873 5162 sive
2918 5119 2972 5162 ut
3001 5124 3194 5164 omnes
3220 5109 3314 5165 alii
3339 5110 3495 5179 juxta
3527 5111 3761 5169 Hebrai-

2159 5213 2282 5253 cum
2314 5199 2733 5266 transtulerunt,
2758 5213 2863 5253 sint
2892 5198 3066 5273 (ang)
3097 5209 3154 5256 ει
3180 5217 3255 5257 ιω
3288 5204 3492 5272 (nam),
3522 5220 3762 5262 οηοοειι.

2163 5292 2324 5362 tauri,
2354 5303 2409 5348 et
2438 5293 2618 5364 pilosi.
2652 5301 2707 5347 et
2738 5290 2897 5347 lamin
2923 5335 2937 5359 ,
2962 5309 3082 5365 qua:
3112 5292 3411 5351 Gentilium
3441 5297 3670 5367 fabulae,
3704 5292 3762 5357 et

2159 5396 2443 5456 poetarum
2483 5385 2734 5455 ﬁgmenta
2763 5384 3099 5440 describunt.
3135 5386 3405 5441 llrricinm
3437 5404 3658 5461 quoque
3682 5387 3760 5445 ibi

2162 5478 2409 5532 enutrirc
2455 5479 2689 5545 catulos,
2730 5486 2786 5532 et
2815 5478 3105 5533 stationem
3145 5478 3346 5534 habere
3376 5479 3697 5538 ﬁdissimum
3741 5497 3759 5536 :

2154 5611 2363 5695 absque
2381 5613 2676 5695 .interjecto
2701 5615 2813 5695 eius
2838 5630 2858 5669 :
2883 5614 3031 5695 quod
3057 5629 3190 5672 mss.
3216 5614 3515 5675 emendant
3537 5633 3606 5676 ac
3629 5624 3759 5695 sup-

2151 5684 2301 5753 plent
2329 5684 2397 5741 ad
2428 5687 2572 5743 sacri
2598 5693 2886 5743 contextus
2907 5684 3099 5745 iidem.
