4010 6326
241 318 344 378 575

752 315 1401 378 COMMENTARIORUM
1439 310 1507 373 IN
1547 308 1781 373 ΙΒᾹΙΔΙΙ
1818 311 2244 373 PROPIIETAM
2276 316 2409 372 LIB.
2453 316 2521 373 X.
2565 318 2718 375 CAP.
2763 317 2981 375 XXXV.

1722 40 1943 47 ;__.._...__._
1968 40 2191 49 _._—-___..r_

3420 319 3524 376 δτι

241 434 369 492 illuc
410 436 727 508 congregari
769 435 985 499 muros,
1016 432 1429 503 rapacissimum
1465 442 1646 498 avem,
1694 446 1819 502 qua:
1847 435 1899 493 Α
1926 431 2223 504 lllyricum,
2252 433 2392 490 alius
2419 435 2485 489 ad
2516 436 2782 492 Graeciam
2814 447 3068 507 pergeret
3098 456 3111 492 :
3140 446 3197 494 et
3222 432 3525 511 unusquis-

245 526 507 585 Hcltralce
553 528 851 599 appellatur
886 538 1086 581 essen
1141 524 1347 596 (mn),
1398 524 1517 579 sive
1566 534 1624 578 ut
1672 523 1817 579 LXX

243 622 622 676 transtulerunt
648 628 843 682 ursos,
876 617 946 671 de
974 617 1174 687 quibus
1204 618 1345 672 inira
1373 617 1642 672 dicemus.
1671 616 1820 673 inter

239 726 360 782 qua
382 711 644 782 Propheta
675 710 917 778 loquitur
940 708 1287 765 audientibus
1316 724 1330 762 :
1360 707 1407 765 0
1432 710 1680 764 homines
1704 707 1814 781 [ΔΙ.

236 804 444 876 omnes]
462 806 550 876 qui
570 818 658 861 me
679 804 879 860 auditis
909 804 1246 873 loquentem,
1278 820 1399 874 qua:
1429 814 1659 860 ventura
1692 819 1818 874 pro-

236 898 443 965 nuntio,
476 898 635 954 rebus
681 897 862 953 omnia
890 896 1331 968 complebantur.
1379 895 1543 969 με
1593 897 1648 950 In
1678 897 1818 952 libro

236 990 375 1047 enim
417 990 615 1059 scripta
664 998 795 1045 sunt
826 988 1069 1055 Domini,
1112 1001 1167 1044 et
1201 988 1349 1043 illius
1375 989 1643 1043 sententia
1685 986 1816 1042 deli-

235 1085 364 1151 nita,
391 1092 446 1139 et
472 1099 539 1139 ne
562 1096 732 1139 unum
758 1082 976 1155 quidem
1006 1083 1215 1138 irritum
1246 1083 1373 1139 erit.
1400 1082 1535 1138 Nam
1566 1082 1709 1151 quod
1749 1082 1823 1139 de

240 1190 362 1232 meo
387 1190 480 1231 ars
504 1176 770 1245 procedit,
804 1175 897 1231 ille
925 1175 1222 1241 mandavit,
1252 1174 1306 1230 id
1332 1187 1439 1242 est,
1470 1188 1574 1243 ego
1600 1174 1818 1244 quidem

225 1268 446 1338 loquor;
478 1267 571 1324 sed
604 1268 770 1323 verba
798 1275 926 1323 sunt
952 1266 1191 1331 Domini,
1218 1277 1275 1322 et
1294 1267 1487 1337 spiritu
1519 1265 1627 1337 [AL
1659 1266 1823 1336 spiri-

228 1359 333 1433 tus]
361 1361 503 1415 illius
524 1359 799 1430 quidquid
828 1360 1036 1416 dictum
1061 1369 1151 1416 est
1185 1360 1615 1430 perpetrabitur.
1645 1358 1822 1428 Ipsius

226 1453 440 1511 deorum
478 1463 648 1522 atque
689 1467 945 1509 mensura
991 1454 1205 1522 singula
1252 1452 1676 1523 complebantur
1712 1470 1724 1505 :
1767 1462 1823 1508 et

229 1558 393 1616 usque
419 1545 473 1601 in
514 1544 907 1615 generationes
954 1546 1320 1616 sempiternas
1363 1559 1522 1600 suum
1571 1543 1822 1600 ordinent

226 1653 325 1693 non
356 1639 692 1708 relinquent.
742 1639 871 1694 Huic
913 1639 1073 1707 juxta
1103 1639 1432 1694 Hebraicum
1481 1646 1538 1694 ct
1563 1639 1821 1708 explana-

230 1732 420 1788 tionem
450 1732 782 1789 bistoricam
809 1733 952 1788 dicta
980 1733 1112 1788 sint.
1157 1730 1427 1789 Caeterum
1453 1732 1549 1803 qui
1578 1734 1824 1802 ιιιυιιοιυο

1922 539 2028 594 que
2046 526 2100 579 in
2116 523 2395 596 Evangelii
2416 527 2499 581 sui
2523 528 2962 597 atqncdoctrintr
2983 529 3263 600 provincia
3283 534 3526 602 requietis

1921 625 2092 671 ceret.
2121 616 2253 684 Qnte
2281 630 2380 672 nos
2399 632 2567 688 super
2589 618 2891 675 Jerusalem
2913 620 3151 677 dixitnus
3181 622 3524 693 propltetarl,

1920 722 1973 766 et
1998 711 2172 767 Judaei
2192 713 2262 768 de
2288 712 2537 768 Romano
2562 714 2705 770 dicta
2734 716 2964 786 imperio
2993 719 3366 787 suspicentur,
3390 734 3531 775 nona

1920 804 2057 857 nulli
2099 804 2166 859 ad
2212 805 2406 861 orbem
2438 805 2702 873 referunt,
2738 821 2808 863 ne
2844 822 2875 861 a
2908 808 3186 878 prioribus
3212 810 3529 882 discrepare

1920 897 2228 954 videantur.

1994 988 2149 1063 (Cap.
2181 989 2402 1047 XXXV.
2431 1021 2503 1034 —-
2533 992 2695 1048 Vera.
2727 994 2780 1058 i,
2804 992 2888 1064 Ξ.)
2923 992 3215 1049 Laetabitur
3244 996 3450 1051 deserta
3481 1004 3531 1049 et

1920 1082 2082 1144 invia.
2096 1091 2142 1136 et
2153 1083 2434 1139 exsultabit
2453 1085 2707 1151 solitudo,
2722 1095 2770 1140 et
2787 1087 2991 1156 ﬂorebit
3008 1089 3158 1157 quasi
3180 1088 3372 1143 lilium.
3394 1087 3527 1143 Ger-

1922 1176 2126 1228 minans
2139 1175 2451 1247 gerntinabit
2468 1193 2487 1230 :
2515 1185 2562 1231 et
2581 1176 2860 1233 exsultabit
2875 1178 3175 1234 laetabunda
3200 1190 3250 1234 et
3277 1180 3527 1236 laudans.

1925 1266 2107 1323 Gloria
2133 1269 2323 1325 Libani
2343 1272 2468 1326 data
2487 1280 2565 1327 est
2585 1275 2667 1337 ei,
2695 1274 2851 1327 decor
2872 1272 3099 1328 Carmeli
3121 1283 3170 1328 et
3188 1274 3384 1329 Saron.
3413 1272 3533 1341 Ipsi

1925 1361 2166 1415 videbunt
2184 1362 2408 1431 gloriam
2427 1361 2642 1418 Domini
2658 1381 2676 1418 :
2694 1374 2744 1419 et
2768 1367 3003 1421 decorem
3026 1365 3124 1420 Dei
3146 1366 3330 1420 nostri.
3361 1363 3532 1420 LXX:

1926 1451 2134 1508 Ltetare
2161 1453 2424 1509 desertum
2453 1456 2656 1524 sitiens,
2684 1467 2734 1511 et
2758 1460 2976 1513 exsultet
2998 1456 3251 1523 solitudo,
3275 1468 3322 1512 et
3344 1459 3536 1529 ﬂoreat

1925 1552 2074 1621 quasi
2095 1551 2288 1605 lilium.
2334 1550 2626 1607 Florebant
2654 1565 2702 1608 et
2727 1554 3065 1609 exsultabant
3108 1554 3312 1608 deserta
3336 1551 3535 1607 Iorda-

1928 1644 2010 1697 nis
2034 1658 2054 1697 :
2077 1642 2251 1716 gloria
2279 1643 2472 1700 Libani
2502 1646 2627 1700 data
2658 1658 2732 1702 est
2782 1649 2861 1713 ei,
2914 1657 2961 1702 et
2998 1646 3163 1701 honor
3191 1644 3420 1701 Carmeli
3442 1659 3463 1699 .°
3484 1654 3534 1700 et

1930 1736 2151 1806 papulas
2180 1752 2322 1791 meus
2350 1737 2540 1791 videbit
2564 1737 2786 1811 gloriam
2820 1738 3031 1793 Domini
3052 1779 3068 1804 ,
3096 1747 3145 1792 et
3190 1739 3526 1792 altitudinem

220 1827 354 1896 gism
413 1836 748 1895 sequuntur,
798 1826 1028 1893 expulso
1082 1826 1286 1896 populo
1331 1825 1646 1882 Judteorum
1712 1826 1817 1881 sub
1852 1828 1897 1888 Β
1931 1827 2025 1881 Dei
2063 1828 2248 1883 nostri.
2287 1830 2555 1896 Quoniam
2587 1829 2894 1886 Jerusalem
2937 1844 3205 1885 conversa
3233 1840 3319 1885 est
3348 1830 3402 1884 in
3440 1829 3520 1899 pi-

221 1918 506 1976 bestisrum
535 1929 603 1976 et
637 1928 1016 1989 portentorum
1041 1918 1353 1974 nominibus
1372 1959 1387 1984 ,
1421 1918 1742 1974 idololatras
1769 1928 1827 1976 et

220 2010 378 2069 variis
416 2011 908 2083 superstitionibus
945 2011 1255 2067 servientes
1281 2010 1337 2066 in
1381 2009 1684 2067 Jerusalem
1722 2011 1817 2066 Ita-

221 2102 476 2159 bitaturos
501 2117 638 2159 esse
682 2104 1012 2159 conﬁrmant
1044 2120 1058 2157 :
1092 2110 1146 2158 ct
1175 2101 1277 2158 bos
1306 2116 1432 2159 esse
1476 2102 1827 2161 onocrotalos

218 2204 268 2250 et
292 2195 551 2261 ltericios,
585 2196 701 2252 ibin
725 2202 783 2251 et
810 2210 1063 2260 corvum.
1090 2196 1358 2251 dracones
1380 2205 1436 2251 et
1458 2194 1819 2263 strutltionos,

213 2294 262 2341 et
279 2298 723 2354 onocentsuros,
752 2295 809 2343 et
828 2287 1123 2355 daemonia,
1157 2296 1213 2357 et
1236 2287 1463 2354 pilosas,
1488 2297 1545 2343 ot
1575 2288 1821 2357 Iamiam,

213 2392 324 2449 qua:
364 2380 642 2436 Hebraice
668 2379 869 2435 dicitur
905 2394 1084 2436 uarro
1112 2355 1336 2449 (N515);
1374 2389 1429 2433 et
1457 2393 1488 2433 a
1518 2377 1637 2434 solo
1664 2355 1824 2451 Sym?

215 2473 401 2530 macho
428 2474 697 2531 translata
724 2474 1005 2539 estlamia,
1036 2489 1196 2542 quam
1218 2472 1435 2543 quidam
1464 2473 1820 2530 llebraaorunt

217 2566 419 2641 ἔριννήν,
449 2567 503 2624 id
534 2579 644 2635 est,
678 2569 874 2640 furiam
903 2568 1273 2637 suspicantur.
1309 2568 1374 2622 Et
1400 2583 1589 2625 revera
1619 2570 1663 2624 si
1690 2584 1821 2625 con-

215 2657 520 2716 sideremus
551 2660 624 2716 de
660 2659 893 2717 diversis
934 2659 1192 2731 gentibus
1217 2658 1480 2716 adductas
1518 2660 1822 2717 Jerusalem

214 2750 475 2819 colonias,
509 2761 569 2807 et
607 2747 768 2821 juxta
800 2751 967 2807 ritum
1000 2750 1404 2822 provinciarum
1435 2766 1679 2821 suarum,
1712 2752 1821 2807 sin-

212 2842 361 2914 gulas
391 2842 638 2901 familias
669 2844 1019 2914 propriorum
1064 2843 1374 2900 daemonum
1413 2843 1647 2898 coluisse
1693 2859 1822 2912 por-

213 2943 382 3005 tenta,
420 2940 544 2994 haec
588 2939 770 2994 omnia
804 2938 859 2992 in
902 2938 1212 2994 Jerusalem
1264 2936 1542 2993 habitasse
1585 2938 1824 2994 ﬁrmabi-

210 3045 347 3086 tnus.
393 3031 665 3101 Quodque
700 3029 846 3087 LXX
890 3029 1293 3086 transtulerunt
1325 3048 1337 3083 :
1370 3027 1456 3083 Ibi
1494 3029 1825 3086 obriaverunt

206 3124 302 3179 sibi
329 3126 495 3190 cerui,
519 3134 570 3180 et
598 3125 836 3181 viderunt
863 3126 1021 3195 [acies
1043 3141 1167 3180 suas
1192 3138 1211 3178 ε
1238 3137 1454 3178 numero
1484 3124 1823 3192 transierunt,

1929 1934 2048 1973 cem
2068 1928 2125 1974 et
2150 1920 2402 1975 ascendit
2421 1918 2603 1976 fumus
2633 1921 2782 1977 illius
2812 1921 3184 1991 sempiternus
3210 1960 3227 1988 ,
3256 1930 3313 1976 et
3363 1921 3525 1977 habié

1928 2018 2046 2065 tant
2087 2010 2142 2067 in
2183 2027 2247 2067 ea
2285 2014 2643 2070 onocrotalus
2678 2023 2733 2069 et
2776 2013 3043 2077 bericius,
3068 2013 3178 2069 ibis
3200 2022 3256 2069 et
3279 2028 3478 2069 corvus
3501 2052 3519 2081 ,

1928 2103 2196 2160 dracones
2221 2104 2649 2171 etstrutbionss,
2672 2105 2944 2162 damonis
2969 2114 3027 2161 et
3048 2106 3430 2172 onocentauri,
3458 2106 3539 2161 ια.

1929 2199 2035 2253 mia
2082 2207 2138 2252 et
2162 2198 2326 2268 pilosi
2370 2216 2384 2252 :
2425 2208 2480 2254 et
2511 2199 2734 2255 Domini
2763 2212 2930 2269 super
2964 2215 3085 2255 eam
3114 2200 3342 2270 impleta
3396 2214 3527 2256 sen-

1930 2290 2100 2344 tentia
2131 2299 2215 2343 est
2261 2305 2273 2342 :
2306 2288 2648 2360 Relinquetur
2688 2290 2829 2345 uobis
2867 2292 3054 2344 domus
3105 2300 3274 2347 uestra
3326 2291 3532 2346 deserta

1929 2381 2084 2455 (Luc.
2120 2398 2234 2449 sm,
2262 2383 2356 2454 55)
2388 2402 2401 2437 z
2429 2393 2719 2453 promeres
2751 2399 2875 2452 quae
2900 2385 3049 2452 prius
3071 2383 3292 2439 deserta
3321 2384 3525 2453 fuerat,

1925 2474 1995 2531 de
2023 2489 2128 2545 qua
2158 2476 2209 2530 io
2242 2475 2456 2545 psalmo
2480 2475 2681 2531 dicitur
2710 2497 2723 2531 :
2764 2474 2879 2530 νοω
2922 2474 3133 2528 Domini
3180 2475 3533 2530 concutientis

1925 2567 2256 2622 solitudinem
2295 2564 2403 2639 [ΑΙ.
2434 2566 2757 2640 desertum],
2802 2576 2849 2623 et
2885 2566 3220 2623 commovebit
3268 2565 3528 2621 Dominus

1928 2661 2186 2716 desertum
2217 2659 2404 2716 Gades.
2457 2658 2573 2717 Vas:
2608 2658 2826 2716 Domini
2863 2661 3208 2732 preparantis
3229 2676 3435 2724 cervos;
3480 2669 3532 2717 et

1927 2752 2169 2807 reuelabit
2196 2752 2456 2809 condensa
2481 2753 2731 2811 silvarum
2768 2752 2943 2822 (Psal.
2979 2768 3177 2820 xsvttt,
3208 2755 3260 2821 8,
3298 2751 3381 2824 9),
3407 2769 3529 2807 ntu-

1927 2846 2129 2903 tabitur
2161 2847 2214 2902 in
2243 2862 2427 2903 rerum
2465 2848 2711 2905 omnium
2743 2847 3161 2912 abundantiam,
3193 2854 3252 2900 et
3280 2860 3533 2917 pugnan-

1926 2940 2072 2994 tibus
2110 2942 2309 3005 cervis,
2336 2942 2404 2996 de
2434 2942 2707 2996 universis
2736 2939 2963 2996 saltibus
2995 2943 3281 2995 nationum
3311 2938 3527 3006 bestiae,

1928 3047 2048 3101 quae
2078 3046 2174 3087 eas
2206 3032 2359 3100 prius
2389 3033 2770 3099 possederant,
2803 3032 3173 3101 expellentur,
3205 3040 3265 3087 ut
3293 3032 3527 3101 implea-

1929 3132 2017 3176 tur
2048 3122 2178 3177 illud
2204 3122 2349 3192 quod
2371 3124 2423 3176 in
2439 3122 2544 3178 hoc
2565 3122 2756 3178 eodem
2776 3123 3049 3192 Pmpheta
3071 3123 3273 3180 dicitur
3293 3141 3306 3177 :
3325 3122 3529 3180 Ltetare

206 3233 340 3273 unus
370 3233 439 3273 ets
470 3216 600 3285 ipsis
634 3233 738 3271 non
767 3217 942 3288 periit,
970 3233 1059 3271 nec
1096 3216 1331 3287 quasivit
1360 3216 1603 3269 alterum.
1637 3214 1818 3269 Domi-
1850 3214 1896 3279 C
1927 3215 2140 3280 sterilis,
2171 3230 2290 3284 quae
2327 3230 2427 3271 non
2459 3214 2598 3286 paris
2625 3230 2644 3269 ε
2670 3229 2878 3285 erumpe
2902 3224 2950 3268 st
2993 3213 3164 3269 clama
3194 3250 3210 3281 ,
3252 3232 3371 3286 qua:
3421 3232 3527 3271 non

201 3326 300 3365 nus
330 3310 475 3365 enim
505 3310 749 3378 prtecepit
773 3310 867 3373 eis,
896 3316 945 3362 et
968 3309 1184 3378 spiritus
1215 3311 1325 3381 ejus
1349 3309 1677 3379 congregavit
1697 3325 1779 3362 eos
1801 3324 1822 3362 :

203 3411 250 3456 et
277 3401 395 3472 ipse
423 3396 576 3452 dedit
604 3398 679 3453 eis
706 3407 870 3453 sortes
889 3438 904 3465 ,
934 3408 983 3452 et
1016 3415 1201 3453 manus
1230 3396 1374 3453 illius
1404 3399 1595 3453 dividet
1621 3399 1695 3453 eis
1722 3415 1740 3453 :
1768 3409 1823 3453 ut

206 3502 494 3564 pascantur
520 3491 574 3545 in
593 3491 989 3560 sempiternum,
1010 3501 1059 3545 et
1085 3491 1384 3561 possideant
1410 3493 1465 3546 in
1493 3492 1820 3561 generatione

207 3586 620 3656 gsneratianum,
655 3592 705 3637 et
732 3584 1057 3655 requiescant
1082 3586 1134 3636 in
1171 3600 1231 3637 ea
1259 3600 1278 3638 :
1305 3585 1385 3659 sic
1416 3584 1708 3654 allegorice
1738 3584 1818 3639 in-

210 3678 661 3748 terpretabimur,
697 3687 755 3732 ut
791 3678 1087 3733 doceamus
1115 3693 1330 3745 cervos,
1365 3679 1416 3733 id
1449 3688 1552 3743 est,
1586 3680 1811 3750 Aposto-

208 3769 307 3838 los,
337 3782 393 3829 et
418 3781 644 3827 sanctos
664 3786 912 3842 quosque
936 3772 1213 3839 doctores,
1241 3772 1309 3827 de
1330 3773 1530 3843 quibus
1551 3775 1812 3845 scriptum

211 3870 290 3917 est
333 3880 348 3916 :
394 3863 533 3919 sicut
564 3862 827 3917 desiderat
873 3880 1053 3919 cervus
1097 3866 1165 3920 ad
1193 3865 1362 3932 [antes
1392 3882 1650 3937 aquarum
1689 3884 1707 3921 δ
1738 3868 1814 3923 ita

210 3954 462 4011 desiderat
482 3958 660 4012 anima
683 3972 794 4009 mea
817 3957 885 4012 ad
912 3966 981 4025 te,
1015 3957 1152 4013 Deus
1171 3956 1289 4029 (Ps.
1319 3974 1427 4026 xu,
1455 3957 1538 4029 l);
1562 3967 1616 4013 et
1638 3960 1770 4013 alibi
1795 3979 1806 4013 :

220 4045 327 4103 Vox
358 4047 573 4103 Domini
603 4049 921 4119 perﬁrientis
942 4066 1113 4105 cervos
1139 4049 1257 4123 (Ps.
1282 4066 1470 4116 surtu,
1497 4050 1551 4121 9)
1575 4068 1591 4116 ;
1616 4060 1672 4106 et
1692 4068 1811 4107 rur-

215 4153 330 4195 Sum
360 4139 595 4198 :Ceruus
623 4143 868 4197 amicitia:
894 4153 942 4198 et
970 4143 1147 4215 pullus
1176 4146 1467 4215 gratiarum
1500 4154 1704 4198 tuarum
1733 4144 1813 4199 lo-

215 4246 430 4302 quontur
458 4235 557 4291 tibi
580 4233 783 4309 (Prov.
820 4234 912 4307 v);
943 4246 999 4292 et
1036 4237 1087 4290 in
1129 4234 1232 4290 Job
1267 4253 1280 4288 :
1314 4233 1596 4289 Custodisti
1642 4246 1813 4290 autem

215 4342 403 4385 menses
450 4345 767 4396 cervarum,
817 4339 869 4385 et
934 4338 1116 4398 partus
1184 4343 1362 4380 eorum
1412 4328 1610 4383 emittes
1663 4326 1809 4395 (Job.

215 4433 394 4486 xum.
416 4421 514 4494 2);
548 4430 605 4478 et
626 4424 679 4477 in
699 4420 921 4477 Cantica
948 4421 1303 4477 Canticorum
1331 4420 1532 4474 dicitur
1559 4437 1571 4473 :
1609 4418 1811 4475 Similis

216 4521 283 4565 est
307 4511 576 4583 fratruelis
605 4529 748 4567 meus
774 4528 997 4584 capreis,
1026 4514 1104 4568 uel
1126 4510 1349 4567 hinnulo
1373 4526 1635 4566 ceruorum
1656 4527 1812 4580 super

1926 3307 2198 3377 parturis;
2248 3306 2495 3375 quoniam
2540 3306 2716 3377 plures
2762 3314 2881 3359 sunt
2932 3303 3030 3373 ﬁlii
3060 3305 3273 3361 deserta
3300 3348 3314 3374 ,
3361 3307 3527 3377 magis

1923 3415 2076 3469 quam
2122 3401 2238 3472 ejus
2268 3414 2384 3468 qua:
2412 3396 2566 3453 habet
2598 3399 2763 3453 virum
2812 3397 2970 3469 (lsai.
3001 3414 3110 3453 LIV.
3147 3396 3223 3468 l).
3251 3397 3376 3453 lltec
3406 3408 3528 3455 erat

1923 3493 2075 3563 prius
2097 3492 2309 3558 sitiens,
2336 3492 2454 3545 sive
2482 3492 2658 3557 invia,
2691 3506 2797 3545 non
2835 3490 3043 3544 habens
3072 3488 3271 3545 vitales
3322 3504 3521 3558 aquas,

1922 3593 1978 3638 et
2009 3584 2267 3638 Dominus
2299 3599 2406 3637 non
2437 3582 2792 3653 gradiebatur
2831 3580 2940 3655 [AL
2970 3578 3402 3654 ingrediebatur]
3425 3596 3521 3651 per

1919 3692 2060 3741 eam,
2092 3694 2212 3748 quae
2239 3692 2383 3732 nunc
2413 3677 2630 3733 llorebit
2658 3678 2712 3731 in
2739 3676 2939 3744 lilium,
2968 3675 3084 3731 sive
3117 3685 3176 3732 ut
3202 3676 3521 3748 signiﬁcau-

1919 3772 2024 3827 tius
2050 3772 2331 3841 expressit
2351 3770 2566 3841 Aquila.
2595 3779 2619 3807 ⁸
2643 3771 2961 3836 καλύκωσις,
2995 3786 3156 3841 quam
3191 3786 3291 3825 nos
3320 3779 3524 3828 tumen-

1916 3874 2013 3918 tem
2042 3880 2213 3918 rosant
2230 3871 2287 3919 et
2306 3863 2540 3918 necdum
2565 3863 2712 3919 loliis
2733 3864 2976 3919 dilatatis
3000 3879 3286 3934 possumus
3306 3863 3513 3921 dicere.

1915 3957 2152 4015 Florebit
2178 3969 2385 4025 autem,
2413 3970 2469 4013 ut
2496 3973 2619 4012 cum
2656 3956 2924 4027 Apostolo
2955 3958 3275 4027 pronuntiet
3310 3974 3322 4009 :
3356 3955 3511 4011 Citri-

1911 4055 1978 4107 sti
2025 4053 2188 4107 bonus
2227 4052 2356 4106 odor
2399 4068 2578 4106 sumus
2600 4051 2659 4125 in
2686 4051 2825 4103 omni
2854 4050 2968 4103 loco
3000 4048 3083 4112 (ll
3105 4047 3230 4103 Cor.
3260 4047 3339 4115 tt},
3390 4047 3506 4119 ιε).

1914 4146 1980 4201 Et
2022 4146 2155 4200 illud
2182 4144 2393 4200 Cantici
2434 4143 2787 4199 Canticorum
2821 4139 3018 4212 :447
3049 4138 3237 4195 Floras
3267 4140 3361 4194 visi
3388 4152 3509 4196 sunt

1910 4239 1964 4291 in
1994 4247 2129 4291 terra
2153 4235 2180 4274 δ
2212 4253 2225 4289 :
2250 4235 2616 4308 mandragorte
2640 4231 2894 4287 dederunt
2922 4234 3133 4288 odorem
3154 4248 3307 4288 suum
3332 4230 3510 4303 (Cant.

1912 4343 2005 4392 vn,
2040 4325 2259 4397 12,13).
2291 4326 2553 4393 Quodque
2587 4326 2640 4378 in
2663 4323 2808 4379 LXX
2837 4324 3081 4396 ponitur,
3109 4323 3511 4381 etexsultubunt

1913 4419 2110 4472 deserta
2136 4416 2407 4484 Iordanis,
2439 4419 2490 4472 in
2540 4417 2812 4473 llebraico
2862 4419 3082 4488 quidem
3112 4436 3220 4475 non
3252 4419 3508 4484 habetur.

1912 4510 2008 4564 sed
2042 4522 2329 4578 possumus
2350 4509 2534 4563 dicere
2563 4507 2793 4563 Joannis
2821 4527 2833 4563 :
2860 4510 2916 4563 in
2938 4508 3176 4564 Jordune
3199 4508 3364 4563 llnvio
3394 4522 3510 4579 pas-

219 4614 402 4661 mantes
428 4614 729 4661 aromatum
759 4603 939 4676 (Cant.
968 4620 1028 4671 tt,
1044 4604 1101 4677 9)
1123 4622 1140 4671 ;
1174 4604 1426 4661 obviasse
1448 4603 1551 4658 sibi
1579 4603 1631 4657 in
1654 4602 1811 4658 Jeru-
1836 4593 1891 4653 D
1917 4602 2159 4657 nitentia:
2179 4599 2505 4668 baptismum
2529 4599 2919 4664 demonstrari,
2940 4600 3083 4669 quod
3118 4600 3379 4656 Dominus
3409 4614 3510 4655 suo

220 4697 378 4752 salem
409 4709 463 4753 et
494 4707 716 4754 mutuos
747 4698 949 4753 vidisse
978 4712 1323 4767 conspectus,
1359 4708 1410 4754 et
1443 4697 1706 4753 transisse
1746 4714 1809 4754 ac

223 4787 498 4860 reliquisse
520 4805 665 4856 eam,
688 4799 743 4846 et
769 4788 838 4845 ad
866 4789 1114 4847 diversas
1135 4790 1443 4861 previncias
1476 4791 1808 4863 perrexisse,

225 4884 339 4950 quia
386 4883 648 4939 Dominus
680 4882 1022 4939 mandaverit
1052 4884 1131 4938 eis
1164 4902 1177 4937 :
1210 4882 1290 4939 Ite
1333 4894 1380 4940 et
1429 4886 1605 4941 docete
1649 4882 1817 4958 446

1918 4695 2136 4749 lavacro
2165 4692 2400 4762 signavit
2429 4700 2593 4761 atque
2620 4690 2877 4745 ﬁrmavit.
2915 4691 2980 4745 Et
3013 4690 3139 4761 quia
3189 4692 3260 4744 de
3311 4690 3510 4744 solitu—
3547 4737 3552 4743 .

1918 4788 2044 4844 dine
2074 4784 2373 4856 ﬁguraliter
2402 4783 2641 4848 dicitur,
2674 4796 2797 4852 qua:
2840 4780 3082 4837 refertur
3110 4781 3176 4836 ad
3208 4790 3426 4851 gentes,
3456 4779 3513 4837 itt

1916 4898 2020 4953 qua
2050 4881 2149 4935 l'uit
2169 4880 2408 4935 Joannes
2429 4920 2444 4944 ,
2475 4885 2887 4947 consequenter
2911 4873 3072 4945 jungi
3101 4882 3277 4945 potest
3317 4871 3515 4929 Jorda-

227 4990 389 5032 attines
408 4987 585 5049 gentes
608 4979 928 5047 baptizantes
944 4994 1033 5033 eas
1051 4977 1106 5032 in
1128 4978 1336 5032 nomine
1365 4976 1561 5045 Patris,
1586 4986 1632 5032 et
1660 4976 1811 5043 Filii,
1915 4976 2019 5042 nis,
2053 4983 2109 5028 ut
2138 4989 2232 5042 per
2255 4973 2535 5026 desertum
2578 4968 2825 5039 gentium
2861 4970 3149 5024 veniamus
3190 4966 3256 5023 ad
3308 4968 3513 5038 baptis-

228 5076 271 5123 et
296 5066 519 5140 Spiritus
542 5069 1409 5143 Sancti(blattlt.xxvnt,l9);et
1434 5070 1817 5141 spiritusillius
1915 5084 2059 5121 mum
2093 5062 2413 5121 Salvatonis.
2466 5061 2731 5132 Quodque
2778 5061 3062 5133 sequitur,
3106 5061 3275 5134 gloria
3322 5059 3513 5115 Libani

231 5165 629 5233 congregaverit
653 5178 774 5229 eos,
804 5163 1126 5235 dederitque
1175 5164 1258 5221 eis
1288 5174 1466 5218 sortes
1494 5175 1654 5232 atque
1680 5163 1818 5218 divi-
1912 5161 2038 5214 data
2057 5168 2129 5213 est
2152 5157 2222 5223 ei,
2245 5166 2295 5210 et
2322 5156 2478 5210 decor
2522 5152 2750 5209 Carmeli
2776 5163 2820 5207 et
2846 5153 3041 5221 Saron,
3067 5153 3223 5223 juxta
3270 5152 3511 5223 priorem

233 5251 374 5316 serit.
405 5260 464 5308 ut
487 5253 630 5309 alius
658 5253 726 5309 ad
754 5253 940 5321 lndos,
970 5255 1110 5309 alius
1137 5253 1204 5310 ad
1233 5254 1542 5325 Hispanias,
1576 5255 1716 5309 alios
1745 5254 1812 5309 ad
1912 5251 2358 5322 esplanatioocm
2386 5247 2655 5304 debemus
2696 5248 2954 5319 accipere
2978 5288 2993 5314 ,
3042 5247 3096 5303 in
3146 5260 3253 5317 qua
3278 5244 3519 5300 diximus

299 5376 727 5458 {Restitulmus
773 5391 1061 5451 καλύκωσις
1096 5432 1110 5453 ,
1164 5390 1308 5458 quod
1360 5392 1414 5444 ei
1470 5387 1818 5443 Martianmos‘

1930 5400 2051 5439 mus
2083 5386 2150 5443 ὡς
2176 5384 2363 5447 κάλυξ,
2395 5381 2492 5437 sed
2516 5382 2569 5435 in
2592 5394 2726 5434 mss.
2751 5379 3036 5458 codicibus
3067 5376 3307 5458 positum
3338 5374 3525 5458 inverti

234 5455 564 5530 coruscet-at,
611 5474 943 5530 quamquam
989 5445 1057 5515 in
1099 5445 1263 5515 toi-tu
1322 5462 1619 5515 retinuerit
1646 5461 1818 5524 κάλυξ.

1929 5462 2244 5530 Iavcocm
2279 5445 2364 5507 vel
2396 5466 2706 5530 κλιιωιξιὶ,
2737 5450 2901 5530 .unde
2950 5445 3190 5530 conuicio
3233 5445 3523 5530 legendum

239 5516 346 5601 ρυὸ
371 5542 400 5581 e
429 5516 603 5585 Vatia.
632 5516 771 5586 'tnss.
802 5516 1156 5601 'mrxamc,
1191 5516 1826 5601 quibusvetustissimus
1935 5527 2268 5585 καλύκωσιςέ
2301 5533 2355 5576 at
2378 5540 2497 5577 tum
2523 5521 2681 5601 Ξᾴξωξ
2708 5519 3173 5601 signiticet-rosam
3202 5516 3437 5601 clausum
3471 5525 3529 5601 et

235 5584 714 5672 §ztngermanensis
736 5584 1829 5672 teste—illontlauco'ti.sumagamnlluus
1935 5614 2090 5669 QIMSI
2118 5584 2330 5672 tectutn,
2359 5610 2483 5672 quae
2524 5592 2673 5672 folia
2701 5589 2939 5672 nondum
2974 5584 3434 5672 νιιιιιγιειλςξιμιξιιιςιι
3456 5586 3532 5672 ei

238 5652 1830 5745 post...etiam“:aestuosiussi}.impensis:
1938 5652 2186 5745 δριηιειιρ,
2474 5665 2810 5745 intona-xu.
2844 5668 3088 5745 veterum
3120 5652 3418 5710 editionum
3444 5671 3533 5726 ρο-

238 5737 463 5814 pOsitam
498 5742 784 5814 lectionem
828 5731 1081 5814 probaui,
1549 5731 1562 5743 ’
1705 5731 1721 5814 γ’
1794 5813 1798 5814 ί
1940 5743 2103 5814 situm
2133 5733 2621 5814 immutarenolui.
2663 5731 2938 5814 Msa-risu.

307 5836 373 5846 -—
393 5810 579 5885 Aquila
604 5806 907 5886 κνλύκωᾰις,
930 5827 1033 5874 etc.
1062 5808 1119 5873 In
1145 5814 1307 5874 editis
1333 5823 1495 5874 antea
1521 5814 1674 5871 libris
1697 5813 1834 5884 lcgi-
2011 5810 2039 5849 ι’
2063 5810 2119 5868 lu
2153 5806 2324 5866 Vatic.
2356 5806 2595 5875 additur,
2621 5813 2822 5859 nostra.
