4010 6308
477 255 588 315 375

1748 253 1810 314 S.
1848 252 2128 314 EUSEBII
2165 252 2553 314 HIERONYMI

3658 259 3756 318 516
3804 253 3808 256 ⁴

474 374 744 432 Libanum
775 375 1061 444 Templum
1100 374 1217 429 sive
1239 373 1545 430 Jerusalem
1568 371 1821 445 intelligi.
1854 372 2073 430 dicente
2099 376 2147 436 A
2176 380 2238 429 ut
2277 373 2510 430 salutem
2555 388 2679 431 cum
2719 375 3075 433 credentibus
3130 376 3380 451 Apostoli
3422 378 3613 436 dicant
3661 380 3757 437 sibi

481 466 743 523 Zacltaria
779 466 976 538 :Aperi
996 507 1012 532 ,
1047 463 1265 527 Libane,
1295 475 1474 536 portas
1495 474 1611 520 tuas
1634 463 1821 534 (Zaclt.
1852 481 1929 530 st.
1981 464 2070 537 l);

490 568 548 616 et
578 559 826 614 Ezechiel
856 577 870 612 :
896 568 924 597 ἰ
954 559 1148 630 Aquila
1178 575 1369 631 magna
1386 574 1701 630 magnarum
1727 557 1937 615 alarum
1964 561 2076 629 ple-

486 668 559 707 na
600 649 882 723 unguibus,
922 666 1036 720 qua:
1062 650 1209 704 habet
1235 651 1449 706 ductum
1473 653 1709 708 intrandi
1734 654 1787 708 in
1820 652 2075 709 Libanum

492 752 546 799 et
565 739 861 797 Carmelum
886 741 906 815 (
932 741 1120 798 Ezech.
1166 759 1303 802 xvu.
1336 744 1410 813 3)
1440 762 1453 801 :
1486 746 1723 815 priorem
1756 746 2076 818 sigoilieare

483 837 777 909 populum,
792 836 860 892 de
877 851 1167 907 quosupra
1181 837 1387 893 dictum
1409 848 1496 894 est
1514 858 1527 891 :
1550 839 1612 893 Et
1626 840 1722 895 erit
1743 840 2003 896 desertum
2020 842 2075 896 in

486 927 716 996 Carmel,
730 939 779 984 et
807 926 1010 984 Carmel
1032 932 1086 985 in
1105 929 1299 985 saltum
1311 932 1635 1003 reputabitur
1658 933 1794 1006 (lsa.
1820 933 2070 1004 xxttt,9);

484 1033 540 1078 et
561 1021 744 1078 Saron
784 1024 1036 1079 eamdem
1068 1024 1271 1080 habere
1306 1026 1748 1095 intelligentiam,
1787 1025 2071 1096 Scriptura

478 1113 701 1171 dicente
721 1132 735 1169 :
757 1114 947 1170 Factus
971 1127 1044 1171 est
1069 1116 1245 1172 Saron
1261 1117 1394 1171 sicut
1408 1118 1689 1173 desertum.
1705 1116 1897 1175 Omnis
1913 1120 2075 1190 igitur

476 1209 709 1274 candor,
736 1208 919 1263 cultus
932 1208 1049 1272 Dei.
1076 1211 1585 1268 etcircumcisionis
1607 1213 1927 1279 SCit‘lllla,el
1954 1215 2073 1269 loca

476 1300 757 1356 uberrima
788 1314 955 1372 atque
978 1308 1333 1373 campestria,
1366 1321 1488 1374 qua!
1511 1306 1857 1375 appellantur
1874 1306 2071 1375 Suron,

474 1407 578 1465 pro
634 1393 833 1463 quibus
883 1395 1250 1468 Symmachus
1295 1397 1691 1468 interpretatus
1719 1411 1805 1455 est
1845 1415 2072 1471 campos,

479 1488 761 1544 dabuntur
787 1489 1026 1546 deserta:
1054 1491 1333 1562 quondam
1358 1487 1645 1561 Ecclesiae,
1694 1504 1751 1549 et
1800 1493 2074 1550 habitato-

476 1595 568 1635 res
596 1579 745 1635 illius
776 1580 1038 1636 videbunt
1062 1583 1291 1652 gloriam
1326 1582 1558 1652 Domini,
1585 1595 1641 1642 et
1662 1584 1918 1642 decorem
1949 1586 2073 1651 sive

474 1673 820 1732 altitudinem
850 1676 945 1730 Dei
972 1677 1168 1732 nostri.

2176 482 2301 523 esse
2320 482 2686 525 communem.
2723 468 2870 527 Tunc
2912 475 3209 544 aperientur
3234 474 3376 530 oculi
3404 490 3656 531 ctecorum
3674 517 3691 540 ,
3717 485 3759 532 et

2176 578 2331 618 aures
2373 564 2652 618 surdorum
2700 566 2968 638 patebunt.
3014 565 3159 622 Tunc
3182 567 3335 623 saliet
3378 569 3511 624 sicut
3561 585 3759 637 cervas,

2177 654 2398 711 claudus
2426 673 2447 712 :
2477 666 2526 712 et
2550 666 2738 725 aperta
2761 659 2857 714 erit
2882 659 3065 733 lingua
3086 670 3366 715 mutorum.
3397 660 3557 730 Quod
3580 677 3761 731 quam-

2175 764 2340 819 quam
2371 752 2652 821 signorum
2668 752 3048 823 magnitudine
3072 755 3412 824 completum
3436 755 3531 822 sit,
3561 757 3762 828 quando

2179 841 2441 897 Dominus
2480 843 2804 915 loquebatur
2832 844 3114 913 discipulis
3137 846 3401 915 JOnnnis,
3431 851 3524 919 qui
3550 850 3617 905 ad
3646 866 3760 906 eum

2179 934 2330 990 missi
2360 934 2578 991 fuerant
2599 955 2611 989 :
2630 935 2827 992 Euntes
2840 940 3137 996 renuntiate
3146 937 3471 1011 Joanniqute
3490 943 3706 998 audistis
3718 954 3762 998 et

2177 1030 2378 1086 vidistis
2399 1046 2420 1086 :
2448 1034 2571 1087 cteci
2599 1031 2776 1089 uident
2798 1048 2818 1089 :
2846 1035 3022 1089 claudi
3044 1034 3310 1092 ambulant
3340 1053 3360 1094 :
3393 1038 3590 1111 leprosi
3617 1054 3761 1094 mun-

2178 1121 2375 1179 dantur
2394 1140 2415 1180 :
2442 1127 2591 1180 surdi
2616 1127 2837 1182 audiunt
2869 1144 2889 1183 :
2925 1129 3118 1183 mortui
3153 1140 3437 1204 resurgunt
3456 1147 3488 1186 -:
3517 1147 3764 1205 pauperes

2177 1219 2595 1290 evangelisantur
2609 1220 2764 1293 (Luc.
2791 1237 2888 1289 vn,
2908 1222 3033 1294 22);
3055 1231 3237 1279 tamen
3259 1225 3504 1295 quotidie
3523 1228 3767 1297 expletur

2178 1311 2231 1365 in
2261 1312 2539 1382 gentibus.
2567 1315 2787 1385 quando
2802 1317 2894 1385 qui
2924 1317 3074 1386 prius
3099 1319 3232 1372 caeci
3259 1327 3435 1384 erant,
3463 1330 3521 1375 et
3542 1321 3594 1381 in
3629 1319 3765 1390 ligna

2176 1411 2233 1458 et
2257 1404 2469 1473 lapides
2493 1406 2908 1477 impiugebant,
2962 1410 3214 1467 veritatis
3263 1411 3449 1468 lumen
3476 1413 3762 1484 aspiciunt.

2176 1495 2246 1552 Et
2290 1497 2384 1569 qui
2436 1500 2846 1569 Scripturarum
2901 1502 3067 1559 verba
3095 1503 3281 1560 surdis
3312 1504 3541 1561 auribus
3581 1506 3768 1563 audire

2178 1605 2287 1646 non
2345 1600 2635 1662 poterant,
2690 1609 2835 1650 nunc
2877 1594 2947 1650 ad
3005 1595 3099 1653 Dei
3150 1605 3424 1670 praecepta
3475 1591 3766 1667 laetantur;

2178 1683 2396 1755 quando
2425 1684 2515 1756 qui
2543 1686 2699 1757 prius
2726 1687 2902 1743 claudi
2930 1698 3110 1753 erant,
3134 1699 3187 1744 et
3211 1698 3415 1745 rectam
3472 1690 3618 1746 viam
3663 1706 3769 1748 non

546 1768 730 1839 (Vers.
762 1771 819 1832 ὃ.
849 1768 932 1841 4.)
961 1768 1266 1842 ϐοηῙονιαιε
1298 1788 1484 1827 manus
1514 1773 1815 1842 dissolutas,
1834 1783 1883 1829 et
1903 1791 2072 1848 genua
2101 1774 2151 1835 B
2178 1777 2468 1847 tenebant,
2502 1779 2705 1836 saliunt
2757 1780 2902 1837 sicut
2944 1780 3093 1837 cervi
3120 1822 3138 1849 ,
3189 1781 3468 1839 imitantes
3505 1782 3767 1841 doctores

474 1862 670 1918 debilia
719 1863 975 1918 roborata.
1034 1865 1201 1920 Dicite
1245 1865 1598 1939 pusillanimis
1627 1868 1769 1932 (sive
1800 1868 2070 1923 meticulo-

473 1958 592 2027 sis).
610 1959 997 2030 confortamini,
1027 1968 1075 2014 et
1102 1961 1264 2015 nolite
1283 1962 1483 2026 timere,
1506 1978 1622 2016 ecce
1642 1962 1784 2016 Deus
1807 1973 1972 2018 vester
1990 1964 2072 2019 ul-

469 2032 671 2103 tionem
691 2050 914 2104 adducet
945 2050 1298 2105 retributionis
1326 2066 1345 2106 :
1371 2050 1515 2107 Deus
1534 2054 1647 2125 ipse
1677 2055 1860 2120 ueniet,
1892 2064 1942 2109 et
1961 2055 2074 2109 sal-

469 2144 608 2199 uabit
660 2159 750 2198 vos
800 2144 940 2213 (sive
990 2156 1049 2200 ut
1083 2145 1226 2201 LXX
1269 2147 1696 2211 transtulerunt,
1728 2146 1866 2221 nos).
1926 2146 2074 2202 Tunc

470 2236 771 2301 aperientur
816 2237 954 2291 oculi
981 2252 1258 2298 ctecorum.
1278 2247 1328 2293 et
1343 2255 1495 2293 aures
1524 2239 1805 2293 surdarum
1828 2240 2074 2311 patebunt

469 2326 591 2400 (vel
622 2329 900 2403 audient).
940 2330 1087 2386 Tunc
1133 2333 1285 2387 saliet
1313 2334 1449 2388 sicut
1492 2350 1672 2389 cervus
1719 2334 1967 2402 claudus,
2022 2345 2071 2389 et

469 2432 653 2493 aperta
670 2424 767 2478 erit
798 2425 976 2498 lingua
1000 2436 1280 2491 mutorum,
1306 2429 1429 2497 quia
1454 2431 1635 2484 scissa:
1654 2438 1774 2483 sunt
1791 2429 1846 2483 in
1866 2428 2070 2485 deserto

469 2531 652 2585 aqua,
686 2527 733 2569 et
759 2528 1013 2573 torrentes
1040 2519 1093 2573 in
1124 2519 1435 2583 solitudine,
1470 2532 1518 2574 et
1545 2537 1664 2592 qua:
1692 2531 1802 2576 erat
1846 2523 1997 2575 arida
2020 2524 2073 2577 in

466 2616 709 2675 stagnum
734 2608 874 2681 (sive
902 2610 1165 2683 paludes).
1184 2621 1233 2664 et
1256 2612 1439 2666 sitiens
1460 2613 1511 2666 in
1530 2614 1697 2684 fontes
1711 2630 1989 2681 aquarum.
2004 2613 2071 2670 In

468 2698 725 2754 cubilibus
748 2741 763 2762 ,
793 2701 849 2754 in
875 2702 1059 2768 quibus
1090 2703 1237 2771 prius
1272 2702 1520 2758 dracones
1560 2705 1881 2774 habitabant,
1934 2710 2071 2764 orie-

469 2800 556 2845 tur
575 2792 715 2844 viror
736 2792 925 2845 calami
953 2802 1002 2847 et
1026 2795 1174 2865 iunci
1199 2794 1441 2867 (proque
1465 2797 1609 2853 LXX
1641 2800 2068 2856 transtulerunt:

469 2882 589 2938 Erit
609 2884 679 2937 ibi
696 2884 875 2957 ltetitia
896 2887 1088 2952 avium,
1114 2898 1162 2943 et
1190 2889 1357 2945 caulis
1374 2890 1632 2963 gregum).
1666 2890 1733 2945 Et
1758 2893 1856 2947 erit
1882 2894 1956 2947 ibi
1981 2909 2067 2949 se-

474 2977 602 3031 mita
622 2986 672 3031 et
703 2978 787 3030 via
825 2978 966 3051 (sive
1006 2981 1089 3034 via
1118 2982 1333 3054 munda)
1372 2997 1420 3037 et
1450 2986 1534 3041 via
1553 2997 1737 3041 sancta
1776 2989 2066 3059 vocabitur,

469 3086 577 3125 non
603 3072 839 3127 transibit
868 3091 961 3145 per
987 3091 1096 3130 eam
1113 3076 1368 3149 pollutus.
1404 3080 1473 3134 Et
1508 3086 1618 3138 haec
1662 3085 1760 3138 erit
1806 3085 1953 3140 nobis
1980 3086 2067 3140 di-

2176 1886 2328 1939 suos,
2360 1881 2417 1929 et
2442 1883 2632 1943 aperta
2658 1874 2771 1929 erit
2797 1873 2979 1945 lingua
3011 1887 3311 1941 mutorum,
3341 1890 3574 1946 quorum
3608 1874 3770 1950 449

2176 1965 2408 2022 Satanas
2442 1981 2542 2021 ora
2599 1966 2984 2033 concluserat,
3016 1982 3085 2023 ne
3117 1977 3341 2038 p0ssent
3371 1982 3542 2024 unum
3591 1969 3771 2025 Domi-

2177 2076 2307 2116 num
2337 2060 2609 2117 conﬁteri.
2634 2059 2846 2116 Idcirco
2891 2070 3073 2117 autem
3105 2059 3422 2132 aperientur
3452 2063 3627 2128 oculi,
3675 2076 3772 2118 au-

2176 2169 2268 2211 res
2298 2154 2544 2223 andieut,
2565 2155 2770 2209 salieut
2787 2154 2994 2222 claudi,
3016 2165 3073 2210 et
3095 2166 3287 2226 aperta
3308 2155 3413 2211 erit
3440 2154 3627 2227 lingua
3658 2169 3772 2210 ntu-

2178 2259 2381 2315 torum,
2411 2249 2539 2321 quia
2571 2248 2761 2306 scissae
2789 2260 2934 2315 sunt,
2990 2250 3107 2305 sive
3137 2259 3435 2319 eruperunt
3466 2248 3521 2302 itt
3552 2247 3773 2304 deserto

2174 2341 2449 2414 qundam
2504 2340 2765 2397 Ecclesiae
2811 2356 2968 2412 aqua:
3011 2338 3319 2412 baptismib
3368 2341 3664 2407 salutaris,
3719 2350 3774 2397 et

2176 2445 2452 2493 torrentes
2479 2450 2542 2492 ac
2568 2436 2668 2492 rivi
2702 2437 2757 2491 in
2787 2435 3118 2503 solitudine,
3149 2435 3381 2492 diversa:
3409 2433 3624 2491 scilicet
3647 2448 3773 2506 gra-

2176 2530 2265 2585 tia:
2290 2527 2608 2600 spirituales
2639 2547 2651 2583 :
2686 2537 2744 2584 et
2768 2544 2892 2600 quae
2919 2536 3038 2583 erat
3062 2530 3239 2591 arida,
3291 2529 3345 2583 in
3377 2538 3628 2598 stagnum
3675 2541 3773 2594 pa-

2174 2623 2437 2695 ludesque
2464 2638 2730 2680 conversa
2755 2635 2862 2689 eSl,
2888 2632 2946 2679 ut
2978 2640 3086 2679 non
3119 2623 3298 2679 solum
3324 2631 3548 2680 careret
3575 2621 3772 2680 ardore

2174 2717 2295 2773 sitis
2320 2716 2418 2773 sed
2450 2715 2775 2783 navigabilis
2800 2725 2948 2772 esset
2976 2726 3033 2773 et
3056 2715 3279 2786 irrigua,
3309 2727 3368 2771 et
3390 2715 3613 2772 haberet
3648 2713 3772 2769 l'on-

2177 2819 2259 2866 tes
2286 2810 2569 2879 plurimos.
2594 2824 2731 2880 quos
2752 2824 2952 2866 cervus
2978 2810 3290 2877 desiderat,
3319 2824 3460 2880 quos
3488 2812 3582 2877 qui
3613 2807 3763 2864 bibe-

2172 2903 2477 2973 rit.potest
2516 2902 2842 2959 benedicere
2892 2901 3162 2969 Domino,
3218 2901 3374 2972 juxta
3436 2902 3574 2956 illud
3625 2900 3770 2973 quod

2171 2998 2437 3068 scriptum
2462 3007 2544 3052 est
2576 3014 2587 3052 :
2621 2994 2926 3050 Benedicite
2960 2993 3193 3051 Domino
3227 2994 3293 3050 de
3323 2994 3554 3065 fontibus
3602 2992 3770 3049 Israel

2176 3088 2296 3162 (Ps.
2330 3105 2498 3156 vau,
2525 3090 2639 3162 27).
2668 3088 2727 3145 1η
2758 3089 3033 3146 cubilibus
3056 3089 3363 3146 animarum
3389 3090 3767 3162 gentiliuut,in

471 3178 613 3220 recta
637 3169 721 3221 uia
749 3184 769 3223 :
793 3169 867 3224 ita
891 3180 946 3224 ut
988 3170 1140 3226 stulti
1185 3190 1288 3228 non
1311 3188 1480 3230 errent
1511 3194 1601 3244 per
1621 3177 1788 3251 ω
1813 3196 1928 3235 eam
1953 3180 2065 3253 (vel
2096 3167 2142 3232 C
2173 3183 2370 3255 quibus
2402 3183 2552 3254 prius
2583 3181 2855 3239 dracones
2883 3182 3201 3238 habitabant
3219 3223 3233 3247 ,
3258 3193 3415 3239 erunt
3440 3183 3688 3239 calamus
3715 3191 3772 3239 et

471 3267 532 3314 ut
549 3257 692 3314 LXX
721 3263 1135 3330 transtulerunt,
1159 3282 1323 3338 neque
1346 3270 1443 3323 erit
1461 3268 1534 3323 ibi
1550 3271 1633 3325 via
1658 3271 1949 3337 immunda,
1979 3275 2072 3345 qui

470 3360 644 3407 autem
674 3354 895 3422 dispersi
920 3367 1060 3417 sunt.
1093 3360 1384 3415 transibunt
1409 3380 1501 3433 per
1529 3380 1640 3418 eam
1662 3407 1675 3429 ,
1711 3375 1757 3419 et
1787 3382 1889 3421 non
1923 3383 2071 3421 erra-

471 3444 636 3500 banti.
664 3445 787 3502 Non
808 3450 924 3513 erit,
957 3450 1155 3521 inquit,
1186 3452 1259 3507 ibi
1276 3455 1385 3519 leo,
1414 3467 1460 3511 et
1488 3458 1627 3512 mala
1675 3458 1835 3513 bestia
1862 3478 1964 3515 non
1985 3479 2071 3517 as-

470 3536 648 3591 cendet
680 3555 770 3604 per
798 3556 935 3601 eam.
958 3558 1051 3596 nec
1069 3543 1359 3599 invenietur
1379 3547 1471 3607 ibi,
1503 3550 1593 3603 sed
1618 3552 1955 3607 ambulabunt
1979 3572 2070 3626 per

469 3642 604 3689 eam,
632 3630 721 3696 qui
746 3630 953 3685 liberati
990 3635 1201 3702 fuerint.
1246 3635 1313 3690 Et
1334 3638 1587 3707 redempti
1632 3658 1665 3695 a
1699 3642 1919 3698 Domino
1947 3660 2071 3699 cou-

469 3726 748 3785 vertentur,
777 3732 824 3775 et
840 3723 1040 3777 venient
1068 3725 1121 3778 in
1152 3725 1283 3782 Sion
1303 3744 1420 3783 cum
1442 3732 1618 3799 laude,
1645 3745 1691 3788 et
1715 3735 1901 3790 latitia
1925 3753 2064 3791 sem-

472 3809 679 3879 piterna
705 3824 1037 3887 supericaput
1068 3832 1263 3873 eorum.
1296 3819 1554 3877 Gaudium
1583 3833 1631 3878 et
1669 3825 1902 3881 latitiam
1930 3830 2066 3883 obti-

472 3906 664 3959 nebunt
683 3917 763 3962 :et
776 3910 940 3982 fugiet
958 3911 1110 3966 dolor
1122 3923 1171 3968 et
1187 3916 1430 3983 gemitus,
1450 3916 1751 3990 Utramque
1768 3923 2065 3980 edttioncm

469 4000 812 4065 miscoimus,
850 4020 917 4059 ne
968 4006 1019 4059 in
1067 4010 1438 4078 proponettdis
1489 4013 1754 4084 singulis,
1804 4014 2065 4073 librorum

466 4096 782 4163 magnitudo
806 4097 1081 4166 tendatur,
1113 4102 1360 4175 qoa:[Al.
1390 4105 1540 4178 quia]
1562 4110 1670 4173 jam
1703 4108 1921 4165 modum
1941 4111 2067 4169 bre-

2168 3279 2390 3349 juncus,
2415 3277 2615 3348 quibus
2636 3278 2909 3334 scribatur
2939 3277 3073 3333 lides
3104 3279 3346 3345 Domini,
3398 3288 3456 3334 et
3487 3279 3543 3334 in
3572 3280 3769 3351 quibus

2173 3369 2315 3426 ieSs-a
2351 3372 2500 3441 prius
2539 3371 2792 3442 membra
2838 3373 3230 3441 requiescant;
3259 3371 3377 3427 sive
3423 3373 3536 3427 erit
3584 3371 3765 3427 lat-tilia

2172 3464 2377 3533 avium,
2407 3476 2464 3521 et
2492 3465 2664 3521 caulae
2691 3480 2917 3537 gregum
2951 3483 2963 3518 :
2997 3475 3055 3521 ut
3078 3474 3366 3522 assumant.
3398 3467 3516 3521 alas
3554 3467 3763 3522 colunt-

2171 3558 2274 3627 bae,
2301 3568 2357 3614 et
2388 3559 2611 3614 humilia
2663 3558 3057 3629 relinquentes,
3092 3558 3161 3614 ad
3214 3559 3431 3614 excelsa
3484 3558 3762 3624 festinent.

2171 3652 2489 3723 possintque
2537 3668 2661 3707 cum
2710 3653 2998 3709 P~almista
3048 3654 3256 3721 dicere,
3287 3652 3547 3709 Dominus
3602 3655 3765 3728 pascit

2170 3760 2272 3804 me.
2302 3754 2349 3799 et
2372 3745 2506 3799 nihil
2549 3745 2678 3799 mihi
2705 3746 2868 3802 deerit
2893 3762 2913 3802 :
2940 3750 2994 3801 in
3024 3746 3137 3802 loco
3164 3763 3375 3819 pascua:
3398 3747 3471 3802 ibi
3500 3763 3584 3803 me
3607 3747 3765 3803 colla-

2171 3839 2305 3893 cavit
2337 3855 2356 3894 :
2380 3856 2535 3911 super
2551 3856 2711 3909 aquas
2734 3842 3034 3912 refectionis
3051 3842 3287 3898 educavit
3310 3859 3411 3898 me.
3440 3842 3519 3899 ΙΙιί
3548 3848 3655 3900 erit
3680 3859 3763 3900 se-

2171 3936 2326 4002 mita,
2352 3930 2408 3991 et
2435 3938 2517 3991 via
2548 3937 2905 3995 mundissima
2924 3980 2940 4006 ,
2970 3954 3091 4008 qum
3114 3949 3304 3994 sancta
3340 3939 3629 3996 vocabitur
3648 3982 3664 4007 ,
3708 3949 3763 3995 et

2170 4046 2294 4101 qum
2315 4028 2452 4085 dicit
2474 4032 2587 4100 ipsa
2618 4030 2687 4086 de
2734 4044 2794 4086 se
2823 4047 2837 4085 :
2878 4028 2994 4102 Ego
3017 4047 3135 4086 sum
3162 4031 3245 4085 via
3274 4029 3493 4104 (Joann.
3540 4046 3655 4099 ιη,
3679 4030 3758 4101 6),

2167 4139 2268 4194 per
2297 4138 2461 4194 quam
2510 4125 2601 4194 qui
2651 4124 2889 4195 pollutus
2926 4116 3050 4187 est,
3086 4124 3323 4180 transire
3379 4138 3491 4180 non
3539 4124 3758 4196 poterit.

467 4184 660 4287 vitatis
695 4190 931 4287 excedit.
975 4192 1274 4261 Apostolis,
1323 4197 1392 4252 de
1418 4199 1616 4269 quibus
1653 4214 1816 4271 supra
1856 4202 2062 4262 ἀίυῑυω
2168 4184 2330 4273 iJnde
2347 4228 2403 4272 et
2436 4218 2487 4271 itt
2515 4184 2723 4287 psalmo
2742 4214 2961 4285 dicitur,
3008 4215 3157 4272 Beati
3210 4184 3556 4273 immaculati'
3576 4218 3633 4273 in
3681 4219 3761 4273 uia

468 4287 556 4331 est
584 4276 743 4382 :.Ipsi
797 4281 1041 4382 videbunt
1069 4288 1293 4358 gloriam
1325 4289 1535 4346 Domini
1569 4302 1617 4348 et
1672 4294 1913 4352 decorem
1964 4297 2065 4355 Dei
2166 4307 2287 4382 (Ps.
2317 4324 2469 4372 cun.
2505 4276 2581 4381 ί).
2615 4310 2679 4365 Et
2702 4309 2817 4365 haec
2846 4276 3068 4365 vin'erit
3114 4309 3304 4375 nobis,
3359 4309 3413 4365 id
3462 4319 3550 4365 est
3571 4351 3589 4378 ,
3622 4310 3758 4366 Deus

464 4373 649 4434 nostri.
681 4374 1015 4442 prteciiutnr,
1049 4392 1104 4432 ut
1131 4382 1441 4440 conforteut
1495 4401 1688 4445 manus
1725 4390 1776 4445 in
1809 4392 2062 4461 gentibus
2167 4373 2374 4470 noster,
2407 4414 2513 4457 tam
2538 4373 2686 4459 recta
2712 4412 2768 4459 et
2800 4402 2954 4472 plana
2983 4413 3150 4471 atque
3176 4403 3525 4473 campestris,
3556 4416 3613 4459 ut
3642 4402 3756 4459 nul-

466 4476 794 4538 [ossgputam
826 4476 882 4523 et
909 4484 1084 4539 genua
1115 4474 1315 4530 debilia
1354 4477 1648 4546 ruborem;
1691 4490 1752 4538 ut
1788 4486 1878 4555 qui
1910 4486 2061 4556 prius

2172 4496 2275 4551 lum
2324 4496 2521 4551 habeat
2547 4511 2792 4550 errorem
2826 4513 2838 4549 :
2877 4504 2931 4550 et
2962 4496 3115 4551 stulti
3146 4506 3309 4567 atque
3339 4498 3607 4552 vecordes
3661 4511 3753 4568 per

464 4559 718 4661 manilius
739 4560 1030 4619 dissolutis
1052 4582 1189 4635 opus
1209 4567 1305 4624 Dei
1341 4569 1519 4628 facere
1552 4588 1658 4630 non
1693 4553 1976 4646 poterant,
2002 4593 2057 4637 et
2087 4553 2138 4612 θ
2164 4602 2284 4642 eam
2312 4586 2524 4658 ingredi
2552 4586 2764 4641 valeant
2796 4628 2811 4653 ,
2840 4586 3040 4657 quibus
3068 4588 3123 4642 in
3170 4553 3480 4645 Proverbiis
3520 4553 3756 4661 loqui-tur

459 4650 669 4708 aridam
703 4654 978 4713 habebant
1006 4657 1315 4728 dexteram,
1341 4665 1643 4721 extendant
1673 4683 1793 4723 eam
1822 4671 1888 4726 ad
1915 4676 2055 4728 bona
2162 4650 2437 4747 Sapientia
2471 4697 2483 4731 :
2511 4677 2574 4732 Si
2600 4679 2715 4748 quis
2745 4650 2821 4734 est
2850 4650 3121 4752 parcufus,
3154 4681 3324 4749 venint
3344 4680 3415 4735 ad
3441 4697 3539 4737 me.
3572 4650 3638 4736 lit
3675 4685 3755 4737 in-

456 4756 646 4846 opem.
681 4746 742 4802 EI
773 4747 868 4818 qui
917 4748 1124 4807 dudum
1156 4752 1300 4809 inter
1336 4754 1479 4810 idola
1503 4758 1737 4815 diversis
1776 4765 2056 4822 erroribus
2158 4746 2462 4840 sipieutibus
2486 4746 2659 4824 locuta
2689 4781 2784 4835 est,
2817 4746 2984 4827 venite
2998 4782 3047 4827 et
3065 4746 3317 4828 comedite
3337 4789 3529 4846 panem
3559 4790 3749 4841 meum,

456 4834 865 4900 claudicabant,
891 4840 1047 4896 ﬁrmo
1072 4860 1240 4913 super
1258 4847 1546 4902 veritatem
1578 4850 1829 4906 inet-dant
1851 4857 2019 4924 gradu
2043 4877 2054 4911 :
2155 4834 2217 4917 etv
2233 4862 2389 4916 bibite
2415 4863 2593 4916 vinum
2620 4863 2761 4934 quod
2802 4864 2983 4918 miscui
3014 4866 3177 4919 vobis.
3224 4834 3524 4937 Relt'nquite
3576 4834 3754 4938 infam-

452 4938 511 4984 et
540 4932 921 4998 pusillanimes
941 4938 1057 4994 sive
1095 4940 1491 5001 l‘ortnidolosos
1520 4946 1627 5003 lide
1662 4948 1874 5006 Domini
1919 4968 2053 5009 con-

450 5022 757 5091 ﬁrmantes,
785 5028 985 5084 faciant
1021 5048 1127 5087 non
1162 5035 1376 5101 timere,
1422 5040 1694 5113 uniusque
1738 5042 1835 5100 Dei
1869 5055 2045 5103 metus

449 5116 693 5170 universi
750 5124 962 5175 erroris
1003 5124 1239 5194 expellat
1273 5130 1518 5187 timores.
1547 5132 1725 5189 Causa
1755 5148 1934 5192 autem
1967 5148 2053 5195 cst

447 5207 760 5263 securitati~
779 5220 943 5282 atque
966 5218 1313 5284 constantiae,
1338 5222 1463 5288 quia
1493 5238 1758 5282 venturus
1779 5238 1866 5284 est
1885 5230 2050 5286 Chri-

445 5308 583 5370 stus,
615 5307 703 5357 cui
735 5303 896 5363 Pater
914 5307 1069 5363 dedit
1093 5326 1255 5368 omne
1278 5314 1584 5384 judicium;
1613 5331 1668 5376 et
1698 5323 1893 5380 reddet
1928 5325 2048 5381 nni-

2153 4959 2301 5016 tiam,
2322 4965 2372 5009 et
2402 4955 2554 5008 vivite
2577 4996 2590 5017 ,
2632 4968 2679 5010 et
2706 4955 2969 5011 ambulate
3003 4953 3168 5030 £50
3195 4973 3287 5030 per
3310 4958 3422 5012 vias
3459 4959 3753 5030 prudentia:

2157 5045 2344 5119 (Prov.
2394 5044 2618 5119 v,4-6).
2661 5046 2837 5104 Stulta
2861 5052 3007 5102 enim
3050 5050 3245 5103 mundi
3294 5049 3460 5121 elegit
3515 5050 3662 5107 Deus
3707 5047 3752 5124 (ι

2156 5139 2401 5215 Cor.t):
2459 5157 2688 5212 quorum
2735 5144 3027 5198 stultorum
3081 5145 3339 5215 princeps
3398 5146 3646 5217 loquitur
3699 5148 3750 5203 in

2152 5234 2390 5305 psalmo,
2423 5232 2559 5288 Deus
2596 5244 2651 5288 tu
2701 5234 2803 5289 scis
2833 5234 3187 5306 insipientiam
3220 5252 3405 5291 meatu.
3432 5233 3504 5292 Et
3533 5239 3750 5293 stultum

2151 5324 2252 5382 Dei
2300 5327 2586 5398 sapientius
2634 5335 2709 5382 est
2762 5327 3057 5384 hominibus
3085 5329 3205 5403 (Ps.
3240 5344 3426 5391 vattt.
3461 5331 3541 5403 6).
3596 5332 3746 5390 Unde

439 5395 645 5499 cuique
671 5402 975 5455 secundum
1008 5417 1176 5473 opera
1206 5420 1300 5461 sua
1331 5407 1517 5481 (Joan.
1543 5411 1626 5485 v).
1653 5411 1779 5485 Ipse
1800 5418 1967 5473 veniet
1997 5427 2045 5474 et
2148 5419 2293 5477 LXX
2326 5395 2716 5478 transtulerunt
2768 5437 2782 5474 :
2811 5419 2881 5475 Et
2910 5424 3001 5495 qui
3054 5395 3278 5492 dispersi
3303 5395 3516 5496 fuerani
3542 5425 3587 5499 (Ι
3619 5423 3738 5481 Cor.

435 5491 655 5549 saloabit
682 5511 794 5566 vos,
826 5498 1028 5570 quibus
1054 5499 1281 5571 dicitur,
1316 5506 1489 5564 nolite
1514 5506 1708 5566 timere
1738 5528 1750 5565 :
1777 5512 1894 5569 sive
1924 5528 2040 5583 nos,
2144 5520 2232 5587 tt),
2263 5524 2319 5573 et
2338 5531 2369 5571 a
2400 5517 2663 5574 societate
2685 5515 2899 5572 Domini
2919 5491 3183 5589 separati,
3209 5532 3559 5591 nequaquam
3586 5536 3736 5579 erra—

443 5695 885 5791 sfff'ﬁfl'fﬁfll!"
900 5698 1123 5791 9.39m-
1147 5706 1460 5791 ξυπεοίιηῐιε
1482 5731 1689 5791 magis“.
1704 5717 1775 5774 de
1786 5734 1893 5791 qua
1920 5736 2013 5776 vo-

424 5719 969 5796 Rh-‘iletﬁ‘qnqqueex
989 5719 1123 5786 mss.
1147 5719 1460 5796 sutrecimns
1482 5731 1689 5796 magna,
1704 5719 1775 5774 de
1786 5734 1893 5796 (ιρι
1920 5736 2013 5776 νο.

2191 5719 2222 5762 δ
2263 5721 2380 5783 Duo
2404 5723 2820 5796 mssabaptismi
2841 5723 3169 5783 Saluatoris.

417 5770 502 5822 δῖε
522 5770 867 5826 νθειίιιιιίθιιθ
891 5773 1130 5830 diximus
1159 5778 1322 5847 supra
1349 5774 1417 5836 “ad
1445 5770 1693 5854 “p.733:
1711 5770 1893 5844 "vivi—
2265 5770 2378 5783 ην
2405 5770 2563 5799 -—-~-,
