4010 6324
152 312 252 370 δυ

645 309 1299 374 COMMENTARIORUM
1337 313 1408 373 ΙΝ
1443 315 1679 376 ISAIAM
1720 317 2143 383 PROPHETAM
2183 325 2312 384 LIB.
2358 325 2450 385 Xl.
2491 325 2647 387 CAP.
2690 331 2938 393 XXXVI.

3330 340 3441 402 $78

152 429 319 488 bunt.
352 430 644 504 Sequitur,
688 431 809 487 Non
830 435 932 489 erit
977 433 1046 488 ibi
1074 433 1155 489 leo
1183 451 1195 488 :
1221 432 1570 490 adversarius
1601 451 1728 492 nos-
1760 458 1812 520 Α
1841 454 1941 511 per
1981 452 2145 513 caput
2173 458 2364 500 eorum
2387 486 2404 511 ,
2428 455 2487 501 ut
2520 456 2811 520 postquam
2839 451 3096 508 saeculum
3153 453 3430 525 vicerint,

146 533 226 582 ter
265 528 560 590 diabolus,
608 529 695 598 qui
747 527 944 583 circuit
991 529 1249 598 rugiens,
1283 528 1560 598 quomodo
1589 530 1734 586 ovile

149 615 363 673 Domini
412 620 580 690 possit
632 619 836 674 intrare
868 618 917 686 tl
941 617 1169 690 Petr.v).
1214 619 1282 675 Et
1306 620 1468 676 mala}
1501 621 1691 678 bestia:
1715 663 1730 685 ,

143 713 406 767 satellites
437 713 578 778 ejus,
604 727 709 767 non
743 712 1051 769 ascendent
1071 730 1167 783 por
1198 731 1339 770 eam.
1375 715 1560 787 Neque
1581 722 1727 772 enim

144 805 425 874 vestigium
453 803 661 865 colubri
695 805 752 860 in
788 817 942 874 petra
977 807 1206 862 inveniri
1241 817 1439 878 potest.
1468 811 1729 865 Ambula-

142 895 266 951 hunt
293 906 475 949 autem
507 911 605 967 per
627 912 747 952 eam
782 900 873 968 qui
904 898 1114 954 liberati
1144 900 1348 953 iuerint
1374 899 1444 954 de
1491 901 1728 957 vinealis

143 999 483 1060 peccatorum
511 1030 526 1053 ,
578 997 634 1044 et
664 991 935 1060 redempti
967 991 1233 1062 Sanguine
1277 991 1586 1049 Salvatoris
1612 1036 1626 1058 ,
1676 1003 1733 1050 et

141 1085 348 1154 egerint
370 1083 788 1154 paenitentiam;
837 1092 894 1140 et
942 1089 1193 1140 venerint
1234 1086 1290 1141 in
1320 1086 1478 1154 Sion,
1511 1088 1580 1144 de
1627 1104 1731 1160 qua

139 1180 334 1244 εει-[ιῦιις
384 1177 624 1231 diximus
651 1193 666 1231 :
693 1177 990 1232 Accessistis
1037 1178 1108 1232 ad
1147 1177 1280 1235 Sion
1301 1191 1549 1244 montem,
1580 1188 1628 1235 et
1659 1183 1730 1235 ci-

138 1269 337 1326 vitatem
373 1269 472 1325 Dei
512 1271 726 1325 viventis
767 1269 1058 1327 Jerusalem
1106 1272 1358 1326 caelestem
1406 1271 1595 1344 (Hebr.
1630 1289 1726 1340 xu,

136 1363 260 1433 22);
293 1377 362 1419 ne
395 1377 546 1418 more
586 1363 814 1419 Judaico
846 1379 1072 1418 auream
1095 1379 1408 1434 quaeramus
1459 1363 1624 1428 Sion,
1675 1375 1730 1420 et

134 1465 454 1526 gemmatam
485 1456 795 1512 Jerusalem
817 1496 832 1519 ,
887 1471 1008 1527 qua:
1037 1457 1190 1527 juxta
1222 1456 1571 1527 prophetiam
1625 1457 1732 1512 Da-

134 1549 309 1614 uielis,
337 1551 390 1604 in
418 1559 657 1604 aeternos
705 1550 922 1605 cineres
952 1551 1217 1606 dissoluta
1246 1562 1326 1606 est
1357 1549 1590 1620 (Daniel.
1625 1551 1727 1624 ts).

133 1641 356 1710 Eritque
387 1643 574 1698 laetitia
593 1644 925 1714 sempiterna
960 1643 1298 1700 laudantium
1323 1645 1607 1698 Dominum
1637 1661 1726 1699 su-

1839 532 2052 604 possiot
2077 551 2204 591 cum
2253 537 2518 603 Apostolo
2546 551 2600 594 et
2623 539 2904 612 Propheta
2955 544 3146 603 dicere
3175 565 3188 601 :
3215 545 3439 604 Cursum

1834 632 2208 694 consummavi,
2233 633 2392 702 ﬁdem
2407 636 2627 702 seruaui,
2648 637 2714 690 de
2736 651 2926 694 caetero
2953 643 3184 710 reposita
3205 655 3279 697 est
3313 645 3441 698 mihi

1831 727 2270 795 coronajustitiw
2315 727 2384 800 (ll
2421 727 2558 784 Tim.
2589 745 2663 791 tv,
2699 731 2754 798 7,
2782 732 2841 803 8)
2879 744 3012 800 :et,
3073 735 3325 803 Domine,
3380 748 3438 793 ut

1825 831 1969 875 scuto
1994 821 2140 876 bonae
2179 823 2462 877 uoluntatis
2496 835 2598 878 tum
2626 827 2888 880 coronasti
2932 843 3026 881 nos
3054 827 3171 899 (Ps.
3206 846 3240 884 v
3265 871 3280 896 ,
3317 831 3432 902 15).

1828 912 1986 970 Tunc
2013 917 2342 973 succedente
2369 917 2567 987 gaudio
2594 929 2756 988 atque
2779 921 2967 976 laetitia
2987 963 3001 984 ,
3035 921 3211 993 fugiet
3263 925 3430 982 dolor

1828 1018 1881 1064 et
1906 1011 2164 1080 gemitus.
2198 1010 2417 1081 quando
2453 1012 2668 1068 venerit
2697 1030 2761 1069 ex
2793 1013 2926 1071 Sion
2958 1031 3049 1088 qut
3075 1026 3254 1072 eruat.
3293 1020 3428 1088 Quae

1829 1105 2011 1159 omnia
2043 1122 2141 1160 nos
2160 1107 2314 1174 juxta
2338 1109 2644 1176 apostolum
2675 1108 2906 1164 Paulum
2955 1110 3007 1164 in
3036 1113 3217 1181 primo
3245 1112 3434 1170 Salva-

1829 1199 1962 1253 toris
1997 1200 2428 1271 interpretamur
2451 1203 2688 1259 adventu
2715 1203 2926 1262 :‘Judtei
2959 1216 3141 1262 autem
3172 1217 3225 1263 et
3257 1209 3430 1264 nostri

1831 1293 2209 1360 Judaizantes,
2237 1295 2302 1349 ad
2329 1298 2630 1351 secundum
2657 1297 2926 1364 referunt,
2957 1299 3116 1352 unius
3143 1303 3436 1357 occasione

1835 1385 2122 1452 versiculi,
2153 1384 2522 1441 Convertentur
2549 1397 2599 1442 et
2628 1388 2833 1442 venient
2859 1389 2913 1444 in
2943 1387 3074 1445 Sion
3094 1406 3211 1444 cum
3243 1389 3425 1456 laude,

1831 1477 2132 1533 hostiarum
2161 1482 2482 1550 sanguinem
2503 1524 2516 1542 ,
2553 1491 2992 1548 cunctarumque
3035 1485 3282 1552 gentium
3314 1500 3429 1542 ser-

1829 1573 2082 1639 vitutem,
2111 1581 2165 1628 et
2197 1587 2427 1629 uxorum
2452 1573 2918 1645 pulchritudinem
2949 1577 3354 1636 desiderantes.

1007 1860 1489 1970 LIBER
1580 1858 1999 1970 UNDE
2013 1859 2300 1969 61M
2319 1859 2531 1969 US.

191 2145 551 2222 ‘51-‘52
573 2145 820 2214 Difﬁcile,
844 2145 1012 2200 immo
1033 2144 1368 2214 impossibile
1395 2152 1479 2199 est
1503 2144 1723 2214 placere
1753 2142 1802 2204 B
1829 2139 1948 2211 bus,
1981 2154 2038 2198 nt
2078 2153 2389 2202 sanctarum
2426 2146 2836 2214 Scripturarum
2869 2149 3075 2206 veritas
3107 2151 3436 2223 negligatur,

122 2245 376 2298 omnibus
405 2258 421 2298 :
454 2258 556 2298 nec
605 2253 752 2298 tanta
796 2242 1064 2306 vultuum,
1099 2249 1297 2307 quanta
1339 2240 1727 2296 sententiarum

121 2335 412 2391 dirersitas
440 2347 550 2391 est.
587 2335 643 2390 In
683 2336 1066 2404 explanatione
1105 2333 1389 2390 duodecim
1439 2335 1731 2404 propheta-

123 2444 248 2486 rum
283 2430 496 2500 longior
522 2429 847 2497 quihusdam
885 2431 1032 2484 visus
1068 2445 1185 2484 sum
1209 2471 1224 2492 ,
1261 2445 1418 2496 quam
1455 2431 1724 2496 oportuit;

121 2532 179 2579 et
207 2523 278 2578 ob
302 2524 440 2577 hanc
467 2538 687 2579 causam
718 2525 768 2579 in
795 2521 1268 2580 Contmentariolis
1292 2523 1526 2579 Danielis
1552 2523 1725 2578 brevi-

119 2616 223 2676 tati
249 2615 448 2684 ~tudoi,
478 2624 676 2684 praeter
699 2617 946 2672 ultimam
974 2626 1030 2672 et
1053 2616 1407 2686 pettultimam
1439 2617 1721 2681 visionem,

119 2707 174 2764 in
203 2709 400 2779 quibus
429 2725 514 2764 me
547 2724 770 2765 necesse
805 2708 902 2765 fuit
935 2717 962 2747 α
993 2708 1062 2762 ob
1085 2707 1431 2764 obscuritatis
1460 2708 1727 2777 magnitno

117 2800 310 2858 dinem
337 2819 645 2861 sermonem
690 2801 920 2860 tendere
958 2821 971 2858 :
1010 2802 1386 2873 praecipueque
1425 2799 1478 2854 in
1509 2801 1727 2868 exposi-

115 2895 272 2951 tione
293 2907 501 2966 septem
525 2907 582 2953 et
606 2896 888 2965 sexaginta
911 2894 1141 2949 duarum
1170 2900 1224 2950 et
1256 2893 1412 2947 unius
1437 2892 1730 2948 hebdoma-

115 2988 335 3055 darum,
369 2991 422 3046 in
452 2992 654 3060 quibus
681 2988 1019 3046 dis~erendis
1043 2987 1173 3059 quid
1205 2985 1495 3041 Africanus
1524 2999 1731 3053 tempo-

112 3095 244 3137 rum
259 3083 515 3153 scriptor.
537 3081 665 3151 quid
684 3082 966 3152 Origenes.
991 3092 1043 3136 et
1059 3079 1412 3136 Cmsariensis
1439 3078 1726 3148 Eusebius,

112 3169 371 3228 Clemens
392 3188 612 3242 quoque
635 3172 1020 3229 Alexandrinae
1045 3173 1306 3228 Ecclesim
1337 3173 1642 3244 presbyter,
1675 3181 1732 3228 et

113 3264 456 3332 Apollinaris
495 3262 866 3322 Laodicenus.
911 3263 1335 3334 Hippolytusque
1357 3305 1372 3329 ,
1404 3272 1459 3319 et
1491 3264 1723 3330 Hebraei,

114 3366 164 3412 et
207 3355 596 3414 Tcrtullianus
633 3356 946 3423 senserint,
995 3356 1236 3428 breviter
1281 3355 1673 3426 comprehendi
1707 3372 1723 3412 :

116 3451 340 3507 lectoris
369 3450 603 3505 arbitrio
624 3449 1012 3519 derelinquens
1039 3451 1164 3515 quid
1196 3450 1264 3504 de
1295 3451 1539 3521 pluribus
1562 3450 1728 3520 elige-

1834 2255 1936 2296 nec
1961 2241 2231 2312 generalis
2259 2241 2553 2311 disputatio
2584 2245 2744 2298 unius
2777 2255 2800 2284 ο
2833 2260 3079 2312 personat
3105 2247 3299 2316 injuria
3329 2256 3437 2304 est.

1831 2334 1962 2403 Qum
2007 2352 2138 2389 cum
2164 2335 2400 2407 benigno
2451 2351 2699 2392 meorum
2748 2337 2931 2393 studio
2981 2351 3307 2405 caveretur,
3343 2341 3440 2397 Dei

1826 2429 2031 2500 judicio
2064 2439 2285 2500 repente
2315 2430 2527 2485 sublata
2554 2440 2636 2486 est
2668 2447 2682 2484 :
2715 2440 2770 2485 ut
2801 2431 3097 2486 amicormn
3131 2432 3183 2488 in
3216 2447 3302 2489 me
3325 2445 3440 2488 Stu-

1831 2523 1950 2590 dia,
1984 2534 2036 2580 et
2072 2524 2394 2579 tumulorum
2439 2524 2650 2580 insidia!
2680 2535 3131 2582 moiisuarentnr.
3169 2526 3278 2582 Sed
3322 2527 3438 2584 hmc

1829 2618 1964 2674 alias
1994 2635 2008 2671 :
2038 2633 2180 2674 nunc
2220 2618 2360 2686 qttod
2399 2619 2668 2674 οωοιίιιιιιε
2707 2633 3062 2686 θκναιιιιηιιιιν.
3105 2617 3436 2676 Undecimus

1830 2709 1882 2764 in
1913 2707 2104 2765 Isaiam
2143 2710 2318 2774 liber,
2359 2727 2392 2763 ο
2422 2713 2575 2776 virgo
2620 2710 2825 2766 Christi
2873 2710 3230 2768 Eustochium
3258 2757 3272 2772 .
3306 2714 3433 2785 quia

1831 2816 2076 2871 magnam
2104 2810 2310 2873 partem
2335 2801 2574 2857 historia:
2596 2801 2928 2858 dissertnrus
2956 2815 3060 2870 est,
3092 2802 3302 2867 l‘acilior
3331 2805 3437 2860 erit

1831 2893 1884 2947 in
1920 2894 2224 2963 principiis,
2251 2905 2303 2949 et
2332 2911 2504 2967 usque
2530 2896 2596 2950 ad
2625 2896 2760 2951 duas
2782 2897 2862 2951 sui
2892 2909 3093 2967 partes,
3124 2900 3330 2958 reliqua
3356 2898 3434 2954 si-

1831 2986 1944 3041 mili
1968 3003 2118 3042 more
2145 2988 2392 3042 dictanda
2422 2998 2548 3043 sunt
2573 3007 2586 3042 :
2614 3001 2667 3044 et
2693 2989 2772 3044 sic
2799 2989 3127 3046 smdendum
3161 2990 3433 3060 brevitati,

1830 3087 1890 3133 ut
1920 3079 2123 3134 nullum
2148 3079 2404 3135 damnum
2438 3082 2528 3134 [lat
2555 3080 2948 3152 intelligentiae.

1902 3267 2056 3339 (Cap.
2086 3265 2330 3324 XXXVI.
2358 3267 2611 3324 —Vers.
2657 3268 2682 3322 1
2719 3269 2913 3339 seqq.)
2949 3267 3017 3322 Et
3047 3273 3240 3340 factum
3278 3281 3351 3324 est
3381 3272 3436 3326 in

1830 3369 2013 3430 quarto
2038 3358 2234 3414 decima
2263 3375 2404 3412 anno
2431 3359 2570 3431 regis
2620 3357 2882 3422 Ezechiw,
2939 3363 3171 3415 ascendit
3226 3361 3437 3418 Sentia-

1831 3450 2002 3506 cherib
2025 3467 2117 3506 rex
2137 3451 2465 3523 Assyriorum
2498 3468 2654 3520 super
2681 3467 2861 3505 omnes
2887 3452 3119 3505 ciuitates
3149 3451 3294 3505 Juda
3323 3468 3438 3505 mu-

117 3555 218 3602 tet.
251 3543 436 3608 Itaque
456 3543 600 3614 quod
628 3560 725 3596 nos
746 3543 1072 3600 verecaudia
1105 3542 1329 3599 fecimus
1346 3542 1648 3612 judicandi,
1673 3553 1729 3599 et
1756 3531 1801 3596 C
1833 3545 1970 3599 nitas
2021 3555 2071 3600 et
2120 3546 2255 3610 cepit
2280 3561 2387 3598 eas.
2417 3543 2484 3599 Et
2509 3545 2647 3598 misit
2671 3561 2765 3599 rex
2804 3546 3132 3617 Assyriorum
3163 3545 3433 3601 Rabx-acen

117 3654 305 3696 eorum
333 3639 544 3696 honore
565 3639 657 3710 qui
692 3639 882 3694 lecturi
911 3648 1086 3703 erant,
1114 3638 1432 3708 quibusdam
1459 3637 1596 3692 forte
1619 3654 1724 3694 non

122 3734 346 3799 placeat,
378 3735 469 3804 qui
496 3749 602 3788 non
635 3735 995 3802 Antiquorum
1019 3733 1330 3798 Opiniones.
1358 3732 1451 3788 sed
1485 3746 1722 3788 noStram

123 3829 440 3883 sententiam
472 3828 613 3884 scire
637 3827 969 3883 desiderant.
1002 3828 1210 3895 Quibus
1238 3827 1410 3883 facitis
1439 3829 1724 3894 responsio

124 3929 222 3982 est,
253 3921 495 3977 noluisse
518 3936 604 3975 me
634 3919 713 3975 sic
745 3935 909 3975 unum
940 3921 1213 3988 recipere,
1248 3930 1306 3975 ut
1341 3919 1557 3974 viderer
1585 3921 1724 3975 alios

127 4014 503 4069 condemnare.
551 4013 621 4068 Et
667 4022 818 4068 certe
870 4015 914 4068 si
958 4012 1092 4068 tanti
1139 4023 1192 4068 et
1235 4024 1343 4067 tam
1384 4012 1579 4066 eruditi
1621 4011 1721 4070 viri

133 4102 417 4162 fastidiosis
447 4106 746 4162 lectoribus
776 4106 1094 4176 displicent,
1127 4107 1256 4177 quid
1300 4105 1370 4160 de
1406 4121 1491 4160 me
1532 4104 1722 4159 facturi

133 4209 295 4264 erant,
315 4203 404 4270 qui
431 4216 528 4270 pro
552 4202 810 4258 tenuitate
837 4200 1092 4269 ingenioli
1117 4199 1422 4254 invidorum
1452 4199 1723 4253 morsibus

135 4292 320 4357 puteo?
355 4292 450 4349 Sin
484 4301 665 4347 autem
705 4293 1050 4361 supradictos
1080 4290 1260 4355 viros,
1293 4291 1582 4358 magistros
1623 4290 1727 4344 Ec-

137 4385 297 4441 clesiae
337 4389 642 4452 nominavi,
677 4387 808 4444 illud
843 4387 1182 4458 intelligant,
1212 4400 1300 4440 me.
1338 4399 1445 4437 non
1478 4382 1719 4437 omnium

135 4480 349 4544 probare
379 4481 560 4546 iidem,
592 4481 684 4552 qui
708 4491 857 4536 certe
885 4482 1027 4536 inter
1053 4497 1113 4536 se
1142 4477 1400 4534 contrarii
1428 4488 1552 4531 sunt
1577 4493 1592 4538 ;
1626 4475 1721 4530 sed

137 4569 194 4619 all
229 4572 631 4648 distinctionem
670 4572 698 4612 δ
735 4573 993 4645 Iosephi,
1045 4571 1442 4644 Porpltyriique
1495 4568 1718 4635 dixisse,

138 4663 212 4729 q'ti
245 4667 311 4721 de
337 4667 436 4724 hac
465 4669 771 4740 qua-Stione
805 4669 1036 4736 plurima
1076 4668 1444 4734 diSpntaruttl.
1486 4664 1640 4731 Quod
1673 4663 1720 4719 si

135 4748 180 4804 Ῐη
204 4761 542 4826 expositione
569 4769 764 4816 statua!
800 4759 1106 4830 pedumque
1136 4760 1253 4831 ejus
1273 4800 1288 4820 ,
1337 4769 1389 4814 et
1422 4759 1717 4829 digitorum

132 4839 497 4921 discrepantia.
531 4851 734 4908 ferrum
767 4861 823 4908 et
854 4861 1050 4907 testam
1086 4867 1249 4914 super
1279 4851 1522 4906 Romano
1551 4865 1720 4920 regno

1832 3638 1896 3690 de
1921 3635 2106 3691 Lacltis
2132 3638 2187 3691 in
2209 3636 2504 3692 Jerusalem
2533 3638 2602 3690 ad
2631 3653 2803 3708 regem
2848 3636 3126 3691 Ezechiam
3175 3640 3228 3692 in
3275 3655 3432 3694 manu

1829 3730 1995 3798 gravi.
2029 3741 2077 3785 et
2098 3729 2236 3784 stetit
2266 3729 2318 3781 in
2343 3731 2648 3801 aqttccductu
2671 3729 2887 3799 piscium
2912 3729 3216 3797 superioris.
3250 3731 3304 3784 in
3341 3731 3426 3785 via

1828 3823 1944 3894 agri
1973 3821 2207 3891 fullonis.
2242 3819 2314 3878 Et
2359 3835 2595 3892 egressus
2645 3828 2717 3874 est
2769 3821 2838 3874 ad
2881 3836 2996 3876 eum
3030 3819 3252 3876 Eltacim
3283 3822 3428 3892 ﬁlius

1829 3915 2048 3977 Helcite,
2081 3917 2302 3986 quierat
2357 3931 2512 3984 super
2565 3915 2775 3968 domum
2801 3931 2813 3968 :
2839 3926 2887 3969 et
2936 3915 3115 3970 Sobna
3152 3918 3343 3973 scriba.
3379 3927 3428 3971 et

1826 4007 1995 4062 Joahe
2021 4006 2164 4078 ﬁlius
2188 4005 2352 4078 453
2385 4005 2558 4070 Asuph
2609 4025 2640 4058 a
2671 4006 3074 4064 commentariis.
3118 4016 3168 4060 et
3197 4006 3328 4060 diait
3359 4007 3427 4059 ad

1826 4117 1912 4154 eos
1945 4098 2200 4153 Rabsaces
2232 4116 2249 4151 :
2274 4095 2443 4152 Dicite
2457 4097 2697 4151 Ezechiae
2717 4114 2735 4151 :
2756 4095 2888 4150 Hcce
2914 4097 3039 4150 dicit
3066 4113 3159 4151 rea:
3185 4113 3423 4166 magnus,

1825 4207 1919 4245 rex
1946 4193 2275 4262 Assyriorum
2305 4206 2323 4244 :
2355 4189 2482 4257 Quw
2531 4200 2606 4243 est
2660 4189 2760 4241 ista
2779 4187 2981 4257 fiducia
3011 4205 3112 4260 qua
3166 4191 3431 4254 conﬁdis?

1825 4296 1915 4337 aut
1937 4302 2038 4357 quo
2060 4285 2278 4340 consilio
2326 4295 2372 4336 et
2397 4283 2702 4350 fortitudine
2741 4283 2991 4336 rebellare
3036 4284 3310 4352 disponis?
3340 4301 3428 4338 su-

1828 4393 1919 4446 per
1943 4393 2091 4446 quem
2126 4375 2284 4428 Ita-bes
2313 4375 2585 4445 ﬁduciam,
2617 4376 2740 4446 quia
2788 4375 3044 4428 recessisti
3071 4394 3100 4426 a
3127 4393 3208 4430 me
3234 4379 3256 4431 ?
3290 4376 3424 4431 Ecce

1824 4469 2045 4538 confidis
2089 4484 2248 4538 super
2297 4467 2532 4522 baculum
2573 4468 2921 4522 aruudmeum
2981 4473 3303 4540 confractum
3351 4472 3419 4525 is-

1824 4571 1951 4623 tum,
1981 4577 2138 4628 super
2167 4559 2460 4630 Egyptum
2493 4561 2618 4612 :cui
2649 4561 2694 4612 si
2721 4561 2930 4612 innixus
2963 4561 3117 4629 fuerit
3144 4562 3321 4616 homo.
3344 4563 3425 4616 in-

1825 4653 1978 4707 trabit
2008 4653 2060 4704 in
2087 4665 2302 4705 manum
2323 4653 2460 4723 ejus,
2494 4659 2538 4701 et
2560 4648 2841 4718 perforabit
2869 4665 2984 4702 eam
3017 4666 3034 4702 :
3065 4651 3141 4703 sic
3171 4660 3244 4703 est
3274 4649 3422 4704 Pha-

1821 4763 1914 4801 rao
1941 4761 2035 4800 rex
2073 4743 2300 4814 Egypti
2331 4743 2566 4796 omnibus
2620 4741 2707 4809 qui
2735 4741 3001 4801 conﬁdunt
3052 4743 3105 4795 in
3155 4759 3233 4796 eo.
3272 4743 3334 4809 οι
3357 4745 3424 4797 od

1822 4841 1867 4894 si
1896 4838 2223 4912 responderis
2248 4836 2398 4898 mihi,
2427 4841 2478 4890 in
2513 4834 2736 4888 Domino
2761 4833 2870 4888 Deo
2887 4844 3060 4888 nostrn
3087 4834 3422 4905 conﬁdimus,

129 4931 504 5015 ξηιεηιτυιηιυε
535 4963 679 5010 sum,
704 4946 846 5014 qum]
872 4947 1106 5015 primum
1137 4945 1294 5004 forte.
1327 4945 1450 4999 (ιρῑη
1476 4943 1718 5000 ξηιιιρρίι-
1751 4921 1802 4981 D
1827 4949 1996 4987 nonne
2020 4933 2134 5002 ipse
2156 4941 2230 4985 est
2256 4933 2404 4995 cuius
2433 4928 2643 4983 abstulit
2679 4926 2929 4982 Ezechias
2960 4928 3160 4983 excelsa
3191 4939 3240 4984 et
3287 4932 3423 4985 alta-

123 5009 226 5084 ¹ιιηι
266 5037 540 5108 Scriptura
590 5009 904 5107 portendit;
947 5053 1056 5092 non
1104 5035 1234 5091 mihi
1281 5035 1579 5104 imputem,
1622 5035 1718 5092 sed

119 5112 411 5202 PrOphette.
455 5130 646 5204 Neque
670 5135 815 5187 enim
849 5131 930 5187 sic
960 5128 1290 5185 adulandum
1331 5137 1415 5182 est
1457 5128 1720 5198 principi-

110 5285 226 5401 ’,αὖ
251 5285 579 5401 Eoncinnius
619 5285 731 5341 duo
762 5283 938 5340 Vatic.
961 5325 977 5349 ,
1018 5299 1114 5352 pro
1144 5280 1467 5338 obscuritatis
1505 5279 1710 5352 rnagm‘-

229 5377 256 5401 η
294 5399 300 5401 Α

126 5357 190 5401 tu!
193 5357 226 5402 ἶ
229 5375 304 5412 ne.

160 5417 202 5459 ³⁵
242 5430 429 5486 Nullus
478 5444 612 5484 vero
642 5427 868 5484 Iosephi
892 5427 961 5482 de
991 5443 1095 5482 axx
1117 5423 1581 5485 Hebdomadibus,
1624 5430 1717 5476 aut

103 5499 194 5567 ⁸33
213 5511 287 5554 lat
306 5503 461 5564 liber,
485 5513 580 5556 aut
607 5499 885 5554 ex~titis<e
913 5513 1166 5564 umquam
1197 5497 1433 5551 videtur.
1470 5493 1572 5548 nisi
1587 5493 1712 5567 quid

100 5563 200 5638 sius
225 5571 288 5626 ile
316 5563 538 5626 ίηιιρ⁷πιι
567 5585 635 5626 eo
673 5571 896 5638 colligas
933 5569 1096 5625 fuisse
1133 5572 1534 5633 conscriptum.
1572 5563 1713 5638 (ιιιοά

97 5627 148 5710 ξε
189 5645 374 5710 gestis
405 5641 684 5698 Monoltazi
722 5627 1009 5696 Adiabena).
1039 5641 1182 5708 regis
1209 5657 1267 5692 se
1297 5627 1568 5694 dicturum
1594 5627 1718 5701 pol-

96 5692 304 5781 negti.
328 5692 1021 5781 iis’.".;x‘.5iq'.'.a.'.‘eis.
1043 5692 1137 5766 sua
1163 5692 1306 5770 an...
1337 5692 1389 5764 in
1425 5692 1712 5773 protentio,

95 5778 156 5854 ξεί
177 5778 298 5854 lib.
328 5799 405 5852 tv,
433 5785 546 5854 c.‘8
570 5825 588 5854 ,
616 5791 678 5854 et
701 5778 816 5852 is,
843 5799 896 5854 c.
925 5785 990 5846 9,
1024 5797 1083 5838 se
1111 5783 1257 5854 velle
1282 5781 1390 5854 aiti;
1421 5781 1524 5854 line
1552 5793 1716 5854 opere

94 5837 405 5911 ἰπηιίιιὶιξ
443 5837 815 5911 ξιιὲἆόὶίρὶιὰϊ
844 5837 1108 5907 ιΙιιιιιιιίιιιη
1140 5837 1318 5918 lentim
1361 5837 1711 5904 jttdaicarilm

1819 5028 1936 5092 ria;
1991 5037 2036 5079 et
2067 5027 2200 5079 dixit
2246 5023 2406 5078 ludar
2454 5033 2504 5076 ct
2532 5021 2824 5076 Jerusalem
2853 5038 2871 5076 :
2898 5021 3085 5078 Coram
3115 5023 3274 5079 altari
3325 5027 3422 5082 isto

1819 5122 2144 5177 adorabitis?
2168 5118 2234 5174 Et
2264 5135 2399 5174 nunc
2450 5116 2596 5172 trade
2625 5126 2673 5172 te
2700 5114 2928 5174 Domino
2969 5135 3080 5174 meo
3112 5120 3220 5193 regi
3254 5120 3418 5194 Assy-

1818 5276 2078 5348 singolari
2105 5275 2309 5348 scripto
2342 5276 2659 5348 iniquatuor
2688 5277 2810 5331 libr.
2839 5277 3040 5334 tributo
3061 5279 3332 5344 persequi.

1895 5347 1929 5387 εί
1957 5347 2220 5418 AppOsite.
2279 5347 2494 5413 conjit-it
2541 5347 2922 5404 Tillemontios
2969 5349 3076 5404 dici
3115 5351 3184 5402 ab
3225 5349 3419 5403 Hiero-

1819 5435 2016 5493 nymo,
2052 5423 2190 5471 hanc
2222 5418 2323 5472 sibi
2364 5419 2830 5493 vitluisse‘create
2874 5419 3126 5493 invidiam
3148 5420 3423 5493 adversa-

1819 5487 1930 5546 rios
1964 5505 2116 5554 Suos,
2145 5499 2200 5541 ιιι
2227 5504 2348 5541 eum
2379 5489 2630 5544 Stilicnni
2670 5487 2900 5541 barbaro
2935 5489 3182 5558 principi,
3219 5499 3275 5543 et
3304 5491 3423 5544 bar-

1820 5563 2074 5616 barorum
2116 5560 2168 5613 in
2201 5560 2536 5614 occidentale
2574 5558 2858 5623 imperium
2902 5557 3172 5612 inveheoti
3212 5561 3421 5626 copias,

1820 5633 2076 5704 injurittm
2106 5630 2368 5704 facerent.
2404 5632 2576 5704 Quam
2619 5627 2945 5704 calumniam
2985 5629 3080 5704 Dei
3099 5632 3310 5704 judicio
3335 5649 3418 5687 re-

1823 5701 1973 5777 pente
1991 5704 2247 5760 sublatam
2266 5703 2395 5758 dixit
2422 5702 2484 5777 S‘.
2507 5701 2701 5777 doctor
2722 5711 2897 5754 morte
2915 5701 3414 5777 ipsiusStiltconis,

1823 5771 1981 5847 quem
2009 5777 2315 5832 Honoratus
2337 5773 2501 5847 jussit
2528 5772 2700 5833 occidi
2731 5786 2874 5831 anno
2903 5771 3039 5843 408,
3069 5771 3172 5830 sub
3191 5771 3418 5847 Augusti

1823 5847 2029 5901 mensis
2055 5847 2240 5901 linem.

1822 5859 2029 5903 mensis
2055 5859 2240 5903 tinem.
