3932 6356
83 298 167 353 531

86 410 430 482 Assyriorum,
476 408 574 465 sub
593 408 851 463 Manaheu
876 423 1001 479 rege
1031 407 1232 474 Israel,
1264 417 1507 464 vastasse
1533 407 1628 463 de-
1661 412 1707 472 Α

77 518 181 561 cem
215 500 398 560 tribus.
428 498 732 558 Secundum
763 499 1285 571 Tbeglathphalasar
1307 500 1408 556 sub
1430 499 1639 558 Pbacee

67 595 433 657 ﬁlioﬂomelim
458 594 630 651 Israel
653 594 863 650 venisse
894 593 1216 651 Samariam.
1238 593 1482 652 Tertium
1519 595 1638 652 Sal-

66 705 301 744 manasar
319 689 413 744 sub
424 684 576 745 Osee
592 701 720 758 rege
733 686 900 743 Israel
914 696 1081 742 totam
1095 688 1310 759 cepisse
1332 688 1635 746 Samariam

85 780 174 852 μγ
197 779 405 851 Reg.sv,
426 793 539 834 swtt
562 775 604 850 ).
633 778 893 848 Quartqu
920 779 1089 836 fuisse
1114 790 1139 821 ι
1170 780 1402 850 Sargon,
1428 782 1519 852 qui
1543 796 1638 838 ex-

82 870 547 945 pugnavithzotum
561 870 613 926 ll
622 889 700 926 sa.
716 872 832 945 ss).
848 871 1017 946 456
1038 874 1297 942 Quintum
1315 875 1635 931 Asaraddnn

82 966 417 1040 quitranslato
444 963 611 1021 Israel
632 1006 648 1028 ,
674 966 1051 1023 Samaritanus
1081 969 1132 1021 in
1164 978 1364 1022 terram
1391 967 1634 1023 Iudaeam

79 1062 306 1119 custodes
336 1058 536 1117 miserit
563 1057 656 1131 (IV
673 1058 965 1132 Βρμνιι).
992 1060 1219 1117 Sextum
1260 1060 1635 1117 Sennacherib

78 1158 156 1230 qui
176 1159 269 1214 sub
282 1154 489 1212 Esecbia
508 1155 988 1227 regeludaamapta
1011 1155 1205 1213 Laeliis
1219 1169 1274 1212 et
1299 1157 1514 1212 cmteris
1539 1154 1636 1212 Ju-

78 1250 189 1305 dzete
215 1248 435 1315 urbibus,
455 1245 1053 1304 obsederitletusulem
1079 1248 1502 1321 (lVReg.xvm).
1531 1248 1636 1305 Alii

76 1349 229 1409 autem
264 1353 418 1395 unum
436 1347 605 1410 atque
623 1339 874 1396 eumdem
901 1341 1087 1396 auritis
1110 1350 1303 1412 putant
1323 1340 1634 1401 nominibus

74 1431 320 1503 appellari.

134 1523 294 1596 (Vers.
322 1524 586 1597 Ilseqq.)
611 1523 678 1580 Et
704 1525 839 1582 dixit
861 1523 1095 1593 Eliacim
1109 1535 1158 1581 et
1189 1525 1364 1581 Sobna
1391 1534 1438 1579 et
1464 1524 1636 1589 IIoahe

70 1616 126 1669 ad
148 1614 387 1672 Rabsacen
404 1633 423 1672 :
454 1615 698 1687 Loquere
718 1618 787 1673 ad
809 1633 984 1683 seruos
1019 1628 1135 1674 tuos
1162 1618 1303 1690 Syra
1332 1618 1534 1690 lingua,
1557 1621 1637 1674 in-

71 1709 313 1785 teiligimus
340 1712 467 1767 enim
503 1712 613 1784 :lne
631 1712 861 1784 loquaris
883 1712 952 1767 ad
975 1729 1069 1768 nos
1096 1711 1319 1768 Iudaica
1342 1714 1396 1767 in
1421 1715 1635 1769 auribus

69 1804 222 1875 papuli
246 1804 329 1873 qui
354 1816 427 1859 est
453 1820 626 1876 super
656 1821 883 1862 murum.
912 1804 1123 1861 Etdixit
1153 1807 1220 1860 ad
1241 1822 1324 1861 eos
1354 1805 1634 1862 Rabsaces:

72 1894 306 1964 Numquid
324 1896 391 1951 ad
414 1895 714 1952 Dominum
746 1907 914 1966 tuum,
934 1908 983 1953 et
1011 1897 1079 1954 ad
1106 1908 1152 1953 te
1173 1899 1315 1954 misit
1344 1916 1422 1953 me
1450 1899 1633 1954 Domi-
1661 1892 1711 1955 Β

70 2001 147 2041 nus
164 2003 307 2053 meus,
335 1999 389 2043 ut
428 1989 677 2060 loquerer
703 1991 880 2047 omnia
901 1991 1051 2046 verba
1089 1992 1209 2059 ista,
1235 2003 1280 2045 et
1308 2008 1411 2046 non
1462 1993 1636 2062 potius

70 2079 122 2131 ad
136 2080 251 2135 uiros
266 2081 349 2153 qui
377 2082 563 2138 sedent
585 2083 639 2138 in
660 2098 812 2138 muro
837 2100 855 2139 :
882 2094 934 2138 ut
964 2084 1237 2140 comedunt
1258 2095 1489 2139 stercora
1514 2102 1633 2152 sua,

70 2182 107 2226 et
129 2173 278 2229 bibant
314 2175 531 2231 urinam
575 2177 764 2250 pedum
815 2195 1028 2235 suorum
1067 2178 1369 2235 vobiscum?
1393 2177 1461 2232 Et
1493 2180 1634 2234 stetit

71 2266 304 2334 Itabsaces,
347 2282 393 2326 et
429 2271 679 2327 clamavit
728 2287 850 2327 voce
885 2288 1073 2346 magna
1101 2271 1354 2338 Judaice,
1385 2282 1433 2327 et
1458 2272 1633 2328 dixit:

71 2360 226 2416 Audite
243 2363 387 2418 verba
412 2365 558 2439 regis
588 2367 785 2436 magni,
817 2366 955 2437 regis
984 2365 1331 2438 Assyriorum.
1376 2364 1506 2421 Haec
1552 2366 1632 2420 di-

70 2453 214 2509 citrea:
239 2472 257 2511 :
278 2456 398 2513 Non
417 2459 635 2515 seducet
662 2471 748 2514 vos
768 2456 1040 2524 Ezechias,
1067 2461 1189 2531 quia
1210 2477 1312 2514 non
1341 2461 1523 2529 poterit
1546 2476 1633 2514 vos

70 2560 230 2613 eruere,
256 2560 299 2603 et
342 2567 444 2607 non
501 2552 641 2607 vobis
680 2551 872 2609 tribuat
901 2553 1148 2624 ﬁduciam
1183 2552 1439 2608 Ezechias
1478 2570 1634 2621 super

72 2635 277 2710 Domino,
306 2644 487 2703 dicens
515 2660 534 2700 :
559 2643 765 2700 Eruens
807 2645 1042 2701 liberabit
1090 2662 1183 2700 nos
1213 2644 1486 2712 Dominus,
1528 2663 1632 2702 non

71 2730 241 2788 dabitur
263 2737 439 2791 ciuitas
466 2738 570 2792 ista
603 2737 660 2792 in
704 2753 864 2793 manu
902 2739 1039 2811 regis
1067 2736 1421 2809 Assyriorum.
1452 2737 1633 2792 Nolite

69 2825 218 2880 audire
256 2827 563 2885 Ezechiam.
615 2829 746 2884 ch
796 2831 933 2886 enim
983 2831 1106 2885 dicit
1145 2847 1237 2885 rex
1272 2830 1627 2901 Assyriorum.

69 2916 323 2976 Accusatio
353 2921 638 2987 Rabsacis,
662 2921 906 2977 Ezechiae
935 2920 1306 2976 testimonium
1335 2932 1421 2976 Bal
1447 2940 1458 2975 :
1486 2923 1631 2991 quod

68 3013 205 3077 captis
227 3016 448 3071 cunctis
497 3014 703 3071 Iudaea:
752 3015 985 3069 urbibus
1029 3016 1269 3070 conlisus
1318 3015 1369 3071 in
1403 3015 1633 3072 Domino

69 3101 137 3166 sit,
157 3103 457 3179 dixeritque
505 3107 572 3162 ad
621 3108 876 3178 populum
903 3126 916 3164 :
942 3107 1123 3164 Nolite
1156 3109 1371 3179 timere,
1406 3125 1509 3165 nec
1542 3127 1632 3180 pa-

68 3196 205 3250 tratis
230 3213 422 3269 regem
455 3197 828 3271 Assyriorum,
862 3210 916 3255 et
962 3201 1269 3256 universam
1325 3202 1634 3257 multitudi-

71 3298 160 3342 nem
181 3304 300 3360 qua:
334 3301 422 3346 est
445 3305 569 3346 cum
599 3307 665 3347 eo
699 3308 714 3350 :
751 3292 920 3347 multo
951 3294 1097 3348 enim
1131 3293 1317 3363 plures
1346 3296 1629 3352 nobiscum
1659 3278 1705 3343 Ο

70 3390 340 3451 suntquam
371 3398 497 3436 cum
517 3383 631 3438 illo.
657 3383 788 3439 Cum
819 3385 912 3439 illo
939 3395 1023 3440 est
1042 3386 1322 3441 brachium
1346 3403 1630 3459 carnenm;

74 3468 318 3527 uobiscum
355 3479 445 3528 est
484 3472 741 3528 Dominus
772 3473 918 3530 Deus
946 3486 1152 3541 noster,
1201 3479 1292 3548 qui
1341 3479 1633 3537 auxiliator

69 3571 127 3614 cst
159 3575 362 3634 noster,
425 3574 741 3637 pugnatque
786 3582 885 3633 pro
942 3566 1122 3622 nobis.
1179 3568 1244 3623 Et
1290 3569 1632 3626 confortatus

68 3664 149 3719 est,
186 3657 378 3727 inquit,
437 3657 672 3728 p0pulus
724 3657 1102 3729 hujuscemodi
1155 3662 1331 3718 verbis
1387 3664 1631 3720 Ezechias

69 3748 181 3817 regis
200 3749 370 3809 Iudae.
406 3750 567 3811 Unde
596 3750 870 3808 Rabsaces
892 3752 1180 3809 destruere
1209 3756 1341 3811 vult.
1368 3756 1511 3827 quod
1541 3758 1629 3813 ille

68 3850 453 3912 construxerat;
486 3854 540 3899 (ιι
568 3844 809 3916 loquitur
834 3844 901 3901 ad
927 3846 1220 3918 populum,
1254 3847 1375 3903 Non
1419 3841 1628 3904 seduca‘

70 3942 135 3982 tos
157 3928 397 3993 Ezechias
429 3952 449 3991 :
476 3945 533 3992 et
577 3951 684 3991 non
725 3936 879 3992 vobis
934 3937 1134 3994 tribuat
1185 3940 1436 3995 liduciam
1468 3956 1629 4012 super

71 4017 272 4081 Domino
315 4026 449 4083 Deo.
484 4027 640 4095 Quod
687 4040 873 4084 autem
935 4030 1156 4085 Eliacim
1206 4042 1261 4086 et
1314 4033 1517 4102 Sobnu,
1576 4043 1631 4088 et

68 4106 204 4167 Joabe
231 4118 506 4174 humiliter
532 4117 898 4189 deprecantur
923 4139 934 4174 :
962 4121 1191 4193 Loquere
1217 4124 1285 4178 ad
1315 4140 1485 4178 servos
1514 4133 1628 4179 tuos

72 4200 181 4272 Syra
201 4205 670 4285 lingua,intelligim
679 4229 738 4265 us
753 4212 888 4267 enim
895 4225 966 4278 ;et
980 4229 1082 4266 non
1098 4211 1328 4285 loquaris
1341 4215 1407 4268 ad
1423 4230 1514 4267 nos
1528 4212 1559 4269 J
1572 4232 1631 4268 u-

72 4296 191 4354 daice
214 4303 262 4358 in
282 4304 495 4361 auribus
511 4308 694 4377 populi
719 4309 808 4376 qui
819 4317 894 4361 est
917 4324 1077 4379 super
1090 4324 1318 4372 murum,
1344 4308 1490 4363 hunc
1504 4324 1632 4363 sen-

71 4391 495 4466 sumhabetzQuid
519 4413 746 4454 necesse
763 4408 849 4454 est
873 4399 1131 4471 populum
1158 4397 1309 4453 falsis
1326 4399 1633 4454 terroribus

54 4479 391 4559 'cntnmoveri,
417 4502 471 4548 et
504 4491 920 4564 vanamjactare
947 4491 1243 4546 virtutem?
1275 4491 1502 4562 loquere
1529 4491 1632 4545 lin-

76 4584 204 4639 Bualn
232 4596 385 4651 quam
420 4581 655 4657 populus
685 4600 793 4639 non
825 4582 1098 4653 intelligit.
1154 4582 1211 4639 Si
1259 4583 1481 4657 quidem
1536 4597 1633 4638 nos

79 4661 302 4728 habemus
355 4676 555 4749 lingua:
597 4686 703 4732 tua:
750 4675 1079 4732 scientiam:
1112 4677 1469 4746 novimusque
1511 4691 1623 4731 ser-
1653 4670 1708 4731 D

79 4769 260 4818 mortem
284 4762 513 4840 Syrum,
555 4767 646 4840 qui
676 4768 920 4839 utrisque
968 4764 1130 4840 457
1166 4769 1469 4824 communis
1517 4779 1623 4825 est.

79 4844 143 4902 Ᾱά
163 4854 290 4925 quod
318 4857 591 4917 Rabsaces
616 4871 974 4932 arroganter:
1002 4861 1165 4926 Num,
1197 4862 1303 4927 ait,
1353 4862 1421 4915 ad
1451 4861 1627 4917 Domi-

81 4959 180 5000 num
202 4960 354 5021 tuum,
381 4958 430 5011 et
473 4956 544 5012 ad
587 4967 637 5014 te
674 4957 813 5012 misit
840 4973 919 5011 me
962 4952 1217 5011 Dominus
1245 4974 1408 5024 meus,
1442 4967 1487 5012 et
1531 4974 1636 5014 non

82 5040 305 5105 potinsad
332 5048 467 5103 uiros
490 5050 580 5121 qui
604 5048 786 5105 sedent
828 5049 882 5104 in
915 5050 1100 5104 muro?
1146 5047 1492 5120 Rursumque
1539 5066 1636 5106 au-

83 5140 194 5195 gens
211 5140 622 5196 comminatione
654 5151 944 5207 terrorem,
1000 5150 1057 5195 ut
1087 5140 1379 5205 comedunt,
1439 5141 1635 5213 inquit,

85 5230 277 5283 stercora
293 5248 403 5301 sua,
423 5244 467 5290 et
483 5235 658 5291 bibant
673 5236 879 5290 urinam
909 5233 1095 5306 pedum
1109 5250 1321 5288 suorum
1346 5233 1644 5293 vobiscum?

88 5327 864 5393 Perquteostenditfameeoset
884 5328 1131 5400 penuria,
1163 5328 1363 5399 sitique
1390 5344 1513 5385 esse
1550 5345 1642 5387 ca-

143 5457 349 5535 fljostri
381 5479 510 5521 mss.
545 5465 745 5535 Sergon
771 5474 828 5521 et
858 5463 1409 5535 Esereddonlegunt.

140 5524 165 5565 δ
185 5530 328 5590 Prior
352 5535 454 5591 iste
480 5524 804 5599 versiculus,
842 5539 935 5607 qui
958 5536 1109 5605 justa
1146 5524 1383 5607 Vulgata:
1412 5533 1634 5589 divisio-

90 5611 186 5689 {tein
223 5607 429 5689 capitis.
457 5623 614 5689 {srvi
640 5651 654 5674 ,
691 5605 1000 5689 postremus
1034 5612 1167 5689 .est,
1202 5608 1270 5686 ab
1302 5605 1633 5689 llieronvmo

89 5673 433 5748 autemquod
463 5676 535 5732 illi
589 5673 791 5746 passim
821 5675 1073 5733 usuvenlt
1123 5674 1249 5731 huic
1295 5677 1457 5743 capiti
1506 5673 1633 5744 jun-

92 5749 206 5819 gtlftr
224 5783 239 5807 ,
264 5756 415 5802 antea
441 5762 506 5803 eo
529 5749 743 5819 quidem
774 5750 897 5819 loco
934 5748 1241 5819 superioris,
1263 5748 1479 5817 capituli
1518 5748 1635 5803 lau-

95 5808 291 5869 dabatur
309 5831 373 5871 ex
403 5808 562 5889 vulgd
586 5831 807 5893 recepta
835 5808 1120 5887 divisione,
1153 5818 1248 5876 sed
1272 5808 1463 5876 contra
1495 5835 1627 5887 mss.
1666 5865 1679 5869 ρ

516 289 1161 349 COMMENTARIORUM
1206 291 1267 345 IN
1311 289 1544 349 lSAlAM
1585 288 2010 350 I’ROI’IIETAM
2052 292 2183 350 LIB.
2231 293 2319 349 XI.
2358 292 2515 351 CAP.
2557 292 2821 352 XXXVII.

3232 297 3340 355 383

1739 408 1985 479 piendos.
2007 410 2288 481 Simulque
2303 410 2805 484 illecebramjungit
2825 412 3182 479 formidiuizut
3202 430 3342 487 quos

1747 510 1958 558 terrore
1986 517 2093 559 non
2110 506 2333 569 vicerat,
2359 504 2873 573 repromissionibns
2900 514 2956 563 et
2988 508 3341 576 persuasione

1740 595 1999 666 decipiat,
2023 596 2214 652 dicens
2237 611 2306 652 ex
2344 611 2600 654 sermone
2650 599 2794 670 regis
2824 599 3196 672 Assyriorum.

1809 718 1968 793 (Vers
1978 761 1991 774 .
2023 720 2239 792 16-18.)
2264 718 2447 775 Facite
2463 737 2654 775 mecum
2672 722 3076 779 benedictionem
3093 764 3109 792 ,
3128 732 3175 779 et
3197 739 3350 799 egre-

1738 813 1918 867 diutini
1943 814 2011 867 ad
2039 828 2147 876 me,
2175 823 2226 869 et
2259 813 2513 868 comedite
2537 817 2890 886 unusquisque
2916 818 3120 873 vineam
3150 834 3301 875 suam
3328 859 3347 887 ,

1737 912 1785 958 et
1837 906 2192 978 unusquisque
2245 907 2403 975 ﬁcum
2452 923 2604 961 suam
2634 949 2648 973 ,
2696 917 2744 962 et
2791 908 2944 964 bibite
2991 912 3347 983 unusquisque

1736 1014 1923 1068 aquam
1953 999 2187 1054 cisterna:
2202 1015 2312 1055 sua:
2347 1016 2364 1055 :
2390 1000 2554 1055 donec
2581 1002 2786 1056 veniam
2814 1045 2828 1069 ,
2858 1011 2907 1057 et
2948 1002 3132 1058 tollam
3161 1020 3247 1059 vos
3273 1004 3344 1060 ad

1736 1102 1921 1145 terram
1939 1132 1951 1153 ,
1977 1106 2090 1163 qua:
2131 1105 2200 1148 est
2233 1093 2417 1149 similis
2447 1104 2600 1149 teme
2627 1106 2804 1150 vestra:
2827 1112 2846 1150 :
2877 1107 3069 1150 terram
3092 1099 3345 1167 frumenti

1734 1192 1783 1236 et
1810 1183 1917 1237 vini
1940 1225 1954 1248 ,
1988 1192 2179 1238 terram
2211 1199 2405 1255 panum
2435 1197 2481 1240 et
2508 1186 2796 1241 uinearum.
2851 1184 2937 1241 Ne
2962 1187 3233 1242 conturbet
3255 1203 3344 1244 ros

1736 1276 2020 1345 Ezechias,
2070 1280 2245 1334 dicens
2290 1297 2309 1335 :
2345 1279 2599 1336 Dominus
2641 1282 2881 1337 liberabit
2910 1298 3023 1338 nos.
3070 1281 3344 1356 Numquid

1736 1360 2081 1428 liberaverunt
2107 1375 2180 1428 dii
2210 1374 2442 1446 gentium
2486 1378 2842 1447 unusquisque
2866 1385 3060 1432 terram
3102 1392 3253 1433 suam
3280 1378 3347 1433 de

1737 1481 1894 1519 manu
1920 1468 2053 1539 regi;
2082 1469 2459 1538 Assyriorum?
2489 1468 2596 1524 Pro
2616 1484 2725 1539 quo
2754 1473 2807 1525 in
2833 1470 3042 1541 Regum
3065 1472 3345 1529 volumine

1736 1557 1936 1629 legitur
1966 1577 1979 1613 :
2015 1557 2198 1615 Facite
2225 1576 2427 1616 mecum
2474 1563 2613 1633 quod
2642 1572 2717 1617 est
2737 1565 2898 1632 utile,
2945 1575 2991 1619 et
3039 1566 3347 1638 egredimini
3438 1561 3443 1565 ’

1737 1651 1805 1703 ad
1830 1666 1910 1705 me
1941 1651 2035 1721 (IV
2069 1651 2197 1724 [ἔρῃ.
2222 1666 2376 1720 mn,
2404 1651 2517 1724 3i).
2554 1653 2700 1726 Ergo
2721 1670 2919 1711 srnsus
2939 1657 3084 1712 idem
3113 1668 3218 1714 est.
3242 1660 3346 1715 Fa-

1737 1744 1872 1810 cite,
1909 1747 2118 1817 inquit,
2144 1748 2287 1817 quod
2315 1746 2473 1803 νυὺὶε
2494 1750 2708 1820 prosit,
2739 1756 2798 1804 et
2821 1750 2876 1805 in
2901 1751 3342 1809 benedictionem

1737 1849 1975 1895 vestram
2024 1840 2291 1911 proliciat.
2323 1840 2453 1896 Sive
2484 1842 2587 1896 hoc
2635 1841 2773 1897 dicit
2814 1861 2828 1897 :
2881 1840 3196 1900 Benedicite
3230 1846 3344 1915 regi

1741 1936 2001 2005 Assyrio,
2032 1944 2089 1990 et
2118 1931 2339 1989 laudate
2365 1950 2492 1990 eum
2516 1977 2529 2000 ,
2559 1945 2612 1991 et
2643 1936 2935 1993 Dominum
2968 1936 3336 2005 conﬁtemini,

1740 2037 1797 2081 ut
1844 2027 2062 2097 praemia
2126 2026 2578 2096 consequamini,
2629 2035 2686 2083 et
2736 2028 2916 2084 donec
2968 2036 3217 2085 revertar
3275 2029 3346 2085 de

1738 2118 2014 2189 Egypto,
2055 2117 2172 2175 sive
2218 2130 2379 2191 capta
2414 2121 2600 2175 Lohna
2626 2161 2641 2186 ,
2684 2122 2946 2190 redeam,
2992 2122 3239 2178 habitata
3287 2123 3341 2179 in

1737 2213 1872 2267 urbe
1900 2221 2116 2277 vestra;
2160 2220 2215 2268 et
2265 2214 2429 2268 rebus
2460 2214 2663 2269 vestris
2693 2214 2959 2270 fruimini.
3015 2210 3211 2272 Postea
3244 2231 3341 2272 au-

1736 2313 1847 2360 tem
1881 2306 2094 2360 veniam
2122 2346 2136 2371 ,
2162 2314 2217 2360 et
2246 2306 2581 2362 transferam
2611 2320 2713 2361 vos
2735 2307 2788 2361 in
2814 2317 3015 2363 terram
3046 2323 3169 2377 quae
3198 2310 3346 2365 simi-

1737 2399 1802 2453 lis
1832 2408 1913 2454 est
1948 2406 2112 2454 terra:
2143 2407 2363 2464 vestrae,
2396 2397 2678 2462 frumenti,
2707 2399 2818 2452 vini
2846 2407 2903 2454 et
2932 2400 3204 2454 olearum.
3233 2399 3345 2456 Nec

1735 2490 1867 2545 dicit
1894 2502 2092 2545 nomen
2117 2489 2355 2561 regionis
2379 2530 2396 2557 ,
2418 2491 2545 2561 quia
2568 2490 2834 2560 aequalem
2859 2501 3020 2544 terrae
3042 2489 3345 2560 repromis-

1733 2585 1906 2640 sionis
1930 2585 2177 2640 invenire
2209 2599 2319 2640 non
2351 2592 2566 2656 poterat
2603 2602 2615 2637 :
2642 2585 2738 2638 sed
2768 2582 3191 2639 similitudinem
3228 2583 3349 2654 pol-

1732 2680 1947 2735 licetur.
1994 2678 2108 2734 Hoc
2153 2681 2298 2734 enim
2349 2678 2723 2749 unusquisque
2761 2677 3083 2743 desiderat,
3136 2679 3192 2733 in
3229 2691 3342 2748 quo

1733 2783 1893 2829 natus
1924 2784 2026 2832 est.
2059 2773 2291 2843 Quidam
2327 2782 2519 2844 putant
2550 2780 2755 2827 terram
2788 2771 2871 2827 eis
2919 2770 3117 2826 Media:
3146 2784 3341 2841 repro-

1734 2867 1918 2933 mitti,
1967 2882 2088 2938 qua:
2138 2866 2371 2921 habebat
2422 2876 2584 2920 terra!
2628 2863 2833 2920 Juda'm
2879 2861 3294 2918 similitudinem
3321 2903 3338 2930 ,

1735 2967 1841 3012 tam
1868 2958 1922 3013 in
1951 2960 2058 3013 situ
2087 2972 2246 3027 qumn
2276 2959 2329 3011 in
2352 2956 2615 3027 frugibus.
2647 2955 2917 3027 Quodque
2949 2955 3138 3011 infert.

1808 3080 1989 3148 (Vers.
2013 3079 2080 3135 l9
2104 3080 2292 3149 seqq.)
2326 3077 2422 3132 Ubi
2454 3088 2528 3133 est
2566 3077 2706 3133 Deus
2735 3077 2963 3133 Hemath
2998 3084 3044 3132 et
3081 3072 3344 3146 Arphnd?

1735 3174 1822 3228 ubi
1852 3184 1925 3227 est
1957 3172 2093 3226 Deus
2122 3171 2505 3242 Sepharvaim?
2538 3170 2807 3241 Numquid
2845 3171 3191 3225 liberaverunt
3236 3166 3341 3223 Sn-

1736 3266 1958 3319 mariam
1984 3261 2052 3317 de
2080 3280 2233 3317 manu
2256 3262 2405 3316 mea?
2430 3262 2558 3329 Quis
2587 3270 2659 3315 est
2689 3278 2756 3316 ea:
2785 3261 3020 3315 omnibus
3045 3261 3145 3313 diis
3169 3270 3338 3313 terra-

1736 3378 1851 3414 rum
1880 3361 2125 3425 istarum,
2155 3358 2243 3430 qui
2282 3358 2471 3411 eruerit
2501 3367 2686 3409 terram
2715 3368 2863 3408 suam
2918 3354 2981 3408 de
3009 3369 3166 3406 manu
3192 3367 3340 3419 mea,

1737 3464 1791 3507 ut
1822 3461 1967 3506 eruat
2002 3450 2255 3505 Dominus
2294 3447 2586 3505 Jerusalem
2624 3448 2688 3502 de
2716 3463 2875 3500 manu
2904 3446 3060 3501 mea?
3091 3443 3161 3499 Et
3186 3445 3345 3498 silue-

1734 3555 1890 3612 runt,
1941 3554 1988 3598 et
2044 3560 2148 3598 non
2199 3540 2574 3609 responderunt
2618 3541 2666 3594 ei
2708 3538 2937 3594 verbum.
2998 3536 3343 3592 Mandarerat

1733 3639 1868 3692 enim
1899 3638 1974 3692 eis
2018 3654 2109 3691 rex
2138 3636 2313 3690 dicens
2355 3651 2375 3690 :
2401 3632 2568 3708 458
2612 3632 2693 3689 Ne
2738 3631 3099 3697 respondeatis
3128 3632 3194 3686 ei.
3227 3628 3339 3686 Hoc

1731 3730 1970 3786 ostendit
2017 3727 2161 3801 quod
2194 3727 2451 3782 omnibus
2498 3729 2581 3781 his
2613 3724 2717 3781 diis
2745 3725 2997 3782 Samaria
3032 3712 3331 3789 servierit,

1731 3834 1785 3880 et
1810 3823 2016 3879 idcirco
2040 3832 2193 3893 capta
2227 3822 2317 3878 sit.
2353 3821 2448 3877 Sin
2479 3829 2658 3875 autem
2688 3864 2701 3887 ,
2729 3819 2837 3881 ait,
2872 3819 3040 3873 lautis
3068 3816 3172 3873 diis
3194 3831 3342 3888 prae-

1730 3916 2058 3983 sidentibus,
2080 3916 2269 3970 decem
2288 3915 2464 3969 tribus
2494 3913 2652 3969 facile
2677 3913 3064 3983 superavimus
3091 3952 3106 3977 ,
3126 3921 3339 3983 quanto

1733 4010 1904 4080 magis
1933 4024 2030 4064 vos
2058 4052 2068 4069 ,
2102 4010 2269 4063 immo
2297 4006 2471 4061 solam
2519 4004 2828 4061 Jerusalem
2856 4048 2870 4071 ,
2904 4019 3011 4059 uno
3043 4003 3155 4057 Deo
3188 4018 3337 4072 prte-

1731 4102 1853 4157 sule
1875 4145 1887 4167 ,
1922 4103 2203 4157 vincemus
2230 4099 2474 4154 facilius?
2502 4096 2803 4164 Tacuitque
2824 4096 3006 4150 omnis
3054 4093 3288 4163 populus
3314 4134 3330 4158 ,

1733 4201 1790 4249 et
1811 4209 1916 4249 non
1948 4192 2232 4262 respondit
2260 4193 2309 4247 ei
2340 4189 2658 4262 quidquam.
2688 4187 2967 4258 Siquidem
2998 4195 3336 4256 prmeeptum

1734 4285 1878 4355 regis
1925 4292 2288 4354 acceperant,
2358 4289 2419 4337 ut
2467 4298 2572 4335 nou
2623 4278 3025 4348 responderent
3068 4278 3143 4334 ei.
3195 4277 3339 4334 Vere

1729 4376 1912 4447 justus
1940 4376 2201 4430 Ezechias
2225 4418 2240 4441 ,
2273 4388 2442 4447 agens
2485 4383 2677 4429 cuncta
2709 4371 2943 4427 fideliter
2970 4370 3340 4442 universaque

1736 4468 1991 4525 consilio.
2018 4466 2146 4521 Ideo
2174 4476 2357 4522 autem
2385 4465 2625 4536 iusserat
2657 4464 3063 4534 blasphemanti
3114 4463 3344 4535 Assyrio

1739 4577 1847 4616 non
1894 4557 2260 4627 responderi,
2308 4572 2378 4611 ne
2422 4571 2544 4610 eum
2573 4557 2642 4611 ad
2688 4557 2927 4625 majores
2963 4554 3341 4623 blasphemiae

1734 4663 2079 4735 provocaret.
2098 4650 2251 4709 Unde
2265 4651 2525 4719 scriptum
2540 4658 2650 4704 est:
2676 4647 2759 4702 Ne
2788 4650 3068 4701 succendas
3098 4650 3344 4701 carbones

1735 4741 2312 4825 peccatoris(Eccl.vnt,
2324 4741 2437 4812 l5);
2452 4752 2500 4795 et
2522 4741 2572 4794 in
2592 4740 2801 4810 psalmo
2817 4737 3199 4805 legimus:Cum
3215 4752 3341 4790 con-

1733 4848 1932 4904 sisteret
1955 4840 2223 4896 adversum
2250 4851 2329 4890 me
2357 4841 2621 4907 peccator,
2654 4830 2913 4894 obmutui,
2947 4839 2993 4905 et
3039 4827 3340 4885 humiliatus

1738 4953 1875 4999 sum,
1889 4907 2093 4988 et'tacui
2119 4929 2182 4983 de
2210 4927 2355 4982 bonis
2374 4920 2846 4999 (Ps.xsxvut,25);
2863 4926 2920 4975 et
2937 4920 3131 4976 iterum
3148 4919 3339 4988 :Pone,

1743 5025 1985 5091 Domine,
2032 5020 2318 5076 custodiam
2342 5019 2421 5072 ori
2447 5032 2579 5079 meo,
2623 5025 2671 5070 et
2699 5016 2883 5070 ostium
2909 5016 3165 5069 munitum
3194 5014 3348 5072 labiis

1744 5121 1872 5177 meis
1891 5136 1909 5174 :
1928 5134 1990 5172 ne
2003 5114 2223 5171 declines
2239 5127 2326 5167 cor
2344 5127 2514 5165 meum
2528 5111 2583 5163 in
2604 5109 2757 5165 verba
2773 5108 2988 5165 malitia:
3003 5108 3341 5182 (Ps.cxr.,'5).

1817 5234 1994 5306 (Cap.
2025 5224 2291 5285 XXXVII.
2332 5223 2488 5279 Vers.
2535 5223 2557 5276 l
2604 5223 2785 5295 seqq.)
2822 5220 2884 5276 Et
2913 5220 2942 5260 ι)
2972 5222 3235 5292 ingressus
3266 5230 3343 5276 est

1747 5328 1967 5384 Eliacim
1993 5321 2131 5394 ﬁlius
2165 5316 2394 5384 llelcite,
2423 5316 2513 5389 qui
2539 5328 2647 5371 erat
2674 5333 2829 5389 super
2859 5316 3104 5380 domum,
3135 5323 3182 5367 et
3213 5312 3350 5368 Sob-

1743 5461 1994 5520 codicum
2028 5454 2190 5509 fidem
2216 5494 2231 5521 ,
2276 5454 2563 5520 ipsamque
2592 5449 3033 5521 llieronymiame
3054 5444 3354 5521 expositio-

1744 5514 1841 5590 nisi
1864 5531 2122 5586 subnexa}
2161 5514 2358 5581 seriem
2386 5563 2400 5586 ,
2427 5514 2492 5575 ei
2514 5534 2619 5592 qua
2651 5514 3002 5592 perspicuum
3038 5514 3197 5592 plane
3224 5524 3308 5570 est
3332 5557 3350 5585 ,

1743 5582 1846 5661 iis}:
1864 5582 2052 5657 altero
2079 5594 2203 5651 loco
2235 5610 2356 5648 cum
2388 5582 2611 5645 laudari
2639 5582 2667 5643 εἰ
2704 5589 2762 5645 8.
2788 5582 3077 5661 Βραρτά,
3104 5582 3187 5638 his
3215 5582 3358 5661 way,

1738 5655 2140 5747 cipiie‘verbis,
2164 5666 2406 5722 scindunt
2435 5671 2619 5718 restent
2641 5702 2655 5730 ,
2684 5661 2806 5735 quia
2836 5658 3107 5719 Rabsucen
3130 5655 3361 5717 audiant

1739 5745 2205 5821 blasphemantem.
