3932 6308
543 231 653 291 385

1827 223 1888 282 s.
1928 221 2209 314 sussou
2249 221 2635 281 HIERONYMI

3740 224 3822 283 ὅθι

542 365 640 405 nas
667 348 836 404 scriba
876 353 924 400 et
965 342 1135 400 Joalte
1179 343 1320 414 ﬁlius
1349 343 1525 416 Asaplt
1569 359 1602 397 a
1647 342 2032 398 commentariis
2079 342 2147 397 ad
2177 345 2221 404 Α
2251 342 2607 414 parturientis
2639 340 2889 398 mulieris
2933 349 2988 398 et
3029 341 3304 409 dolentis,
3336 340 3482 413 quod
3515 339 3586 396 ad
3635 350 3821 413 partum

546 439 824 496 Ez-tcitiam
848 439 1024 493 scissis
1058 437 1312 501 vestibus,
1341 448 1388 492 et
1417 438 1729 492 nuntiarunt
1756 439 1802 491 ei
1826 437 1978 492 verba
2013 436 2151 491 Rab-

541 537 694 592 sac‘s.
730 531 801 587 Et
832 535 1024 594 factum
1059 542 1135 588 est
1156 548 1271 585 cum
1298 532 1533 586 audisset
1558 547 1650 584 rex
1677 529 1925 586 Ezechias
1952 573 1967 596 ,
1995 530 2150 585 scidit

540 631 843 684 vestimenta
871 643 1000 687 sua.
1043 636 1090 678 et
1135 626 1408 679 obvolutus
1439 633 1516 678 est
1559 639 1740 687 sacco,
1782 634 1827 678 et
1858 623 2068 677 intravit
2096 622 2149 674 in

540 723 757 778 domum
791 718 908 775 Dei.
946 719 1011 773 Et
1044 720 1182 774 misit
1216 717 1437 772 Eliacim
1466 718 1555 785 qui
1587 727 1695 771 erat
1726 732 1880 779 super
1910 715 2143 778 domum,

540 825 590 871 et
616 814 843 870 Sobnam
865 813 1087 868 scribant
1115 829 1134 867 :
1160 824 1208 866 et
1229 812 1453 864 seniores
1482 811 1546 864 de
1565 809 1921 865 saeerdmibus
1950 817 2153 878 apertos

547 908 713 962 saccis
736 906 804 959 ad
829 903 1022 960 Isaiam
1045 904 1214 974 [ilium
1246 904 1401 958 Amos
1426 903 1716 974 praphetaz.
1746 913 1792 956 et
1825 903 2068 956 dixerunt
2085 901 2155 954 ad

543 1016 662 1054 eum
685 1015 704 1054 :
739 997 864 1053 IIwc
889 997 1016 1052 dicit
1040 996 1288 1051 Ezechias
1311 1012 1330 1050 :
1369 995 1487 1051 Dies
1510 995 1861 1050 tribulatioais
1885 1005 1928 1047 et
1947 1010 2150 1064 correp-

543 1094 725 1154 tionis.
752 1103 800 1147 et
823 1091 1155 1164 blasphemia:
1176 1092 1287 1145 dies
1304 1088 1434 1157 haec,
1461 1094 1583 1160 quia
1609 1099 1856 1144 venerunt
1873 1087 1972 1156 ﬁlii
1995 1105 2157 1158 usque

544 1189 613 1241 ad
641 1195 877 1258 partum,
916 1194 966 1237 et
998 1187 1158 1238 virtus
1201 1200 1303 1236 non
1352 1195 1422 1236 est
1458 1181 1696 1248 pariendi
1728 1179 1839 1254 [\l.
1886 1177 2154 1251 parienti].

549 1279 616 1337 Si
655 1277 916 1350 quomodo
942 1277 1122 1332 audiat
1158 1275 1412 1330 Dominus
1444 1273 1582 1328 Deus
1609 1287 1730 1328 tuus
1772 1273 1921 1328 verba
1957 1273 2155 1326 Rabsa-

546 1373 655 1439 cis,
686 1389 836 1442 quem
855 1373 993 1426 misit
1017 1387 1110 1426 rex
1136 1371 1467 1442 Assyriorum
1490 1369 1730 1424 dominus
1755 1385 1882 1422 suus
1911 1367 1980 1421 ad
2012 1367 2154 1422 blas-

552 1467 903 1538 pItemaadum
933 1465 1094 1520 Deum
1124 1468 1376 1520 viventem
1401 1506 1417 1526 ,
1450 1473 1497 1516 et
1527 1463 1945 1531 exprobrandam
1965 1477 2161 1515 sermo-

549 1562 736 1625 nibus,
782 1576 912 1632 quos
961 1559 1161 1614 audivit
1191 1556 1449 1610 Dominus
1496 1555 1636 1610 Deus
1679 1567 1814 1610 tuus.
1855 1554 1987 1609 Leva
2037 1570 2158 1625 ergo

552 1656 840 1712 orationem
867 1669 958 1717 pro
989 1652 1224 1721 reliquiis
1248 1665 1362 1722 qua:
1389 1660 1609 1718 reperta:
1637 1659 1776 1703 sunt.
1812 1646 1882 1702 Et
1915 1657 2160 1702 venerunt

2255 454 2425 508 usque
2465 440 2812 508 pervenerit,
2844 449 2899 496 et
2941 454 3208 505 generare
3249 456 3358 494 non
3389 441 3606 509 possit,
3649 455 3742 494 nec
3760 441 3822 496 di-

2252 546 2378 586 cere
2409 549 2422 585 :
2454 533 2492 586 A
2537 533 2719 586 timore
2746 541 2834 586 tuo
2859 574 2873 592 .
2910 532 3130 586 Domine
3152 573 3166 595 ,
3200 534 3532 601 concepimus
3559 573 3575 600 ,
3609 545 3658 587 et
3685 531 3825 588 dolui-

2254 641 2395 684 mus.
2426 634 2472 677 et
2495 625 2786 697 peperimus
2811 625 3055 696 spiritum
3081 625 3284 678 salutis.
3311 623 3574 693 Sequitur
3607 641 3619 676 :
3647 623 3708 679 Si
3731 643 3827 696 quo-

2255 716 2408 768 modo
2430 717 2605 770 audiat
2640 713 2893 768 Dominus
2921 715 3057 770 Deus
3099 726 3216 770 tuus
3238 719 3390 770 verba
3421 714 3672 770 Rabsacis
3699 715 3825 789 (Isai.

2255 822 2384 862 xxvr
2409 849 2422 867 .
2454 807 2554 874 18,
2589 824 2692 862 sec.
2727 805 2914 879 LXX).
2948 807 3061 862 Non
3087 807 3231 862 enim
3267 809 3538 862 audemus
3571 807 3828 864 Domini-nt

2255 902 2498 956 omnium
2519 941 2534 963 .
2583 912 2828 956 nostrum
2878 902 3165 956 DOntinttm
3197 903 3382 957 dicere
3409 943 3424 970 ,
3445 919 3555 972 quo
3591 904 3830 960 irascente

2259 1000 2404 1048 tanta
2430 995 2804 1062 perpetimur;
2846 995 2941 1049 sed
2986 1005 3136 1049 tttttttt
3179 997 3413 1050 ducimus
3444 996 3755 1052 Dominum.
3784 999 3830 1053 Et

2259 1086 2397 1141 hanc
2422 1087 2684 1142 habemus
2715 1087 2942 1143 ultionis
2973 1087 3226 1144 ﬁduciam
3256 1108 3268 1143 :
3297 1088 3464 1163 460
3492 1091 3748 1157 quoniam
3773 1093 3834 1146 vi-

2256 1193 2390 1233 vens
2419 1179 2557 1232 Deus
2581 1181 2989 1248 hla-phematur
3011 1197 3039 1234 a
3064 1181 3276 1237 cultore
3310 1185 3585 1238 idotornm
3615 1199 3831 1240 mortuo-

2259 1288 2397 1326 rum.
2436 1270 2502 1326 Et
2526 1273 2958 1345 exprobrauerunt
2999 1275 3338 1337 sermonibus.
3364 1293 3494 1346 quos
3517 1278 3709 1332 audivi:
3740 1277 3829 1332 Do-

2258 1369 2428 1423 minus
2459 1366 2600 1422 Deus
2635 1382 2752 1423 tuus
2781 1385 2799 1424 :
2836 1368 2971 1424 Leva
2999 1385 3120 1443 ergo
3150 1374 3436 1426 orationem
3463 1413 3478 1434 ,
3513 1384 3750 1428 nostram
3772 1374 3834 1443 ja-

2258 1471 2474 1516 centem
2503 1481 2514 1516 :
2540 1478 2646 1516 non
2681 1478 2780 1533 pro
2810 1471 3009 1517 cuncto
3040 1467 3240 1533 ιιοριιιο
3271 1469 3361 1534 qui
3392 1467 3504 1534 jam
3539 1468 3700 1533 periit
3727 1468 3834 1535 ,setl

2259 1570 2359 1626 pro
2409 1555 2664 1625 reliquiis
2694 1595 2709 1617 ,
2760 1570 2884 1626 qua:
2933 1556 3278 1623 obsidentur,
3335 1575 3555 1630 cumque
3616 1562 3837 1614 venissent

2259 1651 2392 1703 servi
2417 1650 2554 1720 regis
2590 1647 2829 1704 Ezecltia?
2858 1651 2928 1704 ad
2970 1649 3210 1706 Isaiam:
3237 1668 3454 1707 rursum
3501 1669 3700 1710 numen
3733 1654 3841 1710 Pro-

551 1747 688 1802 servi
709 1747 845 1816 regis
871 1742 1108 1798 Ezechias
1127 1742 1196 1797 ad
1221 1741 1419 1796 Isaiam
1447 1758 1467 1796 :
1497 1752 1544 1795 et
1575 1742 1709 1795 dixit
1735 1740 1804 1794 ad
1830 1757 1916 1795 eos
1946 1739 2114 1794 Isaias
2137 1757 2156 1795 :
2189 1733 2234 1794 Β
2266 1747 2439 1813 pheta:
2470 1746 2665 1803 tacuit.
2701 1756 2753 1798 ut
2776 1753 3016 1814 emptam
3035 1755 3279 1800 servaret
3303 1745 3674 1803 humilitatem
3718 1749 3838 1804 Prst-

555 1838 690 1895 Htec
741 1839 923 1892 dicetis
969 1838 1180 1893 domino
1219 1847 1388 1890 vestro
1428 1851 1447 1890 :
1509 1832 1630 1888 Haec
1671 1833 1796 1888 dicit
1847 1832 2100 1887 Dominus
2141 1849 2160 1886 :

556 1930 640 1987 Ne
664 1933 846 1986 timeas
889 1947 920 1984 a
949 1933 1082 2000 facie
1115 1929 1382 1982 verborum
1412 1943 1528 1996 qua:
1563 1926 1756 1979 audisti
1801 1926 1988 1994 quibus
2024 1925 2162 1979 blas-

551 2022 921 2096 phetitaveruttt
950 2023 1098 2090 pueri
1129 2023 1264 2094 regis
1291 2021 1625 2090 Assyriorum
1669 2035 1766 2072 me.
1801 2017 1934 2073 Ecce
1974 2035 2070 2090 ego
2117 2018 2164 2071 ei

558 2116 692 2171 dabo
723 2113 812 2189 [Al
869 2115 1003 2170 dabo
1044 2113 1140 2187 eis]
1184 2115 1459 2187 spiritum,
1504 2123 1551 2167 et
1594 2111 1772 2166 audiet
1804 2113 2045 2165 nuntium
2071 2153 2084 2171 .
2118 2120 2166 2164 et

556 2218 838 2263 revertetur
869 2207 938 2262 ad
981 2220 1172 2263 terravn
1216 2209 1396 2271 sitam,
1439 2214 1489 2261 et
1531 2220 1774 2259 corruere
1811 2220 1926 2258 eum
1974 2203 2166 2275 [nciam

559 2302 740 2376 gladio
761 2303 812 2356 in
841 2311 978 2356 terra
994 2318 1108 2356 sua.
1129 2300 1424 2370 Perspirua
1451 2299 1845 2368 relinquentes,
1871 2313 1932 2350 ea
1958 2306 2165 2351 tantum

561 2399 617 2455 in
650 2399 849 2470 quibus
873 2399 1049 2453 latens
1079 2411 1280 2453 sensus
1301 2405 1386 2451 est
1404 2437 1419 2458 ,
1443 2395 1801 2450 disseramus.
1825 2391 1991 2464 459
2013 2392 2170 2446 Scin-

560 2493 693 2550 (111111
729 2505 912 2548 vestes
947 2533 962 2554 .
994 2492 1120 2562 quis
1153 2491 1440 2546 Rubsacett
1464 2489 1690 2543 audiunt
1719 2486 1828 2559 [ΑΙ.
1860 2484 2166 2557 audierunt]

562 2586 1060 2655 blaSphemantent.
1094 2582 1304 2637 Scindit
1335 2593 1390 2637 et
1425 2583 1542 2649 ipse
1573 2595 1668 2633 rex
1701 2578 2024 2632 vestimenta
2048 2593 2162 2642 sua,

559 2681 688 2752 quia
723 2687 1073 2745 peccatorum
1107 2690 1326 2729 suorum
1354 2715 1369 2740 ,
1415 2682 1470 2728 et
1503 2673 1684 2742 pepuli
1721 2686 1843 2726 esse
1869 2669 2164 2734 credebat,

563 2772 710 2843 quod
740 2770 1016 2825 Batisaces
1041 2781 1212 2836 nsque
1233 2770 1299 2818 ad
1333 2773 1546 2835 porluttt
1576 2763 1880 2819 Jerusalem
1916 2762 2124 2817 venerit
2151 2804 2167 2828 ,

562 2877 619 2922 et
647 2877 842 2921 contra
874 2862 1165 2917 Dominum
1199 2860 1324 2914 talia
1355 2862 1428 2913 sit
1473 2859 1704 2912 locutus.
1736 2855 1892 2913 Unde
1926 2853 2169 2925 pontifex

563 2960 688 3032 quia
717 2958 1064 3015 Salinatorem
1089 2955 1502 3023 blaSphemasse
1529 2950 1784 3006 credebat
1816 2992 1830 3014 ,
1863 2949 2025 3003 scidit
2053 2963 2169 3002 ves-

567 3057 790 3112 timenta
822 3068 919 3108 sua
951 3048 1168 3125 (Matth.
1201 3051 1354 3117 xm)
1389 3065 1403 3102 :
1440 3057 1494 3103 et
1527 3046 1729 3102 Paulus
1758 3059 1822 3098 ac
1852 3044 2166 3105 Barnabas,

2265 1841 2520 1910 venitque
2551 1857 2644 1896 eos
2687 1841 2850 1896 Isaias
2883 1861 2893 1896 :
2921 1842 3114 1897 eodem
3153 1843 3300 1899 enim
3325 1843 3521 1912 spiritu
3555 1859 3663 1915 quo
3689 1844 3837 1899 futura

2265 1935 2557 1999 noscebat,
2591 1937 2753 1989 etiam
2787 1935 3068 1991 absentem
3097 1952 3283 2008 regem
3323 1937 3574 1993 audierat
3612 1950 3706 1993 :et
3731 1940 3841 1992 dicit

2265 2025 2393 2095 quid
2440 2028 2776 2094 respondere
2805 2029 3076 2083 deberent
3107 2029 3340 2084 Domino
3360 2045 3462 2084 suo
3489 2071 3504 2090 .
3550 2031 3802 2086 hliﬂlillﬂll
3821 2039 3841 2066 α

2268 2121 2322 2175 in
2367 2124 2466 2176 ista
2519 2121 2712 2178 titlncia
2744 2125 3118 2178 conscientiae.
3162 2122 3346 2188 Dicite,
3383 2125 3600 2191 inquit,
3645 2125 3840 2178 Domino

2268 2225 2433 2269 vestro
2459 2256 2474 2280 ,
2506 2216 2596 2285 qui
2623 2227 2803 2270 vester
2830 2229 2911 2270 e5t
2941 2217 3232 2280 Dominus;
3267 2232 3420 2271 meus
3457 2219 3609 2272 enim
3636 2219 3746 2274 ha-c
3775 2220 3842 2272 di-

2267 2307 2344 2362 cit
2371 2308 2662 2363 Dominus:
2699 2307 2818 2362 Noli
2847 2310 3040 2363 timere
3067 2310 3232 2363 verba
3261 2308 3460 2377 quibus
3504 2326 3610 2364 non
3642 2322 3695 2364 ttt
3719 2354 3733 2378 ,
3766 2310 3842 2366 sed

2267 2413 2370 2469 ego
2405 2415 2524 2453 sum
2569 2399 3004 2465 blaSphematus.
3028 2399 3140 2456 Nec
3167 2401 3291 2454 dico
3320 2403 3568 2457 universa
3598 2419 3716 2470 qua:
3750 2406 3843 2473 regi

2269 2493 2619 2558 Assyriorum
2654 2493 2756 2546 siin
2791 2491 3036 2546 facturus
3061 2534 3076 2557 ,
3113 2508 3182 2547 ne
3228 2507 3403 2547 meam
3433 2493 3624 2548 videar
3653 2495 3843 2563 jacmre

2273 2585 2597 2655 potentiam;
2631 2586 2726 2639 sed
2755 2585 2897 2652 quod
2923 2584 3136 2639 dandus
3166 2587 3236 2640 sit
3260 2586 3310 2639 ei
3334 2586 3552 2655 spiritus
3585 2602 3692 2641 non
3725 2587 3842 2652 Dei,

2271 2678 2366 2732 sed
2412 2676 2777 2732 adversarius.
2822 2677 3135 2746 Attditoque
3183 2679 3417 2745 nuntio,
3463 2692 3766 2736 revertatur
3791 2681 3844 2734 ad

2273 2781 2474 2827 terram
2509 2787 2661 2827 suam
2686 2813 2704 2842 ,
2728 2781 2783 2826 et
2809 2781 3027 2826 corruat
3073 2772 3128 2826 in
3167 2787 3230 2827 ea
3259 2772 3439 2843 gladio
3465 2814 3478 2830 .
3513 2783 3572 2826 ut
3591 2774 3697 2826 duo
3726 2774 3848 2842 pari-

2275 2875 2491 2936 terqna:
2523 2866 2744 2935 optabat
2773 2865 3032 2920 Ezechias
3051 2906 3064 2929 ,
3106 2866 3356 2931 audiret,
3410 2881 3472 2920 se
3501 2867 3779 2922 obsidione
3803 2877 3843 2922 et

2276 2963 2520 3032 periculo
2551 2960 2891 3016 liberandum
2916 3003 2930 3025 ,
2963 2971 3017 3015 et
3043 2961 3322 3015 inimicum
3347 2963 3658 3032 iratnmqne
3686 2978 3842 3032 regem

2273 3056 2326 3111 in
2357 3071 2452 3110 sua
2494 3069 2638 3110 terra
2667 3071 2790 3110 esse.
2822 3056 3171 3110 moriturum.
3204 3054 3259 3110 Si
3287 3055 3410 3122 quis
3438 3069 3645 3125 quaerat
3671 3071 3763 3111 cur
3802 3058 3843 3110 in

562 3149 946 3206 deferentibus
972 3147 1075 3201 sibi
1107 3146 1200 3200 ι).ιί
1228 3147 1440 3199 cultum
1465 3141 1813 3215 Lyeaottihus
1840 3181 1856 3205 ,
1889 3139 2170 3195 sciderunt
2198 3133 2245 3197 C
2278 3150 2418 3203 tum.
2449 3149 2756 3216 prophetia;
2779 3191 2792 3209 ,
2831 3149 3059 3204 historia
3097 3165 3214 3218 qnze
3244 3148 3297 3202 io
3327 3149 3540 3220 Regum
3567 3161 3621 3205 et
3652 3150 3843 3204 Diei-um

562 3245 892 3301 vestimenta
921 3257 1016 3296 sua
1049 3239 1186 3312 (Act.
1224 3240 1364 3309 xw).
1394 3238 1497 3293 Pro
1529 3237 1683 3307 regio
1712 3250 1845 3304 ergo
1885 3235 2035 3288 cultu
2067 3233 2168 3302 ob-

562 3340 784 3396 vtilutns
812 3347 898 3391 est
919 3351 1115 3401 sacco;
1150 3343 1204 3389 et
1248 3335 1318 3389 de
1360 3334 1566 3404 palttio
1608 3331 1674 3384 ad
1722 3329 2011 3400 Templum
2044 3343 2169 3397 gra-

561 3435 724 3492 diens
747 3475 762 3496 ,
801 3431 1030 3488 Eliacint
1075 3431 1387 3498 pontiﬁcem
1411 3470 1426 3492 ,
1460 3439 1507 3482 el
1536 3425 1775 3482 Sobnam
1807 3425 2044 3477 scribant
2073 3463 2086 3485 ,
2117 3431 2172 3476 et

565 3529 814 3582 seniores
835 3526 905 3580 de
937 3522 1318 3578 sacerdotibus
1332 3519 1479 3576 misit
1500 3519 1566 3572 ad
1592 3518 1780 3572 'Sitialll
1809 3517 1979 3571 lilium
2003 3515 2173 3571 Amos

566 3619 870 3690 prophetae.
897 3617 956 3672 In
975 3633 1082 3687 quo
1115 3615 1258 3682 regis
1281 3611 1685 3668 consideranda
1719 3610 1990 3664 humilitas
2010 3622 2172 3679 atque

568 3708 885 3780 prudentia.
907 3705 1030 3765 l,~se.
1060 3707 1230 3774 pergit
1257 3705 1322 3757 ad
1347 3703 1662 3771 Templum;
1687 3702 1966 3773 print-ipes
1992 3703 2170 3772 populi

564 3811 621 3858 et
649 3801 901 3857 Seniores
929 3797 1287 3853 Sztt‘erdotutn
1313 3837 1329 3862 ,
1357 3813 1462 3849 non
1497 3795 1657 3849 stolis
1697 3794 2130 3849 sacet'dotnlihns
2154 3835 2170 3860 ,

568 3897 664 3954 sed
690 3895 890 3952 ciliciis
911 3904 1136 3960 onertos
1159 3891 1304 3946 misit
1333 3890 1399 3945 ad
1427 3890 1625 3945 Isaiam
1657 3890 1826 3944 lilium
1861 3894 2026 3944 Amos
2050 3905 2174 3958 pro-

570 3991 775 4062 pltette.
806 3987 914 4044 Pro
944 4003 1052 4058 quo
1102 3989 1153 4042 itt
1209 3987 1411 4056 Regum
1451 3983 1727 4039 volumine
1759 3965 1952 4053 legitur
1986 4001 2000 4038 :
2051 3982 2173 4052 Ipse

563 4099 842 4154 cooper'us
862 4091 937 4137 est
963 4096 1113 4136 sacco
1131 4120 1147 4144 ,
1174 4089 1222 4134 et
1243 4080 1507 4152 ingressus
1534 4077 1743 4130 domum
1771 4075 2001 4141 Domini,
2027 4074 2174 4131 Elia-

566 4181 667 4234 cim
697 4177 1039 4248 prtepositum
1067 4177 1252 4230 domus
1273 4171 1304 4240 ,i
1337 4184 1385 4229 et
1415 4172 1645 4229 Sobnam
1674 4172 1914 4235 scribam,
1949 4182 1997 4226 et
2028 4187 2171 4224 senes

568 4271 634 4326 de
659 4271 1014 4326 sacerdotibus
1043 4271 1178 4324 misit
1224 4280 1493 4338 coepertos
1531 4268 1697 4322 saccis
1727 4267 1793 4321 ad
1821 4264 2015 4320 Isaiam
2049 4282 2172 4336 pro-

565 4365 776 4438 phetam
806 4362 975 4429 ﬁlium
997 4363 1153 4416 Amos
1175 4361 1265 4428 (IV
1296 4360 1419 4431 Reg.
1452 4377 1575 4425 xix,
1606 4360 1752 4431 1.2).
1786 4360 1882 4416 Hic
1909 4375 2035 4430 qua
2056 4364 2170 4429 ipse

559 4455 629 4510 de.
660 4470 719 4509 se
750 4453 926 4508 Isaias
950 4453 1230 4508 scribebat
1275 4454 1565 4507 historiam
1591 4493 1608 4518 ,
1643 4469 1748 4506 non
1785 4467 1844 4506 se
1870 4467 2009 4523 appe
2035 4450 2165 4504 Iuvit

2275 3241 2642 3297 voluminibus
2664 3244 2868 3311 Scripta
2898 3253 2981 3296 est
3007 3286 3022 3309 ,
3059 3243 3225 3296 mixta
3252 3243 3537 3307 videatur,
3565 3244 3844 3298 consideret

2273 3337 2418 3408 quod
2456 3337 2697 3391 historiae
2730 3337 3013 3407 prophetia
3058 3337 3125 3391 sit
3158 3339 3412 3406 copulata
3443 3381 3459 3403 ,
3498 3349 3605 3392 tant
3636 3339 3700 3393 de
3731 3339 3846 3392 libe-

2273 3433 2485 3486 ratione
2517 3431 2664 3486 urbis
2684 3475 2698 3499 ,
2725 3446 2884 3502 quam
2907 3433 2974 3486 de
2994 3433 3200 3503 Assyrii
3223 3431 3450 3488 interitu
3476 3475 3492 3497 ,
3517 3444 3571 3488 et
3597 3435 3661 3488 de
3688 3449 3824 3487 rever

2273 3525 2428 3579 sione
2459 3524 2592 3578 solis
2625 3524 2879 3580 horarum
2901 3525 3088 3580 decem
3116 3567 3131 3591 ,
3161 3536 3216 3580 et
3254 3527 3574 3596 quindecim
3607 3541 3842 3581 annorum

2273 3620 2462 3688 spatiis
2487 3619 2770 3688 protelatis
2795 3662 2808 3678 .
2833 3619 2977 3686 quod
3001 3629 3054 3673 et
3083 3618 3384 3689 prophetta-
3414 3631 3500 3675 est
3529 3630 3582 3676 et
3610 3621 3840 3675 historian
3929 3618 3932 3688 ἰ

2345 3711 2527 3781 (Vers.
2558 3715 2590 3767 8
2625 3711 2807 3784 seqq.)
2845 3711 3099 3766 Reuersus
3148 3724 3320 3766 autem
3357 3712 3649 3777 Ilabsaces,
3677 3712 3841 3765 int-enit

2272 3820 2443 3876 regem
2507 3805 2841 3874 Assyriorum
2898 3805 3221 3872 prwliantem
3265 3803 3544 3858 aduersum
3596 3804 3840 3858 Lobmnn:

2271 3897 2510 3950 audierat
2541 3899 2675 3950 enim
2712 3898 2835 3968 quia
2862 3901 3123 3970 profectus
3153 3909 3286 3951 esset
3317 3899 3381 3950 de
3411 3897 3627 3953 Lachis.
3679 3898 3736 3951 Et
3760 3914 3842 3949 au-

2272 3991 2396 4044 divit
2413 3991 2476 4044 de
2500 3990 2735 4044 Taraclta
2761 4008 2881 4065 rege
2899 3990 3188 4064 thiopiw
3214 3993 3440 4046 dicentes
3464 4009 3483 4045 :
3510 3991 3747 4062 Egressus
3760 4000 3840 4052 est,

2272 4095 2328 4138 ut
2360 4093 2548 4156 pugnet
2575 4097 2754 4138 contra
2787 4096 2853 4139 te.
2888 4084 3042 4149 Quod
3075 4101 3187 4137 cum
3215 4084 3467 4147 audisset,
3499 4087 3636 4138 misit
3664 4084 3842 4138 nuntios

2271 4177 2340 4231 ad
2369 4174 2645 4230 Ezecltiatn
2675 4177 2849 4230 dicens
2888 4193 2905 4230 :
2941 4174 3068 4230 IIa’c
3091 4175 3272 4229 dicetis
3303 4174 3546 4231 Ezechice
3569 4183 3673 4247 regi
3707 4172 3841 4226 ludi:
3930 4195 3932 4252 ε

2271 4274 2533 4343 loquentes
2564 4288 2582 4326 :
2615 4271 2737 4325 Non
2763 4283 2811 4325 te
2836 4271 3061 4342 decipiat
3092 4270 3230 4325 Deus
3253 4282 3404 4336 tuus,
3444 4272 3497 4325 in
3529 4289 3629 4343 quo
3660 4281 3709 4324 tu
3734 4284 3841 4322 cou-

2270 4365 2390 4434 ﬁdis
2415 4366 2590 4420 dicens
2634 4383 2652 4419 :
2699 4364 2821 4419 Non
2849 4365 3054 4419 dabitur
3082 4362 3374 4418 Jerusalem
3406 4368 3458 4418 in
3498 4383 3700 4420 manum
3726 4361 3841 4434 regis

2274 4459 2622 4527 Assyriorum.
2674 4456 2802 4511 Ecce
2823 4466 2876 4511 tu
2902 4459 3102 4512 audisti
3125 4459 3298 4512 omnia
3325 4475 3443 4530 quw
3469 4463 3693 4529 fecerunt
3716 4469 3841 4525 regis

560 4549 892 4621 Prophetam
918 4591 933 4614 ,
967 4549 1060 4602 sed
1085 4547 1251 4602 lilium
1279 4546 1566 4614 Propheta:
1596 4564 1610 4601 :
1639 4545 1712 4600 ihi
1736 4547 2006 4613 veroquia
2029 4545 2167 4598 alter
2198 4522 2248 4582 D
2273 4549 2600 4619 Assyriorum
2644 4549 2881 4602 omnibus
2923 4551 3072 4604 terris
3124 4567 3252 4617 quas
3298 4549 3683 4609 subuerterant,
3713 4557 3752 4602 et
3790 4555 3839 4598 tu
3930 4527 3932 4562 ἶ

560 4659 674 4702 erat
719 4645 970 4715 Scriptor
1009 4643 1286 4706 historiae,
1337 4643 1513 4707 ipsum
1568 4639 1755 4694 scribit
1811 4637 2160 4704 Prophetam.

555 4741 710 4810 Quod
741 4739 960 4811 quidem
993 4745 1050 4794 et
1076 4735 1146 4792 de
1191 4735 1446 4792 Mzttthzeo
1492 4733 1842 4801 Evango-ITSta
1892 4733 2122 4798 legimus
2149 4771 2163 4794 ,

559 4834 704 4904 quod
729 4835 845 4896 ipse
867 4833 1224 4887 Matthmnsse
1237 4829 1439 4882 dixerit
1464 4827 1812 4895 publicanum
1833 4823 2044 4890 (Matth.
2064 4822 2161 4892 Ix):

560 4929 652 4981 alii
683 4943 814 4980 vero
847 4927 1206 4996 livangelisue
1229 4938 1427 4978 nomen
1460 4917 1734 4992 publicani
1764 4919 2036 4971 tacuerint
2059 4961 2073 4984 ,
2111 4926 2168 4972 et

563 5020 939 5090 Aposloliraut
972 5032 1179 5072 tantum
1213 5017 1494 5088 posuerint
1535 5014 1853 5085 dignitatem
1880 5028 1895 5076 ;
1932 5019 1989 5064 et
2015 5011 2159 5072 qund

562 5113 618 5168 in
643 5110 1121 5182 coniunctionibus
1151 5109 1536 5172 Apostolorum
1567 5149 1581 5170 .
1612 5105 1756 5174 apud
1788 5120 1845 5157 se
1867 5103 2158 5168 secvndus,

558 5205 702 5274 apud
731 5205 870 5258 alios
894 5203 1099 5272 primus
1122 5202 1214 5255 sit.
1246 5198 1598 5264 Dixeruntque
1621 5241 1634 5262 .
1663 5198 1839 5269 inquit
1865 5239 1878 5258 .
1905 5195 1974 5249 ad
2003 5213 2116 5249 eum
2141 5213 2158 5250 :

563 5297 691 5353 Htec
735 5297 860 5351 dicit
901 5291 1146 5350 Ezechias
1171 5335 1187 5359 ,
1223 5308 1328 5347 non
1369 5308 1462 5348 rex
1488 5333 1504 5359 ,
1553 5307 1659 5346 non
1695 5305 1909 5346 ltttttetts
1942 5293 2163 5343 nomine

557 5392 775 5459 imperii
812 5408 824 5444 :
870 5389 992 5444 Dies
1021 5387 1370 5442 tribulat‘onis
1389 5431 1404 5452 ,
1434 5396 1482 5440 et
1510 5385 1861 5445 corruptionis
1883 5425 1897 5446 ,
1945 5393 1989 5437 et
2020 5383 2159 5436 blas-

556 5487 776 5553 phemia:
805 5485 915 5539 dies
943 5483 1054 5537 hate
1092 5497 1110 5536 :
1140 5480 1508 5538 tribulationis
1531 5488 1733 5534 nostra:
1751 5519 1766 5541 ,
1793 5475 2159 5543 correptionis

554 5579 684 5646 Dei,
718 5579 1074 5650 blasphemiae
1117 5577 1376 5634 hostium.
1425 5576 1695 5647 Ponitque
1739 5570 2155 5629 similitudinem

2267 4643 2458 4714 pateris
2505 4643 2751 4696 liberari?
2773 4642 3051 4715 Numquid
3080 4653 3324 4698 eriterunt
3362 4659 3448 4697 cos
3478 4644 3554 4696 dii
3589 4643 3794 4716 gentium
3823 4679 3838 4702 ,
3930 4675 3932 4692 ι

2265 4750 2394 4804 quos
2419 4732 2775 4787 subuerterant
2829 4746 2995 4798 patres
3023 4735 3122 4788 mei
3145 4733 3322 4788 Gozan
3344 4746 3391 4787 et
3427 4733 3654 4800 Harant,
3683 4743 3727 4786 et
3755 4730 3841 4783 Ile-

2268 4825 2394 4895 seph
2414 4868 2427 4883 .
2459 4836 2505 4878 et
2535 4827 2670 4889 ﬁlios
2702 4825 2891 4889 Edent,
2917 4829 3008 4899 qui
3037 4841 3180 4881 erant
3212 4829 3265 4881 in
3296 4826 3578 4880 'I'Italassar
3607 4826 3631 4881 ?
3664 4824 3754 4880 Ubi
3775 4831 3841 4876 est

2267 4934 2362 4971 rex
2409 4917 2654 4981 IIematlt.
2703 4930 2752 4974 et
2780 4937 2872 4974 rex
2913 4919 3128 4985 Arphad
3155 4958 3172 4982 ,
3203 4918 3361 4991 461
3395 4931 3444 4972 ct
3472 4937 3564 4974 rex
3591 4920 3727 4973 urbis
3759 4914 3839 4970 Sa’

2268 5008 2538 5080 pharvaim
2580 5011 2694 5065 Ana
2741 5011 2850 5085 [AL
2888 5013 3228 5084 Sepharvaim
3271 5009 3436 5083 Atrea]
3475 5022 3525 5065 et
3563 5013 3714 5065 Ara?
3741 5009 3841 5063 Eis-

2271 5102 2394 5156 dem
2421 5103 2600 5157 verbis
2627 5106 2926 5174 eademque
2967 5105 3239 5158 sententia
3271 5105 3534 5169 scriptum
3559 5114 3641 5158 est
3669 5103 3719 5156 iit
3750 5099 3837 5153 lle-

2269 5212 2395 5266 gnm
2427 5211 2479 5252 et
2504 5198 2726 5251 Dio-rum
2757 5198 3033 5253 Voluntine
3061 5239 3076 5260 ,
3108 5197 3249 5267 quod
3286 5197 3722 5266 Rabsacesjnxta
3753 5193 3839 5247 Do-

2271 5289 2404 5342 tnitti
2437 5288 2770 5343 Voluptatem
2797 5332 2810 5350 .
2836 5289 3180 5344 obsidionem
3202 5291 3513 5345 deseruerit
3538 5291 3835 5347 Jerusalem.

2265 5392 2321 5436 et
2355 5382 2656 5448 perrexerit
2679 5383 2746 5437 ad
2770 5383 3056 5439 dominum
3089 5399 3270 5448 suum,
3300 5400 3488 5452 quem,
3510 5385 3594 5440 vel
3624 5385 3830 5438 deserta.

2264 5475 2346 5529 vel
2369 5489 2525 5543 Capta
2555 5473 2787 5540 Lacltis,
2818 5476 2883 5530 ad
2917 5477 3337 5547 oppugnandam
3369 5476 3614 5532 thnam
3663 5476 3732 5528 ire
3753 5482 3832 5521 ro-

2261 5579 2546 5640 guoverat.
2579 5568 2701 5640 Ipse
2743 5585 2960 5642 quoque
2998 5569 3376 5627 Senuachcrib
3421 5569 3644 5627 audiens
3687 5563 3836 5622 Tara-

623 5767 664 5830 αλ
688 5759 804 5814 Duo
844 5762 978 5824 van,
1002 5749 1283 5812 humilitati
1334 5758 1495 5813 mixta
1523 5745 1720 5824 ﬁducia
1743 5735 2087 5811 conscientiai.
2112 5747 2345 5814 Leviora
2375 5753 2622 5822 quaedam
2657 5756 2795 5814 intra
2821 5755 3195 5816 emendatum.
