3932 6384
51 417 54 420 ρ
96 346 191 404 ass

539 289 1201 400 [COMMENTARIORUM
1239 336 1303 395 IN
1343 334 1579 396 lSAIAM
1623 333 2044 395 PROPHETAM
2083 334 2216 394 LIB.
2257 334 2354 395 XI.
2396 334 2552 396 CAP.
2593 335 2862 399 xxxvn.

3258 341 3368 403 386

96 464 238 518 chain
264 474 438 531 regem
467 458 776 527 ιΕιΙιίομιηιι
803 457 1003 513 inferre
1029 457 1131 513 sibi
1157 457 1390 522 bellum,
1422 458 1664 512 occurrit
1691 463 1737 518 Α
1771 455 2036 527 imagines
2079 467 2440 514 mortuorum.
2482 461 2750 530 Quodque
2790 461 2956 516 infert
2987 477 3002 515 :
3045 458 3173 515 Vere
3211 459 3369 528 enim,

95 551 342 613 venienti.
369 562 418 607 et
450 553 805 605 ntbilomitms
835 556 1234 603 tnittttuuntios
1256 550 1324 602 ad
1351 546 1660 613 Elei-hiant,

93 657 143 703 et
174 647 428 716 Epistolas
452 685 466 706 ,
501 657 558 697 ut
587 658 723 710 quos
757 642 985 698 necdum
1024 645 1230 697 viribus
1261 650 1518 711 ceperat,
1550 655 1666 693 ser-

90 759 245 796 mone
275 747 508 794 terreret.
545 736 612 791 Et
641 738 917 806 quomodo
949 737 1150 807 populo
1167 736 1386 791 dixerat
1415 753 1427 787 :
1462 734 1586 788 Non
1619 743 1666 787 te

91 835 297 904 decipiat
335 829 576 884 Ezechias
608 827 696 900 (IV
751 829 884 902 Reg.
934 845 1096 896 xmt,
1127 829 1220 897 :9)
1252 845 1264 879 :
1295 829 1483 882 eadem
1517 829 1664 882 blas-

91 928 284 996 phemia
317 922 546 991 quuitur
568 923 635 976 atl
671 938 852 992 regem
884 939 900 978 :
926 922 1049 976 Non
1071 932 1120 977 te
1143 922 1359 986 decipiat
1383 919 1524 975 Deus
1545 933 1663 975 tuas

93 1019 167 1091 (lt?
203 1015 320 1085 Reg.
347 1030 429 1069 xix
449 1055 464 1079 ,
495 1017 607 1084 l0).
633 1013 903 1086 Pooitqne
929 1016 1174 1084 exempla
1202 1015 1494 1084 majorum,
1517 1014 1662 1085 quod

89 1108 338 1181 quomodo
365 1121 589 1162 caeteras
642 1120 814 1162 terras
864 1125 970 1162 non
1022 1109 1294 1177 potuerint
1325 1108 1559 1162 liberare
1586 1105 1663 1161 dii

88 1219 160 1258 sui
188 1205 250 1254 de
283 1203 526 1255 manibus
553 1213 743 1255 eorum
771 1216 784 1252 :
816 1201 895 1254 sic
925 1214 1024 1254 nec
1047 1201 1351 1256 JeruSaIem
1377 1201 1657 1254 liberetur.

87 1298 134 1352 In
164 1305 566 1350 enumeratione
609 1309 790 1349 autem
836 1298 1082 1364 gentium
1137 1305 1460 1350 cmteratunt
1513 1291 1664 1363 ponit

87 1409 175 1447 ANA
204 1392 345 1464 (πλη)
388 1402 440 1445 et
493 1406 601 1445 AVA
627 1393 817 1460 (nm),
847 1404 985 1460 quas
1026 1388 1171 1444 LXX
1211 1392 1554 1448 misruerunt
1583 1386 1666 1442 di-

82 1501 278 1546 centes,
304 1492 327 1519 °
358 1498 678 1553 anaaegaca,
711 1482 1298 1551 eonjuuctionenique,
1331 1489 1378 1534 et
1404 1521 1418 1544 ,
1453 1479 1503 1534 id
1537 1488 1623 1534 est
1645 1518 1662 1545 ,

77 1594 159 1631 raa
200 1576 336 1630 inter
377 1575 519 1629 duas
559 1581 753 1645 gentes
784 1575 899 1626 Ana
931 1583 986 1628 et
1029 1573 1138 1628 Ara
1163 1615 1177 1636 ,
1215 1573 1393 1642 lingua
1431 1586 1664 1642 posuere

76 1671 273 1726 Ili-bima
302 1711 316 1735 ,
365 1678 425 1724 ut
459 1667 841 1740 ignorantibus
869 1685 972 1722 una
1017 1683 1154 1740 gens
1187 1669 1440 1722 vidvatur
1469 1677 1561 1720 aut
1594 1666 1662 1721 ci-

83 1765 226 1818 vitas.
258 1763 548 1820 Manifesta
586 1763 1007 1817 transcurrimus
1031 1802 1048 1828 ,
1087 1772 1144 1816 ut
1173 1763 1225 1814 in
1257 1759 1438 1814 dubiis
1469 1761 1662 1814 immn-

73 1874 253 1914 rcmur.
273 1859 559 1922 Pugnasse
583 1873 764 1912 autem
791 1855 1166 1912 Sennacherib
1190 1871 1373 1925 regem
1407 1856 1662 1926 Assyrio-
1691 1870 1739 1930 Β

74 1967 177 2006 runt
193 1966 372 2006 Contra
398 1949 494 2006 ᾸΕ.
517 1949 721 2022 yplius,
743 1957 800 2003 et
819 1949 1103 2005 obsedisse
1116 1948 1394 2003 Pelusium
1414 1949 1662 2016 :janiqtte

72 2045 335 2100 exstructis
349 2043 650 2116 aggeribus
665 2044 782 2097 urbi
806 2041 1106 2110 capiendae,
1134 2041 1348 2096 venisse
1361 2039 1660 2093 Taracbam

78 2156 239 2209 regem
271 2139 607 2210 Etltittputtt
653 2141 704 2192 in
732 2140 994 2192 auxnlium
1024 2177 1041 2202 ,
1080 2148 1134 2191 et
1185 2150 1288 2189 una
1319 2145 1477 2188 nocte
1509 2133 1660 2204 juxta

71 2235 346 2291 Jerusalem
369 2244 601 2290 centum
630 2232 906 2299 octoginta
933 2230 1172 2301 quiaque
1191 2227 1360 2283 millia
1388 2227 1664 2282 exercitus

75 2329 254 2399 Assyrii
289 2327 610 2396 pestilentia
647 2327 953 2389 corruisse,
981 2337 1162 2380 narrat
1189 2322 1526 2389 lterodoms,
1557 2319 1583 2358 ι’
1608 2328 1667 2376 et

77 2421 367 2490 pit-nissime
411 2422 681 2482 Berosus.
731 2419 1036 2474 Cbahlaicae
1092 2419 1327 2487 scriptor
1383 2416 1660 2480 historiis,

75 2529 280 2581 quorum
312 2516 452 2570 ﬁdes
486 2513 558 2568 de
595 2512 833 2583 propriis
867 2512 1020 2567 libris
1043 2512 1272 2582 petenda
1296 2519 1398 2565 est.

132 2610 315 2682 (Vers.
352 2609 420 2664 14
445 2614 644 2678 seqq.)
675 2606 740 2662 Et
774 2607 890 2661 tulit
927 2605 1176 2660 Ezechias
1208 2604 1365 2658 libras
1397 2602 1462 2658 de
1489 2617 1654 2657 manu

77 2714 376 2768 nuntiorum,
405 2713 455 2758 et
487 2702 613 2773 legit
637 2716 722 2754 eos
750 2717 768 2755 :
796 2710 844 2753 et
867 2701 1098 2753 ascendit
1115 2699 1170 2752 in
1195 2698 1406 2751 domum
1427 2693 1661 2762 Domini,

71 2803 112 2847 et
133 2802 374 2866 expandit
407 2813 503 2852 eos
534 2810 710 2849 carent
739 2793 982 2856 Domino,
1011 2802 1058 2846 ei
1078 2791 1240 2844 aravit
1284 2792 1351 2844 ad
1385 2788 1666 2842 Dominum

72 2888 264 2944 dicens:
295 2888 550 2956 Domine,
583 2888 902 2942 exercituum
956 2885 1093 2938 Dens
1153 2882 1343 2946 Israel,
1393 2887 1477 2951 qui
1525 2882 1668 2934 sedes

71 2996 204 3052 super
238 2982 547 3046 Cltcrubim,
576 2992 633 3036 tu
662 2999 714 3036 es
763 2979 900 3035 Deus
941 2981 1086 3035 solus
1115 2980 1348 3033 omnium
1393 2993 1668 3050 regnarunt

72 3081 199 3128 terra:
231 3090 249 3129 :
283 3086 339 3129 tu
370 3081 518 3129 enim
548 3073 719 3144 fecisti
764 3075 946 3126 caelum
990 3082 1038 3125 et
1066 3083 1273 3125 terram.
1306 3067 1533 3134 Ιιιειοηα,
1561 3065 1672 3124 Da-

71 3166 216 3233 mine,
270 3183 466 3222 aurern
517 3178 660 3221 tuam
692 3177 740 3221 et
771 3165 897 3224 audi
947 3182 966 3220 :
1013 3166 1188 3230 aperi,
1220 3162 1462 3227 Domine,
1495 3161 1672 3216 oculos

1770 553 2006 611 Domine.
2037 553 2264 608 desertas
2297 559 2526 623 fecerunt
2565 572 2708 626 reges
2733 556 3062 627 Assyriorum
3094 569 3276 616 terras,
3321 563 3370 609 et

1767 647 2004 715 regiones
2054 662 2227 698 rarum
2271 657 2367 701 :ct
2408 647 2664 702 dederunt
2704 648 2828 703 deos
2856 664 3038 703 eorum
3081 648 3236 718 igni:
3267 662 3371 702 non

1767 737 1900 789 enim
1940 749 2086 790 erant
2113 739 2208 801 dii,
2261 742 2350 792 sed
2377 756 2536 810 opera
2565 756 2812 811 manuum
2842 738 3140 804 hominum,
3173 740 3372 812 lignum

1766 840 1810 882 et
1845 827 2050 899 lupidcs
2081 849 2100 886 :
2132 843 2179 886 et
2198 833 2616 888 comminuerunt
2639 849 2747 897 eos,
2773 835 2953 888 multis
2977 837 3240 907 probatur
3262 835 3376 890 ltis-

1767 926 1944 988 toriis,
1972 940 2094 995 quae
2122 926 2370 980 set-ibant
2396 943 2554 995 reges
2585 927 2873 983 Pet-sarum
2897 930 3111 982 \'enis.~e
3143 930 3195 982 in
3219 927 3374 984 Grat-

1765 1017 1930 1080 ciam,
1962 1032 2014 1072 ct
2047 1018 2385 1074 subvenisse
2413 1029 2578 1088 atque
2609 1020 2874 1088 spoliasse
2908 1021 3108 1089 templa
3141 1020 3370 1077 Grch-

1765 1124 1883 1163 rum
1912 1128 1924 1162 :
1960 1111 2333 1181 ultionemque
2381 1119 2641 1184 postulat,
2676 1125 2735 1170 ut
2778 1130 2882 1185 per
2906 1117 3253 1171 occasionem
3286 1115 3375 1175 sui

1765 1203 1946 1257 omnia
1988 1219 2152 1276 regna
2181 1215 2513 1276 cognoscant
2542 1209 2686 1276 quod
2737 1208 2888 1264 solus
2939 1209 3010 1264 sit
3064 1209 3228 1275 Deus,
3278 1210 3372 1280 qui

1763 1300 1939 1369 possit
1970 1314 2099 1353 suos
2125 1300 2193 1354 de
2214 1301 2538 1358 discrimine
2572 1302 2828 1359 liberare.

1837 1392 2111 1460 (γεγε-»21
2146 1394 2329 1466 seqq.)
2365 1394 2512 1449 Misit
2538 1408 2713 1450 autrm
2741 1396 2910 1452 Isaias
2938 1397 3052 1471 [AL
3084 1395 3285 1473 Iasius]
3308 1397 3374 1470 ﬁ-

1767 1483 1866 1536 lius
1907 1483 2064 1537 Amos
2089 1485 2156 1538 ad
2192 1484 2467 1540 lisse/tiam
2520 1490 2695 1542 dicens
2722 1505 2740 1542 :
2766 1487 2896 1544 Hice
2943 1491 3068 1544 dicit
3118 1489 3375 1556 Dominus

1767 1575 1906 1628 Deus
1938 1574 2151 1631 Israel:
2183 1595 2276 1646 pro
2320 1580 2504 1650 quibus
2544 1591 2739 1652 rogasti
2772 1598 2852 1635 me
2902 1582 2958 1635 d.
3019 1583 3378 1639 Sennuclterib

1765 1683 1884 1739 rege
1912 1670 2270 1739 Assyriorum,
2299 1669 2396 1724 hac
2416 1683 2492 1725 est
2523 1674 2733 1726 verbum
2755 1676 2895 1744 quod
2936 1672 3139 1729 locutus
3162 1685 3236 1730 est
3263 1673 3372 1728 Da-

1765 1761 1934 1814 minus
1958 1778 2118 1830 super
2143 1778 2260 1818 cum
2283 1779 2301 1816 :
2327 1763 2573 1834 Despexit
2605 1777 2652 1818 te
2679 1773 2724 1817 et
2763 1765 3094 1820 subsannavit
3145 1776 3192 1820 te
3235 1769 3380 1838 uirgo

1765 1852 1877 1922 [ilia
1907 1856 2038 1910 Sion
2065 1871 2084 1909 :
2130 1866 2245 1924 post
2283 1855 2390 1928 [AL
2429 1857 2724 1932 propterea]
2764 1871 2811 1914 te
2849 1869 3008 1928 caput
3059 1864 3213 1913 movit
3263 1860 3380 1930 filia

1763 1946 2076 2002 Jerusalem.
2113 1947 2212 2002 Cui
2241 1952 2587 2020 exprobrasti,
2618 1962 2666 2006 et
2689 1969 2840 2024 quem
2882 1952 3281 2026 blaspltrntasti,
3326 1963 3378 2010 et

1763 2059 1917 2114 super
1938 2060 2088 2114 quem
2115 2045 2356 2099 (πριιιιδιὶ
2386 2061 2558 2100 vacem
2584 2057 2746 2104 luam.
2778 2060 2826 2101 et
2850 2049 3026 2103 levasti
3046 2048 3376 2104 altitudinem

1763 2135 2029 2190 ocalarum
2058 2148 2279 2199 tuorum.
2311 2141 2380 2191 ad
2415 2139 2666 2194 Sanctum
2711 2140 2884 2196 Israel
2905 2145 2931 2197 .9
2960 2142 3029 2198 In
3061 2160 3219 2197 manu
3255 2159 3372 2198 ser-

1763 2241 1940 2280 varunt
1964 2239 2170 2282 tuarum
2192 2229 2516 2297 expi‘abrasti
2551 2231 2774 2286 Domino
2796 2246 2844 2287 et
2867 2237 3050 2289 dixisti
3079 2251 3098 2290 :
3131 2234 3196 2289 In
3236 2233 3376 2291 ntul-

1764 2317 1986 2372 titudine
2014 2320 2391 2394 quadrigarum
2423 2338 2651 2376 mearum
2681 2341 2777 2397 ego
2804 2328 3019 2380 escendi
3046 2326 3153 2399 [AL
3183 2343 3372 2384 ascen-

1764 2408 1906 2481 dant]
1941 2410 2266 2466 altitudinem
2298 2418 2572 2479 montium,
2597 2418 2733 2488 jnga
2783 2414 2986 2482 Libani,
3015 2427 3061 2470 et
3109 2420 3374 2474 succidam

1765 2507 1967 2558 excelsa
1994 2506 2266 2559 cedrontm
2303 2510 2440 2580 ejus,
2494 2517 2543 2560 et
2567 2509 2753 2563 electas
2783 2509 2976 2564 abicies
3017 2509 3180 2573 illius,
3209 2509 3373 2584 ‘63

1765 2607 1812 2651 et
1839 2598 2059 2651 intraiba
2089 2598 2422 2653 altitudinem
2451 2603 2765 2655 summitati.)
2788 2605 2903 2675 ejus
2931 2602 3120 2657 saltum
3145 2601 3375 2659 Carmeli

1766 2693 1896 2762 ejus.
1924 2689 2036 2765 Ego
2060 2694 2189 2759 fodi,
2223 2703 2269 2746 et
2290 2693 2386 2747 bibl
2417 2711 2610 2766 aquam
2633 2712 2651 2749 :
2678 2705 2726 2750 et
2757 2698 3007 2751 exsiccata
3039 2699 3248 2769 vestigio
3277 2713 3374 2772 pe-

1768 2783 1848 2837 dis
1875 2788 1969 2837 mei
1992 2801 2164 2840 omnes
2189 2790 2321 2848 rivos
2351 2804 2616 2861 aggerum.
2640 2788 2777 2859 Quia
2806 2800 2914 2844 tam
2943 2791 3204 2846 audacter
3234 2790 3374 2847 Eze-

1768 2874 1919 2929 chias
1949 2877 2234 2932 Dotninmn
2264 2884 2588 2949 deprecatus
2609 2892 2716 2946 est,
2750 2899 2849 2938 nec
2879 2883 3026 2938 misit
3052 2883 3120 2938 ad
3155 2884 3374 2953 Isaiam,

1773 2978 1830 3022 ut
1858 2970 2004 3032 prius
2036 2975 2277 3034 miserat,
2309 2990 2416 3028 non
2449 2976 2562 3043 ipse
2594 2974 2860 3044 Propheta
2892 2977 3067 3048 pergit
3108 2977 3178 3033 ad
3221 2993 3371 3045 eum,

1772 3063 1870 3116 sed
1892 3065 2052 3118 mittit
2086 3064 2307 3121 nuntios
2329 3069 2421 3136 qui
2453 3067 2504 3121 ei
2536 3067 2784 3123 dicerent
2813 3072 3000 3123 verbis
3022 3069 3118 3124 Dei
3153 3089 3167 3126 :
3197 3068 3375 3140 Super

1774 3154 2151 3211 Senuacherib
2177 3168 2367 3212 centra
2399 3175 2560 3227 quem
2596 3175 2789 3230 rogas,
2833 3160 3044 3215 Domini
3096 3163 3195 3217 ista
3247 3177 3372 3218 seu-

69 3269 184 3327 tuos,
210 3275 262 3319 et
309 3265 436 3319 uide
462 3304 478 3327 ,
512 3273 560 3316 et
606 3263 728 3315 audi
756 3265 931 3315 omnia
976 3262 1128 3315 verba
1169 3259 1518 3314 Sentiaclterib
1558 3271 1674 3328 qua!
1701 3263 1748 3328 ρ
1780 3251 1951 3304 lentia
1978 3261 2063 3305 est
2095 3269 2107 3306 :
2141 3250 2304 3321 Virgo
2334 3251 2489 3318 Sion,
2516 3263 2570 3306 et
2594 3252 2705 3306 lilia
2737 3252 3039 3308 JeruSalem
3071 3256 3219 3324 (qua:
3251 3256 3374 3314 ideo

72 3355 183 3408 misit
214 3359 288 3410 ad
315 3353 796 3421 blasphentandunt
848 3352 1014 3406 Deum
1042 3355 1306 3406 viventmt.
1338 3349 1502 3422 462
1541 3349 1668 3402 Vere

69 3450 194 3514 enim,
233 3447 498 3506 Domine,
531 3451 760 3501 desertas
785 3451 1017 3515 fecerunt
1040 3461 1181 3518 reges
1204 3445 1534 3515 Assyriorum
1569 3455 1670 3497 ter-

73 3553 138 3592 ras
163 3553 207 3595 et
240 3545 497 3612 regiones
521 3555 700 3593 earum
729 3554 748 3593 :
778 3548 825 3592 et
855 3540 1106 3592 dederunt
1135 3541 1259 3593 deos
1305 3554 1483 3592 earum
1510 3538 1620 3610 igni
1649 3553 1668 3590 :

72 3649 152 3688 non
184 3638 324 3690 enim
357 3647 517 3690 erant
558 3635 655 3697 dii,
689 3637 780 3688 sed
807 3650 967 3705 opera
995 3649 1240 3687 manuum
1267 3633 1552 3690 hominum.
1605 3633 1672 3686 li-

71 3743 203 3795 guunt
231 3739 276 3783 et
310 3730 570 3795 lapides;
598 3737 645 3780 et
683 3726 1101 3780 comminuerunt
1135 3743 1240 3780 eos.
1276 3725 1345 3779 Et
1391 3742 1529 3779 nunc
1557 3724 1665 3778 Da-

72 3823 187 3874 ntine
216 3821 362 3877 Deus
399 3831 600 3886 noster,
631 3820 773 3874 salva
797 3837 892 3873 nos
922 3817 988 3873 de
1011 3835 1169 3873 manu
1197 3823 1310 3892 ejus
1336 3837 1354 3873 :
1382 3828 1430 3873 et
1453 3835 1669 3891 (agnos-

75 3931 171 3969 cant
194 3919 372 3971 omnia
401 3932 570 3987 regna
592 3927 763 3974 teme.
796 3915 919 3983 quia
947 3925 1000 3966 tu
1031 3931 1082 3968 es
1109 3912 1244 3967 Deus
1269 3911 1432 3967 solus.
1464 3911 1665 3967 Contra

69 4012 428 4070 Sennaclterib
458 4015 608 4084 regis
641 4011 1012 4080 blaspltentias
1039 4007 1196 4062 solita
1231 4006 1492 4062 Elerbias
1514 4020 1666 4060 arma

70 4111 337 4178 Corripuit.
376 4108 736 4172 Rur~umque
775 4107 954 4174 pergit
979 4101 1045 4156 ad
1077 4101 1399 4171 Templum,
1447 4109 1503 4155 ct
1544 4099 1670 4168 Epi-

70 4203 220 4256 stolas
248 4203 371 4274 ejus
399 4200 674 4270 exitandit
701 4214 883 4254 coram
929 4204 1177 4251 nomino.
1213 4198 1370 4249 l’rius
1400 4203 1664 4260 tacuerat,

74 4307 165 4346 non
210 4297 358 4351 enim
417 4293 665 4350 audebat
718 4291 929 4346 Domini
987 4291 1184 4342 timore
1237 4293 1563 4356 perterritus
1616 4285 1668 4339 in

74 4385 288 4461 Templa
317 4406 418 4446 ora
469 4402 761 4449 reserare,
795 4400 897 4440 nec
943 4384 1143 4438 liberas
1171 4381 1236 4434 ad
1287 4381 1455 4434 Deum
1485 4394 1672 4448 preces

75 4479 304 4540 fundere.
338 4485 502 4541 Nunc
545 4493 729 4538 autem
761 4480 886 4552 quia
912 4479 1022 4548 jam
1054 4475 1303 4530 audierat
1353 4473 1543 4528 Isaiam
1585 4473 1670 4527 di-

74 4586 264 4632 centem
300 4596 314 4632 :
351 4578 442 4633 Ne
484 4579 674 4632 timeas
711 4592 744 4628 a
797 4575 930 4644 facie
970 4572 1234 4625 verborum
1275 4583 1392 4636 qua:
1435 4565 1666 4633 audisti,

76 4670 244 4736 quibus
273 4671 778 4742 blusphemaverunt
823 4664 970 4734 pueri
1012 4662 1148 4735 regis
1191 4663 1527 4732 Assyriorum
1571 4673 1672 4724 me,

77 4775 122 4817 et
143 4780 333 4823 caetera
366 4786 381 4822 :
412 4766 686 4822 audacter
718 4761 1004 4818 Dominum
1031 4762 1379 4828 deprecatur,
1407 4763 1465 4810 et
1492 4755 1671 4809 snluttt

81 4854 233 4915 Deum
265 4860 473 4917 asserit
501 4871 628 4916 esse
657 4855 929 4912 viventem
956 4869 970 4905 :
1003 4865 1123 4922 qua:
1151 4847 1297 4903 idola
1322 4845 1674 4917 intelligimus

138 5029 162 5057 ⁸
186 5023 240 5078 In
270 5039 382 5080 uno
411 5021 599 5076 Vatic.
630 5028 721 5077 est
750 5033 1015 5090 anengava
1040 5030 1059 5069 :
1089 5009 1534 5090 codices‘Gra'ci
1558 5013 1685 5067 ἀνα-

77 5096 316 5167 γονγάνα,
351 5109 720 5167 anagugana:
767 5083 955 5167 sicque
1004 5089 1133 5158 lrgit
1177 5083 1465 5167 Eusebius.
1508 5085 1685 5149 Atque

80 5159 321 5220 baut-retu
356 5159 512 5220 uud'e
543 5159 781 5236 probare
813 5159 1126 5236 luctitntem,
1173 5159 1216 5210 si
1251 5159 1686 5236 ilicet'et_tt_nagtt_-:

81 5251 215 5300 gara,
240 5240 328 5293 tibi
360 5228 610 5292 niaxima
636 5258 668 5291 υ
696 5234 748 5290 in
771 5258 798 5289 ν
820 5231 1123 5287 similitudo
1151 5228 1478 5295 exscriptori
1513 5228 1686 5278 lraudi

82 5319 189 5361 esse
217 5309 415 5376 potuit.
838 5376 848 5379 _
939 5375 970 5379 η
1091 5373 1135 5379 _
1398 5369 1409 5379 ⁸

139 5379 166 5419 δ
219 5367 492 5436 Ilerodoti
547 5380 615 5436 de
655 5375 1028 5437 Senaclteribo
1068 5367 1688 5451 (Egypltllll'iny-‘tdellle

85 5451 446 5524 Ifestimoniutn
500 5451 675 5524 habes
721 5451 1073 5524 lib.tl,_c:t_p_.
1124 5443 1245 5500 Ml.
1282 5443 1468 5524 Berosi
1500 5449 1681 5524 autem

83 5517 496 5580 (ΣΙιιοΙιΙ.νὶνθιἸ)ει
519 5523 796 5590 Jusepltus
817 5511 996 5573 laudat
1015 5511 1108 5572 [:b.
1130 5533 1160 5570 ι
1184 5512 1451 5590 Antiquit.
1479 5526 1599 5575 cap.
1630 5511 1682 5574 1,

86 5606 129 5664 ης
158 5593 207 5646 4.
237 5612 357 5664 qna-
389 5599 474 5650 sic
511 5584 702 5649 Latine
731 5609 791 5648 se
824 5593 1022 5646 habent
1054 5609 1088 5664 :_
1102 5584 1484 5664 Senacliertbns
1515 5597 1687 5664 autem

86 5662 138 5715 ab
166 5661 493 5737 .‘Eggptiaco
521 5663 656 5720 belo
694 5673 977 5730 revertens,
1009 5661 1225 5727 offendit
1257 5661 1328 5712 ibi
1377 5661 1682 5737 «aeratam,

85 5750 218 5801 quem
238 5727 333 5791 iii»
381 5737 639 5809 Rapsacts
670 5737 888 5806 imperia
924 5727 1231 5804 reliquerat,
1273 5739 1412 5801 peste
1440 5727 1686 5809 divinitus

85 5800 301 5862 immissa
333 5800 596 5868 deletum.
628 5800 792 5878 prima
820 5823 987 5880 nocte,
1025 5800 1356 5880 posteaquam
1389 5800 1566 5880 urbem
1595 5813 1686 5878 op-

86 5891 308 5950 pugnare
358 5867 638 5951 caiperat,
669 5879 954 5948 absumptis
977 5867 1117 5932 cum
1146 5867 1362 5932 ducibus
1384 5882 1436 5927 et
1467 5867 1687 5926 tribunis

1772 3347 1924 3415 virgo
1951 3346 2258 3413 appellatur
2287 3357 2342 3400 et
2369 3347 2502 3410 lilia,
2530 3346 2654 3415 quia
2684 3352 2900 3402 cunctis
2929 3349 3184 3419 gentibus
3209 3355 3378 3406 sintu-

1773 3439 1918 3494 larra
1965 3439 2321 3495 atiuratittbus
2365 3443 2645 3496 hominum
2693 3452 3056 3510 mortuorum,
3089 3444 3207 3500 haec
3256 3444 3374 3498 sola

1771 3544 2061 3588 conerrvet
2090 3531 2398 3588 eastitatem
2426 3535 2710 3606 religionis
2739 3534 2857 3601 Dei,
2895 3548 2949 3590 et
2995 3537 3152 3592 unius
3180 3535 3380 3592 divini-

1775 3637 1900 3680 tatis
1930 3630 2159 3700 cultum)
2188 3630 2538 3684 subsannavit
2571 3642 2624 3684 te
2654 3641 2820 3702 atque
2848 3631 3136 3703 deSpexit;
3166 3644 3220 3688 et
3254 3648 3376 3705 quia:

1771 3737 1840 3777 ne
1863 3721 1928 3777 ad
1958 3722 2219 3792 majoi'em
2250 3735 2302 3780 te
2327 3723 2716 3794 blasphemiam
2743 3726 3070 3790 concitaret,
3111 3728 3366 3796 praesenti

1770 3832 1878 3872 non
1909 3817 2284 3887 responderat,
2322 3827 2443 3889 post
2468 3819 2762 3876 abt‘ulllt'lll
2798 3821 2967 3876 movit
2995 3830 3159 3892 caput
3188 3838 3376 3890 suum,

1769 3925 1850 3966 cei
1867 3921 1915 3964 ta
1948 3917 2014 3966 ue
2040 3913 2270 3975 ultione,
2294 3926 2484 3968 secura
2509 3916 2578 3970 tle
2606 3930 2784 3982 ttBllzl.
2812 3915 2879 3971 Et
2909 3915 3025 3971 huic
3048 3916 3231 3972 locuta
3255 3925 3372 3973 est:

1769 4003 1885 4059 Non
1937 4016 2127 4061 Cttllll‘a
2176 4022 2283 4066 me.
2317 4007 2414 4062 sed
2463 4016 2649 4064 t'Ontt-u
2702 4009 2992 4064 Dominum
3027 4010 3375 4080 superbisti:

1771 4113 1870 4154 nec
1893 4099 2011 4164 ipse
2045 4115 2140 4168 per
2171 4110 2250 4164 te,
2274 4100 2372 4156 sed
2413 4117 2509 4169 per
2533 4116 2728 4156 servos
2751 4112 2876 4156 tuos
2898 4141 2913 4164 ,
2944 4109 3003 4156 ut
3031 4118 3098 4154 ιιι.
3116 4101 3206 4172 jor
3234 4109 3384 4158 esset

1772 4197 2084 4265 arrogantia
2121 4206 2142 4234 ο
2172 4195 2626 4264 blasplietnantis.
2680 4192 2872 4249 Dixisﬁ
2928 4195 3073 4249 enim
3130 4193 3274 4261 quod
3325 4193 3378 4250 iu

1773 4288 2158 4356 quadrigarum
2203 4300 2419 4342 tuarum
2453 4285 2804 4342 tnultiludiue
2832 4286 3164 4342 ascenderes
3192 4287 3382 4341 altitu-

1774 4376 1956 4432 dinem
1987 4379 2275 4444 ntomimn,
2303 4377 2505 4448 etjuga
2539 4378 2753 4449 Libani,
2799 4390 2850 4435 et
2903 4379 3156 4436 excelsas
3204 4380 3385 4434 succi-

1774 4468 1938 4524 deres
1965 4471 2161 4524 t-etlros
2184 4483 2345 4540 atque
2375 4473 2584 4525 abietes
2616 4467 2782 4526 illius.
2811 4471 2966 4539 Quod
3000 4473 3090 4526 vel
3120 4472 3188 4526 de.
3217 4487 3384 4527 cunc-

1779 4559 1845 4614 tis
1875 4560 2129 4629 gentibus
2157 4568 2507 4636 μεταφορικῶς
2548 4561 3000 4632 principibusque
3045 4579 3236 4618 earum
3283 4564 3382 4618 de-

1703 4659 1756 4721 D
1781 4657 1974 4713 bemus
2014 4654 2286 4725 accipere,
2322 4655 2406 4708 vel
2450 4656 2518 4709 de
2543 4653 2871 4713 Jerusalem.
2904 4671 3029 4725 qum
3059 4657 3386 4726 interpreta-

1783 4760 1870 4806 tur
1902 4750 2160 4818 Libanus,
2193 4761 2250 4804 ut
2277 4750 2474 4805 cetlros
2500 4751 2624 4820 ejus
2647 4761 2814 4818 atque
2840 4750 3050 4807 abicies
3089 4753 3156 4806 ad
3191 4761 3386 4821 poten-

1787 4853 1868 4900 tes
1907 4859 2152 4916 quosqtte
2177 4852 2236 4900 et
2261 4850 2556 4916 optimates
2582 4861 2596 4899 :
2625 4842 2969 4900 altitudinem
3002 4859 3135 4900 vero
3162 4844 3388 4903 summi-

1786 5023 1990 5065 centum
2019 5013 2278 5080 octoginta
2307 5009 2530 5080 quinque
2561 5007 2790 5064 millibus
2825 5008 3068 5064 militum.
3098 5009 3212 5076 Qua
3240 5007 3389 5067 clade

1788 5087 2017 5143 territus,
2049 5097 2092 5132 et
2109 5087 2171 5134 αμ
2197 5083 2409 5148 reliquis
2434 5085 2595 5152 copiis
2623 5081 2900 5147 sollicrlus,
2927 5082 3165 5137 maximis
3195 5084 3390 5138 itineri-

1789 5153 1881 5206 bus
1905 5155 1956 5206 in
1988 5169 2207 5226 regnum
2233 5170 2380 5207 suum
2413 5154 2677 5207 contendit
2709 5153 2778 5206 ad
2807 5170 2998 5224 regium
3022 5196 3036 5218 ,
3068 5169 3186 5226 qua:
3215 5154 3390 5210 Ninus

1789 5225 1994 5278 dicitur.
2041 5223 2138 5278 Ubi
2170 5227 2327 5297 paulo
2374 5236 2486 5294 post
2537 5242 2627 5297 per
2669 5226 2888 5280 insidias
2914 5223 3176 5280 seniorum
3207 5244 3235 5280 e
3259 5226 3388 5295 ﬁliis

1785 5298 1894 5350 suis
1916 5337 1932 5361 ,
1964 5295 2325 5349 Adruntelechi
2346 5308 2391 5348 et
2415 5295 2716 5361 Selennari,
2753 5300 2909 5351 vitam
2947 5297 3120 5350 amisit
3140 5338 3154 5360 ,
3188 5298 3388 5350 accisus

1787 5378 1835 5421 et
1856 5369 1908 5420 in
1928 5369 2040 5434 ipsa
2060 5369 2293 5439 sepultus
2320 5371 2513 5439 templo
2539 5368 2738 5423 Arasci.
2774 5386 2924 5438 quem
2957 5371 3218 5439 pra'cipuo
3242 5365 3390 5439 cultu

1789 5439 2124 5511 dignabatur.
2161 5437 2355 5504 Quibus
2381 5437 2442 5492 ob
2471 5437 2810 5505 parricidium
2831 5457 2864 5511 _a
2897 5437 3233 5511 popularibus
3265 5438 3388 5511 pul-

1786 5507 1880 5572 sis,
1908 5525 1954 5562 et
1982 5511 2036 5562 in
2080 5511 2373 5561 Armeniam
2414 5511 2777 5578 fugientibus,
2806 5507 3193 5578 Assaracltodas
3223 5509 3392 5562 minor

1789 5583 1929 5655 ﬁlius
1961 5581 2013 5634 in
2037 5576 2544 5655 rognum_surcess'_t.
2573 5579 2737 5655 Atque
2759 5576 2843 5631 hic
2873 5579 2971 5646 [uit
3001 5577 3152 5655 hujus
3179 5580 3392 5649 apodi-

1788 5648 1942 5708 tionis
1992 5648 2172 5706 exitiis.
2230 5651 2433 5706 Cottl'er
2480 5648 2761 5707 Ussei-iutu
2810 5664 3025 5719 qttoque
3067 5648 3141 5702 ad
3183 5648 3390 5709 anitum

1789 5727 1974 5779 mundi
2004 5722 2148 5778 4004

1867 5805 1890 5835 ε
1934 5800 2174 5868 teat-rat
2202 5795 2331 5868 olim
2364 5793 2646 5863 Rabanus,
2673 5802 2730 5850 ut
2757 5794 2926 5868 major
2971 5800 3105 5848 esset
3129 5807 3388 5867 arrcgun.

1791 5868 1884 5937 tia,
1916 5865 2200 5926 Dominum
2229 5867 2620 5940 blasphemas“.
