3932 6338
644 283 751 353 387
1892 292 1952 349 s.
1997 278 2269 350 unseen
2308 276 2697 349 arenosum
3804 286 3877 358 tu

637 415 765 470 tatis
787 411 928 467 illius
943 410 1254 481 saltumque
1268 407 1507 467 Carmeli
1526 407 1827 465 referamus
1848 408 1914 465 ad
1934 408 2237 481 Templum.
2268 406 2325 471 Α
2349 405 2415 463 In
2441 408 2588 478 freno
2610 416 2658 464 et
2683 408 2868 463 rhamo
2895 406 3138 465 maxillas
3168 422 3347 466 eorum
3377 408 3686 486 constringe,
3710 415 3783 486 qui
3805 432 3875 472 non

635 503 757 573 Ipse
784 503 929 558 enim
962 515 1123 573 supra
1153 502 1370 558 dixerat
1400 520 1413 558 :
1444 500 1718 575 Numquid
1744 519 1847 559 non
1886 502 2080 559 audisti
2119 518 2237 574 qua:
2342 498 2763 572 appropinquant
2790 500 2882 558 tibi
2909 500 3030 577 (Ps.
3065 515 3221 569 xxxx,
3256 500 3368 577 l2).

634 598 865 668 fecerunt
894 610 1039 671 reges
1085 596 1420 669 Assyriorum
1447 595 1682 651 omnibus
1712 597 1895 664 terris,
1940 612 2068 666 quas
2114 595 2237 650 sub-
2412 593 2595 665 (Vers.
2617 592 2686 650 50
2710 590 2893 667 seqq.)
2914 590 3028 650 Tibi
3043 607 3215 653 autem
3230 595 3329 652 hoc
3353 596 3453 653 erit
3470 599 3699 671 signum:
3717 596 3876 659 Corruit

634 686 930 744 verterunt?
954 702 1086 759 ergo
1119 704 1217 745 nec
1248 696 1303 744 tu
1336 689 1539 759 poteris
1567 688 1816 745 liberari.
1861 688 2124 760 Quodque
2153 687 2237 744 in-
2339 683 2438 739 hoc
2462 681 2625 759 ωδ
2651 700 2787 741 anno
2812 701 2928 757 ante
2957 698 3138 759 sponte
3166 701 3485 756 noscuntur,
3515 696 3564 746 et
3594 690 3645 746 in
3690 706 3802 749 anno
3824 708 3877 750 tt-

630 780 781 837 fert:
814 776 931 855 Ego
980 780 1094 853 fodi
1122 789 1172 837 et
1219 778 1325 836 bibi
1374 795 1581 852 aquam,
1628 788 1677 836 et
1722 781 1977 837 exsiccavi
2020 780 2230 853 vestigio
2338 778 2511 831 eundo
2540 779 2707 848 pomis
2752 793 2985 836 vescere:
3018 781 3070 836 in
3094 794 3234 836 anno
3256 790 3426 837 autem
3468 780 3618 839 tertio
3663 782 3876 852 seminus,

630 871 777 946 pedis
801 874 902 928 mei
927 887 1105 929 omnes
1132 872 1269 928 rivos
1295 888 1568 947 aggerum,
1612 872 1765 944 juxta
1813 870 2098 928 historiam
2132 871 2233 928 hoc
2338 880 2384 925 et
2417 872 2618 940 metite,
2651 880 2698 928 et
2748 872 2981 943 plantate
3007 875 3213 941 uineas,
3254 885 3301 930 et
3330 875 3583 932 comedlte
3608 874 3803 948 fructum
3822 892 3880 933 es-

628 962 867 1037 intelligl
914 971 1117 1038 potest,
1170 966 1316 1037 quod
1370 982 1480 1037 pra:
1539 964 1886 1022 multitudine
1938 966 2231 1033 erercitus,
2336 974 2470 1017 runt.
2502 958 2569 1017 Et
2598 964 2763 1019 mittet
2798 964 2853 1020 id
2878 968 3014 1036 quod
3044 966 3297 1023 salivatum
3322 970 3481 1040 fuerit
3508 969 3575 1023 de
3596 964 3739 1023 domo
3759 966 3877 1035 ista,

628 1058 813 1117 omnia
845 1058 1046 1116 ﬂuenta
1073 1059 1458 1127 exsiccaverit,
1491 1066 1548 1114 ut
1586 1063 1784 1131 puteos
1814 1058 1915 1116 sibi
1946 1057 2137 1114 fodere
2163 1059 2235 1114 sit
2336 1060 2383 1108 et
2411 1053 2548 1122 quod
2579 1056 2831 1127 reliquum
2858 1069 2955 1125 est,
2984 1058 3210 1113 radicem
3255 1045 3531 1123 deorsum,
3558 1068 3606 1114 et
3627 1058 3763 1133 faciet
3781 1062 3883 1134 {ruc-

628 1151 966 1222 compulsus.
994 1148 1154 1209 Juxta
1180 1150 1596 1213 translationem
1626 1164 1639 1204 :
1674 1148 1815 1220 quod
1846 1162 2039 1206 omnes
2065 1164 2232 1222 popu-
2336 1153 2446 1200 tum
2473 1160 2676 1202 sursum
2704 1192 2718 1216 ,
2765 1148 2887 1221 quia
2932 1148 2997 1204 de
3029 1148 3325 1207 Jerusalem
3368 1149 3581 1207 exibunt
3610 1150 3829 1222 reliquie,
3850 1166 3881 1208 tt

628 1243 734 1309 los,
769 1244 862 1313 qui
909 1244 1182 1300 interdum
1213 1241 1317 1299 sub
1349 1254 1615 1313 aquarum
1660 1240 1876 1297 nomina
1910 1240 2233 1297 describun—
2335 1239 2552 1294 saluatio
2582 1240 2649 1296 de
2673 1250 2841 1297 monte
2882 1242 3037 1299 Sion.
3083 1240 3241 1299 Zelus
3277 1240 3485 1300 Domini
3514 1244 3804 1302 exercituum
3826 1247 3884 1316 [s-

628 1344 738 1404 tnr,
774 1352 874 1393 suo
903 1337 1201 1396 vastaverit
1234 1339 1503 1394 exercitu.
1538 1332 1648 1392 Pro
1691 1349 1799 1407 quo
1844 1333 1951 1391 soli
1998 1334 2233 1406 Septna-
2336 1333 2433 1387 ciet
2467 1332 2627 1388 istud.
2657 1336 2845 1390 Omnia
2876 1334 2995 1392 htec
3022 1334 3299 1409 Pmpheta
3334 1353 3432 1410 per
3466 1340 3764 1397 nuntiosatl
3788 1340 3884 1398 Ete-

628 1428 783 1503 ginla
811 1431 1229 1496 transtulerunt,
1274 1436 1324 1485 et
1358 1429 1507 1499 posui
1549 1436 1756 1499 pontem
1806 1426 1914 1499 [ΑΙ.
1947 1435 2227 1497 potentem,
2335 1420 2514 1479 Chiam
2548 1426 2819 1497 loquitur,
2853 1428 2981 1498 quid
3027 1428 3410 1486 Sentiacliertb
3452 1429 3681 1497 dixerit,
3725 1431 3828 1502 quid
3850 1434 3885 1488 ei

624 1522 712 1579 vel
744 1520 1088 1595 potestatem],
1114 1532 1160 1577 et
1189 1521 1418 1577 desertas
1457 1519 1556 1591 feci
1585 1534 1772 1592 aquas,
1800 1520 1847 1574 et
1875 1531 2075 1574 omnem
2103 1534 2229 1573 con-
2334 1514 2596 1574 Dominus
2650 1520 2996 1591 responderit
3026 1539 3040 1579 :
3099 1535 3242 1580 nunc
3282 1524 3348 1580 ad
3402 1526 3580 1596 ipsum
3634 1538 3885 1583 scrutariam

624 1616 975 1689 gregationem
1006 1626 1260 1685 aquarum
1284 1628 1303 1669 :
1329 1610 1477 1685 quod
1526 1612 1738 1668 scilicet
1768 1610 1915 1668 nulla
1958 1612 2060 1668 sibi
2094 1626 2227 1683 gens
2333 1606 2481 1678 facit,
2517 1627 2584 1668 ne
2614 1614 2837 1693 forsitan
2867 1615 3077 1673 dubitet
3110 1626 3340 1672 ventura
3370 1630 3494 1689 qutt-
3524 1614 3672 1675 dlcts
3700 1628 3821 1676 sunt.
3842 1618 3888 1674 Et

613 1706 760 1766 invia
794 1709 979 1773 fuerit,
1008 1708 1107 1765 sed
1136 1722 1302 1780 super
1339 1716 1531 1764 omnes
1563 1704 1891 1779 populorum
1924 1720 2093 1777 aquas
2124 1718 2226 1762 suo
2334 1702 2540 1760 idcirco
2567 1706 2650 1761 vel
2684 1708 2917 1763 maxime
2948 1707 3240 1779 Propheta!
3277 1711 3419 1782 apud
3446 1710 3706 1783 populum
3731 1725 3887 1767 sermo-

618 1800 920 1867 calcaverit
955 1800 1120 1872 pede.
2262 1800 2312 1864 B
2338 1813 2465 1856 unm
2514 1815 2737 1858 suorum
2795 1801 3073 1861 habebant
3121 1805 3282 1861 iidem
3309 1822 3323 1861 :
3355 1804 3482 1877 quia
3513 1820 3625 1863 non
3654 1808 3809 1863 solum
3840 1805 3888 1861 de

697 1895 884 1970 (Vers.
912 1895 984 1952 26
1014 1897 1204 1969 seqq.)‘
1232 1891 1507 1967 Numquid
1549 1908 1653 1950 non
1702 1892 1900 1949 audisti
1949 1906 2066 1964 guto
2107 1888 2231 1947 olim
2334 1894 2420 1951 liis
2447 1908 2567 1968 quae
2596 1896 2762 1952 multa
2794 1904 2917 1970 post
2962 1899 3162 1954 saecula
3196 1896 3379 1955 futura
3408 1907 3603 1967 erant,
3650 1899 3739 1956 sed
3765 1899 3885 1954 etiam

617 1986 833 2059 fecerim
881 1989 968 2043 ei?
997 2002 1060 2043 ex
1114 1986 1296 2042 άιριηιε
1339 1987 1570 2058 antiquis
1624 2002 1717 2059 ego
1766 1985 2019 2057 plasmavi
2070 1983 2229 2050 illud,
2332 2002 2454 2059 quae
2504 1988 2556 2043 in
2606 1991 2955 2059 continenti,
2988 1999 3044 2048 et
3086 1997 3212 2065 post
3261 2003 3370 2048 non
3417 1991 3631 2064 grande
3676 1992 3889 2064 temporis

616 2076 844 2153 met
864 2096 1002 2135 nunc
1027 2077 1229 2135 adduxi
1255 2095 1363 2147 eos,
1388 2090 1434 2135 et
1449 2079 1644 2150 factum
1668 2078 1813 2134 estin
1832 2076 2231 2132 eradicationctn
2331 2082 2565 2151 spatium
2595 2091 2782 2139 essent
2806 2082 3104 2155 implenda.
3135 2085 3519 2142 memorabant
3544 2098 3559 2139 ε
3594 2088 3653 2140 et
3674 2084 3800 2156 quod
3833 2084 3889 2139 la-

615 2171 837 2231 collium
867 2174 1347 2248 compugnandum,
1382 2187 1428 2231 et
1454 2174 1722 2229 civitatum
1750 2175 2087 2228 munitorum.
2118 2169 2230 2227 Ha-
2333 2180 2412 2229 tra
2434 2172 2732 2240 biennium,
2754 2182 2809 2229 et
2828 2190 2921 2231 rex
2952 2175 3210 2249 Assyrius
3239 2177 3510 2247 interiret,
3546 2186 3604 2233 et
3631 2177 3746 2233 urbi
3771 2176 3888 2233 leru-

610 2264 857 2324 (titatores
880 2284 1061 2323 earum
1088 2268 1317 2323 oreoiata
1344 2282 1499 2323 manu
1521 2310 1535 2333 ,
1564 2272 2010 2331 contremuerunt,
2035 2271 2087 2321 et
2106 2281 2231 2319 con-
2330 2267 2501 2323 salem
2524 2270 2788 2324 securitas
2811 2269 3158 2326 redderetur.
3192 2270 3309 2325 Hoc
3337 2270 3462 2339 erit,
3495 2268 3694 2343 inquit,
3719 2271 3887 2343 signum

608 2362 717 2437 fusi
743 2369 863 2417 sunt
890 2362 1057 2433 :[acti
1083 2372 1202 2417 sunt
1233 2360 1368 2416 sicut
1394 2364 1573 2433 fenum
1599 2362 1744 2434 agri,
1789 2371 1838 2415 et
1861 2372 2076 2430 gramen
2108 2372 2231 2428 ραι·
2330 2373 2517 2417 eorum
2572 2377 2692 2432 qum
2745 2358 2925 2418 futura
2980 2364 3312 2432 praenuntia,
3369 2360 3519 2436 quod
3567 2352 3673 2420 hoc
3700 2372 3889 2419 annuet

608 2470 741 2522 sua,
766 2464 816 2510 et
836 2453 995 2511 herba
1024 2464 1407 2525 tectorumque:
1428 2455 1633 2509 exaruit
1672 2463 1949 2524 antequam
1976 2462 2230 2506 matures-
2328 2452 2618 2519 comedas,
2652 2468 2773 2525 quae
2812 2465 3011 2524 Sponte
3051 2466 3374 2512 nascuntur.
3412 2459 3538 2513 Sive
3583 2457 3734 2528 juxta
3782 2454 3891 2512 LXX

602 2559 757 2604 ceret.
806 2545 1203 2603 ‘Habitationem
1255 2556 1430 2613 tuam,
1490 2552 1543 2600 et
1605 2560 1869 2618 egressum
1929 2552 2116 2612 tuum,
2175 2552 2227 2599 et
2327 2556 2445 2616 om:
2469 2547 2614 2614 prius
2652 2560 2880 2602 severas.
2910 2549 3069 2602 Anno
3094 2555 3281 2604 autem
3308 2548 3565 2613 secundo,
3590 2550 3746 2619 juxta
3769 2550 3891 2621 Sym-

614 2642 888 2698 introitum
921 2652 1065 2695 tuum
1097 2641 1343 2711 cognovi,
1376 2648 1423 2694 et
1450 2639 1712 2694 insaniam
1736 2647 1878 2693 tuam
1905 2644 2085 2693 contra
2112 2648 2223 2702 me,
2328 2636 2603 2706 machum,
2637 2642 2802 2711 pomis
2829 2654 3028 2695 vescere
3051 2654 3072 2696 :
3104 2643 3220 2696 sive
3251 2641 3407 2712 juxta
3434 2641 3681 2705 eosdem.
3706 2654 3822 2713 qua
3845 2639 3893 2695 de

615 2749 735 2790 cum
775 2734 973 2806 fureret
1012 2732 1289 2787 aduersum
1325 2746 1425 2788 me.
1462 2726 1723 2802 Superbia
1774 2739 1864 2785 tuo
1901 2730 2131 2785 ascendit
2169 2729 2225 2783 in
2328 2729 2621 2798 praeteritis
2653 2732 2928 2803 segetibus
2952 2774 2967 2800 ,
3000 2740 3054 2788 et
3084 2732 3321 2790 cadente
3348 2734 3401 2790 in
3447 2743 3654 2791 terram
3682 2734 3887 2796 semine.
3930 2742 3932 2749 '

608 2842 765 2883 aures
795 2840 937 2881 meas
959 2869 974 2895 ,
1006 2840 1197 2896 ponam
1230 2840 1352 2895 ergo
1378 2822 1630 2878 circulum
1671 2822 1726 2878 in
1755 2821 1969 2877 naribus
1998 2823 2098 2876 tuis
2123 2863 2136 2887 ,
2180 2830 2227 2875 et
2329 2823 2733 2894 pullularerint.
2769 2822 2836 2880 In
2859 2840 3001 2882 anno
3019 2836 3191 2883 autent
3228 2830 3397 2895 tertio,
3429 2827 3619 2901 fugato
3638 2830 3747 2901 jam
3768 2830 3893 2899 Assy-
3930 2836 3932 2901 ε

607 2920 820 2992 frenum
843 2920 897 2972 in
929 2894 1079 2973 laniis
1107 2917 1213 2973 tuis
1236 2931 1256 2972 :
1287 2894 1332 2971 et
1364 2916 1604 2970 reducam
1631 2914 1759 2970 tein
1787 2916 1923 2969 ciant
1948 2920 2041 2985 per
2070 2913 2223 2985 quam
2325 2915 2411 2969 rio
2437 2924 2491 2969 et
2518 2917 2806 2973 obsidione
2832 2918 3030 2984 laxata,
3064 2920 3329 2987 seminare,
3362 2894 3409 2975 et
3446 2894 3656 2989 triente,
3693 2932 3738 2978 et

605 3012 812 3069 venisti.
847 3010 977 3069 Hart:
1005 3026 1069 3069 ex
1096 3025 1329 3084 persona
1356 3010 1451 3067 Dei
1475 3021 1663 3066 contra
1694 3010 1858 3065 verba
1876 3008 2084 3080 Assyrii
2104 3023 2224 3063 sen-
2326 3016 2431 3064 tote
2452 3011 2647 3077 cineas,
2673 3019 2722 3066 et
2747 3014 2945 3084 fructus
2974 3026 3155 3069 earum
3181 3016 3449 3071 comedite.
3483 3016 3768 3089 siquidem
3796 3028 3891 3086 par-

608 3108 794 3165 tienda
824 3116 983 3173 sunt,
1025 3107 1170 3180 quod
1207 3106 1275 3161 ad
1306 3102 1699 3176 blaSphemiam
1737 3105 1856 3173 ejus
1886 3102 1965 3158 sic
1995 3116 2220 3171 respon-
2325 3112 2407 3155 rte
2446 3102 2599 3156 urbis
2629 3102 2789 3174 huius
2813 3105 3081 3175 reliquiae,
3111 3116 3232 3178 quae
3260 3098 3409 3175 nunc
3438 3109 3638 3165 hostili
3667 3109 3891 3163 vallantur
3930 3150 3932 3157 .

600 3198 745 3258 derit
771 3198 1074 3259 Dominus:
1116 3197 1255 3255 Num
1286 3197 1505 3280 ignoras
1534 3196 1677 3268 quod
1708 3196 1820 3251 haec
1850 3210 1972 3266 quin
2012 3193 2217 3262 fecisti,
2243 3190 2292 3256 C
2322 3195 2584 3264 exercito,
2618 3205 2673 3252 et
2703 3208 2964 3254 evasurus
2992 3210 3055 3257 se
3098 3212 3222 3258 esse
3268 3214 3374 3258 non
3424 3182 3699 3268 credunt,
3725 3212 3889 3259 tamen
3930 3252 3932 3255 ,

596 3304 719 3351 mea
750 3292 949 3350 feceris
976 3294 1277 3357 voluntate,
1305 3302 1362 3349 et
1380 3307 1481 3362 ego
1506 3289 1622 3347 iure
1642 3289 1819 3345 futura
1844 3288 2215 3359 prasdixerim,
2323 3288 2600 3359 recipient
2654 3304 2837 3347 rerum
2892 3294 3134 3348 omnium
3183 3293 3579 3351 abundantiam
3613 3312 3678 3353 ac
3702 3296 3888 3351 lelicita-
3930 3316 3932 3321 -

603 3400 669 3445 ac
702 3405 800 3461 per
826 3394 879 3445 te
930 3386 1174 3445 facienda
1222 3385 1630 3443 mandaverim?
1672 3384 1858 3455 itaque
1895 3384 2039 3456 quod
2082 3383 2212 3439 olim
2318 3387 2452 3449 tem,
2486 3392 2544 3437 ut
2581 3383 2754 3439 instar
2808 3386 3027 3440 arboris
3074 3386 3183 3442 alta
3238 3388 3425 3444 radice
3477 3390 3723 3447 fundato
3749 3387 3890 3460 ponis

595 3482 841 3547 decrevi,
874 3481 977 3538 hoc
1001 3482 1279 3553 expletam
1306 3487 1392 3536 est
1414 3488 1684 3549 tempore,
1719 3487 1776 3531 ut
1804 3478 1974 3533 colles
1997 3518 2011 3542 ,
2046 3475 2098 3530 id
2131 3485 2213 3531 est
2316 3475 2659 3533 densissimis
2687 3478 3039 3549 impleantur.
3074 3479 3152 3536 De
3195 3479 3510 3540 Jerusalem
3531 3485 3716 3550 enim,
3755 3491 3807 3539 et
3840 3479 3888 3535 tie

604 3572 880 3644 principes
922 3573 1015 3647 qui
1069 3574 1215 3629 inter
1241 3587 1301 3626 se
1330 3581 1455 3626 ante
1484 3571 1831 3642 pugnabant,
1863 3576 1919 3623 et
1959 3567 2213 3624 civitates
2315 3580 2500 3627 monte
2534 3574 2668 3628 Sion
2697 3573 3052 3644 egrediuntur
3079 3574 3349 3646 reliquias,
3374 3586 3429 3632 et
3476 3579 3785 3650 implebunt
3808 3585 3889 3633 ια·

602 3664 1010 3729 munitissimus,
1062 3678 1151 3719 me
1196 3662 1556 3717 contraliente
1596 3672 1818 3716 manum
1862 3672 2059 3725 meam,
2107 3672 2211 3714 nec
2311 3676 2427 3719 ram
2451 3664 2719 3734 Iudaeam,
2755 3682 2865 3723 non
2889 3678 2988 3723 suo
3015 3668 3237 3737 merito,
3269 3671 3365 3727 sed
3395 3671 3883 3735 Delmlserlcordit.

609 3756 833 3813 solitum
866 3757 1145 3829 praebente
1164 3758 1448 3823 auxilium,
1480 3755 1893 3811 eradirarentur
1912 3762 1966 3809 et
1988 3761 2212 3809 contre-
2308 3757 2477 3813 immo
2499 3759 2620 3814 zelo
2649 3762 2795 3832 quod
2820 3761 3088 3819 adversus
3137 3764 3336 3836 impios
3382 3765 3601 3825 uelatus
3642 3772 3727 3825 est
3754 3774 3888 3839 popu-

592 3854 913 3922 miscerent,
946 3867 1013 3909 ac
1043 3851 1294 3924 perirent
1320 3868 1332 3904 :
1364 3860 1416 3907 et
1446 3857 1923 3915 compararentur,
1964 3862 2072 3903 non
2104 3848 2207 3903 oli-
2306 3850 2417 3905 lum
2449 3864 2632 3908 suum.

587 3964 671 4006 vae
704 3956 758 4005 et
805 3948 1008 4015 vineae,
1045 3943 1453 4015 fructuosisque
1493 3944 1819 4008 arboribus,
1867 3941 1965 3997 sed
1997 3941 2123 3998 feno
2147 3949 2204 3998 et
2378 3942 2560 4015 (Vers.
2596 3946 2686 4013 33,
2716 3945 2840 4019 54.)
2871 3946 3163 4017 Propterea
3212 3950 3323 4005 lucc
3364 3950 3496 4006 dicit
3554 3950 3816 4008 Dominus
3843 3949 3889 4004 de

587 4042 843 4117 gramini,
875 4039 1172 4111 herbisque
1203 4038 1508 4105 domatum,
1541 4050 1663 4110 qua:
1693 4037 1944 4109 frugibus
1972 4036 2203 4107 impedi-
2300 4050 2420 4108 rege
2449 4038 2810 4111 Assyriorum.
2843 4038 2969 4096 Non
2997 4043 3233 4099 introibit
3256 4046 3519 4102 civitatem
3541 4044 3707 4115 hanc,
3735 4057 3785 4104 et
3808 4060 3888 4101 non

593 4144 782 4192 mento
809 4143 937 4189 sunt
964 4141 1018 4189 et
1049 4144 1181 4189 ante
1218 4139 1592 4197 marcescunt,
1626 4145 1789 4202 quam
1820 4129 1887 4185 ad
1918 4131 2201 4186 maturita-
2291 4133 2459 4205 jaciet
2478 4132 2549 4187 ibi
2568 4135 2812 4206 sagittam
2839 4176 2853 4201 ,
2885 4150 2980 4191 nec
3014 4138 3293 4210 occupabit
3320 4154 3437 4194 eous
3463 4141 3711 4213 :igpm,
3737 4152 3784 4197 et
3809 4156 3892 4195 nos

596 4234 708 4285 tem
758 4228 1104 4299 perveniant.
1139 4226 1325 4298 Itaque
1352 4233 1406 4282 et
1432 4225 1764 4292 sessionem,
1794 4234 1848 4281 et
1888 4238 2193 4295 egressum,
2301 4226 2469 4280 mittet
2488 4227 2542 4281 in
2573 4228 2795 4283 circuitu
2834 4231 2949 4301 ejus
2974 4244 3236 4302 aggerem.
3276 4230 3349 4287 In
3365 4233 3451 4287 ria
3476 4248 3585 4303 qua
3612 4234 3793 4300 relict,
3817 4246 3891 4302 ρετ

585 4328 642 4376 et
670 4320 955 4375 introitum
1003 4328 1151 4373 tuum
1195 4327 1324 4374 ante
1360 4318 1632 4391 cognovi,
1675 4322 1732 4373 et
1777 4315 2042 4373 insaniam
2088 4332 2192 4388 qua
2296 4332 2411 4373 eam
2437 4329 2743 4389 revertetur,
2798 4322 3052 4377 eturoem
3099 4323 3367 4380 hostem
3406 4325 3761 4398 ingredietur,
3786 4322 3892 4378 dicit

564 4416 777 4466 ’contra
807 4423 896 4466 me
922 4407 1364 4465 debacchatnrus
1392 4420 1539 4475 eras,
1571 4407 1867 4478 Prophetis
1896 4410 2194 4465 vaticinan-
2294 4406 2594 4468 Dominus:
2638 4410 3010 4486 pronamque
3061 4414 3321 4471 ciuitatem
3363 4417 3548 4484 istam,
3608 4431 3658 4474 et
3704 4415 3891 4475 soluto

586 4503 768 4574 tibus,
792 4518 911 4560 sum
946 4502 1158 4559 locutus
1184 4500 1342 4576 (Sep.
1365 4502 1435 4557 ad
1464 4512 1584 4573 cap.
1618 4512 1739 4567 aut,
1773 4501 1871 4573 υς
1925 4516 2021 4573 per
2050 4516 2189 4572 quos
2218 4572 2261 4581 _
2293 4518 2407 4557 eam
2434 4514 2647 4576 propter
2671 4520 2773 4568 me.
2828 4516 2878 4562 et
2913 4519 3127 4581 propter
3155 4508 3322 4566 David
3346 4524 3556 4568 rerum
3574 4528 3776 4570 meum.
3803 4512 3895 4567 lte-

576 4599 707 4656 olim
723 4572 997 4656 dictorum
1021 4608 1147 4654 esse
1167 4572 1223 4653 te
1251 4572 1558 4653 noveram:
1583 4594 1652 4651 In
1882 4572 2193 4652 ascendant:
2217 4572 2272 4635 D
2298 4572 2620 4651 verti-mind
2645 4572 3021 4669 prepositt'tm,
3036 4613 3091 4657 et
3117 4612 3243 4673 pou
3256 4602 3569 4661 futurorum
3593 4616 3895 4679 mapm-

570 4708 729 4768 super
749 4694 921 4749 sidera
947 4690 1063 4747 creti
1085 4704 1275 4762 ponant
1295 4688 1541 4745 thronum
1565 4702 1755 4754 meum,
1782 4702 1975 4759 oroque
1999 4687 2190 4743 similis
2294 4697 2504 4745 sentem
2532 4692 2743 4746 excutit
2774 4703 3000 4750 metum.
3052 4694 3172 4752 Non
3198 4698 3347 4753 enim
3376 4708 3503 4754 erat
3530 4710 3691 4757 tam
3712 4696 3893 4756 latitia

576 4789 870 4845 Altissimo.
919 4784 1109 4859 Itaque
1132 4783 1286 4840 furor
1314 4793 1438 4839 tuus
1458 4822 1474 4848 ,
1520 4789 1577 4838 et
1620 4781 1881 4852 superbia
1915 4791 2008 4837 tua
2056 4794 2183 4853 per-
2289 4792 2459 4853 super
2487 4780 2577 4838 iris
2600 4798 2725 4855 quae
2753 4785 2917 4859 longe
2944 4797 3071 4858 post
3098 4798 3344 4860 tempore
3372 4799 3609 4850 venitur:
3634 4792 3891 4864 pou-ho-

572 4883 727 4940 venit
755 4883 806 4937 in
832 4896 993 4935 aures
1019 4895 1190 4946 meas,
1215 4887 1271 4935 et
1291 4890 1637 4948 nequaquam
1668 4875 1810 4929 ultra
1843 4883 1897 4929 te
1928 4875 2178 4944 portabo,
2287 4886 2393 4941 rat,
2428 4889 2628 4948 quanta
2650 4895 2779 4936 cura
2809 4881 2877 4938 de
2904 4883 3335 4939 imminentibus.
3361 4884 3519 4952 Quod
3548 4896 3743 4943 autem
3773 4881 3891 4941 dicit

576 4983 638 5031 ut
696 4973 965 5045 intelligas
1019 4968 1164 5042 quod
1221 4970 1446 5043 potuisti
1493 4982 1601 5025 non
1660 4966 1765 5023 tuis
1822 4968 2068 5037 potuisse
2125 4977 2179 5024 te
2284 4966 2571 5041 Assyrium
2607 4986 2996 5043 recessurum,
3037 4984 3142 5031 nec
3169 4974 3892 5053 ieraturummcontra

570 5066 819 5131 viribus,
871 5064 972 5122 sed
998 5080 1127 5121 meo
1148 5065 1403 5121 arbitrio.
1435 5060 1787 5121 uerebantur
1823 5063 1969 5118 enim
2002 5062 2181 5134 impite
2283 5056 2592 5122 Jerusalem
2613 5068 2889 5140 clypeum,
2913 5084 3016 5129 nec
3036 5066 3219 5141 iacula
3253 5070 3781 5147 missurlmmeque
3806 5082 3890 5128 ur-

569 5171 795 5235 gentes.
836 5166 893 5217 et
923 5157 1276 5213 infractum
1328 5159 1597 5225 arbores,
1641 5166 1701 5212 et
1731 5170 1833 5226 per
1889 5164 1974 5224 te,
2023 5157 2179 5226 quasi
2283 5157 2408 5213 bem
2440 5161 2832 5217 munitionibus
2862 5171 2917 5217 et
2944 5175 3143 5235 aggere
3169 5165 3681 5233 esse-vallandam,
3707 5167 3889 5223 adver-

567 5252 807 5313 securim
842 5264 898 5309 et
946 5266 1158 5309 serram
1201 5262 1380 5307 meam
1402 5293 1416 5313 .
1447 5248 1863 5307 succiderentur
1909 5256 1963 5305 et
2009 5250 2175 5307 cade-
2280 5252 2595 5324 sariumque
2622 5269 2718 5325 per
2747 5256 2887 5310 viam
2929 5271 3034 5328 qua
3058 5271 3283 5316 venerat
3312 5270 3674 5317 reversurum
3697 5296 3721 5329 ρ
3749 5267 3806 5318 et
3830 5257 3891 5315 li-

567 5360 715 5406 rent.
743 5346 933 5420 Itaque
962 5361 1159 5417 ponam
1188 5345 1478 5411 circulum,
1514 5346 1631 5399 sive
1660 5344 1914 5399 clmnum
1946 5343 2000 5400 in
2031 5342 2178 5401 nari-
2277 5344 2573 5403 berandam
2619 5348 2894 5406 civitatem
2949 5348 3237 5410 obsidione
3268 5350 3550 5425 prtesenti,
3609 5359 3672 5412 et
3702 5355 3771 5411 ad
3798 5368 3889 5411 ex-

565 5443 670 5502 hs
694 5443 825 5510 tuis,
864 5448 927 5498 ut
965 5440 1410 5512 blasphemando
1453 5436 1585 5511 [Αι.
1638 5437 2172 5511 biasphemantiam]
2276 5444 2510 5496 uentum
2545 5440 2744 5497 infert:
2804 5452 3017 5514 propter
3042 5460 3125 5500 me
3157 5454 3209 5501 et
3237 5456 3447 5518 propter
3475 5444 3659 5502 Dauid
3687 5462 3887 5504 ser-rm

567 5548 664 5595 Ora
688 5532 1065 5606 constringam
1087 5577 1100 5600 ,
1126 5543 1181 5589 et
1205 5545 1551 5605 nequaquam
1582 5529 1723 5588 ultra
1754 5530 1879 5588 talia
1906 5532 2053 5604 loqui
2078 5548 2172 5588 au—
2296 5546 2493 5600 meum,
2521 5530 2656 5589 illud
2679 5533 2969 5605 signiﬁcat,
2999 5537 3144 5607 quod
3172 5552 3284 5594 non
3310 5539 3513 5596 merito
3531 5551 3667 5608 suo,
3698 5540 3793 5596 sed
3819 5538 3889 5593 De

565 5632 733 5689 deas:
764 5633 1090 5700 frenumque
1120 5627 1357 5698 injiciam
1391 5625 1552 5683 labiis
1581 5626 1709 5694 tuis,
1741 5622 1886 5698 quod
1921 5636 2067 5681 tuam
2093 5624 2173 5683 ie-
2276 5626 2570 5683 clementia
2600 5630 3031 5697 conserventur,
3064 5630 3233 5688 immo
3261 5628 3437 5706 patris
3484 5642 3687 5690 eorum
3721 5630 3889 5691 David

559 5728 774 5781 rem
791 5722 1001 5786 donet,
1018 5729 1143 5777 este
1159 5720 1395 5775 reducm
1412 5719 1469 5773 iss
1491 5719 1769 5791 Assyrios.
1792 5717 1911 5786 Qua
1936 5718 2169 5775 tmnsla-
2273 5726 2560 5781 memoria.
2594 5725 2659 5781 lu
2680 5742 2791 5795 quo
2817 5725 3186 5785 admonentur
3210 5737 3273 5785 ut
3291 5742 3411 5786 sua
3430 5727 3817 5800 unum
3834 5738 3889 5786 et

562 5814 714 5872 tione
735 5826 784 5868 ct
818 5815 868 5867 in
897 5812 1123 5867 l‘.\almis
1141 5820 1331 5867 contra
1363 5811 1557 5882 impios
1580 5810 1867 5882 Scriptura
1889 5811 2164 5886 abutitur:
2273 5814 2421 5873 illius
2448 5813 2577 5873 ﬁdei
2614 5824 2778 5888 atque
2808 5815 3066 5888 parum,
3109 5818 3253 5891 qm
3284 5820 3339 5877 in
3369 5826 3577 5877 Μ
3609 5817 3665 5890 in
3694 5820 3747 5878 In
3777 5818 3791 5833 .
