3932 6382
113 309 211 395 $39

585 330 1232 390 COMMENTARIORUM
1272 328 1338 389 IN
1380 331 1612 390 ISAIAM
1656 327 2084 392 PIIOPHE'I‘AM
2122 329 2253 394 LIB.
2296 335 2389 393 XI.
2432 335 2588 394 CAP.
2632 336 2921 397 XXXVIII.

3282 323 3388 398 390

121 453 295 524 diligat
318 449 479 518 Deus,
500 454 558 505 ut
581 451 737 506 etiam
768 459 1016 522 posteros
1044 459 1354 508 sanctorum
1376 450 1682 520 hominum,
1717 463 1765 524 Α
1791 451 1992 518 rietem,
2021 462 2072 508 et
2095 455 2264 509 oravit
2291 454 2359 507 ad
2384 454 2669 510 Dominum
2691 499 2704 522 ,
2731 465 2778 510 et
2806 457 2972 512 dixit:
3004 455 3252 525 Obsecro,
3281 456 3389 512 Do-

116 560 217 603 non
239 561 336 601 suo
363 546 570 611 merito,
600 544 693 599 sed
740 544 1003 614 majorum
1034 546 1237 602 virtute
1271 555 1507 602 tueatur.

182 637 351 709 (Verr.
383 636 448 692 56
485 635 668 705 seqq.)
699 634 951 705 Egressus
978 646 1054 691 est
1080 646 1252 692 autem
1303 637 1534 709 Angelus
1563 636 1684 706 Dei,

111 740 159 786 et
200 730 436 803 percussit
462 730 517 782 in
567 729 754 782 castris
784 729 1115 801 Assyriorum
1167 740 1370 786 centum
1421 733 1686 802 octoginta

111 826 324 895 quinque
346 821 511 876 millia
533 835 554 875 ,ο
603 831 652 876 et
679 835 1018 879 surrexerunt
1045 841 1220 893 mane,
1283 836 1330 881 et
1354 841 1469 880 ecce
1512 827 1686 881 omnia

107 922 341 976 cadavera
375 928 714 975 mortuorum.
779 919 842 973 Et
869 936 1104 994 egressus
1130 931 1279 976 estet
1310 919 1470 987 abiit,
1519 929 1568 976 el
1603 939 1682 976 νεα

111 1029 266 1069 tersus
289 1022 360 1069 est
387 1013 741 1068 Sennacherib
764 1030 857 1069 rea:
882 1015 1234 1086 Assyriorum,
1286 1025 1331 1070 et
1355 1015 1604 1071 habitauit
1628 1018 1682 1070 in

109 1105 156 1160 Ν
162 1108 302 1161 inire.
325 1103 392 1160 Et
409 1105 605 1174 factum
630 1115 706 1161 est
727 1122 845 1160 cum
869 1106 1113 1162 adoraret
1141 1109 1192 1162 in
1221 1108 1416 1175 irrupto
1445 1108 1682 1163 Nesraclt

105 1199 260 1256 Deum
285 1219 449 1268 suum,
482 1201 824 1258 Adrameleclt
844 1213 890 1258 et
915 1203 1166 1273 Sarasnr,
1186 1205 1284 1275 ﬁlii
1315 1209 1450 1279 ejus,
1477 1221 1685 1278 percus-

103 1304 272 1348 serunt
295 1311 406 1349 eum
432 1293 614 1365 gladio
639 1310 658 1350 :
700 1299 1048 1370 fugeruntquc
1070 1298 1126 1352 in
1157 1306 1350 1353 terram
1371 1299 1561 1353 Araral
1586 1314 1606 1364 ;
1633 1309 1684 1353 et

101 1388 316 1458 regnavit
344 1387 658 1443 Asaraddon
707 1390 847 1458 ﬁlius
876 1394 992 1463 ejus
1023 1407 1118 1463 pro
1142 1407 1222 1447 eo.
1267 1393 1498 1447 Ceutum
1530 1400 1684 1448 octo-

97 1478 229 1548 ginta
252 1479 491 1550 quinque
534 1480 702 1535 millia
732 1479 1158 1538 fortissimorum
1199 1483 1442 1538 virorum
1470 1484 1541 1538 ab
1579 1497 1685 1539 ttno

97 1571 310 1640 Angelo,
343 1587 443 1626 una
502 1583 661 1629 nocte
689 1575 998 1641 creduntur,
1034 1585 1090 1631 ct
1134 1576 1341 1647 absque
1371 1577 1688 1634 vulneribus

91 1663 376 1719 occisorum
415 1679 569 1720 mors
599 1679 740 1722 sreva
773 1667 1070 1735 discurrit,
1105 1669 1400 1725 excludens
1430 1684 1458 1723 a
1491 1684 1686 1741 corpo—

91 1756 224 1811 ribus
253 1759 486 1824 animas,
523 1758 620 1814 Dei
648 1760 947 1816 voluntate.
975 1761 1157 1827 Super
1185 1777 1294 1832 quo
1323 1763 1376 1816 in
1408 1763 1686 1833 Paralipo-

1789 548 1950 611 rnine,
1985 561 2262 616 memento,
2290 539 2511 618 quaso:
2525 551 2782 619 quomodo
2813 551 3186 606 ambularerim
3216 569 3392 607 coram

1787 647 1837 694 te
1862 641 1915 694 in
1941 644 2162 696 veritate
2181 684 2194 706 ,
2236 653 2282 695 et
2312 643 2367 696 in
2388 643 2544 696 corde
2584 646 2832 716 perferto,
2859 655 2907 700 et
2928 645 3069 715 quod
3103 650 3288 700 bonum
3319 655 3392 701 est

1784 733 1836 786 in
1867 735 2032 788 oculis
2056 736 2160 788 tuis
2190 736 2703 808 [aerium/levique
2749 737 3000 794 Ezechias
3022 741 3146 810 ﬂetu
3177 756 3387 810 magno.

1785 825 1956 894 Quem
1985 827 2163 898 diligit
2193 829 2474 896 Dominus,
2527 831 2791 902 corripit,
2825 841 2880 886 et
2908 836 3138 904 castigat
3168 851 3384 891 omnem

1787 921 1956 974 lilium
2013 937 2173 990 quem
2217 923 2625 993 recipittPrott.
2673 926 2774 996 nt).
2832 926 2908 982 Ne
2958 927 3266 986 elevaretur
3293 945 3389 986 cor

1787 1010 2035 1066 Ezechiae
2087 1021 2203 1082 post
2261 1014 2609 1071 incredibiles
2643 1017 2982 1086 triumphos,
3039 1021 3188 1077 etde
3216 1022 3391 1079 media

1783 1106 2103 1172 captivitate
2153 1105 2435 1162 victoriam
2457 1150 2470 1171 ,
2524 1109 2838 1164 inﬁrmitate
2869 1112 3114 1181 corporis
3147 1115 3232 1169 sui
3264 1115 3393 1170 visi-

1785 1206 1952 1261 tatur,
1996 1208 2050 1253 et
2075 1200 2226 1254 audit
2265 1213 2326 1256 se
2348 1215 2474 1257 esse
2501 1205 2822 1257 moriturum
2848 1246 2863 1271 ,
2917 1213 2977 1259 ut
2999 1220 3294 1262 conversus
3322 1210 3388 1264 ad

1786 1287 2074 1343 Dominum
2128 1292 2316 1346 nectat
2358 1294 2685 1348 sententiam
2718 1295 2856 1364 ejus.
2901 1297 3057 1363 Quod
3089 1300 3308 1369 quidem
3337 1310 3394 1357 et

1787 1379 1839 1434 in
1871 1380 2020 1436 Jona,
2056 1386 2318 1453 propheta
2373 1385 2603 1456 legimus
2629 1428 2645 1454 ,
2686 1398 2737 1442 et
2772 1387 2825 1443 In
2870 1393 3390 1451 comminationibus

1785 1484 1976 1530 contra
2035 1476 2203 1530 David
2236 1491 2358 1547 quae
2385 1478 2642 1534 dicuntur
2677 1479 2856 1536 futura
2883 1525 2896 1547 ,
2942 1499 3042 1539 nec
3069 1484 3204 1540 facta
3233 1494 3380 1553 sunt,

1788 1581 1894 1623 non
1926 1569 2037 1624 Deo
2063 1577 2308 1626 mutante
2332 1574 2682 1637 sententiam,
2708 1574 2804 1628 sed
2835 1587 3162 1644 provocante
3192 1578 3385 1632 huma-

1787 1677 1916 1716 num
1949 1675 2120 1733 genus
2148 1661 2214 1716 ad
2243 1663 2490 1719 notitiam
2520 1667 2624 1719 sui.
2650 1666 2915 1722 Duniinus
2937 1669 3080 1722 enim
3113 1673 3386 1739 paenitens

1787 1761 1874 1809 est
1923 1770 2089 1824 super
2131 1757 2376 1810 ntalitiis.
2432 1757 2827 1829 Convenitque
2882 1760 3141 1817 Ezechias
3195 1765 3384 1819 facit-tn

88 1851 244 1905 menis
268 1851 507 1922 legitur:
558 1851 627 1906 Et
655 1854 795 1908 misit
825 1853 1083 1910 Dominus
1113 1855 1386 1928 Angetnm,
1439 1857 1530 1928 qui
1559 1871 1679 1928 pet“
1718 1849 1762 1908 B
1788 1860 1940 1902 suam
1965 1847 2032 1901 ad
2062 1852 2324 1917 parietem
2353 1893 2366 1915 ,
2415 1851 2539 1920 ultio
2570 1852 2638 1905 ad
2672 1853 2954 1923 Templum
2989 1856 3069 1910 ire
3093 1871 3200 1910 non
3233 1863 3386 1925 note-

87 1945 230 1998 cussit
260 1961 465 2001 omnem
491 1947 659 2001 virum
688 1950 978 2014 robustum,
1019 1961 1068 2006 et
1095 1951 1390 2006 bellatorem
1413 1996 1426 2016 ,
1461 1962 1507 2006 et
1540 1953 1685 2021 prin-

84 2037 232 2105 cipem
252 2039 520 2094 exercitus
549 2040 685 2112 regis
708 2041 1077 2113 Assyriorum:
1105 2058 1439 2114 reversusque
1467 2055 1544 2099 est
1564 2059 1682 2098 cum

85 2130 348 2200 ignominia
376 2134 430 2187 in
462 2143 658 2188 terram
687 2151 837 2190 suam
888 2134 954 2206 (ll
988 2133 1174 2191 Paral.
1205 2151 1389 2201 χχιιι,
1431 2137 1548 2209 2i).
1578 2137 1681 2205 Qui

81 2219 268 2278 idcirco
297 2235 558 2280 servatus
587 2234 692 2291 est,
714 2239 766 2281 ut
801 2228 966 2282 sciret
988 2231 1289 2298 potentiam
1318 2229 1436 2296 Dei,
1459 2240 1514 2286 et
1537 2231 1681 2286 blas-

81 2312 374 2381 phemantia
423 2329 530 2372 ora
561 2319 986 2389 comprimeret:
1039 2319 1306 2392 ﬁeretque
1350 2325 1506 2378 testis
1533 2323 1680 2378 illius

81 2407 382 2476 majestatis,
412 2425 580 2479 quem
610 2411 772 2482 paulo
799 2422 924 2467 ante
945 2426 1374 2486 contempserat.
1405 2416 1560 2483 Quod
1589 2433 1682 2472 au-

80 2505 174 2554 tem
196 2501 420 2558 intulit:
483 2503 551 2558 Et
581 2517 918 2561 surrexerunt
951 2525 1119 2575 mane,
1147 2511 1232 2565 vel
1262 2510 1563 2578 Israelitas,
1594 2512 1680 2568 vel

78 2592 307 2663 reliquos
335 2596 622 2652 exercitus
661 2599 781 2668 ejus
811 2601 1184 2670 accipiamus:
1225 2603 1354 2658 licet
1387 2604 1440 2658 in
1473 2604 1678 2675 Regum

76 2688 320 2756 scriptum
360 2689 438 2744 sit
464 2691 778 2755 volumine,
835 2693 981 2762 quod
1005 2709 1130 2749 cum
1170 2696 1289 2764 ipse
1311 2709 1408 2751 rex
1436 2695 1680 2751 diluculo

75 2782 414 2850 surrexisset,
441 2783 582 2838 vidit
603 2786 784 2840 omnia
803 2800 1032 2856 corpora
1059 2797 1404 2844 mortuorum
1432 2790 1525 2863 (Ill
1549 2791 1677 2862 Reg.

71 2872 198 2942 nx).
231 2874 453 2932 Pharao
483 2892 702 2948 quoque
733 2879 788 2932 in
817 2878 1006 2934 decem
1038 2879 1262 2953 Egypti
1293 2893 1543 2936 servatur
1567 2882 1684 2951 pla-

69 2965 171 3035 gis,
228 2979 285 3024 ut
319 2972 666 3026 novissimus
696 2981 918 3042 pereat:
947 2975 1093 3044 quod
1134 2983 1190 3030 et
1213 2974 1320 3030 iste
1346 2987 1542 3045 passus
1572 2973 1682 3046 [AL

68 3060 338 3133 passurus]
381 3071 498 3117 est.
527 3063 662 3116 Cum
693 3063 840 3118 enim
881 3078 1134 3120 reversus
1178 3075 1328 3120 esset
1361 3067 1415 3120 in
1452 3065 1684 3121 Niniven

69 3150 240 3206 urbem
272 3155 520 3225 primam
553 3157 707 3226 regni
740 3159 847 3222 sui,
879 3168 932 3213 et
960 3158 1222 3214 adoraret
1247 3159 1299 3214 in
1335 3160 1540 3228 templo
1561 3158 1686 3214 Nes-

1788 1951 1890 1995 rat.
1917 1941 1998 1996 Ad
2024 1942 2286 2010 parietem
2308 1953 2489 1998 autem
2515 1944 2745 2013 Templi,
2773 1945 2925 2015 juxta
2956 1948 3098 2017 quod
3126 1948 3385 2004 Salomon

1787 2035 2048 2103 palatium
2081 2043 2452 2089 exstruxerat.
2493 2037 2586 2090 Vel
2620 2037 2870 2093 absolute
2899 2039 2966 2094 ad
3007 2041 3295 2109 parietem,
3325 2058 3392 2096 nc

1785 2126 2052 2198 lacrymas
2081 2141 2206 2181 suas
2237 2128 2606 2183 assidentilius
2649 2139 2931 2187 ostentare
2956 2133 3252 2188 videretur.
3282 2137 3391 2188 Ant

1784 2230 1932 2276 certe
1954 2223 2113 2290 juxta
2145 2224 2457 2290 Jeremiam,
2487 2227 2555 2278 ad
2576 2241 2664 2278 cor
2686 2239 2877 2293 suum;
2902 2227 2991 2297 qui
3021 2241 3110 2282 cm
3136 2227 3308 2316 (-912),
3334 2228 3386 2283 id

1785 2329 1868 2375 est
1899 2321 2169 2391 parietem,
2223 2337 2316 2375 cur
2339 2321 2579 2391 appellat
2605 2363 2618 2387 ,
2655 2330 2716 2375 ut
2745 2331 2852 2376 tota
2884 2332 3063 2377 mente
3094 2322 3384 2379 Dominum

1785 2410 2198 2480 deprecaretur.
2244 2411 2314 2466 Et
2342 2414 2454 2467 ait:
2507 2413 2768 2476 Obsecro,
2825 2411 3070 2480 Domine,
3111 2424 3384 2484 memento,

1783 2520 1980 2575 quaso,
2005 2507 2264 2577 quomodo
2303 2506 2678 2560 ambularerim
2702 2523 2876 2560 eorum
2907 2515 2955 2561 te
2983 2509 3037 2561 in
3065 2509 3307 2574 veritate,
3338 2521 3387 2564 et

1783 2599 1836 2652 in
1865 2599 2021 2653 corde
2042 2601 2288 2670 perfecto,
2321 2607 2368 2654 et
2387 2600 2530 2670 quod
2558 2600 2744 2653 bonum
2760 2610 2833 2653 est
2851 2601 2903 2653 in
2930 2599 3095 2654 oculis
3123 2601 3223 2654 tuis
3245 2604 3382 2672 fere-

1781 2692 1898 2745 rim.
1934 2691 2282 2763 Audiensque
2326 2708 2386 2748 sc
2418 2707 2542 2748 esse
2591 2694 2939 2759 moriturum,
2999 2707 3104 2746 non
3134 2703 3388 2763 precatur

1784 2786 1948 2840 vitam
1979 2796 2032 2841 et
2053 2801 2226 2842 annos
2251 2786 2644 2858 plurimos,sed
2676 2786 2731 2841 in
2760 2788 2853 2840 Dei
2874 2785 3088 2855 judicio
3106 2788 3235 2859 quid
3253 2789 3385 2843 velit

1786 2887 2069 2948 prmstare,
2116 2880 2358 2935 dimittit.
2407 2879 2574 2952 468
2599 2880 2831 2934 Noverat
2857 2879 3002 2936 enim
3041 2879 3246 2935 idcirco
3278 2881 3387 2936 Deo

1789 2971 2064 3040 placuisse
2087 2970 2462 3034 Salomonem,
2497 2973 2639 3040 quod
2668 2987 2844 3027 annos
2874 2975 2998 3027 vita!
3031 2988 3136 3028 non
3169 2975 3387 3042 petierit

1789 3063 2114 3132 ampliores;
2143 3063 2236 3117 sed
2265 3065 2440 3118 iturus
2456 3065 2522 3117 ad
2548 3065 2856 3131 Dominum,
2873 3077 3051 3120 nan'at
3078 3079 3244 3134 opera
3267 3079 3386 3128 sua.

1790 3154 2064 3223 quomodo
2113 3154 2474 3210 ambulaverit
2523 3167 2710 3209 coram
2757 3169 2826 3210 eo
2881 3158 2932 3211 in
2977 3159 3203 3213 veritate
3250 3168 3305 3212 et
3332 3158 3386 3214 in

65 3243 177 3298 rach
205 3245 396 3301 Deum
417 3262 604 3311 suum,
629 3251 782 3318 quasi
808 3249 1093 3305 victoriam
1120 3249 1192 3307 de
1217 3252 1470 3307 hostibus
1495 3266 1679 3319 repor-
1706 3245 1752 3308 C
1785 3245 1955 3302 corde
2011 3245 2271 3316 perfecto.
2320 3245 2474 3302 F’clix
2504 3248 2861 3312 conscientia,
2917 3265 3036 3317 qua!
3079 3252 3388 3308 alﬂictionis

67 3341 206 3404 taret,
256 3348 320 3393 et
351 3337 660 3392 delubrum
689 3339 816 3395 idoli
857 3343 940 3395 sui
985 3343 1332 3412 triumphans
1363 3354 1415 3399 et
1442 3345 1682 3413 gratula-

66 3427 271 3486 bundus
320 3429 644 3497 incederet,
670 3442 1018 3503 contemptor
1045 3439 1158 3492 veri
1192 3437 1287 3492 Dei
1323 3439 1376 3492 in
1404 3437 1529 3492 fano
1559 3437 1680 3492 falsi

68 3517 160 3590 [AL
187 3522 301 3596 sui]
334 3523 593 3579 numinis
612 3524 943 3581 trucidatur:
975 3541 1075 3583 nec
1105 3531 1296 3600 Angeli
1316 3531 1454 3600 perit
1475 3530 1679 3600 gladio,

66 3616 191 3681 quod
217 3627 348 3672 erat
391 3631 694 3671 commune
725 3631 850 3673 cum
882 3619 1148 3690 pluribus,
1179 3621 1274 3676 sed
1303 3622 1596 3693 parricidio
1620 3620 1682 3676 li-

64 3705 272 3767 liorum.
321 3712 435 3780 Qui
470 3726 596 3766 cum
629 3711 892 3782 fugissent
943 3715 1000 3770 in
1049 3724 1246 3772 terram
1289 3718 1502 3786 Ararat,
1534 3718 1677 3790 quod

63 3799 383 3875 intelligitur
411 3807 704 3870 Armenia,
758 3807 1021 3862 successit
1056 3808 1106 3862 in
1141 3809 1310 3877 patris
1342 3809 1520 3864 loeum
1548 3813 1681 3866 Asa-

60 3894 291 3961 raddon,
347 3911 531 3969 quem
560 3895 721 3970 567
752 3899 1038 3970 Scriptura
1069 3909 1302 3956 testatur
1330 3902 1546 3958 misisse
1578 3903 1674 3957 ha-

60 3985 319 4047 bitatores
359 4000 392 4030 ι
446 3991 798 4055 Samariam;
841 4009 908 4048 ne
961 4003 1109 4050 terra
1159 4005 1408 4052 maneret
1457 3998 1673 4053 inculta.

63 4079 245 4138 Ararat
288 4094 486 4140 autem
519 4086 674 4155 regio
702 4087 756 4140 in
789 4088 1044 4143 Armenia
1074 4089 1399 4157 campestris
1428 4099 1541 4154 est,
1584 4105 1681 4160 per

60 4189 209 4243 quam
232 4177 460 4234 Araxes
490 4177 632 4243 ﬂuit,
667 4178 1007 4234 incredibilis
1033 4181 1300 4236 ubertatis
1323 4222 1339 4247 ,
1367 4183 1434 4236 ad
1468 4183 1682 4238 radices

62 4267 210 4326 Tauri
257 4273 476 4329 montis
505 4312 524 4337 ,
564 4273 656 4343 qui
688 4288 864 4342 usque
891 4273 1026 4330 illuc
1063 4274 1396 4329 extenditur.
1435 4275 1580 4345 Ergo
1627 4285 1684 4329 et

61 4364 186 4419 Area
217 4368 274 4422 in
305 4384 418 4439 qua
452 4368 725 4443 liberatus
751 4376 836 4423 est
871 4368 989 4424 Noe
1018 4383 1146 4423 cum
1171 4367 1363 4424 liberis
1394 4367 1532 4433 suis,
1563 4381 1686 4424 ces-

61 4467 206 4514 sante
228 4461 459 4516 Diluvio
478 4499 497 4526 ,
551 4473 658 4514 non
687 4459 752 4514 ad
783 4470 1000 4516 montes
1022 4460 1368 4532 generaliter
1407 4459 1683 4514 Armenia:

61 4547 228 4607 delata
281 4552 399 4626 [ΑΙ.
426 4551 648 4624 deleta]
673 4560 777 4619 est,
824 4568 945 4623 quae
991 4553 1302 4625 appellatur
1329 4557 1544 4615 Ararat,
1588 4551 1682 4607 sed

1789 3347 2036 3411 tempore
2084 3340 2346 3394 bonorum
2397 3355 2624 3407 operum
2669 3343 3020 3396 recordatur:
3075 3342 3222 3396 Beati
3251 3347 3388 3399 enim

1785 3432 1982 3487 mundo
2003 3433 2178 3498 corrle,
2210 3435 2456 3503 quoniam
2483 3433 2589 3505 ipsi
2617 3431 2790 3489 Deum
2816 3437 3059 3490 ridebunt
3083 3434 3299 3505 (Matth
3333 3453 3385 3507 v,

1786 3525 1864 3596 8).
1900 3525 1968 3581 Et
1995 3537 2018 3566 ε
2051 3527 2270 3596 quando
2295 3527 2426 3582 alibi
2467 3529 2753 3583 scribitur:
2789 3529 2920 3595 Quis
2946 3531 3259 3601 gloriabitur
3285 3545 3385 3604 pu-

1785 3636 1900 3675 rum
1940 3620 2134 3676 habere
2154 3638 2207 3676 se
2232 3637 2322 3676 cor
2350 3619 2532 3693 (Prov.
2567 3637 2657 3686 xx,
2691 3621 2791 3685 9)?
2819 3623 2972 3691 Quod
3012 3625 3082 3678 ita
3115 3625 3384 3680 solvitur:

1784 3714 2180 3786 perfectionem
2203 3715 2386 3769 cordis
2419 3716 2469 3769 in
2496 3731 2564 3771 eo
2594 3731 2738 3770 nunc
2766 3716 2904 3783 dici,
2944 3717 3088 3788 quod
3119 3717 3260 3773 idola
3292 3717 3390 3774 de-

1783 3807 2076 3876 struxerit,
2135 3808 2319 3878 templi
2355 3807 2482 3862 Daal
2523 3823 2647 3864 rasa
2681 3811 3043 3880 perverterit.
3076 3820 3386 3881 serpentem

1784 3913 1994 3954 teneam
2018 3901 2423 3967 comminuerit,
2459 3909 2513 3956 et
2533 3912 2732 3957 caetera
2762 3902 2950 3958 fecerit
2973 3919 3092 3973 quae
3106 3903 3388 3974 Scriptura

1783 4002 2199 4049 commemorat.
2259 3993 2435 4050 Flevit
2473 4005 2654 4051 autem
2704 3995 2833 4050 ﬂetu
2883 4011 3101 4067 inriguo,
3165 4007 3388 4066 propter

1787 4085 2206 4154 promissionem
2261 4085 2472 4140 Domini
2507 4087 2572 4141 ad
2631 4087 2796 4140 David
2821 4127 2835 4152 ,
2883 4099 3052 4157 quam
3086 4087 3303 4142 videbat
3335 4089 3388 4143 in

1784 4190 1880 4231 sua
1938 4185 2117 4233 morte
2148 4180 2470 4247 perituram.
2525 4179 2602 4231 Eo
2648 4179 2792 4232 enim
2835 4185 3082 4248 tempore
3130 4177 3392 4236 Ezechias

1790 4268 1931 4324 illius
1962 4283 2072 4324 non
2109 4269 2372 4336 habebat;
2426 4284 2548 4324 nam
2583 4277 2707 4339 post
2739 4276 2970 4326 mortem
3020 4269 3140 4339 ejus
3180 4270 3392 4327 Manas-

1788 4375 1898 4424 ses,
1929 4377 2054 4416 cum
2079 4362 2365 4417 duodecim
2389 4373 2537 4418 esset
2562 4377 2851 4426 annorum,
2881 4379 3113 4436 regnare
3145 4367 3312 4436 erepit
3337 4368 3391 4422 in

1788 4452 1996 4508 Judrea.
2031 4453 2107 4507 Ex
2136 4468 2243 4522 quo
2268 4454 2610 4525 perspicuum
2640 4465 2746 4523 est,
2779 4466 2903 4526 post
2929 4461 3155 4512 tertium
3182 4475 3387 4515 annum

1789 4559 2068 4601 concessa:
2101 4544 2223 4598 vita:
2264 4545 2549 4600 Manassen
2577 4561 2702 4602 esse
2745 4559 3084 4614 generatum.
3118 4549 3264 4621 Ergo
3288 4553 3392 4606 iste

63 4641 122 4694 ad
149 4655 370 4703 montes
390 4647 422 4688 1»
476 4647 648 4702 Tauri
689 4645 991 4702 altissimos
1011 4689 1026 4713 ,
1054 4649 1148 4718 qui
1177 4645 1374 4704 Ararat
1405 4647 1689 4703 imminent
1715 4634 1768 4697 D
1793 4641 1972 4696 omnis
2014 4650 2098 4696 est
2128 4639 2308 4705 ﬂetus,
2355 4641 2497 4710 quod
2536 4642 2861 4710 desperabat
2890 4641 3172 4698 Christum
3201 4646 3272 4700 de
3292 4659 3394 4700 suo

65 4737 286 4807 campis.

1792 4734 2004 4790 semine
2033 4733 2390 4788 nasciturum.
2442 4732 2549 4788 Alii
2580 4745 2833 4788 asserunt
2854 4775 2869 4801 ,
2903 4732 2931 4772 ἀ
2955 4737 3206 4806 quamvis
3235 4750 3393 4792 sane-

130 4827 286 4900 (Cap.
319 4827 644 4886 XXXVIII.
675 4831 912 4887 —-Vcrs.
950 4834 973 4886 i
1012 4831 1200 4904 seqq.)
1250 4831 1316 4887 In
1356 4834 1538 4889 diebus
1583 4834 1693 4889 illis
1790 4837 1876 4884 tos
1906 4830 2055 4884 viros
2084 4834 2262 4884 morte
2292 4829 2516 4895 terreri,
2550 4839 2772 4898 propter
2802 4829 3068 4884 incertum
3095 4829 3310 4900 judicii,
3340 4841 3397 4887 et

65 4923 330 4989 agretnit
384 4918 658 4978 Execkias
687 4938 850 4994 usque
891 4922 962 4978 ad
990 4932 1208 4980 mortem
1224 4939 1244 4979 :
1285 4935 1334 4979 et
1383 4927 1595 4981 intravit
1621 4927 1690 4981 ad

64 5025 173 5064 eam
196 5014 374 5070 Isaias
395 5017 552 5076 filius
572 5015 734 5071 Amos
760 5016 1031 5087 Propheta
1052 5060 1065 5083 ,
1090 5027 1142 5071 et
1169 5019 1302 5073 dixit
1330 5020 1378 5072 ei
1401 5034 1419 5074 :
1445 5019 1575 5075 Haec
1598 5020 1683 5074 dio

63 5101 128 5154 cit
151 5102 464 5162 Dominus:
519 5107 752 5177 Dispmu
777 5108 956 5162 domui
983 5119 1106 5175 tate,
1139 5110 1262 5179 quia
1287 5112 1532 5165 morieris
1550 5121 1604 5164 tu
1638 5121 1686 5165 rt

68 5211 160 5252 non
185 5201 341 5256 vives.
380 5201 454 5255 Et
506 5200 757 5256 convertit
804 5201 1058 5257 Ezechias
1089 5203 1277 5271 [aciem
1309 5219 1457 5256 suam
1496 5204 1565 5256 ad
1593 5219 1686 5272 pa-

132 5369 156 5397 ι
180 5361 414 5417 Rectius
440 5360 750 5416 Samariam
767 5375 890 5416 cum
920 5362 1164 5418 Victoria
1191 5361 1421 5433 legimus
1449 5373 1554 5431 pro
1573 5375 1683 5431 quo

68 5439 220 5484 antea
247 5445 374 5488 erat
405 5433 690 5487 Samaria.

132 5501 158 5542 δ
190 5503 258 5560 ili
298 5503 851 5575 nimirummontes,
883 5506 1026 5575 quod
1056 5519 1252 5574 campo
1280 5505 1473 5558 Ararat
1502 5505 1681 5559 immi-

69 5586 279 5644 ttereet,
332 5578 552 5632 Ararat
577 5574 706 5630 dicti
739 5585 882 5631 sunt.
903 5574 1070 5644 Quod
1107 5592 1232 5632 vero
1270 5575 1538 5632 Gordimis
1579 5592 1684 5629 non

67 5641 221 5702 Tauri
268 5641 590 5701 montibus
637 5650 832 5702 Arcam
884 5641 1178 5703 adhasisse
1224 5647 1450 5703 Veteres
1493 5661 1688 5717 magno

64 5728 296 5776 numero
329 5720 552 5773 docent
579 5754 596 5783 ,
645 5719 868 5776 minime
911 5719 968 5776 S.
1011 5720 1212 5775 Doctor
1259 5718 1519 5785 inﬁrmat,
1559 5719 1685 5787 quin

66 5792 245 5853 potius
295 5789 965 5860 expiieutjtttetilentius,
1005 5790 1271 5860 siquidem
1315 5806 1381 5846 ex
1423 5790 1688 5848 Strabone

66 5868 275 5920 constat
302 5856 409 5918 lib.
439 5873 497 5915 xt
526 5897 542 5924 ,
580 5856 741 5915 Tauri
781 5856 996 5919 montes
1019 5856 1358 5919 obdivems
1396 5861 1478 5918 sui
1506 5869 1688 5932 partes

1791 4919 2190 4991 ignorationem
2223 4921 2509 4977 sententia:
2542 4921 2672 4985 Dei,
2717 4934 2877 4990 quam
2937 4920 3122 4976 sedem
3154 4920 3392 4981 habituri

1789 5018 1916 5070 sint.
1949 5014 2234 5086 Simulque
2277 5017 2366 5070 lati
2395 5015 2628 5086 quaestio
2655 5015 2908 5081 solvitur,
2962 5027 3026 5071 ac
3054 5018 3395 5076 necessitatis

1787 5109 1997 5164 vincula
2020 5119 2183 5180 atque
2203 5123 2528 5174 causarum,
2566 5109 2710 5179 quod
2737 5123 3080 5181 nequaquam
3108 5112 3227 5168 dies
3249 5127 3395 5169 rnor-

1790 5202 1859 5256 tis
1891 5202 2120 5273 singulis
2152 5204 2456 5272 pratstituta
2485 5202 2580 5266 sit,
2611 5201 2706 5257 sed
2733 5203 3015 5260 voluntate
3037 5204 3132 5261 Dei
3160 5217 3213 5262 et
3243 5208 3396 5278 igno-

1791 5359 2075 5434 Gordimos
2101 5374 2316 5434 minque
2347 5375 2375 5413 a
2420 5362 2695 5417 nonnullis
2716 5364 3074 5434 appellatos;
3109 5365 3394 5434 potuitque

1785 5432 1930 5487 adeo
1955 5445 2085 5501 pars
2107 5429 2274 5485 Tauri
2297 5472 2312 5493 ,
2340 5446 2460 5500 qure
2483 5448 2621 5495 eam;
2646 5448 2680 5486 ο
2698 5429 2894 5486 Ararat
2921 5429 3265 5499 innotui-bat,
3295 5429 3396 5492 sub

1791 5501 2166 5558 Gordia'orntn
2225 5506 2449 5555 nomine
2498 5503 2910 5570 comprehendi.
2951 5503 3070 5560 Vid.
3104 5505 3394 5562 inJerem.

1790 5572 2161 5629 Commentar.
2195 5585 2314 5639 cap.
2355 5588 2423 5629 ιι.
2459 5588 2603 5626 νοτε.
2636 5573 2722 5627 l7.

1869 5657 1890 5685 ο
1925 5643 1976 5698 in
2009 5643 2302 5709 Vaticanis,
2328 5656 2374 5698 et
2401 5643 2660 5715 quomodo
2687 5644 2833 5712 alibi,
2866 5653 3000 5712 ctc.,
3033 5654 3088 5702 et
3119 5664 3239 5702 mox
3265 5657 3393 5703 tem-

1791 5715 2024 5788 pligBaal
2046 5717 2217 5770 salvas
2238 5717 2522 5785 aperuerit.

1863 5786 1894 5825 ἀ
1916 5789 2079 5844 Iidem
2105 5801 2262 5856 mss,
2282 5788 2487 5859 quosvis
2511 5796 2730 5855 sanctos,
2760 5797 2812 5844 et
2841 5788 3094 5845 incertum
3111 5791 3393 5863 judicium.
