3932 6328
667 245 770 302 391

669 359 740 412 tis
762 355 1081 412 mortalibus
1107 353 1310 420 causis,
1333 351 1420 408 vel
1447 349 1595 408 vivat
1618 349 1835 423 aliquis,
1856 350 1942 405 vel
1966 351 2260 407 moriatur:

671 450 973 518 priesertim
998 463 1118 502 cum
1143 461 1196 502 et
1219 455 1422 501 statuta
1459 459 1602 501 nunc
1623 447 1814 502 mortis
1846 446 2144 500 necessitas
2171 444 2272 498 dif-

665 542 890 603 teratur,
949 549 1006 598 et
1051 549 1172 612 post
1211 553 1443 597 mortem
1503 541 1867 596 resuscitatus
1899 539 2164 612 plurimos
2193 538 2274 593 le-

667 634 932 705 gerimus.

739 726 923 800 (Vers.
955 726 990 782 4
1021 727 1205 800 seqq.)
1251 727 1317 784 Et
1348 731 1543 800 factum
1574 738 1653 785 est
1695 727 1906 784 verbum
1946 725 2158 781 Domini
2202 725 2270 778 ad

665 821 862 875 Isaiam
881 821 1097 876 dicens:
1126 820 1271 876 Valle
1290 831 1340 876 et
1368 823 1450 877 dic
1480 822 1715 878 Ezechiae
1738 837 1757 876 :
1791 820 1918 876 Ha’c
1943 821 2066 874 dicit
2097 819 2271 874 Domi-

667 933 766 970 nus
790 913 931 969 Deus
945 913 1117 969 Dnrid
1149 917 1311 985 patris
1328 918 1401 972 tui
1420 933 1439 971 :
1461 917 1649 972 Audiri
1673 919 1958 970 orationem
1980 925 2139 970 tuam.
2166 914 2272 968 uidi

667 1011 924 1081 lacrgmas
947 1021 1084 1064 tuas.
1104 1009 1236 1064 Ecce
1248 1026 1345 1082 ego
1359 1011 1609 1084 adjiciam
1622 1027 1776 1079 super
1792 1009 1902 1063 dies
1924 1019 2038 1062 tuos
2053 1009 2272 1080 quinde-

667 1103 767 1157 cim
788 1119 974 1164 annos,
991 1112 1036 1157 et
1059 1104 1122 1157 de
1139 1119 1292 1156 manu
1312 1104 1448 1177 regis
1466 1105 1799 1175 Assyriorum
1822 1118 1998 1156 eruam
2020 1111 2068 1155 te
2088 1111 2135 1156 et
2149 1100 2272 1154 ciri-

666 1203 823 1250 tatem
841 1196 1014 1260 istam,
1031 1207 1078 1250 et
1095 1209 1361 1270 protegunt
1375 1213 1506 1251 eam.
1527 1195 1643 1251 Hoc
1663 1208 1834 1251 autem
1851 1195 1944 1249 tibi
1953 1195 2048 1249 erit
2067 1195 2272 1264 signum

666 1305 698 1341 a
729 1285 993 1344 Domino:
1044 1291 1168 1360 quia
1200 1290 1355 1357 faciet
1391 1288 1645 1344 Dominus
1674 1288 1879 1342 verbum
1903 1290 1999 1342 hoc
2022 1287 2160 1358 quod
2192 1287 2271 1340 ιο-

667 1391 816 1436 cutus
830 1393 940 1438 est:
965 1380 1100 1437 Ecce
1121 1397 1216 1454 ego
1229 1383 1412 1438 ret'erti
1437 1382 1626 1452 faciam
1649 1381 1883 1434 umbram
1907 1381 2158 1436 linearum
2181 1394 2272 1451 per

665 1492 792 1547 quas
821 1475 1152 1531 descenderat
1176 1477 1229 1530 in
1255 1474 1288 1528 It
1309 1476 1526 1545 :rologio
1556 1475 1730 1528 Acha:
1751 1474 1805 1528 in
1831 1472 1940 1527 sole
1985 1482 2272 1526 retrorsum

668 1570 839 1624 decem
868 1570 1050 1625 lineis:
1072 1584 1118 1623 et
1139 1585 1371 1625 rerersus
1399 1579 1473 1623 est
1501 1568 1580 1624 sol
1607 1566 1781 1622 decem
1807 1566 1957 1620 lineis
1976 1580 2065 1632 per
2077 1570 2272 1636 gradus

667 1678 794 1732 quos
822 1661 1538 1732 descenderat.Praepostero
1559 1661 1752 1715 ordine
1772 1657 1930 1730 quasi
1956 1658 2008 1712 in
2036 1660 2273 1730 prophe-

669 1755 740 1811 tia
772 1755 860 1811 Inc
889 1756 1125 1812 refertur
1152 1755 1405 1822 historia,
1439 1771 1559 1826 quas
1591 1754 1644 1810 in
1686 1753 1894 1824 Regum
1923 1750 2090 1824 569
2119 1753 2270 1806 volu-

667 1849 816 1905 ntioe
868 1851 1292 1920 consequentius
1341 1849 1554 1919 legitur.
1607 1846 1799 1902 Flente
1848 1845 2079 1900 Ezecota
2139 1843 2266 1900 lletu

669 1956 869 2012 magno
891 1983 906 2009 ,
936 1940 1249 2010 priusquam
1295 1941 1651 2012 egrederetur
1681 1936 1854 1992 Isaias
1894 1937 2118 1991 mediam
2148 1953 2271 2004 par-

672 2045 774 2090 tem
801 2036 925 2088 atrii
951 2076 968 2101 ,
1001 2039 1170 2106 [actus
1199 2045 1272 2090 est
1319 2051 1486 2091 sermo
1521 2033 1729 2088 Domini
1753 2031 1822 2086 ad
1847 2049 1963 2087 eum
1988 2073 2002 2094 ,
2045 2031 2222 2086 dicens
2247 2046 2266 2085 :

670 2127 949 2184 Revertere
972 2169 988 2191 ,
1036 2139 1086 2182 et
1116 2129 1202 2182 dic
1236 2127 1474 2182 Ezechiae
1501 2128 1620 2180 duci
1659 2125 1857 2199 populi.
1895 2124 2025 2178 mei:
2081 2122 2269 2178 Audivi
2296 2158 2318 2170 -

673 2220 959 2275 orationem
981 2229 1124 2273 tuam
1145 2259 1162 2282 ,
1194 2227 1242 2272 et
1265 2218 1371 2272 vidi
1401 2215 1687 2288 lacrgmam
1715 2227 1893 2270 tuam:
1927 2213 2064 2268 Ecce
2088 2213 2270 2267 sanavi

665 2327 734 2369 te.
791 2315 1036 2386 Dixitque
1072 2311 1325 2367 Ezechias
1353 2312 1422 2366 ad
1454 2309 1685 2365 Isaiam:
1719 2310 1874 2378 Quod
1913 2309 2006 2363 erit
2035 2308 2260 2382 signum,

663 2410 786 2480 quia
807 2407 1061 2464 Dominus
1075 2423 1154 2463 me
1179 2407 1382 2463 sanabit
1396 2407 1482 2478 (IV
1502 2407 1629 2481 Reg.
1649 2423 1714 2461 xx
1734 2447 1748 2471 ,
1765 2412 1796 2460 4
1826 2416 1876 2460 et
1900 2404 1992 2476 5)?
2011 2404 2112 2459 Cui
2137 2405 2267 2458 ιιι-η-

666 2503 828 2572 pheta
858 2502 1173 2573 respondit:
1201 2499 1318 2555 Hoc
1342 2505 1439 2554 erit
1458 2500 1662 2574 signum
1686 2517 1716 2553 a
1739 2496 1963 2552 Domino
1985 2497 2125 2569 quod
2148 2497 2260 2563 [ac-

662 2603 812 2649 turus
843 2596 912 2650 sit
937 2595 1187 2648 Dominus
1215 2608 1503 2648 sermonem
1531 2607 1682 2662 quem
1722 2592 1925 2645 locutus
1953 2603 2061 2645 est:
2094 2588 2186 2644 Vis
2210 2597 2268 2644 ut

665 2688 892 2742 accedat
923 2687 1112 2742 umbra
1144 2696 1224 2740 tot
1267 2687 1461 2748 lineis,
1509 2699 1576 2739 an
1603 2696 1659 2737 ιιι
1702 2692 2007 2739 revertatur
2035 2682 2263 2737 t0tidem

665 2779 963 2851 gradibus?
1008 2777 1110 2834 Cui
1159 2777 1299 2834 dixit
1335 2775 1638 2832 Ezechias:
1683 2775 1863 2831 Farile
1899 2785 1984 2832 est
2011 2777 2263 2831 umbram

666 2887 918 2931 crescere
951 2871 1141 2928 decem
1173 2871 1333 2928 lineis
1359 2913 1374 2936 ,
1406 2888 1504 2928 nec
1532 2869 1636 2926 boc
1666 2869 1788 2926 volo
1818 2881 1876 2924 ut
1908 2870 2038 2934 ﬁat;
2087 2871 2180 2924 sed
2209 2878 2266 2922 ut

664 2976 972 3026 revertatur
1016 2978 1318 3024 retrorsum
1349 2966 1539 3022 decem
1572 2965 1853 3038 gradihus.
1901 2965 2147 3032 Cumque
2171 2963 2259 3017 in-

665 3070 895 3116 vocante
924 3059 1058 3114 Isaia
1093 3059 1390 3128 jmtentiam
1432 3055 1666 3123 Dommi,
1689 3053 1902 3126 signum
1928 3052 2259 3110 esseteﬂec-

662 3161 774 3209 tum
799 3192 815 3220 ,
846 3154 1102 3224 pra-cepit
1129 3150 1297 3208 Isaias
1326 3148 1510 3205 afferri
1540 3164 1774 3204 massam
1803 3147 2030 3204 ﬁcorum
2073 3161 2262 3203 recen-

669 3247 1020 3317 tium:quam
1057 3259 1181 3299 cum
1234 3242 1584 3306 attulissent,
1637 3250 1691 3296 et
1748 3243 2061 3311 posuissent
2095 3255 2262 3311 super

663 3339 862 3394 vulnus
885 3339 1024 3408 ejus,
1051 3349 1276 3393 curatus
1303 3346 1403 3390 est.
1429 3335 1745 3391 Revertitur
1769 3345 1950 3390 autem
1979 3335 2048 3387 ad
2079 3347 2260 3404 regem

665 3435 935 3505 Propheta
979 3431 1191 3487 Domini
1225 3431 1494 3502 jussioue,
1543 3438 1604 3484 ut
1633 3432 1750 3498 ipse
1775 3438 1996 3483 sanaret
2021 3431 2113 3499 qui
2145 3442 2265 3496 per-

664 3539 938 3593 cusserat;
963 3536 1018 3581 et
1050 3534 1276 3580 vocatur
1307 3522 1576 3578 Ezechias
1602 3525 1713 3576 dus
1745 3520 1926 3592 populi
1953 3522 2092 3590 ejus,
2117 3527 2173 3574 et
2197 3518 2260 3572 ti-

664 3621 768 3676 lias
792 3620 986 3686 David,
1018 3620 1174 3689 cujus
1193 3633 1357 3686 onera
1383 3618 1716 3682 sectabatur,
1751 3620 1953 3672 lecerat
1973 3614 2120 3671 enim
2149 3630 2264 3670 rec-

667 3721 780 3769 tum
808 3715 960 3779 juxta
995 3715 1177 3765 omnia
1201 3726 1320 3776 qua!
1353 3708 1482 3765 fecit
1516 3709 1678 3762 David
1713 3716 1868 3777 pater
1899 3707 2054 3777 ejus:
2086 3716 2138 3762 et
2169 3722 2263 3761 au-

665 3806 813 3862 ditur
834 3805 952 3875 ejus
973 3802 1169 3868 oratio,
1187 3801 1546 3872 videnturque
1569 3802 1848 3872 lacrytnte,
1871 3801 2128 3870 quoniam
2151 3815 2264 3854 am-

665 3899 948 3956 bulaverat
971 3911 1156 3954 coram
1181 3895 1412 3951 Domino
1441 3894 1494 3950 itt
1521 3901 1750 3949 veritate
1778 3904 1835 3948 et
1867 3895 1918 3948 itt
1950 3894 2121 3948 corde
2141 3909 2264 3963 per-

667 3994 832 4058 fecto,
857 4002 912 4047 et
942 3993 1165 4047 ﬂeverat
1187 3989 1318 4044 ﬂetu
1345 4001 1540 4058 magno
1562 4003 1579 4053 ;
1603 3998 1657 4042 et
1685 3987 1828 4058 quod
1863 3987 2120 4056 placitqu
2147 3994 2264 4041 erat

665 4085 720 4141 in
745 4084 918 4140 oculis
941 4085 1060 4152 ejus
1087 4082 1310 4139 fecerat.
1342 4081 1686 4150 Adjiciuntur
1707 4079 2016 4150 quindecim
2037 4077 2166 4134 anni
2193 4077 2260 4133 ad

666 4181 858 4246 vitam,
881 4193 1017 4249 quos
1048 4177 1140 4232 ille
1171 4189 1279 4232 non
1310 4175 1700 4244 postulaverat,
1720 4185 1774 4227 et
1801 4174 2022 4244 insuper
2049 4174 2262 4227 vivente

665 4287 757 4340 eo,
787 4272 938 4341 regni
962 4274 1230 4327 securitas
1252 4269 1672 4341 repromittttur.
1709 4267 1805 4324 Sin
1826 4279 2033 4335 autem,
2061 4275 2118 4321 ut
2143 4267 2261 4339 qui-

669 4365 792 4420 dum
828 4374 1036 4434 putant,
1081 4363 1134 4419 in
1160 4377 1395 4433 corpore
1422 4363 1607 4417 vivere
1630 4362 2014 4418 condemnatio
2041 4370 2119 4416 est
2147 4401 2163 4429 ,
2205 4370 2262 4418 et

660 4457 814 4530 juxta
850 4456 978 4512 illttd
1007 4455 1150 4526 quod
1187 4456 1384 4510 dtcitur
1419 4472 1432 4509 :
1481 4453 1780 4524 Reuertere,
1816 4455 1989 4509 anima
2024 4471 2168 4520 mea,
2204 4455 2258 4509 in

663 4551 891 4624 requiem
918 4562 1060 4604 tuam
1089 4548 1212 4622 (Ps.
1241 4564 1393 4615 cstv,
1418 4548 1500 4619 7).
1527 4548 1588 4604 Ει
1615 4549 1666 4603 iu
1695 4550 1805 4604 alio
1833 4548 1982 4603 loco:
2014 4547 2167 4603 Educ
2197 4550 2261 4602 de

661 4661 866 4704 currere
921 4644 1150 4699 animum
1199 4659 1367 4698 meam
1405 4640 1526 4712 (Ps.
1558 4657 1702 4707 cm,
1755 4645 1835 4713 8),
1897 4645 2134 4713 optanda
2175 4653 2262 4700 est

662 4754 812 4796 mors
840 4737 978 4794 ntde
1004 4751 1227 4794 carcere
1250 4737 1571 4792 liberemur:
1603 4735 1881 4804 quomodo
1909 4751 2054 4790 nunc
2078 4734 2258 4790 Domi-

662 4847 765 4886 nus
819 4834 988 4887 douat
1017 4846 1118 4902 pro
1163 4828 1468 4893 beneﬁcio,
1507 4835 1575 4883 ut
1611 4829 1700 4898 qui
1760 4827 2072 4883 liberandus
2100 4835 2254 4894 erat,

661 4923 840 4980 adhuc
875 4924 1182 4992 quindecim
1209 4922 1369 4979 annis
1397 4920 1540 4977 vivat
1575 4923 1626 4974 in
1653 4921 1917 4977 carcere?
1961 4921 2131 4976 Datur
2159 4938 2256 4977 au-

661 5023 768 5073 tem
795 5016 1030 5087 signant,
1059 5025 1120 5071 ut
1145 5017 1226 5072 sol
1253 5016 1447 5073 decem
1477 5015 1735 5086 gradibus
1755 5027 2082 5082 revertatur,
2115 5031 2256 5088 quos

734 5213 762 5241 ⁸
793 5203 945 5260 Alter
966 5199 1167 5268 Vatic.,
1199 5199 1275 5255 ita
1300 5207 1348 5253 et
1374 5199 1444 5253 ad
1484 5195 1724 5254 Ezechite
1754 5197 1908 5252 ritam
1939 5196 2133 5252 additis
2162 5215 2258 5254 an-

659 5279 763 5343 nis,
789 5277 1002 5339 rediret,
1030 5282 1139 5328 etc.

732 5369 760 5409 δ
785 5370 862 5425 Ex
886 5364 1201 5438 llieronymi
1233 5362 1477 5438 subnexa
1499 5363 1843 5438 expositione
1870 5362 1954 5420 bis
1976 5363 2258 5419 Domimon

659 5443 731 5498 ab
757 5457 825 5497 eo
850 5443 1048 5496 lectum
1079 5433 1289 5492 vtdettlr
1315 5451 1413 5508 pro
1433 5433 1608 5491 altero
1637 5433 1826 5491 Deum.

739 5547 761 5576 ε
797 5535 1011 5590 Itttalms
1059 5531 1316 5597 vocibus,
1376 5530 1562 5603 quietis
1593 5541 1649 5585 et
1693 5529 1908 5584 cessavit
1953 5529 2169 5585 unicum
2204 5529 2256 5583 in

663 5636 815 5684 testu
848 5626 1111 5682 llebraico
1142 5623 1368 5678 verbum
1397 5607 1505 5684 “nn
1535 5625 1828 5692 respondet
1859 5624 2001 5689 quod
2047 5637 2259 5680 utrum-

665 5715 772 5766 que
827 5701 941 5753 t‘ere
966 5697 1233 5766 signiﬁcat
1278 5697 1525 5766 itionstat
1554 5713 1707 5761 vero,
1757 5700 1925 5763 inquit
1963 5697 2254 5760 Victorius,

666 5765 735 5824 ex
755 5765 1183 5832 Coinmeutarto,
1227 5765 1622 5838 Hieronymum
1663 5766 1989 5839 exposuisse
2019 5768 2256 5839 primum

1919 236 1980 296 S.
2023 233 2304 296 EUSEBII
2343 233 2735 295 HIERONYMI

3817 248 3886 308 $9!

2292 357 2339 416 Α
2371 368 2471 408 nos
2496 353 2647 422 juxta
2679 351 3068 424 Symmachum
3100 351 3153 408 in
3181 353 3345 410 lineas
3373 363 3428 412 et
3455 356 3749 431 horoIogium
3766 366 3883 416 verti-

2381 463 2526 514 mus,
2566 449 2656 519 qui
2685 447 2892 518 gradus
2922 447 3195 503 intellexit
3226 450 3276 503 in
3302 450 3458 506 lineis
3481 491 3497 518 ,
3543 463 3598 507 ut
3621 453 3884 508 manifestio-

2377 555 2504 623 rem
2542 555 2762 595 sensum
2815 540 3120 611 legentibus
3166 539 3388 598 faceret.
3419 543 3543 599 Sive
3593 544 3658 599 ita
3687 548 3884 603 exstructi

2376 618 2533 690 erant
2563 634 2764 704 gradus
2785 645 2900 688 arte
2928 633 3267 700 mechanica,
3296 645 3352 689 ιιι
3376 651 3476 708 per
3505 636 3730 706 singulos
3750 640 3884 695 umbra

2374 729 2735 792 descendens,
2766 730 3020 784 horarum
3073 731 3246 799 spatia
3284 733 3614 786 terminaret.
3645 731 3775 799 Quod
3813 733 3884 802 sig-

2377 839 2504 879 num
2551 821 2716 895 470
2755 831 2812 879 et
2857 824 3143 892 praesentis
3191 826 3453 894 temporis
3505 836 3557 881 et
3595 825 3740 882 futuri
3777 841 3883 898 typus

2373 927 2484 971 erat
2509 931 2524 981 ;
2549 929 2600 968 ut
2634 914 2909 985 quowodo
2939 920 3020 972 sol
3055 927 3422 972 reverteretur
3441 917 3505 972 ad
3533 919 3788 972 exordium
3804 919 3878 980 sui;

2374 1009 2443 1062 ita
2473 1017 2498 1045 λ
2529 1019 2583 1064 et
2612 1007 2857 1063 Ezechiae
2884 1009 2990 1064 vita
3029 1010 3093 1065 ad
3125 1010 3370 1066 detestos
3395 1025 3562 1066 annos
3584 1009 3793 1076 rediret;
3817 1025 3883 1066 no-

2375 1102 2563 1172 bisque
2590 1101 2644 1157 in
2674 1102 3015 1159 hebdomade
3030 1112 3086 1158 et
3115 1103 3360 1175 ogdoade
3394 1102 3715 1167 viventibus,
3747 1119 3882 1174 perte

2375 1196 2772 1251 surrectiouem
2801 1195 3026 1262 tibi-isti,
3056 1197 3182 1250 vitae
3206 1196 3375 1264 spatia
3401 1195 3882 1268 protelentur.Solrnt

2373 1295 2683 1343 Sanctorum
2727 1289 2990 1344 Locorum
3038 1288 3091 1343 in
3115 1287 3218 1343 hac
3259 1288 3530 1358 provmcia
3567 1295 3798 1342 monstrat
3817 1301 3881 1341 te;

2376 1381 2514 1435 intra
2533 1389 2852 1450 conseptum
2868 1380 3078 1449 Templi
3106 1379 3398 1435 ostendere
3410 1379 3603 1451 gradus
3623 1379 3786 1434 doinus
3805 1379 3884 1433 Eze-

2372 1473 2536 1537 chias,
2559 1473 2641 1528 vel
2667 1477 2867 1539 Achaz,
2903 1471 3047 1543 quod
3078 1473 3165 1528 Sol
3194 1488 3291 1542 per
3317 1486 3416 1528 eos
3445 1471 3774 1527 descenderit.
3812 1468 3881 1523 Sed

2377 1583 2670 1637 numquam
2701 1581 2802 1640 ego
2826 1566 3070 1632 credam,
3107 1581 3213 1620 n0n
3244 1566 3369 1621 dico
3396 1568 3599 1626 Achaz,
3621 1563 3700 1635 qui
3723 1579 3796 1617 res
3817 1562 3880 1616 im-

2379 1661 2498 1730 pius
2519 1661 2615 1715 fuit
2643 1676 2658 1727 ;
2687 1661 2782 1715 sed
2815 1661 3110 1728 cujuslibet
3159 1659 3303 1730 tegis
3324 1659 3455 1729 justi
3477 1659 3679 1714 domum
3709 1656 3832 1712 fuisse
3848 1655 3881 1709 in

2303 1751 2348 1813 Β
2375 1753 2609 1825 Templo
2643 1754 2773 1809 Dei:
2803 1769 2929 1810 cum
2963 1753 3222 1811 Salomon
3252 1752 3458 1808 idcirco
3503 1752 3654 1807 Deum
3680 1753 3794 1804 inter
3812 1763 3882 1802 ca.

2372 1859 2484 1902 tera
2516 1846 2812 1902 oll'endisse
2839 1848 3074 1913 dicatur,
3099 1847 3241 1914 quod
3273 1847 3326 1900 in
3355 1844 3585 1900 sublime
3609 1840 3878 1897 aediﬁcaverit

2376 1939 2556 2006 Mella,
2587 1939 2734 1996 unde
2755 1942 2953 1994 atrium
2983 1938 3220 2008 Templi,
3242 1938 3594 1993 deambulms
3615 1936 3659 1990 in
3683 1944 3803 1989 turre
3821 1946 3882 2002 pa-

2369 2032 2508 2098 latii,
2533 2033 2816 2104 dt‘SplCBl‘C
2846 2035 3041 2087 solitus
3071 2033 3142 2087 sit
3177 2030 3271 2100 (Ill
3309 2031 3435 2102 Reg.
3466 2029 3563 2102 ts).

2441 2129 2625 2197 (Vers.
2657 2127 2712 2183 9.
2721 2137 2737 2194 )
2771 2126 3047 2196 Scriptura
3081 2123 3322 2180 Ezechiae
3343 2115 3475 2195 regis
3499 2121 3642 2177 ludo:
3659 2135 3754 2174 cum
3768 2133 3880 2189 agro-

2367 2231 2521 2276 tasset
2546 2231 2595 2276 et
2624 2221 2969 2274 convaluisset
2999 2220 3065 2272 de
3093 2218 3406 2286 inﬁrmitate
3429 2233 3542 2272 sua.
3568 2213 3725 2270 LXX:
3749 2211 3879 2266 Oratio

2371 2313 2610 2369 Ezechiae
2649 2313 2786 2383 regis
2833 2310 2990 2366 Iuda:
3035 2309 3248 2380 quando
3290 2309 3514 2380 languit,
3543 2319 3588 2364 et
3619 2305 3806 2362 surrexit
3838 2304 3876 2354 dc

2365 2408 2672 2479 inﬁrmitate
2696 2423 2813 2462 sua.
2850 2405 3016 2460 Miror
3045 2405 3327 2476 quomodo
3350 2406 3452 2460 soli
3485 2402 3794 2473 Septuaginta
3811 2411 3877 2466 pro

2366 2502 2660 2570 scriptura,
2697 2503 2983 2554 orationem
3008 2508 3320 2570 posuerint.
3344 2513 3464 2553 cum
3486 2496 3645 2553 oratio
3669 2503 3881 2549 recrast-

2367 2610 2503 2652 ιΑτιι
2535 2577 2734 2667 (Πίτεη)
2757 2593 2994 2659 dicatur,
3041 2601 3098 2648 et
3125 2608 3230 2648 non
3267 2607 3550 2649 IACBTBAB
3573 2589 3766 2662 (at-om.
3791 2596 3879 2652 Ψικ

2367 2688 2421 2744 in
2467 2687 2724 2758 priesenti
2770 2688 2892 2742 loco
2936 2686 3242 2752 scribitur;
3283 2687 3522 2756 alwqum
3560 2688 3882 2748 eousequetttef

2366 2781 2642 2837 diceretur
2693 2783 2882 2844 oratio,
2928 2781 2972 2834 si
3021 2780 3092 2834 de
3135 2779 3393 2850 praesenti
3421 2786 3561 2834 esset
3585 2787 3811 2844 tempore.
3847 2774 3882 2820 ει

2367 2891 2473 2931 nou
2505 2875 2574 2931 de
2626 2877 2921 2946 praeterito.
2981 2875 3328 2932 Manifestum
3358 2887 3441 2933 est
3468 2876 3621 2937 enim,
3653 2867 3775 2937 ιιυοά
3799 2872 3880 2935 P0“

2367 2971 2635 3024 redditam
2694 2971 3008 3034 sanitatem,
3050 2970 3119 3025 de
3156 2970 3473 3026 inlirmitate
3500 2979 3794 3037 consurgens
3817 2961 3880 3014 islt

2365 3063 2778 3130 conscripserit,
2810 3078 2876 3118 es
2908 3078 3018 3134 quo
3045 3079 3154 3119 non
3185 3065 3368 3119 oratio
3393 3071 3496 3127 est,
3524 3061 3612 3118 sed
3654 3057 3878 3131 gratiarum

2292 3137 2337 3200 C
2369 3158 2514 3212 actio
2544 3171 2642 3227 pro
2673 3156 2938 3213 benelicio
2966 3157 3112 3228 quod
3143 3167 3457 3228 acceperat.

2438 3247 2620 3321 (Vers.
2651 3249 2719 3305 10
2755 3249 2937 3322 seqq.)
2966 3247 3079 3322 Ego
3110 3250 3223 3304 dixi
3270 3252 3325 3305 in
3352 3250 3565 3305 dimidio
3595 3247 3766 3302 dierum
3788 3252 3880 3293 meo

2365 3356 2503 3406 rum,
2533 3341 2717 3395 vadum
2735 3341 2805 3396 ad
2837 3352 3014 3410 portas
3040 3343 3198 3411 inferi
3227 3359 3246 3398 :
3278 3345 3492 3415 quaesita
3512 3342 3748 3398 residuum
3767 3345 3880 3388 anno

2365 3449 2479 3486 rant
2505 3449 2752 3488 meorum.
2799 3433 2942 3499 Dixi,
2983 3451 3086 3488 non
3123 3435 3305 3489 uidebo
3337 3431 3651 3488 Dominumb
3680 3428 3810 3484 Deum
3845 3421 3876 3472 ὶη

2366 3538 2502 3582 terra
2525 3529 2796 3582 riventium
2823 3544 2840 3582 :
2869 3545 2970 3582 non
2992 3528 3245 3596 aspiciam
3277 3529 3534 3582 hominem
3560 3525 3684 3579 ultra
3711 3529 3750 3574 et
3773 3513 3878 3569 bubi-

2366 3631 2582 3675 tatorem
2602 3622 2787 3692 quietis
2813 3632 2859 3676 ⁸.
2891 3619 3123 3677 Cessavit
3147 3622 3417 3692 generatio
3442 3637 3550 3675 mea
3574 3635 3591 3673 :
3613 3616 3762 3670 ablata
3783 3612 3877 3663 este!

2367 3715 2639 3766 c0uvolata
2693 3723 2768 3768 est
2815 3731 2848 3767 a
2902 3730 2980 3768 me
3026 3715 3174 3781 quasi
3229 3714 3613 3769 tabernaculum
3661 3714 3876 3780 pastontm.

2368 3805 2598 3861 Pracisa
2645 3817 2720 3861 est
2769 3807 2908 3862 velut
2941 3825 2973 3861 a
3003 3818 3202 3863 texente
3227 3812 3332 3862 vita
3353 3824 3464 3862 mea
3487 3824 3506 3862 :
3531 3807 3644 3860 dum
3665 3800 3804 3854 adhuc
3823 3807 3877 3845 or-

2365 3901 2504 3954 direr
2533 3901 2752 3955 succidit
2784 3918 2903 3956 me:
2931 3901 2996 3955 de
3035 3919 3186 3956 mane
3215 3918 3378 3974 usque
3420 3901 3488 3956 ad
3513 3911 3750 3969 vesperum
3773 3887 3876 3958 Nl“

2366 4012 2463 4051 me.
2517 3996 2803 4063 Sperabam
2850 4011 3011 4068 usque
3061 4012 3252 4070 mane:
3281 3997 3434 4068 quasi
3481 3997 3556 4049 leo
3597 3993 3664 4045 sic
3701 3978 3875 4040 contriti!

2365 4089 2538 4142 omnia
2556 4105 2673 4144 ossa
2697 4106 2830 4144 mea.
2856 4088 2936 4143 De
2957 4106 3108 4144 mane
3131 4106 3298 4158 usque
3317 4092 3386 4143 ad
3413 4099 3663 4153 vesperum
3680 4080 3874 4151 ﬁniesmt-

2363 4181 2510 4238 LXX
2538 4203 2545 4211 ·
2579 4181 2697 4257 Ego
2722 4183 2834 4238 dixi
2865 4183 2920 4236 in
2939 4183 3140 4237 excelso
3166 4184 3368 4237 dierum
3399 4193 3636 4240 meorum,
3667 4171 3814 4228 vadum
3833 4159 3875 4214 σά

2364 4285 2542 4347 portas
2568 4275 2724 4342 inferi
2745 4290 2763 4329 :
2789 4273 3079 4344 relinquant
3109 4291 3278 4330 annos
3304 4275 3536 4329 residuos
3561 4288 3580 4327 :
3600 4266 3716 4328 dixi,
3740 4269 3878 4325 πεφυλα-

2361 4389 2518 4443 quam
2541 4371 2678 4427 ultra
2702 4371 2884 4427 videbo
2912 4377 3142 4428 salutare
3167 4372 3268 4428 Dei
3293 4377 3346 4428 in
3377 4385 3513 4430 terra
3541 4367 3793 4426 virentium.
3815 4368 3878 4408 πρε

2363 4465 2539 4520 videbo
2565 4464 2826 4520 hominem
2853 4464 3027 4520 adhuc
3053 4483 3170 4522 cum
3194 4467 3541 4520 habitantibus
3564 4479 3584 4519 :
3610 4458 3746 4529 ὀρίνοι
3771 4469 3796 4502 α
3818 4462 3879 4499 ιο·

2288 4536 2338 4596 D
2365 4559 2607 4628 gnatione
2632 4571 2766 4610 mea.
2794 4555 2969 4612 Exibit
3005 4569 3055 4612 et
3101 4562 3315 4614 recessit
3341 4577 3374 4612 a
3397 4575 3495 4623 me,
3533 4559 3652 4611 sicut
3676 4547 3882 4620 571""

2365 4648 2700 4703 bernaculum
2723 4650 2874 4704 solvit
2898 4650 2988 4719 qui
3016 4652 3206 4721 ﬁxerat
3230 4668 3250 4707 :
3280 4654 3412 4707 sicut
3439 4651 3535 4707 tela
3559 4644 3746 4715 spiritus
3778 4643 3878 4686 me"!

2364 4743 2594 4808 recessit,
2619 4758 2733 4795 cum
2755 4759 2788 4796 a
2807 4751 3008 4798 tacente
3052 4745 3360 4799 succiditur.
3401 4742 3467 4797 In
3499 4738 3585 4794 illa
3614 4737 3685 4790 die
3708 4725 3876 4781 traditio

2357 4852 2473 4890 sum
2515 4852 2672 4906 usque
2713 4852 2865 4893 mane
2889 4853 2909 4892 :
2931 4842 3064 4892 sicut
3103 4840 3204 4904 leo,
3241 4839 3319 4893 sic
3355 4832 3586 4892 contrivit
3632 4821 3774 4882 omnia
3794 4825 3875 4906 cui

2359 4943 2490 4982 mea.
2513 4927 2558 4982 Α
2580 4903 2664 4983 die
2683 4947 2844 5003 usque
2871 4932 2940 4985 ad
2967 4940 3166 4986 noctem
3194 4931 3334 4986 tradi
3357 4950 3416 4987 us
3441 4945 3566 4985 sum.
3597 4922 3760 4978 Narrat
3785 4903 3874 4975 τιυιά

2361 5030 2609 5092 tempore
2637 5025 2936 5092 prementis
2956 5027 3220 5096 angustia:
3252 5020 3677 5088 imminentisque
3706 5010 3875 5074 Ιίιιιεηθ⁶

2367 5215 2467 5271 pro
2488 5202 2704 5255 cessarit
2729 5201 2848 5258 sive
2891 5202 3102 5265 occidit,
3137 5210 3193 5258 et
3236 5200 3484 5272 sequenti
3510 5192 3730 5272 Ῑιιηὲίβπ
3754 5191 3877 5272 "’7‘."

2364 5264 2512 5347 ἓιιίος
2548 5273 2598 5326 id
2628 5286 2735 5336 est.
2768 5276 2983 5328 cessavit
3014 5264 3279 5347 generatio
3309 5264 3439 5347 nica.
3470 5280 3572 5326 etc.
3599 5265 3700 5321 Mox
3725 5264 3870 5347 [sntgfa'

2365 5344 2471 5398 litis
2502 5329 2790 5412 herpensa.
2842 5329 3082 5400 ntutasie
3123 5329 3482 5405 sentenziam,
3538 5329 3875 5414 ιιι-ιἰιιοευξξξθ

2362 5405 2619 5482 quietem,
2649 5430 2700 5468 ut
2738 5431 2843 5470 non
2875 5417 3201 5483 principium
3227 5416 3473 5480 secundi,
3520 5410 3608 5483 995'
3639 5405 3870 5483 ιιτίιηὶἱέξ

2363 5472 2454 5540 sus
2484 5472 2629 5541 esset
2659 5487 2800 5553 linis,
2856 5472 2957 5540 bne.
2985 5472 3242 5542 vidi-lico-t
3291 5472 3480 5540 modo:
3541 5479 3649 5553 [fon
3688 5472 3874 5553 αερὲεεξᾞξ

2361 5556 2624 5612 hominem
2655 5543 2812 5619 ultra'.
2846 5570 2894 5612 et
2933 5561 3270 5614 habitatorem
3300 5561 3508 5629 quietis.
3531 5544 3774 5629 licuerat?

2364 5611 2640 5684 ablataiest
2694 5611 2811 5686 ne:
2836 5611 3037 5684 conter-
3060 5611 3290 5684 union.
3313 5611 3499 5698 ἰρκιιιιι
3530 5620 3654 5679 illi“
3681 5611 3764 5669 *"b
3786 5617 3874 5698 ἷῗῗῗ

2367 5708 2531 5755 ιιοιιιε
2561 5701 2722 5766 hujus
2753 5705 2936 5764 tinem,
2969 5712 3024 5756 et
3051 5717 3172 5770 quze
3204 5715 3300 5756 uo.
3344 5690 3415 5755 ibi
3444 5698 3762 5756 observamus
3784 5690 3874 5746 tm"

2363 5773 2510 5830 xime
2538 5772 2846 5846 mSequenti
2865 5776 3239 5831 anuotatione.
