3932 6388
134 332 234 390 393

580 325 1230 391 COMMENTARIORUM
1270 325 1339 383 IN
1380 324 1620 382 ISAIAM
1653 322 2077 384 PROPHE’I‘AM
2105 323 2236 382 LIB.
2279 326 2372 384 XI.
2413 325 2568 384 CAP.
2609 324 2902 386 XXXVIII.

3297 333 3406 388 594

131 451 225 513 ris,
254 445 445 504 tacitus
470 445 753 514 cogitarit;
783 445 927 508 Dixi,
961 442 1162 511 inquit,
1195 442 1247 496 in
1276 440 1444 496 corde
1470 454 1617 503 meo,
1649 438 1704 492 in
1733 441 1785 503 Α
1811 455 2076 512 vesperum
2103 440 2393 510 ﬁnies'me:
2441 443 2715 512 sperabam
2745 459 2906 514 usque
2943 459 3134 500 mane:
3176 446 3319 515 quod
3349 456 3407 503 et

129 542 340 597 dimidio
375 541 571 594 dierum
610 554 857 603 meorum,
909 537 1022 592 sive
1053 544 1108 591 ut
1137 533 1332 605 Aquila
1359 543 1414 588 et
1455 533 1706 604 Symma-

128 635 260 691 chus
278 645 331 691 et
359 632 660 688 Theodotio
682 629 1024 700 interpretati
1065 639 1211 685 sunt.
1244 629 1296 681 in
1325 627 1626 694 inﬁrmitate
1656 633 1704 679 et

126 731 324 786 silentio
366 728 564 782 dierum
592 741 841 790 meorum,
875 739 975 795 pro
1014 739 1123 794 quo
1149 720 1294 778 LXX
1336 722 1593 776 excelsum
1623 720 1705 773 in-

129 822 396 893 terpretati
423 831 574 886 sunt,
603 819 674 874 ob
703 819 901 875 littera:
921 815 1358 878 similitudinem,
1387 829 1530 869 unus
1553 811 1702 884 (rm)

73 963 76 968 .
123 931 218 986 pro
243 928 380 971 »Αιιε
405 911 558 984 (Vm)
591 920 618 948 ⁸
646 911 889 980 legentes
921 927 934 964 :
966 909 1095 965 licet
1135 906 1352 974 quidam
1383 921 1548 971 unus,
1577 921 1703 960 san-

124 1008 314 1080 guinem
339 1009 622 1071 verterint,
663 1012 723 1058 ut
759 1008 832 1059 sit
857 1016 1078 1068 sensus,
1110 999 1178 1055 In
1224 1000 1476 1073 sanguine
1502 998 1703 1052 dierum

123 1116 362 1165 meorum,
384 1098 603 1169 quando
645 1111 798 1152 tneus
823 1111 1006 1163 cruor,
1044 1107 1308 1164 meusque
1345 1089 1705 1162 expetebatur

125 1190 661 1268 [ALexspt-ctabatur]
675 1191 950 1246 interitus.
963 1187 1150 1258 Itaque
1161 1183 1700 1256 desperationedixi:

131 1290 320 1344 Vadam
364 1289 432 1342 ad
465 1295 643 1356 portas
673 1285 848 1355 inferi,
873 1283 958 1339 vel
993 1280 1269 1337 communi
1308 1279 1426 1350 lege
1469 1286 1701 1344 naturai,

121 1382 199 1438 vel
227 1382 341 1436 illas
369 1388 574 1448 portas,
607 1377 678 1432 de
706 1377 902 1447 quibus
931 1375 1076 1445 quod
1125 1373 1387 1428 liberatus
1431 1369 1526 1435 sit,
1555 1368 1708 1424 Psal~

122 1478 264 1531 mista
293 1472 572 1536 decantat,
606 1469 709 1538 Qui
745 1468 944 1523 exultas
975 1482 1054 1520 me
1092 1465 1156 1520 de
1197 1464 1359 1532 portis
1401 1461 1605 1525 mortis,
1650 1469 1706 1514 ut

120 1569 402 1623 annuutiem
446 1579 624 1621 omnes
655 1562 983 1618 laudationes
1012 1571 1127 1614 tuas
1155 1559 1208 1612 in
1232 1558 1394 1629 portis
1422 1556 1550 1626 ﬁlia:
1577 1554 1707 1609 Sion

117 1661 227 1734 (Ps.
255 1678 324 1726 is,
359 1659 474 1725 l5).
507 1657 616 1714 Has
641 1667 824 1726 portas
856 1654 1055 1710 interni
1086 1667 1233 1717 reor,
1267 1667 1389 1722 quae
1415 1652 1705 1705 adversum

119 1755 322 1810 Petrum
350 1768 463 1808 non
511 1751 812 1822 praevalent
858 1746 1074 1820 (Matth.
1108 1744 1246 1814 xvr),
1279 1745 1403 1814 quia
1447 1740 1708 1796 dormivit

1807 531 1910 587 Job
1933 535 1984 587 in
2018 533 2268 603 angustia
2291 547 2391 588 sua
2416 545 2578 606 atque
2606 537 2658 590 in
2689 538 2978 592 tormentis
3009 539 3258 608 corporis
3282 554 3404 594 sus-

1807 623 2038 680 tinuisse
2060 640 2120 680 se
2151 624 2448 684 dicittlob.
2480 625 2582 699 tv),
2605 629 2828 698 quando
2854 630 2909 684 iu
2929 628 3019 684 die
3044 631 3408 699 exspectabat

1806 728 2044 783 noctem,
2089 727 2144 773 et
2173 719 2349 774 lucem
2388 720 2804 789 prtestolabatur
2847 723 2901 777 in
2933 724 3198 790 tenebris,
3233 733 3411 780 muta-

1807 810 1954 867 tione
1979 819 2286 880 temporum
2325 821 2522 883 putans
2553 815 2751 868 mutari
2779 829 2939 882 posse
2963 817 3254 886 supplicia.
3293 818 3408 874 Hoc

1804 919 1995 960 verum
2017 920 2140 962 esse
2165 909 2316 961 novit
2344 908 2436 978 qui
2468 907 2681 978 magnis
2712 908 2952 964 febribus
2977 919 3204 979 testuat,
3252 911 3410 982 cujus

1807 996 1954 1069 ignis
2005 995 2255 1054 internus
2307 998 2360 1053 in
2399 998 2814 1056 similitudinem
2864 1000 3041 1056 leonis
3077 1003 3257 1058 omnia
3286 1018 3412 1060 ossa

1806 1091 2101 1158 consumit,
2149 1105 2251 1147 nec
2275 1105 2336 1147 se
2364 1100 2516 1162 putat
2545 1107 2658 1163 prae
2685 1092 2894 1150 doloris
2927 1095 3302 1165 magnitudine
3327 1097 3412 1152 ul-

1807 1192 1890 1239 tra
1920 1199 2044 1240 esse
2075 1184 2376 1260 victurum.

1881 1278 2062 1349 (Vers.
2095 1278 2207 1348 15.)
2266 1278 2413 1334 Sicut
2447 1280 2627 1346 pullus
2671 1279 2994 1347 hirundinis,
3034 1282 3108 1336 sic
3130 1283 3408 1339 clamabo:

1808 1369 2093 1432 meditabor
2119 1381 2174 1424 ut
2200 1372 2438 1427 columba
2459 1389 2478 1426 :
2508 1374 2760 1427 attenuati
2783 1385 2900 1428 sunt
2927 1375 3061 1429 oculi
3089 1376 3188 1428 mei
3229 1377 3406 1446 suspi-

1809 1464 1998 1517 cientes
2014 1463 2068 1517 in
2089 1462 2368 1518 excelsum.
2400 1463 2644 1533 Domine,
2671 1469 2778 1520 vim
2807 1468 3017 1534 patior;
3045 1471 3299 1538 responde
3314 1484 3409 1540 pro

1809 1572 1890 1610 me
1909 1572 1928 1610 :
1949 1556 2074 1625 quid
2099 1557 2268 1610 dicam
2287 1565 2379 1610 aut
2404 1557 2527 1627 quid
2548 1558 2874 1630 respondebit
2897 1559 3024 1614 mihi
3050 1577 3165 1614 cum
3194 1561 3306 1627 ipse
3328 1563 3409 1632 fe-

1810 1650 1978 1704 cerit?
2001 1649 2173 1704 LXX:
2196 1650 2360 1717 Quasi
2379 1653 2606 1705 hirundo
2619 1656 2692 1707 sic
2711 1653 2946 1707 clamabo
2966 1669 2985 1708 :
3002 1656 3149 1724 quasi
3170 1655 3412 1710 columba

1810 1744 1885 1797 sic
1906 1744 2213 1798 meditabor.
2240 1744 2558 1817 Defecerunt
2579 1748 2715 1801 enim
2746 1747 2884 1802 oculi
2901 1749 3002 1802 mei
3030 1751 3330 1820 aspicienda
3355 1752 3412 1804 in

117 1846 166 1902 in
190 1845 528 1917 plenitudine
554 1844 767 1899 dierum
792 1855 1040 1896 suorum.
1089 1837 1277 1894 Sancti
1331 1834 1562 1904 implent
1592 1832 1710 1888 dies
1739 1835 1788 1896 Β
1815 1837 2076 1890 excelsum
2096 1838 2209 1891 caeli
2245 1837 2314 1891 ad
2347 1837 2630 1892 Dominum
2650 1855 2669 1894 :
2696 1841 2784 1907 qui
2810 1842 2943 1895 eruit
2973 1856 3076 1906 me,
3123 1854 3170 1894 et
3202 1842 3417 1897 abstulit

118 1955 256 2005 suos,
285 1940 468 2011 qualis
520 1938 622 1993 luit
658 1935 957 2003 Abraham,
1005 1935 1097 2003 qui
1128 1944 1374 1988 mortuus
1403 1940 1490 1986 est
1518 1928 1712 1998 plenus

118 2030 314 2086 dierum
366 2033 418 2085 in
473 2040 756 2086 senectute
806 2028 948 2083 bona
994 2025 1149 2095 (Gen.
1193 2026 1350 2093 xxv).
1387 2021 1712 2077 Peccatores

117 2142 240 2182 vero
263 2137 317 2183 et
346 2126 510 2195 impii
541 2128 592 2179 in
625 2123 855 2180 dimidio
883 2124 1098 2178 dierum
1128 2134 1354 2176 suorum
1380 2116 1711 2182 moriuntur,

118 2219 178 2276 de
202 2221 394 2290 quibus
424 2227 489 2274 et
518 2218 801 2284 Psalmista
851 2217 1097 2286 loquitur
1129 2234 1142 2269 :
1178 2212 1294 2268 Viri
1323 2211 1638 2284 sanguinum
1665 2217 1715 2263 et

117 2313 270 2367 dolosi
299 2329 403 2368 non
424 2311 780 2366 dimidiabunt
825 2310 936 2364 dies
972 2323 1106 2363 suos
1149 2305 1268 2376 (Ps.
1301 2322 1410 2370 Liv,
1450 2303 1546 2375 25)
1595 2301 1713 2357 Non

119 2404 252 2459 enim
282 2403 520 2473 implent
543 2417 708 2473 opera
740 2402 1022 2468 virtutum,
1058 2414 1160 2456 nec
1187 2397 1409 2453 student
1436 2396 1713 2467 paeniten-

122 2499 184 2553 tia
211 2499 511 2555 emendare
549 2497 770 2554 delicta.
803 2495 958 2552 Unde
982 2495 1035 2551 in
1079 2495 1261 2550 medio
1284 2498 1411 2548 vitae
1438 2506 1629 2558 cursu,
1659 2495 1718 2546 et

123 2590 171 2644 in
197 2607 443 2648 errorum
474 2589 720 2645 tenebris
740 2588 1011 2643 ducentur
1039 2587 1108 2642 ad
1151 2594 1436 2640 tartarum.
1467 2581 1713 2649 Qwsivi,

124 2685 307 2755 inquit,
348 2683 628 2740 residuum
668 2698 925 2737 annorum
969 2696 1234 2745 meorum,
1268 2694 1375 2734 non
1405 2695 1492 2733 me
1520 2689 1718 2748 putans

125 2776 257 2830 ultra
279 2791 404 2833 esse
437 2780 733 2832 vieturum.
769 2774 917 2838 Dixi,
944 2789 1048 2828 non
1085 2771 1266 2827 videbo
1292 2770 1574 2825 Dominum
1603 2767 1716 2823 Do-

123 2869 309 2922 minum
339 2870 395 2923 in
426 2879 568 2924 terra
616 2869 914 2923 viventium.
960 2865 1064 2921 Pro
1095 2865 1327 2918 Domino
1373 2872 1426 2918 et
1463 2861 1717 2927 Domino,

121 2959 198 3016 bis
229 2962 284 3017 in
309 2962 548 3017 Hebraeo
577 2961 797 3026 punitur
832 2975 886 3015 ιλ
917 2956 1048 3030 (η’),
1077 2958 1222 3028 quod
1252 2955 1306 3011 in
1335 2967 1578 3010 extrema
1609 2952 1721 3022 syl~

119 3055 232 3112 laba
259 3072 530 3114 ALLsLun
561 3035 798 3129 (ηνπιιίπυ
837 3061 1018 3116 sonat,
1051 3065 1152 3122 pro
1176 3066 1284 3118 quo
1309 3047 1456 3103 LXX
1485 3055 1721 3101 transm-

120 3148 296 3205 lerunt
324 3169 338 3198 τ
369 3147 722 3220 Nequaquam
751 3146 889 3200 ultra
910 3141 1090 3197 videbo
1120 3142 1351 3195 salutare
1383 3139 1479 3192 Dei
1500 3138 1554 3191 in
1584 3146 1722 3188 terra

1817 1928 2048 1982 dolorem
2072 1931 2262 1986 anima:
2285 1946 2432 1996 mete,
2454 1940 2502 1986 et
2530 1932 2642 2003 ipse
2663 1934 2805 2003 fecit.
2836 1933 2983 1988 Mors
3016 1933 3332 1998 imminens,
3359 1943 3417 1990 et

1817 2021 2098 2092 languoris
2125 2023 2445 2080 incumbens
2472 2026 2652 2091 dolor,
2675 2028 2828 2096 quasi
2855 2027 2942 2082 leo
2980 2027 3052 2082 ita
3085 2029 3266 2083 omnia
3297 2043 3422 2084 cor-

1815 2117 1965 2187 poris
2005 2117 2112 2172 mei
2141 2133 2264 2174 ossa
2297 2117 2613 2190 frangebat;
2655 2122 2748 2177 sed
2790 2137 2890 2193 ego
2917 2123 2973 2177 in
3003 2123 3418 2181 similitudinem

1816 2207 2131 2266 hirundinis
2156 2221 2212 2267 et
2265 2212 2567 2279 columbae,
2622 2213 2842 2270 ﬂetibus
2879 2226 2934 2271 et
2960 2217 3254 2287 gemitibus
3298 2219 3418 2276 dies

1818 2315 2116 2374 noctesque
2137 2304 2467 2373 jutigebam;
2501 2314 2555 2359 et
2577 2323 2604 2358 a
2637 2307 2750 2362 Deo
2787 2309 2908 2364 solo
2935 2311 3024 2379 qui
3058 2322 3266 2380 poterat
3289 2313 3418 2367 sub-

1817 2396 2040 2462 venire,
2065 2399 2295 2453 elevatis
2324 2400 2377 2453 in
2407 2399 2579 2454 altum
2616 2401 2811 2467 oculis,
2841 2405 3102 2458 auxilium
3137 2410 3422 2474 przrstola—

1819 2489 1937 2545 bar.
1978 2490 2340 2561 Dicebamque
2380 2493 2448 2548 ad
2487 2510 2648 2548 eum:
2712 2497 2832 2564 plus
2881 2499 3057 2566 patior
3091 2515 3252 2568 quam
3301 2517 3420 2558 mea

1821 2593 2058 2653 poscunt
2084 2585 2277 2640 merita
2304 2602 2320 2652 ;
2365 2588 2460 2641 sed
2493 2598 2546 2642 et
2573 2587 2618 2643 si
2643 2588 2771 2656 quid
2802 2592 3007 2657 erravi,
3034 2607 3327 2651 eonvertar
3353 2598 3422 2653 ad

1819 2679 2047 2744 melius;
2081 2689 2134 2733 tu
2168 2690 2191 2719 ο
2221 2679 2494 2746 responde
2516 2698 2615 2750 pro
2641 2698 2763 2737 me:
2791 2681 2912 2738 Non
2940 2697 3017 2740 est
3043 2689 3179 2742 enim
3201 2689 3420 2745 volentis

1820 2787 1983 2843 neque
2011 2774 2296 2836 currentis,
2344 2775 2436 2829 sed
2470 2776 2766 2831 miserentis
2809 2775 2908 2832 Dei
2973 2779 3150 2850 (Rom.
3181 2798 3254 2849 ιι,
3304 2783 3419 2854 i6).

1821 2863 2170 2934 Rursumque
2213 2866 2269 2921 in
2321 2882 2382 2924 se
2433 2870 2759 2924 revertitur:
2794 2869 2957 2943 473
3007 2871 3144 2941 Quid
3199 2874 3417 2942 dicant,

1821 2957 2024 3028 quidve
2073 2960 2341 3015 causabor
2379 2971 2568 3018 coiitra
2622 2974 2674 3018 te
2721 2964 2987 3021 factorem
3042 2969 3272 3023 meum?
3325 2981 3422 3027 aut

1824 3049 1950 3116 quid
1997 3050 2128 3104 mihi
2160 3054 2509 3120 respondebit
2552 3054 2643 3124 qui
2677 3054 2806 3110 fecit
2864 3058 2980 3128 ipse
3010 3061 3152 3129 quod
3205 3062 3426 3117 voluit?

1825 3139 2151 3196 Sustinendn
2185 3157 2316 3213 ergo
2368 3155 2496 3199 sunt
2543 3161 2900 3216 qua-cumque
2959 3150 3285 3208 decreverit.
3316 3154 3424 3211 Pro

119 3242 418 3298 viventium.
454 3242 526 3295 De
548 3253 657 3310 qua
687 3241 738 3292 in
770 3239 877 3292 alio
901 3237 1023 3290 loco
1050 3234 1316 3304 scriptum
1345 3241 1467 3287 est:
1499 3229 1729 3284 Placebo
1756 3227 1802 3292 C
1835 3233 1984 3302 pullo
2017 3231 2358 3300 hirundinis,
2398 3235 2514 3290 sive
2543 3235 2842 3305 hirundine,
2875 3253 2933 3295 ut
2960 3241 3105 3298 LXX
3133 3250 3424 3303 lt'anslttle-

121 3333 345 3389 Domino
371 3336 430 3388 in
454 3335 663 3402 regione
689 3330 961 3382 viventium
985 3325 1106 3398 (Ps.
1123 3341 1268 3389 cxtv,
1289 3325 1366 3396 9).
1389 3325 1455 3378 Et
1473 3337 1723 3378 rursum:

120 3425 350 3482 Placebo
379 3423 614 3478 Domino
642 3426 695 3476 in
723 3422 915 3476 lumine
939 3421 1217 3474 viventium
1237 3415 1354 3487 (Ps.
1389 3431 1480 3474 LV.
1512 3414 1592 3485 9).
1622 3413 1727 3468 Re-

120 3534 201 3590 gio
244 3533 384 3589 ergo
427 3516 757 3573 Sanctorum
807 3515 925 3584 ipsa
968 3526 1074 3579 eat,
1115 3525 1239 3582 qua:
1282 3510 1589 3580 appellatur
1634 3507 1726 3562 lux

121 3613 444 3670 viventium.
474 3610 596 3666 Non
619 3622 701 3666 est
730 3611 874 3666 enim
899 3608 1044 3663 Deus
1067 3604 1542 3672 inortuorntn,sed
1574 3604 1729 3658 vivo-

124 3724 232 3763 rutu
254 3708 482 3779 (ﬂatth.
506 3713 667 3774 uti).
688 3705 802 3760 Hoc
823 3713 1003 3758 autem
1032 3713 1114 3756 est
1144 3714 1306 3756 omne
1330 3699 1477 3769 quod
1509 3697 1722 3760 metuit,

123 3816 183 3856 ne
209 3804 456 3856 salutare
479 3798 598 3862 Dei,
623 3798 822 3852 ductus
845 3795 912 3850 ad
943 3793 1170 3851 inferos.
1194 3791 1358 3865 5.72
1382 3805 1722 3862 nequaquam

125 3902 392 3948 mereatur
439 3891 709 3960 aspicere.
765 3887 1021 3956 Sequitur
1054 3904 1068 3942 :
1099 3884 1221 3940 Non
1265 3884 1516 3956 aspiciam
1556 3882 1722 3937 homi-

126 4003 234 4041 nem
259 3989 402 4042 ultra
424 3996 473 4042 et
493 3985 832 4040 habitatorem
853 3984 1060 4053 quietis.
1083 3980 1240 4049 Quod
1273 3994 1372 4035 nos
1401 3979 1531 4035 olim
1560 3992 1724 4048 prop-

128 4087 203 4133 ter
233 4079 387 4135 verbi
417 4078 831 4150 ambiguitatem
875 4073 1128 4145 sequenti
1170 4072 1446 4128 versiculo
1461 4072 1724 4142 iunxera-

128 4187 269 4239 lllllS;
303 4187 494 4230 sermo
519 4170 664 4226 enim
695 4169 994 4223 Hebraicus
1020 4181 1217 4229 nomn,
1248 4167 1294 4218 si
1324 4165 1535 4231 legatur
1560 4162 1611 4228 δ,
1632 4169 1728 4216 aut

129 4266 394 4321 scribatur
443 4279 587 4322 meo
616 4247 790 4336 (1‘11),
830 4262 1098 4332 requiem:
1125 4259 1172 4314 si
1201 4272 1341 4313 eost.
1367 4239 1540 4328 (Bm),
1571 4254 1722 4310 Occi-

131 4365 322 4422 dentem
356 4373 546 4422 sonat.
575 4363 754 4418 Timet
773 4377 906 4432 ergo
933 4375 1002 4415 ne
1027 4373 1152 4414 cum
1182 4357 1389 4412 sanctis
1409 4366 1466 4411 et
1492 4354 1729 4409 homini-

133 4455 226 4512 bus
251 4458 341 4515 Dei
389 4473 504 4514 non
541 4455 748 4511 habitet
775 4453 829 4509 in
856 4452 1061 4524 quiete,
1097 4465 1168 4506 ne
1196 4463 1305 4504 non
1340 4447 1518 4502 videat
1549 4443 1728 4501 Domi-

136 4565 252 4606 num
286 4553 338 4608 in
388 4563 540 4608 terra
570 4548 892 4615 viventium,
939 4562 1008 4602 ne
1050 4544 1337 4618 generatio
1368 4542 1515 4598 illius
1557 4542 1729 4598 instar

1828 3333 1977 3394 runt,
2014 3326 2068 3380 in
2102 3326 2368 3381 Ht-hraico
2396 3330 2660 3397 scriptum
2689 3342 2792 3397 est,
2826 3348 2918 3388 sus
2948 3350 3086 3391 soon
3115 3342 3258 3407 (ma
3274 3343 3421 3411 01D).

1829 3421 1974 3489 quod
2009 3420 2396 3491 interpretatus
2421 3437 2502 3478 est
2528 3424 2745 3495 Aquila,
2776 3441 2936 3494 equus
2957 3431 3096 3501 Agor
3121 3448 3139 3486 :
3168 3431 3425 3490 Theodo-

1831 3511 1923 3575 tio,
1942 3525 2016 3566 sis
2034 3527 2174 3568 sava
2191 3517 2335 3584 (Ὣλν
2347 3514 2499 3587 ΟὌ);
2527 3516 2702 3572 inedia
2726 3520 2870 3574 enim
2887 3522 3091 3577 vocalis
3114 3525 3246 3579 littet
3263 3540 3290 3578 a
3308 3541 3428 3592 vau,

1827 3604 1872 3658 si
1929 3616 2158 3673 ponatur
2191 3607 2330 3661 inter
2358 3611 2494 3662 duas
2549 3609 2767 3675 Samec,
2817 3613 3020 3684 legitur
3060 3633 3179 3683 sus,
3233 3626 3288 3672 et
3332 3633 3429 3688 ap-

1827 3697 2062 3764 pellatur
2121 3716 2319 3769 equus;
2369 3701 2413 3756 si
2461 3701 2555 3770 iod
2585 3744 2600 3768 ,
2661 3703 2861 3775 legitur
2907 3710 3021 3774 sis,
3092 3717 3147 3764 et
3201 3710 3426 3766 hirundo

1825 3794 2047 3851 dicitur.
2097 3794 2454 3867 Symmachus
2481 3807 2659 3852 autem
2687 3799 2758 3854 ita
2793 3803 3104 3859 transtulit:
3156 3805 3306 3860 Sicut
3340 3809 3426 3860 hi-

1824 3887 1996 3943 rundo
2012 3888 2236 3954 inclusa,
2258 3890 2334 3943 sic
2351 3890 2586 3945 cantabo.
2612 3890 2766 3959 Quod
2790 3895 3016 3950 verbum
3043 3913 3173 3968 agor
3191 3907 3246 3953 et
3264 3899 3314 3950 in
3335 3897 3427 3954 Je-

1825 3984 1996 4037 retnia
2028 3983 2249 4052 legitur,
2307 3983 2397 4037 ubi
2435 3982 2698 4049 scriptum
2726 3997 2843 4040 est:
2891 3986 3085 4041 Milvus
3114 3990 3168 4040 in
3193 3992 3319 4042 caelo
3339 4005 3427 4042 co-

1825 4074 2000 4146 gnovit
2015 4083 2209 4147 tempus
2231 4090 2415 4129 suum:
2443 4086 2613 4131 turtur
2624 4086 2673 4129 et
2695 4077 2945 4144 hirundo,
2966 4090 3013 4133 et
3035 4081 3235 4134 ciconia
3248 4092 3424 4136 custo-

1828 4166 2038 4221 dierunt
2065 4177 2299 4238 tempora
2325 4183 2420 4220 sua
2444 4166 2669 4236 (Jerem.
2695 4183 2809 4229 vm,
2843 4170 2922 4238 7).

1899 4259 2081 4328 (Vers.
2103 4261 2128 4312 1
2139 4260 2172 4315 6
2193 4261 2374 4330 seqq.)
2398 4258 2672 4332 Reputabo
2686 4275 2863 4316 omnes
2878 4277 3042 4317 annos
3053 4279 3194 4320 meos
3212 4265 3266 4320 in
3283 4282 3429 4322 ama-

1828 4351 2061 4407 ritudine
2087 4354 2279 4408 anima:
2308 4368 2456 4408 mete.
2479 4352 2724 4421 Domine,
2741 4355 2787 4409 si
2813 4356 2887 4410 sic
2918 4356 3127 4423 vivitur,
3159 4370 3207 4415 et
3235 4362 3288 4416 in
3310 4364 3431 4418 tali-

1828 4442 1922 4496 bus
1949 4445 2053 4497 vita
2093 4445 2308 4514 spiritus
2336 4445 2459 4508 mei,
2505 4447 2754 4517 corripies
2789 4463 2890 4514 me,
2934 4458 2985 4504 et
3019 4451 3299 4523 viviﬁcabis
3329 4473 3430 4511 me.

1834 4532 1970 4587 Ecce
2013 4534 2066 4586 in
2112 4550 2238 4604 pace
2273 4535 2570 4590 amaritudo
2599 4553 2713 4591 mea
2754 4541 3098 4596 amarissima.
3149 4544 3233 4598 Ta
3265 4562 3439 4602 autem

137 4645 463 4702 tabernaculi
489 4643 846 4706 dissolvatur,
879 4655 946 4696 ne
993 4617 1195 4695 intelte
1225 4634 1640 4693 similitudinem
1672 4634 1724 4688 in
1752 4617 1808 4679 Ῑ)
1831 4627 2014 4682 eruisti
2041 4625 2271 4680 animum
2300 4641 2487 4693 meum.
2516 4637 2570 4680 ιιι
2606 4644 2709 4682 non
2737 4631 2926 4701 periret
2955 4649 2974 4687 :
3010 4639 3278 4708 projecisti
3322 4649 3442 4712 post

139 4733 246 4804 ipso
271 4738 406 4794 lucis
439 4736 673 4792 exordio
705 4733 1060 4805 prtecidatur.
1092 4739 1147 4788 et
1172 4744 1514 4800 nequaquam
1547 4727 1614 4784 de
1637 4741 1727 4783 se-

140 4830 277 4885 mine
303 4832 426 4899 ejus
451 4829 708 4886 Christus
734 4828 962 4882 oriatur.
983 4825 1139 4892 Quod
1167 4832 1348 4879 autem
1376 4836 1579 4892 corpus
1604 4833 1732 4877 nos-

144 4927 273 4977 trum
297 4924 610 4995 appelletur
630 4919 1068 4985 tabernaculum,
1096 4927 1152 4972 et
1189 4915 1486 4985 Apostolus
1512 4915 1735 4970 instruit

144 5014 322 5071 dicens
354 5035 367 5070 ε
398 5015 514 5070 Nos
535 5015 624 5087 qui
645 5029 823 5069 sumus
847 5017 901 5066 in
925 5011 1022 5064 hoc
1057 5007 1408 5074 tabernaculo,
1433 5006 1730 5078 ingemisci-

148 5123 251 5163 mus
278 5111 548 5183 aggravati
581 5107 646 5180 (Il
672 5105 796 5162 Cor.
820 5120 875 5171 ν,
905 5102 986 5175 4).
1019 5100 1100 5157 De
1128 5116 1308 5167 mane,
1337 5101 1446 5167 ait,
1475 5115 1638 5170 usque
1664 5098 1734 5153 ad

215 5254 239 5283 ι
271 5245 524 5315 Legentes
547 5245 688 5310 licet,
712 5253 820 5300 etc.
845 5235 1310 5315 Corruptissimus
1337 5234 1496 5315 locus
1518 5233 1572 5288 in
1597 5242 1746 5289 vete-

151 5317 290 5373 ribus
325 5304 712 5374 E'ditionibus':
753 5317 805 5369 in
842 5304 1166 5368 Erasniiana
1197 5309 1343 5364 enim
1375 5304 1597 5360 additur
1646 5321 1744 5360 no-

154 5403 270 5442 tneu
296 5406 426 5462 agro
449 5431 468 5458 ,
502 5389 632 5444 etin
665 5387 979 5450 Mariatnea,
1006 5383 1182 5462 idest,
1209 5382 1267 5462 in
1287 5380 1423 5456 ὰκρὰ
1458 5393 1472 5429 :
1509 5391 1740 5460 quorum

150 5449 682 5516 verbuﬁmt'nnllum
724 5469 894 5515 exstat
933 5449 1222 5524 vestigium
1255 5451 1310 5507 in
1355 5449 1743 5519 inanuscriptis

150 5528 467 5604 Hieronymi
498 5532 675 5587 libris.
721 5531 991 5586 Manum.

214 5621 242 5694 ιτ
269 5596 423 5694 Unus
449 5621 650 5694 Yaticq
680 5623 724 5677 si
753 5621 976 5694 legatur,
1007 5626 1061 5673 ut
1080 5616 1347 5694 scribitur.
1381 5615 1450 5672 Et
1476 5627 1610 5670 vero

152 5670 422 5758 hellen-tit.
439 5670 724 5750 ’θάξῖιάεῆ
751 5670 1226 5760 gallinariae“
1254 5670 1467 5756 solent,
1489 5700 1544 5744 et
1564 5670 1743 5756 quoad

157 5779 306 5820 usuin
359 5780 667 5837 synonyma
711 5773 856 5830 sunt,
925 5763 1138 5820 tametsi
1192 5761 1466 5819 diversam
1509 5763 1743 5817 sortian-

159 5863 241 5912 tur
282 5856 689 5930 etymologiam.
749 5857 846 5912 llic
868 5871 1033 5924 penes
1063 5854 1254 5911 Isaiam
1285 5863 1372 5914 est
1415 5838 1524 5916 ’ττι-ι
1557 5856 1687 5910 ων
1733 5869 1746 5908 :

483 5949 758 6011 Ριτιοι..
818 5947 1054 6011 XXIV.

1832 4730 2035 4790 tergum
2063 4727 2209 4772 tuum
2238 4718 2412 4771 omnia
2448 4732 2660 4790 peccata
2698 4737 2830 4776 mea.
2879 4721 3016 4788 Quia
3059 4743 3160 4781 non
3201 4730 3438 4800 infernus

1834 4811 2162 4883 conﬁtebitur
2188 4809 2307 4878 tibi,
2336 4826 2502 4882 neque
2522 4827 2660 4868 mors
2689 4813 2926 4869 laudabit
2955 4827 3004 4871 te
3031 4834 3050 4871 :
3080 4835 3184 4874 non
3230 4837 3441 4894 exspec-

1838 4907 2020 4962 tabunt
2047 4905 2139 4978 qui
2167 4905 2487 4960 descendunt
2515 4907 2568 4960 in
2611 4905 2804 4967 lacum.
2836 4910 3102 4967 veritatem
3139 4925 3304 4971 tuam.
3356 4917 3446 4974 Vi-

1838 5017 1979 5062 vens,
2012 5000 2186 5054 vivens
2215 4999 2327 5069 ipse
2369 4998 2699 5066 confitebitur
2728 5001 2840 5068 tibi,
2884 5004 3020 5058 sicut
3051 5016 3101 5061 et
3125 5025 3220 5081 ego
3265 5009 3443 5069 hodie.

1840 5092 2003 5149 Pater
2032 5089 2158 5163 ﬁliis
2187 5099 2364 5145 notam
2390 5089 2546 5160 faciet
2571 5093 2832 5148 veritatem
2854 5103 3020 5152 tuam.
3053 5097 3296 5170 Domine,
3327 5103 3441 5158 sal-

1855 5231 2074 5314 ?ealmo
2098 5239 2277 5314 autem
2304 5243 2450 5314 xtix,
2477 5229 2534 5299 2,
2708 5237 2854 5290 πιεῖν.
2900 5235 2969 5292 Ει
2999 5243 3178 5295 mundi
3222 5245 3442 5309 quidem

1853 5304 2171 5384 habitatores
2217 5302 2506 5384 utrobique
2553 5305 2942 5375 designantur;
2989 5314 3086 5384 sed
3125 5302 3294 5384 priori
3324 5317 3447 5370 loco

1852 5376 2031 5430 futura
2064 5375 2226 5445 hujus
2251 5373 2438 5429 saeculi
2465 5373 2700 5432 cessatio
2722 5419 2737 5442 ,
2776 5389 2870 5433 aut
2900 5373 3141 5446 requies,
3169 5383 3341 5438 altero
3369 5387 3446 5439 vi-

1855 5446 2002 5514 litas,
2034 5449 2152 5500 sive
2177 5446 2495 5522 obscuritas
2541 5449 2879 5522 intelligitur.
2937 5450 3132 5506 Verius
3179 5455 3447 5522 proinde,

1855 5519 2266 5591 atqueomnino
2293 5517 2362 5572 ad
2391 5517 2705 5591 HierOny_m_i
2726 5517 2972 5591 imentent
3009 5517 3205 5591 legitur
3236 5526 3287 5577 in
3315 5517 3452 5581 duo;

1857 5584 1958 5645 bus
2007 5588 2181 5645 Vatic.
2217 5602 2348 5644 mss.
2403 5587 2554 5658 prius
2597 5584 2761 5656 ‘Edel,
2812 5584 3088 5660 requiem;
3124 5603 3236 5648 tum
3271 5592 3408 5651 Eled
3435 5640 3450 5665 ,

1857 5659 2189 5714 occidentem.

1852 5670 2189 5718 occidentem.

1931 5787 1953 5817 ο
1984 5776 2103 5851 Duo
2116 5774 2290 5829 Vatic.
2323 5773 2432 5838 hic,
2469 5780 2524 5828 tu
2555 5772 2752 5846 sponde
2775 5790 2871 5845 pro
2899 5789 2998 5844 me,
3027 5783 3085 5834 et
3114 5775 3274 5848 paulo
3303 5789 3452 5851 post,

1859 5857 2039 5905 contra
2061 5849 2308 5918 {actorem
2329 5860 2526 5913 meum,
2549 5851 2756 5915 absque
2775 5856 2843 5902 te.
