3932 6378
89 312 200 375 391

603 317 1250 380 COMMENTARIORUM
1290 313 1360 376 IN
1399 311 1646 376 ISAIAM
1685 311 2113 377 PROPHETAM
2146 313 2282 376 LIB.
2315 316 2410 379 XI.
2452 318 2608 381 CAP.
2650 322 2900 384 XXXIX:

3305 327 3411 390 $63

91 433 448 507 Assyriorum
477 445 641 507 super
670 451 860 492 omnes
886 436 1134 493 civitates
1170 433 1326 491 Iuda!
1355 435 1612 500 munitas,
1640 442 1694 490 et
1723 435 1773 496 Α
1801 447 1928 491 rcus
1969 453 1980 489 :
2031 433 2099 490 Et
2145 437 2448 491 humiliatus
2478 445 2554 492 est
2597 445 2796 511 postea,
2839 453 2898 495 ea
2941 442 3084 513 quod
3125 443 3408 499 exaltatum

87 527 310 595 cepisse
350 541 466 594 eas,
522 535 574 583 et
605 534 789 598 postea
833 527 1114 584 obsedisse
1159 526 1379 593 Laeltis,
1425 527 1691 583 transisse

85 615 359 686 Lobnam,
394 619 607 674 misisse
649 619 954 674 Jerusalem
1002 630 1212 690 partem
1261 622 1537 676 exercitus
1584 620 1690 687 sui,

81 724 343 784 etesaque
393 723 488 781 per
538 711 805 782 Angelum
852 721 1074 766 centum
1121 715 1398 783 octoginta
1453 713 1692 784 quinque

83 804 254 859 millia
282 803 556 860 exercitus
574 804 715 875 ejus,
740 812 794 860 et
815 805 990 875 ipsum
1019 805 1226 876 fugisse
1243 805 1492 870 Niniven,
1524 806 1690 862 inter-

81 897 401 970 lectumque
425 913 455 950 a
489 897 614 954 aliis
658 899 714 954 in
759 898 885 953 fauo
920 898 1018 955 Dei
1046 899 1152 965 sui,
1205 908 1260 954 et
1300 913 1565 969 regnasse
1591 911 1692 970 pro

79 1005 146 1050 eo
180 993 539 1048 Assaraddon
573 992 750 1048 lilium
779 993 898 1062 ejus
925 1010 938 1046 :
973 1001 1269 1061 aegrotasse
1300 992 1612 1059 Ezechiam,
1637 1001 1692 1048 et

77 1089 362 1165 recepisse
407 1085 700 1153 PrOplteta:
750 1088 944 1140 nuntio
971 1087 1322 1155 sospitatetn;
1376 1087 1578 1142 factum
1616 1087 1692 1142 sl-

71 1193 248 1251 gnum
282 1179 624 1242 incredibile,
660 1188 718 1234 ut
745 1179 830 1235 sol
861 1178 1052 1234 decem
1087 1178 1346 1234 horarum
1388 1179 1580 1249 spatiis
1607 1193 1696 1233 re.

71 1281 396 1330 verteretur
431 1272 498 1327 ad
529 1280 717 1326 ortum
747 1285 927 1338 suum,
961 1281 1015 1327 et
1047 1287 1184 1343 pene
1213 1272 1410 1341 duplex
1438 1273 1558 1326 dies
1595 1271 1693 1326 fie-

67 1375 178 1422 ret.
212 1364 370 1420 Nunc
400 1364 634 1435 legimus
660 1364 804 1435 quod
837 1365 889 1418 in
936 1371 1182 1434 tempore
1210 1365 1328 1430 illo,
1361 1363 1466 1418 hoc
1496 1369 1602 1428 est,
1635 1362 1692 1418 in

65 1459 284 1515 eodem
312 1471 461 1512 anno
485 1470 596 1528 quo
619 1457 735 1511 haec.
764 1466 918 1527 gesta
941 1465 1070 1510 sunt
1094 1459 1299 1521 omnia,
1332 1455 1545 1510 miserit
1583 1454 1693 1510 Me-

64 1550 290 1606 rodaclt
347 1549 622 1615 Baladan,
679 1549 822 1603 lilius
876 1547 1154 1615 Buladan,
1210 1563 1307 1604 rex
1365 1548 1688 1621 Babylonis,

65 1642 253 1699 libros
267 1652 326 1698 et
343 1657 574 1697 munera
605 1641 670 1696 ad
697 1641 986 1696 Ezeeltiam
1012 1657 1026 1707 ;
1057 1655 1168 1696 non
1196 1641 1574 1703 Assarad'don,
1600 1641 1690 1711 qui

62 1733 468 1792 Sennaelterib
491 1735 628 1806 patri
657 1733 799 1806 apud
830 1735 1086 1806 Assyrios
1113 1736 1167 1790 in
1207 1749 1437 1805 regnum
1469 1747 1691 1790 succes-

1798 540 1926 582 esset
1971 543 2062 582 cor
2105 529 2238 598 ejus,
2265 539 2367 582 tam
2397 529 2504 601 ipse
2544 546 2700 600 quam
2729 531 3045 589 habitatores
3069 533 3362 590 Ierusalem
3390 553 3408 590 :

1797 630 1846 674 et
1891 621 2091 676 idcirco
2137 639 2240 676 non
2286 624 2421 678 uenit
2457 641 2612 696 super
2637 639 2726 680 eos
2769 627 2850 680 ira
2879 625 3096 683 Domini
3127 631 3180 683 in
3227 630 3410 686 diebus

1797 711 2049 769 Ezechiaz.
2085 714 2316 770 Lretatus
2344 727 2425 772 est
2449 731 2582 788 ergo
2611 719 2663 771 in
2693 717 2929 775 adventu
2955 721 3260 792 legatorum
3292 722 3402 778 Me-

1796 808 2022 876 rodach,
2073 825 2234 877 quem
2283 819 2492 880 patrem
2543 812 2709 866 fuisse
2758 811 3269 872 Nabuchodonosor
3300 816 3411 872 He-

1794 899 1926 955 bnei
1955 909 2276 967 autumant;
2309 911 2360 956 ct
2404 903 2454 956 itt
2497 901 2774 958 oblatione
2821 920 3136 974 munerum,
3183 917 3240 963 et
3278 922 3409 963 con-

1793 997 2164 1067 gratulatioue
2209 996 2460 1052 sanitatis
2523 1012 2654 1052 suae.
2710 999 3074 1070 Ostenditque
3131 1002 3212 1057 eis
3255 1002 3410 1071 juxta

1793 1090 2145 1161 Septuaginta
2176 1091 2395 1146 domum
2428 1103 2718 1147 necnon“
2743 1092 2957 1166 (anan),
2990 1107 3089 1164 pro
3116 1110 3218 1163 qua
3253 1095 3411 1167 Sym-

1795 1183 2020 1237 machus
2065 1185 2344 1238 transtulit
2391 1193 2683 1238 aromatum
2723 1197 2971 1250 suorum;
3017 1192 3071 1240 et
3122 1190 3413 1242 thesauros

1795 1277 2026 1346 argenti,
2074 1283 2129 1332 et
2158 1276 2272 1331 auri
2321 1283 2372 1332 et
2405 1280 2889 1333 odoramentorum
2923 1283 2978 1332 et
3020 1277 3281 1348 unguenti
3315 1293 3413 1347 op-

1797 1372 1912 1426 timi
1946 1389 1958 1426 :
1984 1374 2131 1455 quod
2159 1373 2211 1426 in
2237 1371 2504 1428 llebraico
2530 1374 2812 1440 scribitur,
2839 1375 2938 1428 olei
2961 1373 3120 1440 boni;
3143 1382 3200 1429 et
3222 1389 3412 1429 omnes

1796 1463 2086 1521 thesauros
2107 1480 2365 1522 vasorum
2401 1481 2569 1538 gazie,
2605 1465 2743 1534 sive,
2775 1476 2834 1523 ut
2866 1467 2944 1522 ibi
2991 1469 3212 1539 legitur,
3256 1483 3414 1524 vaso-

1795 1574 1916 1613 rum
1950 1571 2194 1614 suorum.
2247 1558 2390 1616 Gaza
2427 1569 2613 1614 autem
2644 1559 2832 1632 lingua
2874 1557 3168 1616 Persarum
3219 1561 3413 1616 divitiae

1796 1663 2182 1723 nuncupantur
2210 1671 2221 1706 :
2256 1651 2457 1722 necﬁesl
2485 1652 2748 1708 Hebrteus
2775 1667 2980 1720 sermo,
3008 1654 3104 1708 sed
3123 1653 3411 1709 Barbarus.

1797 1742 1924 1799 Non
1968 1745 2090 1816 fuit,
2141 1745 2358 1815 inquit,
2406 1747 2613 1800 verbum
2661 1746 2832 1815 (quod
2890 1749 3039 1816 juxta
3086 1745 3411 1802 liebraieam

61 1837 250 1896 terat,
286 1828 358 1884 de
380 1830 536 1896 cujus
571 1843 672 1884 seu
709 1837 906 1893 morte,
939 1842 1034 1883 seu
1074 1830 1179 1883 vita
1214 1827 1492 1898 Scriptura
1524 1828 1703 1882 conti-

1813 1836 2268 1893 consuetudinem
2325 1852 2424 1907 pro
2471 1854 2527 1892 re
2569 1836 2889 1909 frequenter
2941 1840 3253 1908 accipitur),
3282 1838 3420 1910 quod

65 1923 214 1978 cuit.
267 1922 348 1976 Ex
390 1935 498 1992 quo
531 1922 882 1990 perspicuum
923 1929 1007 1978 est
1052 1921 1199 1976 aliud
1238 1921 1410 1976 fuisse
1441 1931 1568 1977 tunc
1613 1937 1699 1977 re-

67 2031 248 2087 gnum
284 2014 662 2087 Assyriorum,
695 2024 752 2070 et
779 2015 924 2070 aliud
973 2016 1420 2087 Babyloniorum.
1453 2016 1698 2085 Denique

72 2110 414 2176 Samariam,
454 2109 506 2164 id
539 2121 643 2171 est,
673 2110 861 2164 decem
897 2110 1070 2163 tribus
1112 2123 1315 2179 cepere
1343 2107 1576 2180 Assyrii.
1604 2109 1700 2162 Ju-

75 2206 202 2262 dam
272 2215 460 2260 autem
511 2214 564 2260 et
613 2205 915 2259 Jerusalem
962 2215 1149 2273 postea
1199 2204 1429 2275 legimus
1484 2203 1696 2274 cepisse

77 2300 401 2364 Chaldaeos,
458 2314 689 2368 quorum
740 2313 837 2354 rex
891 2298 1400 2354 Nabuchodonosor
1449 2297 1570 2354 fuit.
1629 2298 1697 2353 Et

81 2394 208 2462 quia
241 2391 384 2461 apud
418 2406 514 2446 eos
544 2399 817 2446 astrorum
850 2391 1197 2446 observantia
1227 2399 1335 2458 est,
1384 2390 1696 2445 stellarum-

84 2500 189 2555 que
218 2497 415 2540 cursus
441 2483 603 2554 longo
623 2497 724 2538 usu
747 2493 802 2539 et
832 2484 1226 2539 exercitatione
1249 2484 1520 2554 cognitus,
1551 2482 1695 2553 quod

84 2581 228 2633 etin
270 2577 486 2632 Domini
532 2577 818 2633 nativitate
865 2584 1202 2632 monstratur
1251 2594 1262 2631 :
1313 2577 1698 2633 intellexerunt

86 2672 264 2726 solem
312 2685 618 2736 reversum,
669 2671 776 2726 diei
817 2671 990 2741 spatia
1037 2671 1334 2741 duplicata,
1387 2672 1592 2726 servire
1645 2671 1695 2725 ei

85 2778 260 2836 quem
283 2765 457 2819 solum
508 2766 671 2820 Deum
707 2773 732 2802 ι’
763 2767 1043 2834 putabant.
1089 2764 1334 2834 Cutttquc
1363 2781 1557 2820 causas
1598 2764 1695 2818 ltit-

81 2855 186 2927 jus
236 2857 485 2912 miraculi
531 2859 914 2929 rationemque
943 2859 1356 2927 perquirerent,
1409 2857 1550 2912 fama
1599 2872 1696 2927 per

80 2963 288 3004 omnes
313 2959 506 3019 gentes
534 2948 818 3016 volitante,
850 2950 1166 3005 didicerunt
1196 2963 1419 3020 propter
1464 2963 1699 3020 :cgrma-

83 3039 298 3096 tionem
346 3043 490 3112 regis
539 3042 715 3108 indie,
748 3045 910 3096 etiam
956 3057 1180 3098 cursum
1219 3041 1362 3113 signi
1407 3042 1696 3098 clarissimi

81 3145 513 3190 commutatum.
566 3137 738 3203 Quam
773 3151 881 3190 non
913 3152 1036 3192 esse
1073 3139 1445 3208 opinationem
1495 3153 1697 3205 meam,

1804 1947 1906 1984 non
1947 1928 2226 1983 ostenderit
2255 1928 2327 1982 eis
2377 1929 2431 1982 in
2477 1929 2630 1982 domo
2660 1946 2756 1984 sua
2797 1940 2847 1983 et
2890 1930 2944 1983 in
2985 1930 3127 1983 omni
3169 1939 3421 2000 potestate

1801 2039 1917 2077 sua.
1959 2020 2114 2076 Unde
2160 2021 2254 2076 Dei
2301 2021 2379 2075 ira
2421 2021 2749 2091 justissima,
2783 2021 3040 2093 quoniam
3083 2038 3188 2077 non
3240 2024 3415 2077 solum

1803 2114 2095 2170 thesauros
2142 2129 2269 2169 suos
2300 2123 2465 2184 atque
2499 2115 2709 2184 palatii,
2755 2118 2850 2171 sed
2889 2128 2943 2172 et
2979 2108 3208 2187 Templi
3232 2126 3417 2171 osten-

1801 2205 1945 2261 derit
1987 2225 1998 2260 :
2041 2206 2187 2276 quod
2235 2215 2386 2261 certe
2417 2205 2445 2244 δ
2504 2207 2602 2261 fuit
2644 2205 2931 2277 potestatis
2981 2209 3125 2279 ejus,
3155 2208 3222 2265 de
3262 2211 3420 2282 cujus

1800 2299 1970 2352 valvis
2001 2301 2118 2352 auri
2153 2297 2386 2352 laminas
2413 2308 2540 2352 ante
2566 2299 2677 2367 jam
2713 2302 2931 2354 tulerat.

1871 2390 2053 2463 (Vcrs.
2081 2392 2113 2445 5
2135 2392 2317 2461 seqq.)
2343 2389 2592 2446 Introiuit
2611 2402 2782 2445 autem
2815 2392 2987 2445 Isaias
3024 2391 3293 2466 Propheta
3350 2394 3417 2448 ad

1797 2503 1970 2555 regem
2005 2483 2304 2550 Ezechiant,
2336 2493 2383 2538 et
2403 2485 2535 2538 dixit
2568 2487 2612 2537 ei
2636 2501 2654 2538 :
2685 2483 2826 2549 Quid
2865 2485 3107 2540 dixerunt
3137 2488 3230 2540 viri
3287 2488 3375 2540 isti
3402 2503 3420 2540 .'

1801 2589 1848 2633 et
1874 2577 2009 2632 unde
2035 2577 2376 2631 veneruntad
2397 2577 2484 2631 te?
2527 2576 2594 2631 Et
2641 2577 2777 2632 dixit
2823 2575 3118 2632 Ezechias:
3174 2579 3252 2633 De
3291 2589 3425 2633 terra

1799 2670 2082 2743 longinqua
2110 2682 2350 2726 venerunt
2380 2671 2448 2724 ad
2472 2687 2571 2738 me,
2601 2671 2663 2726 de
2684 2671 2967 2744 Babylone.
2993 2672 3062 2726 Et
3087 2674 3255 2728 dixit:
3285 2674 3424 2742 Quid

1798 2764 2037 2818 uiderunt
2066 2765 2117 2817 in
2151 2763 2304 2818 domo
2329 2765 2456 2819 tua?
2484 2761 2549 2817 Et
2576 2764 2708 2818 dixit
2753 2761 3044 2819 Ezechias:
3071 2764 3262 2819 Omnia
3309 2781 3424 2831 qua:

1798 2857 1854 2909 in
1882 2858 2036 2910 domo
2069 2873 2182 2910 mea
2211 2866 2330 2909 sunt
2356 2855 2592 2909 vider-unt
2618 2873 2635 2910 :
2669 2873 2771 2908 non
2793 2857 2891 2926 fuit
2916 2855 3144 2923 verbum,
3181 2858 3291 2911 sive
3319 2872 3420 2922 res,

1799 2964 1953 3017 quam
1996 2965 2095 3000 non
2121 2948 2431 3001 ostenderim
2459 2950 2530 3002 eis
2559 2950 2613 3002 in
2665 2951 2922 3003 thesauris
2975 2951 3119 3003 meis.
3177 2947 3241 3003 Et
3291 2939 3423 3005 dixi‘

1803 3033 1976 3090 Isaias
1997 3040 2064 3089 ad
2091 3037 2366 3090 Ezechium
2391 3055 2409 3092 :
2441 3040 2562 3092 audi
2586 3039 2792 3092 verbum
2845 3039 3060 3093 Domini
3089 3041 3422 3097 exercituum.

1803 3126 2070 3180 Ecccd-ics
2108 3128 2296 3188 veniet,
2325 3139 2369 3181 et
2418 3136 2727 3197 auferentur
2789 3134 2962 3183 omnia
3015 3148 3130 3200 qua:
3169 3133 3218 3184 in
3271 3132 3423 3185 domo

80 3225 196 3281 sed
231 3226 536 3296 Scriptor-:3
573 3238 775 3283 saneta
817 3227 1002 3294 ﬁdem,
1036 3227 1262 3284 nierum
1301 3231 1464 3286 verba
1499 3238 1704 3285 testa"-
1730 3209 1776 3272 C
1811 3222 1900 3272 tua
1929 3227 2070 3286 sunt,
2125 3229 2170 3272 et
2201 3236 2316 3288 qutv
2349 3219 2828 3274 thesaurizauerunt
2856 3230 3028 3292 patres
3051 3229 3124 3276 tul
3147 3241 3305 3294 usque
3356 3226 3426 3277 ad

82 3332 207 3383 tur,
233 3336 357 3392 quae
385 3323 574 3376 dixere
606 3331 726 3391 post
752 3323 855 3376 alia
885 3341 900 3377 :
931 3320 1054 3392 Ipse
1081 3322 1454 3388 elezechius,
1490 3326 1577 3394 qui
1619 3326 1710 3378 ob»

85 3415 286 3468 latravit
332 3415 651 3485 superiorem
693 3414 888 3483 fontem
907 3432 1162 3486 aquarum
1201 3415 1336 3472 Gion
1381 3434 1399 3471 :
1439 3425 1486 3472 et
1526 3420 1711 3473 arertit

85 3524 190 3562 eas
211 3508 392 3562 subter
403 3505 475 3559 ad
494 3507 813 3560 occidentem
835 3508 978 3561 urbis
1018 3507 1202 3564 David.
1236 3508 1302 3563 In
1325 3510 1560 3564 omnibus
1587 3527 1711 3582 0pc-

85 3601 242 3654 ribus
266 3601 375 3654 suis
405 3599 529 3669 fecit
574 3616 821 3670 prospere
851 3616 966 3668 qua
993 3602 1190 3667 voluit;
1219 3612 1443 3657 attamen
1474 3605 1528 3658 in
1568 3605 1708 3677 lega-

87 3695 238 3750 tione
269 3695 564 3767 principum
600 3694 908 3766 Babylonis,
938 3697 1028 3766 qui
1072 3695 1212 3750 missi
1232 3695 1438 3764 fuerant
1467 3697 1542 3750 ad
1566 3715 1703 3765 eum,

88 3799 156 3842 tu
203 3788 577 3861 interrogarent
603 3789 666 3842 de
691 3798 928 3858 portento
952 3788 1093 3858 quod
1127 3789 1388 3842 acciderat
1418 3804 1573 3858 super
1608 3799 1707 3844 ter-

92 3898 236 3948 ret-nt,
266 3880 473 3951 reliquit
509 3897 625 3936 eum
659 3879 804 3934 Dens
844 3891 900 3935 ut
927 3890 1209 3936 tentaretur
1240 3898 1260 3935 :
1299 3891 1346 3936 et
1373 3893 1495 3936 nota
1525 3882 1712 3953 ﬁerent

91 3971 282 4025 omnia
308 3987 422 4041 quae
447 3980 602 4024 erant
634 3971 692 4025 in
726 3971 882 4025 corde
922 3975 1035 4042 ejus
1089 3971 1151 4042 (ll
1186 3970 1368 4027 Paral.
1401 3987 1571 4041 χχιιι,
1614 3975 1706 4040 50,

92 4063 218 4132 51).
248 4063 461 4119 idcirco
490 4075 670 4120 autem
716 4064 1001 4119 tentationi
1032 4057 1255 4119 relictus
1287 4076 1394 4130 est,
1435 4069 1557 4136 quia
1589 4075 1711 4136 post

99 4165 318 4211 tantam
339 4158 656 4223 victoriam,
687 4168 740 4213 et
769 4158 900 4213 solis
923 4173 1257 4227 regressum,
1287 4166 1342 4211 et
1361 4161 1712 4228 congratula-

104 4249 314 4304 tionem
357 4249 514 4319 regni
549 4249 930 4318 potentissimi,
966 4262 1061 4303 cor
1111 4247 1256 4302 illius
1303 4249 1570 4303 elevatum
1605 4259 1711 4304 est.

103 4339 353 4411 Denique
397 4340 560 4413 47⁸1
590 4343 646 4395 in
674 4341 869 4397 eodem
911 4337 1191 4394 volumine
1222 4339 1481 4394 scribitur
1513 4357 1526 4391 :
1559 4337 1718 4393 Multi

107 4435 407 4506 deferebant
435 4434 652 4501 hostias,
677 4444 730 4489 cr
752 4434 1021 4504 sacriﬁcia
1047 4431 1276 4487 Domino
1302 4434 1354 4486 in
1393 4431 1710 4502 Jerusalem,

109 4538 162 4582 ct
196 4545 414 4583 munera
451 4527 690 4583 Ezechim
716 4530 824 4599 regi
850 4527 994 4582 Juda
1026 4543 1044 4584 :
1072 4537 1118 4581 ct
1145 4526 1403 4582 multatus
1434 4535 1510 4580 est
1536 4541 1712 4580 coram

1813 3312 1947 3365 diem
1975 3310 2134 3376 hanc,
2169 3313 2219 3364 in
2247 3309 2570 3382 Babylonem
2596 3329 2613 3365 :
2638 3329 2738 3365 non
2777 3313 3098 3385 relinquetur
3116 3317 3422 3388 quidquam,

1813 3403 1947 3457 dixit
1979 3404 2254 3458 Dominus.
2292 3403 2355 3457 Et
2384 3405 2632 3478 de
2656 3407 2780 3476 ﬁliis
2804 3408 2906 3461 tuis
2962 3411 3050 3478 qui
3099 3413 3426 3483 egrediantur

1813 3511 1876 3550 ea:
1907 3505 1975 3562 te,
2003 3515 2131 3569 quos
2150 3515 2240 3567 gen
2253 3499 2410 3566 ueris,
2447 3498 2629 3552 tollent
2656 3516 2672 3552 :
2703 3511 2751 3551 ct
2780 3509 2934 3553 erunt
2956 3500 3179 3554 eunuchi
3206 3505 3256 3555 in
3279 3503 3429 3572 pala-

1814 3590 1884 3642 tio
1912 3593 2046 3664 regis
2084 3587 2386 3662 Babylonis.
2424 3591 2487 3644 lit
2512 3593 2644 3644 dixit
2677 3591 2928 3647 Ezechias
2951 3595 3020 3646 ad
3051 3590 3250 3647 Isaiam
3277 3610 3294 3648 :
3320 3593 3424 3649 Bo-

1814 3701 1938 3740 nunt
1965 3688 2171 3740 verbum
2202 3683 2411 3739 Domini
2440 3685 2580 3754 quod
2600 3683 2802 3738 loculus
2826 3693 2920 3739 est.
2956 3681 3024 3738 Et
3047 3687 3151 3738 ait:
3173 3682 3290 3740 Fiat
3311 3695 3425 3742 tan-

1812 3792 1918 3836 tum
1969 3796 2071 3850 par
2098 3787 2145 3831 et
2177 3777 2367 3831 ueritas
2388 3777 2438 3830 in
2489 3775 2668 3830 diebus
2719 3778 2864 3831 meis.
2922 3774 3168 3833 Tradunt
3211 3780 3424 3837 llcbru-i

1816 3886 1838 3913 ε
1863 3872 1986 3928 ideo
2009 3880 2303 3941 a-grotasse
2334 3868 2642 3934 Ezechiam,
2676 3871 2934 3939 quoniam
2979 3880 3098 3940 post
3130 3871 3423 3927 inauditam

1814 3947 1925 4020 [ΑΙ.
1954 3962 2220 4034 auditam]
2244 3963 2526 4017 victoriam
2549 3963 2888 4028 Jttdieorum,
2921 3975 2974 4019 et
3016 3963 3225 4037 Assyrii
3282 3969 3425 4036 regis

1816 4059 2120 4122 interitum,
2158 4072 2261 4110 non
2303 4056 2566 4111 cecinerit
2614 4056 2799 4111 laudes
2832 4055 3083 4120 Domino,
3117 4071 3253 4125 quas
3282 4059 3428 4113 ceci-

1815 4149 2132 4220 nitMoyscs
2159 4147 2442 4201 Pharaone
2466 4145 2971 4214 subtnerso(E;rod.
3011 4149 3130 4216 xv),
3186 4158 3239 4202 et
3288 4149 3428 4204 Deb-

1815 4243 1944 4296 bora
1971 4241 2254 4296 interfecto
2283 4241 2466 4296 Sisara
2497 4237 2700 4311 (ludio.
2721 4236 2824 4310 tv),
2849 4241 3080 4296 etAnna
3112 4244 3299 4312 genito
3322 4246 3392 4300 Sa
3417 4277 3425 4286 -

1817 4336 1993 4388 ntuele
2025 4335 2065 4405 (I
2098 4335 2229 4406 Reg.
2257 4337 2338 4404 tt).
2371 4333 2524 4390 Unde
2547 4335 2937 4388 commonitum
2971 4351 3092 4390 esse
3116 4337 3426 4410 fragilitatis

1817 4440 1949 4479 sine.
1986 4425 2331 4494 Rursumque
2353 4434 2474 4494 post
2487 4427 2734 4495 corporis
2752 4427 3067 4497 sanitatem,
3085 4433 3287 4504 etsigni
3313 4452 3425 4490 tna-

1817 4513 2157 4585 guiludinetn
2173 4516 2353 4570 oli'erri
2371 4517 2533 4570 aliam
2550 4519 2894 4574 occasionem
2919 4523 3212 4589 superbiae,
3240 4536 3424 4595 quam,

111 4624 309 4676 unus,
352 4622 610 4694 ρεηιξθυε,
667 4620 736 4675 1η
761 4595 951 4677 (habm-
981 4622 1090 4676 ειιῑῃ
1129 4622 1401 4692 aegrotavi;
1440 4635 1600 4690 usque
1639 4619 1712 4674 ad
1734 4595 1796 4658 Π
1819 4620 1873 4664 ut
1913 4609 2154 4679 prudens
2183 4618 2238 4664 et
2259 4607 2353 4664 Dei
2377 4611 2580 4672 cultor,
2616 4613 2785 4665 vitare
2809 4612 3076 4668 debuerat
3103 4633 3116 4678 ;
3143 4631 3243 4671 nec
3271 4634 3428 4673 mon-

111 4723 344 4776 tnortem,
370 4723 418 4768 et
438 4714 602 4767 oravit
627 4711 948 4779 Dominum;
977 4719 1024 4766 et
1053 4713 1314 4767 exaudivit
1339 4729 1474 4778 eunt,
1506 4720 1554 4765 et
1577 4712 1718 4765 dedit

112 4806 158 4857 ci
179 4808 422 4879 signum;
452 4805 544 4860 sed
584 4821 685 4860 non
704 4809 864 4878 juxta
903 4804 1152 4873 beneficia
1178 4819 1293 4875 quae
1319 4814 1608 4875 acceperat,
1638 4821 1717 4858 re-

115 4898 292 4953 tribuit
317 4916 338 4954 :
368 4899 490 4970 quia
524 4900 810 4953 exaltatum
838 4906 916 4952 est
953 4910 1044 4950 cor
1074 4899 1212 4968 (ᾔεις,
1246 4905 1292 4950 et
1319 4897 1458 4965 facta
1487 4908 1559 4952 est
1593 4915 1718 4952 con-

115 5004 194 5049 tra
220 5011 342 5049 cum
373 4996 476 5061 ira,
518 5005 566 5050 et
606 5003 788 5049 contra
830 4990 1026 5047 ludam
1049 4999 1100 5045 et
1140 4988 1429 5046 Jerusalem
1476 4991 1544 5060 (ll
1593 4991 1718 5048 Par.

115 5100 292 5154 ιηπ,
319 5089 412 5156 ‘23,
446 5086 566 5156 (ΞΛ).
600 5086 952 5156 Rursumque
985 5084 1266 5154 Scriptura
1304 5095 1491 5138 sancta
1532 5085 1724 5140 elatio-

118 5195 237 5238 nem
279 5181 462 5237 cordis
510 5179 630 5251 ejus
672 5179 807 5234 dicit
852 5179 1171 5247 pmnitentia
1214 5177 1540 5247 mitigatam,
1593 5177 1727 5232 infe-

185 5356 214 5383 ι
239 5345 534 5401 ιιιιενεειὶιι
553 5343 734 5398 Vat-ie.
755 5341 902 5414 quod-
926 5349 984 5396 et.
1005 5340 1266 5424 Haliartus
1296 5338 1448 5409 legit,
1470 5337 1524 5391 id
1548 5347 1622 5392 est
1646 5354 1730 5392 so-

127 5416 240 5472 lem.

182 5487 536 5545 ι⁵(Ζοιιιιιίιιεῑο
603 5501 764 5540 sensu
819 5483 956 5540 alter
1011 5483 1213 5550 Vatic.,
1255 5481 1393 5553 quod
1447 5490 1582 5536 certe
1627 5497 1728 5534 non

129 5558 241 5626 fuit.

189 5645 212 5672 ε
253 5631 385 5712 [the
414 5645 566 5712 peste
583 5627 902 5712 veritum
922 5641 1001 5712 ex‘
1038 5625 1286 5712 Eusebio-
1323 5619 1604 5711 transfe'rt,
1645 5620 1737 5712 qui

1819 4714 1995 4760 strare
2023 4702 2348 4773 alienigenis
2377 4701 2596 4757 divitias
2629 4718 2774 4765 suas,
2806 4718 2962 4773 quas,
2999 4708 3108 4761 Deo
3134 4708 3426 4777 tribuente,

1825 4798 2165 4871 possederat.
2198 4797 2275 4851 Ex
2309 4811 2415 4866 quo
2441 4794 2592 4864 juxta
2633 4793 2806 4865 Leges
2836 4809 3052 4868 quoque
3110 4801 3432 4873 tropologitc

1828 4891 2110 4958 discimus,
2142 4906 2246 4945 non
2268 4888 2563 4945 mittendas
2592 4891 2920 4960 margaritas
2940 4900 3298 4961 auteporcos,
3331 4911 3431 4952 nec

1827 4988 2063 5045 dandum
2084 4980 2337 5041 sanctum
2356 4984 2581 5039 canibus
2608 4982 2824 5053 (Matth.
2853 4983 2973 5055 vn).
2997 4984 3099 5051 Qui
3128 4988 3272 5042 enim
3301 4989 3434 5046 lide-

1830 5081 1898 5136 lis
1923 5091 2010 5136 est
2032 5078 2057 5116 ά
2091 5079 2338 5147 spiritus,
2370 5075 2660 5130 abscondit
2713 5078 2966 5146 negotia;
3000 5087 3055 5133 et
3109 5081 3435 5154 quicumque

1833 5173 1985 5229 ιιθεθ
2031 5187 2136 5228 non
2172 5170 2387 5235 iecerit,
2447 5170 2625 5224 omnis
2683 5168 2864 5226 virtus
2911 5171 3066 5229 illius
3110 5187 3431 5244 enervatur;

1830 5344 1892 5407 τῇ
1923 5333 2147 5407 ἀπωλείᾳ
2174 5337 2273 5385 τῶν
2297 5329 2606 5407 Λίγυςπτέων,
2634 5333 2718 5407 uati
2747 5331 2814 5389 ὡς
2845 5330 3074 5405 Δεϐὁρρα
3095 5331 3180 5386 ἐπὶ
3206 5343 3269 5407 τῇ
3296 5338 3439 5389 ἀπω-

1831 5397 1941 5476 λὲἰᾳ
1954 5410 2046 5462 τοῦ
2069 5392 2279 5476 Σιὸ-ἁραν,
2302 5404 2384 5476 mi
2407 5402 2474 5460 ὡς
2491 5396 2646 5476 Ἀννος
2669 5401 2830 5474 irriti:
2847 5392 3047 5476 γέγηὸυὲι
3069 5409 3158 5476 τομῇ
3187 5392 3438 5476 ξςοίμουηὴλτ

1831 5467 2008 5545 Quam
2042 5467 2219 5528 tamen
2245 5474 2482 5524 fabulam
2523 5471 2686 5539 paulo
2733 5467 2864 5538 post
2900 5472 3018 5538 ipse
3061 5467 3263 5540 rejicit,
3297 5475 3444 5544 quod

1837 5555 2028 5622 peccet
2056 5547 2445 5622 ἀναχρρνισμῷ·

1912 5619 1937 5658 ά
1970 5617 2126 5689 Legit
2153 5610 2405 5672 Victor.
2445 5610 2658 5683 spiritus
2710 5610 2762 5663 in
2812 5619 2960 5664 recto
3007 5610 3162 5680 juxta
3199 5613 3444 5672 Graecum

127 5703 194 5760 ait
225 5702 320 5760 ιό
349 5695 746 5758 rit—Vtendum»?
767 5697 1286 5769 ἃιᾶἁακαλοςῖλενενφ
1306 5695 1628 5769 Matium
1650 5695 1742 5766 μὲν
1843 5697 1999 5752 ττνού-

132 5778 203 5832 τὸν
233 5777 466 5840 Ἐζεκίαν
497 5776 611 5829 ἐπεὶ
632 5777 698 5843 μὴ
729 5769 1058 5844 εἰρήκειώδὴν
1086 5774 1155 5830 εἰς
1181 5768 1267 5825 et.»
1295 5770 1402 5823 θεὸν
1433 5768 1743 5893 εὐχαέιστήο

135 5865 232 5893 mm
263 5849 352 5893 ἐπὶ
378 5852 442 5893 τῆ
469 5846 669 5893 πτώσει
699 5849 796 5893 τῶν
827 5843 1140 5893 ’Δσσυοίω-δ.
1175 5844 1242 5893 ὡς
1265 5846 1490 5893 Μωϋσῑ,ς
1522 5835 1551 5893 ἧ
1586 5857 1635 5892 ιν
1665 5837 1743 5891 ἐπὶ

135 5865 232 5906 διον
263 5837 353 5902 iui
378 5852 442 5920 τῇ
469 5837 669 5900 πτώσὶι
699 5837 796 5896 τῶὗ
827 5843 1140 5917 ’Δσσυρὶω-δ,
1175 5844 1242 5902 ὡς
1265 5846 1490 5898 Minuci;
1522 5837 1635 5914 ᾖδιν
1665 5837 1746 5891 ἐπὶ

1921 5774 1942 5800 ο
1988 5759 2202 5828 Absque
2254 5755 2482 5825 negandi
2531 5752 2791 5824 particula
2840 5751 2946 5807 duo
2983 5751 3177 5819 Vatia,
3220 5757 3450 5825 quicum.

1849 5849 1953 5906 qua
1978 5833 2072 5885 hoc
2102 5831 2294 5899 fecerit.
