3932 6316
565 219 673 277 399

1828 213 1888 271 S.
1933 211 2213 274 EUSEBII
2252 207 2635 270 HIERONYMI

3771 213 3872 274 400.

563 333 816 405 peritque
839 329 1152 401 posteritas,
1177 332 1232 382 ct
1252 325 1456 382 amisso
1480 324 1620 381 virili
1647 324 1867 391 robore.
1893 325 1946 380 in
1970 325 2165 381 mulie-
2193 326 2248 388 Α
2276 325 2482 392 xxxiv).
2518 323 2588 377 Et
2611 319 2942 391 ubicumque
2969 318 3152 378 simile
3198 319 3328 392 quid
3373 320 3689 389 inveneris,
3729 324 3865 381 hunc

568 430 721 485 brem
756 426 1017 495 redigitur
1038 423 1434 478 mollitudinem
1487 419 1674 494 (Prov.
1711 436 1786 488 xt,
1834 421 2045 492 15-15).
2079 420 2164 475 In-

568 524 812 594 greditur
839 534 970 590 ergo
1003 518 1167 574 Isaias
1186 517 1255 572 ad
1284 531 1492 587 regem,
1526 525 1582 571 et
1606 515 1759 584 quasi
1794 515 2011 568 nescius
2033 513 2170 568 scis-

567 615 790 670 citatur:
827 612 966 679 Quid
997 610 1242 665 dixerunt
1264 610 1358 663 viri
1381 609 1492 674 isti,
1515 617 1562 662 et
1591 608 1728 662 unde
1749 607 2029 661 venerunt?
2048 605 2168 659 Duo

561 706 885 774 interrogat,
908 703 1034 773 quid
1064 701 1229 756 locuti
1260 700 1394 768 sint,
1425 711 1479 755 et
1509 700 1653 755 unde
1677 698 1960 754 venerint?
1985 698 2079 752 Ille
2097 696 2166 750 ad

566 813 735 852 unum
791 794 1095 864 respondit,
1154 794 1331 849 altero
1389 792 1788 861 praetermisso:
1847 789 1992 862 quod
2041 803 2164 844 cum

556 891 792 964 ἐμφάσει,
815 896 872 942 et
893 885 1182 955 supercilio
1211 883 1500 952 legendum
1527 893 1637 937 est:
1665 880 1742 934 De
1771 892 1908 936 terra
1955 879 2164 951 longin-

559 1001 661 1054 qua
687 990 930 1036 venerunt
961 980 1029 1033 ad
1050 995 1148 1043 me,
1181 978 1243 1032 de
1273 975 1577 1048 Babylone:
1606 975 1750 1046 quod
1785 982 1988 1044 quanto
2023 985 2164 1026 terra

563 1074 778 1145 longior
805 1072 875 1126 sit
898 1071 1040 1126 unde
1060 1078 1346 1131 venerunt.
1379 1078 1528 1123 tanto
1560 1069 1663 1122 iSte
1683 1067 1972 1137 gloriosior
2000 1079 2163 1135 prop-

562 1175 647 1222 ter
673 1180 834 1236 quem
861 1162 1131 1219 venerint.
1157 1161 1226 1216 Et
1255 1171 1519 1226 venerunt,
1551 1161 1750 1228 inquit,
1807 1159 1875 1211 ad
1919 1174 1997 1211 nte
2020 1175 2040 1223 ;
2071 1156 2165 1228 qui

557 1256 1041 1322 debueratdicere,
1065 1254 1412 1311 veneruntad
1425 1253 1846 1324 glorificantlutu
1874 1252 2039 1306 Deum
2068 1245 2165 1316 pro

559 1351 701 1422 signi
732 1350 1118 1420 magnitudine,
1160 1348 1223 1401 de
1269 1345 1557 1417 Babylone,
1609 1361 1725 1412 quae
1776 1342 1908 1399 urbs
1939 1344 1990 1396 in
2051 1350 2165 1396 toto

562 1442 696 1498 orbe
727 1441 1102 1511 potentissima
1129 1448 1231 1492 est.
1256 1437 1603 1508 Rursumque
1643 1435 1830 1501 Isaias,
1891 1433 2050 1501 Quid,
2082 1432 2165 1486 in-

559 1539 702 1608 quit,
725 1535 961 1590 viderunt
988 1536 1042 1588 in
1069 1534 1224 1587 domo
1255 1534 1382 1586 tua?
1405 1531 1471 1586 Et
1492 1531 1585 1586 ille
1613 1529 1896 1599 respondit
1915 1543 1980 1583 ex
2006 1537 2164 1598 parte

560 1645 774 1692 verum,
797 1626 940 1698 quod
964 1626 1146 1681 omnia
1176 1625 1411 1680 \‘ldel‘illl
1442 1626 1492 1678 itt
1517 1622 1677 1678 domo
1706 1621 1870 1688 illius,
1907 1634 2007 1674 uec
2047 1618 2163 1675 fue-

2266 432 2486 474 sensum
2511 416 2694 472 habet.
2717 416 3008 486 Causaque
3029 415 3442 482 consolationis,
3465 417 3727 472 remissio
3758 435 3865 488 pec-

2265 519 2510 566 catorum
2543 520 2656 565 est:
2686 516 2743 564 et
2769 523 2932 564 causa
2964 508 3333 577 remissionis,
3375 509 3637 580 quoniam
3696 526 3864 568 susce-

2270 603 2344 672 pit
2373 602 2442 658 de
2471 617 2631 656 manu
2656 601 2868 656 Domini
2899 600 3136 671 duplicia
3191 616 3287 670 pro
3337 601 3595 656 omnibus
3642 606 3863 672 peccatis

2266 694 2398 749 suis.
2433 694 2536 761 Qui
2567 693 2712 748 enim
2741 692 2844 748 scit
2872 694 3209 749 voluntatem
3243 693 3453 748 Domini
3500 693 3610 757 sui,
3647 703 3704 750 et
3751 711 3861 766 pec.

2265 800 2376 853 cat,
2400 792 2680 859 vapulabit
2707 792 2895 847 multis
2917 792 3074 862 (Luc.
3106 790 3223 861 xu).
3247 791 3550 864 Omnisque
3579 794 3676 864 qui
3724 792 3865 849 habet

2265 884 2320 940 in
2345 899 2405 940 se
2434 885 2800 941 habitatorem
2834 885 3099 955 Spiritum
3128 884 3419 952 Sanctum,
3450 901 3616 955 quem
3634 885 3866 943 Salvator

2265 977 2544 1047 Apostolis
2569 980 3152 1048 promittebat,diceus
3178 997 3190 1032 :
3219 977 3434 1050 Rogabo
3462 977 3676 1034 Patrem
3696 997 3862 1054 meum,

2266 1067 2500 1140 “Oet
2533 1068 2696 1123 alium
2735 1067 3114 1124 consolatorem
3146 1070 3290 1124 dabit
3315 1071 3474 1137 vobis,
3521 1079 3583 1124 ut
3627 1072 3698 1125 sit
3723 1072 3864 1126 vobis-

2266 1179 2384 1215 cum
2412 1165 2466 1215 in
2489 1163 2885 1232 sempiternum,
2903 1163 3163 1234 Spiritum
3175 1164 3405 1216 veritatis
3425 1162 3610 1236 (Joan.
3632 1165 3863 1235 xw,16);

2266 1267 2320 1310 et
2343 1255 2544 1310 iterum
2564 1272 2575 1306 ε
2611 1253 2741 1309 Cum
2754 1263 2929 1309 autent
2947 1256 3137 1310 venerit
3151 1254 3448 1310 consolator
3462 1255 3700 1322 Spiritus
3717 1258 3867 1312 Sanc-

2265 1358 2367 1412 tus,
2397 1364 2548 1419 quem
2573 1349 2734 1402 mittet
2764 1347 2925 1403 Pater
2976 1365 3118 1402 meus
3168 1350 3220 1402 in
3276 1351 3482 1405 nomine
3503 1366 3640 1414 meo,
3684 1349 3774 1404 ille
3799 1366 3868 1405 ros

2269 1439 2466 1494 docebit
2489 1441 2666 1494 omnia
2710 1438 2909 1512 (Ibid.,
2949 1439 3073 1507 26);
3105 1450 3160 1495 et
3213 1457 3462 1497 rursum:
3510 1441 3646 1496 Cum
3698 1443 3870 1498 venerit

2267 1531 2564 1586 consolator
2602 1550 2752 1604 quem
2773 1549 2867 1604 ego
2899 1533 3101 1587 mittam
3150 1534 3290 1588 vobis
3340 1551 3374 1586 a
3402 1533 3598 1603 Patre,
3633 1535 3872 1606 Spiritum

2268 1629 2497 1682 veritatis
2514 1629 2602 1698 qui
2631 1645 2665 1681 a
2691 1626 2853 1682 Patre
2873 1629 3159 1699 egreditur,
3191 1627 3281 1683 ille
3305 1630 3674 1700 testificabitur
3705 1632 3770 1683 de
3808 1646 3873 1683 me

559 1723 632 1778 1⁵11.
655 1737 744 1776 res
774 1736 934 1789 quam
967 1736 1072 1774 non
1135 1718 1438 1774 ostenderit
1482 1718 1564 1772 eis
1611 1716 1666 1769 in
1712 1712 1982 1769 thesauris
2028 1711 2162 1767 suis.
2197 1709 2246 1770 Β
2273 1718 2454 1788 (Joan,
2479 1737 2569 1788 xv,
2594 1720 2726 1790 26);
2758 1733 2843 1776 et;
2879 1719 3100 1776 Prodest
3129 1721 3268 1775 vobis
3295 1730 3350 1775 ιιι
3404 1738 3499 1792 ego
3528 1726 3716 1776 vadum
3749 1721 3873 1777 :nisi

559 1814 668 1870 Sed
692 1813 925 1868 alterum
949 1819 1114 1877 tacet,
1141 1812 1210 1865 de
1236 1825 1343 1880 quo
1366 1809 1657 1864 verebatur
1679 1807 1969 1871 offensam,
2023 1802 2165 1874 quod

559 1907 865 1964 ostenderit
891 1905 973 1960 eis
1002 1913 1195 1959 cuncta
1219 1919 1341 1972 quae
1365 1902 1592 1955 ltrtberet
1624 1902 1677 1954 in
1705 1907 1975 1966 potestate
2034 1911 2160 1960 sua;

558 1998 703 2053 haud
731 1997 953 2051 dubium
982 1994 1112 2064 quin
1152 1992 1435 2061 et'l‘empli
1461 1989 1884 2058 supellectilem.
1935 1987 2165 2057 Pr0ptcr

557 2107 678 2162 qua:
709 2089 878 2144 Isaias
912 2087 1004 2142 Dei
1053 2101 1307 2141 sermone
1359 2082 1568 2154 profert
1612 2083 1975 2138 sententiam:
2030 2080 2167 2134 Audi

551 2184 762 2239 verbum
797 2181 1006 2236 Domini
1049 2181 1403 2235 exercituum:
1440 2177 1624 2234 Veniet
1677 2186 1890 2246 tempus
1941 2175 2165 2246 quando

556 2281 740 2336 omnia
767 2278 883 2332 hinc
911 2291 1033 2348 qua:
1063 2275 1116 2329 in
1140 2275 1304 2329 domo
1332 2285 1422 2328 tua
1445 2281 1592 2333 sunt.
1617 2268 1785 2343 479
1807 2276 1864 2325 et
1889 2283 1998 2323 non
2047 2279 2159 2337 tuo,

555 2370 653 2426 sed
678 2378 893 2439 patrum
919 2376 1135 2422 tuorum
1183 2366 1369 2420 labore
1421 2364 1676 2434 quaesita,
1733 2363 1785 2416 itt
1829 2360 2165 2430 Babylonem

557 2462 978 2527 transferantur,
1012 2471 1066 2514 et
1091 2458 1162 2514 de
1189 2459 1401 2514 semine
1427 2467 1520 2511 tuo
1544 2455 1673 2510 fiant
1708 2453 1942 2509 eunuchi
1970 2453 2022 2507 itt
2044 2453 2164 2507 aula

557 2557 728 2626 regia.
759 2555 837 2609 Ex
860 2569 970 2624 quo
1018 2551 1230 2607 Hebrtei
1274 2549 1464 2603 volunt
1519 2547 1821 2609 Danielem,
1870 2545 2164 2608 Ananiam,

553 2647 764 2710 Misael,
787 2653 843 2700 et
872 2644 1143 2709 Azariam,
1166 2643 1254 2711 qui
1277 2641 1428 2694 luere
1457 2639 1525 2694 de
1540 2639 1694 2709 regio
1716 2637 1953 2700 semine,
1989 2635 2166 2690 factos

556 2754 679 2794 esse
701 2736 1002 2796 eunuchos,
1027 2748 1164 2803 quos
1191 2734 1245 2787 in
1277 2731 1584 2806 ministerio
1613 2730 1758 2802 regis
1804 2728 2168 2785 Nabuchodo-

558 2845 727 2886 nosor
748 2829 916 2883 fuisse
947 2813 1299 2882 nonduhium
1330 2832 1436 2879 est.
1465 2824 1605 2878 Dixit
1629 2824 1814 2894 itaque
1864 2820 2160 2876 Ezechias:

559 2921 766 2977 Bonum
788 2920 997 2975 verbum
1018 2915 1230 2972 Domini
1281 2917 1421 2988 quod
1462 2913 1663 2970 locutus
1709 2925 1805 2969 est.
1857 2914 1914 2969 In
1947 2927 2055 2980 quo
2099 2913 2167 2968 ab

558 3015 807 3070 Hebrazis
837 3010 1281 3080 reprehenditur,
1308 3024 1405 3064 cur
1425 3022 1532 3062 non
1563 3010 1632 3061 sit
1655 3006 1900 3060 imitatus
1947 3004 2164 3060 bonita-

2269 1814 2405 1868 enim
2433 1831 2529 1884 ego
2559 1815 2756 1879 abiero,
2785 1814 3085 1869 consolator
3107 1831 3211 1868 non
3238 1815 3406 1870 veniet
3456 1819 3524 1870 ad
3568 1832 3655 1871 vos
3703 1819 3870 1888 (Joau.

2269 1922 2382 1971 xw,
2409 1906 2496 1978 '7);
2528 1907 2847 1962 consolator
2896 1916 3004 1972 est,
3034 1906 3123 1962 cui
3182 1916 3240 1962 et
3267 1923 3410 1962 nunc
3444 1909 3785 1978 praecipitur,
3826 1916 3873 1963 ut

2270 2000 2588 2054 consoletur
2614 2000 2875 2069 populum
2905 1999 3024 2054 Dei.
3071 1999 3227 2055 Unde
3257 2010 3312 2056 et
3359 2003 3663 2072 Apostolus
3692 2002 3872 2057 Paulus

2269 2091 2599 2162 loquebatur
2627 2093 2694 2148 ad
2716 2094 3009 2150 credentes
3042 2112 3054 2148 :
3099 2093 3410 2150 Benedictus
3445 2095 3588 2151 Deus
3636 2106 3684 2151 et
3726 2095 3873 2151 Pater

2269 2181 2487 2238 Domini
2515 2186 2678 2240 nostri
2703 2183 2828 2241 Jesu
2860 2184 3076 2250 Christi,
3109 2185 3270 2241 Pater
3317 2189 3810 2250 misericordiarum.
3835 2196 3873 2243 et

2270 2275 2409 2330 Deus
2439 2278 2606 2331 omnis
2628 2277 3021 2344 consolatioais,
3049 2280 3140 2349 qui
3183 2284 3487 2336 consolatur
3530 2299 3628 2336 nos
3653 2285 3705 2336 in
3753 2283 3873 2338 omni

2270 2367 2605 2424 tribulatione
2643 2379 2845 2437 nostra,
2876 2382 2929 2423 ut
2959 2373 3220 2438 possimus
3272 2373 3539 2428 consolari
3599 2391 3688 2430 eos
3715 2378 3804 2446 qui
3833 2376 3877 2426 in

2272 2461 2413 2515 omni
2463 2461 2794 2518 tribulatione
2845 2475 2987 2528 sunt,
3047 2481 3140 2538 per
3190 2465 3602 2522 consolationem
3649 2485 3758 2535 qua
3790 2467 3879 2537 ipsi

2269 2552 2600 2607 consolamur
2628 2572 2659 2608 a
2685 2552 2796 2609 Deo
2821 2572 2838 2610 :
2872 2558 3117 2626 quoniam
3141 2559 3273 2612 sicut
3297 2560 3712 2628 superabundant
3765 2577 3882 2632 pas-

2267 2645 2438 2700 siones
2461 2646 2654 2700 Christi
2685 2647 2738 2701 in
2768 2649 2935 2714 nobis,
2989 2651 3065 2703 sic
3093 2668 3185 2722 per
3212 2651 3478 2707 Christum
3529 2653 3810 2708 abundabit
3837 2664 3878 2707 et

2267 2741 2555 2794 consolatio
2588 2749 2764 2795 nostra
2791 2741 2860 2814 (ll
2893 2740 3016 2799 Cor.
3040 2759 3080 2811 1,
3107 2743 3227 2815 1-6)
3255 2761 3269 2811 ;
3305 2757 3358 2800 et
3392 2747 3590 2802 iterum
3628 2766 3640 2800 :
3674 2745 3743 2801 Et
3771 2765 3878 2820 spes

2269 2839 2446 2884 nostra
2473 2831 2627 2902 ﬁrma
2657 2842 2731 2887 est
2756 2851 2851 2906 pro
2883 2835 3057 2890 vobis:
3082 2836 3299 2890 scientes
3321 2839 3569 2905 quoniam
3589 2839 3719 2894 sicut
3773 2857 3881 2907 par-

2265 2924 2446 2996 ticipes
2472 2927 2592 2980 estis
2623 2927 2950 2996 passionum,
2997 2928 3072 2982 sic
3127 2939 3176 2983 et
3206 2929 3579 2985 consolationis
3634 2933 3771 2986 eritis
3817 2930 3878 3003 (II

2267 3015 2386 3073 Cor.
2413 3035 2451 3087 t,
2479 3020 2558 3089 7).
2579 3022 2714 3087 Quis
2741 3024 2809 3075 sit
2843 3031 3028 3077 autem
3063 3023 3166 3079 iste
3193 3023 3450 3094 populus.
3477 3026 3574 3096 qui
3609 3040 3704 3095 per
3741 3027 3880 3095 Apo-

556 3116 669 3166 tem
696 3107 886 3177 Moysi.
909 3104 1000 3176 qui
1025 3105 1235 3159 locutus
1258 3103 1324 3157 ad
1371 3102 1654 3156 Dominum
1684 3109 1795 3154 est:
1825 3098 1929 3152 Αυε
1960 3097 2162 3152 dimitte
2189 3096 2235 3159 C
2267 3111 2442 3166 Stolos
2474 3121 2529 3167 et
2551 3113 2700 3168 viros
2731 3113 3152 3170 Ecclesiasticos
3181 3121 3519 3181 consolatur,
3551 3133 3665 3174 non
3695 3117 3877 3182 Israel,

555 3202 630 3256 cis
663 3202 795 3254 hanc
824 3213 1049 3254 noxam:
1079 3204 1171 3250 aut
1197 3197 1242 3250 si
1269 3211 1373 3249 non
1393 3194 1544 3262 facis,
1575 3191 1688 3246 dele
1709 3207 1788 3245 me
1815 3188 2026 3244 delibro
2046 3199 2157 3254 tuo,

557 3312 710 3367 quem
731 3291 1202 3367 scripsisti(Exod.
1231 3305 1378 3354 xxxi,
1427 3287 1542 3355 52).
1567 3285 1725 3342 Unde
1780 3293 1836 3338 et
1880 3281 2160 3354 apostolus

557 3390 763 3445 Paulus
808 3387 1102 3443 anathema
1123 3386 1240 3440 vult
1277 3398 1399 3439 esse
1428 3398 1458 3436 a
1507 3379 1729 3436 Christo
1768 3394 1866 3449 pro
1906 3377 2160 3432 fratribus

556 3486 672 3540 suis
693 3485 783 3555 qui
825 3491 952 3538 sunt
993 3480 1252 3536 Israelita:
1280 3477 1460 3547 (Rom.
1485 3476 1584 3546 ix);
1613 3484 1668 3529 et
1696 3483 1983 3543 propterea
2025 3469 2163 3525 Eze-

554 3577 735 3630 chiam
770 3576 864 3630 Dei
887 3572 1235 3628 sermonibus
1261 3583 1368 3624 n0n
1405 3569 1716 3637 probatum,
1741 3567 1832 3634 qui
1865 3565 1918 3618 in
1971 3578 2164 3618 conse-

559 3666 848 3737 quentibus
862 3665 1105 3732 IOquitur
1124 3681 1134 3714 :
1153 3659 1528 3725 Consolamini,
1545 3655 1910 3719 consolamini,
1936 3655 2160 3726 populus

555 3775 722 3822 meus,
755 3757 880 3810 dicit
908 3755 1048 3810 Deus
1077 3764 1261 3820 vester,
1295 3762 1466 3820 utpro
1495 3751 1695 3820 quibus
1719 3748 1808 3802 ille
1842 3762 1949 3802 non
2002 3761 2163 3816 roga-

558 3861 734 3914 verat,
767 3847 985 3903 Domini
1018 3845 1307 3903 clementia
1327 3842 1699 3899 consolentur.

637 3942 792 4014 (Cap.
830 3940 943 3996 XL.
976 3970 1045 3980 —
1073 3938 1229 3994 Vers.
1260 3937 1286 3990 1
1313 3935 1496 4006 seqq.)
1522 3932 1895 3998 Consolamini,
1926 3927 2164 3986 consola-

557 4037 708 4103 ntini,
743 4035 963 4108 populus
991 4049 1157 4098 meus,
1189 4031 1314 4084 dicit
1368 4028 1507 4082 Deus
1539 4037 1735 4080 t'ester.‘
1767 4024 2064 4096 Loquimini
2094 4022 2163 4075 ad

555 4145 645 4184 cor
672 4125 991 4189 Jerusalem,
1025 4136 1070 4180 et
1124 4122 1372 4177 advocate
1401 4136 1516 4175 eam
1539 4136 1558 4186 ;
1608 4120 1852 4188 quoniam
1903 4116 2166 4184 completa

562 4233 637 4277 est
668 4223 871 4275 malitia
894 4224 1029 4292 ejus,
1057 4219 1272 4272 dimissa
1297 4227 1370 4272 est
1425 4213 1674 4285 iniquitas
1707 4211 1871 4266 illius.
1929 4209 2168 4283 Suscepit

563 4316 629 4369 de
656 4330 810 4368 manu
841 4311 1052 4366 Domini
1075 4308 1310 4377 duplicia
1376 4324 1468 4378 pro
1515 4305 1749 4362 omnibus
1787 4303 2006 4372 peccatis
2035 4304 2164 4357 suis.

566 4405 743 4463 LXX:
769 4405 1143 4466 Consolamini,
1169 4399 1511 4456 consolamini
1533 4397 1781 4470 populum
1811 4411 2002 4460 meum,
2045 4394 2169 4448 dicit

2261 3216 2316 3262 et
2345 3208 2515 3262 Jacoh
2544 3215 2600 3262 et
2623 3207 2782 3276 Juda,
2814 3219 2876 3264 ut
2909 3210 2963 3264 in
2995 3210 3118 3265 aliis
3151 3211 3284 3267 locis
3313 3212 3601 3284 Scriptura
3649 3229 3879 3270 comme-

2262 3308 2460 3362 morat,
2501 3302 2596 3356 sed
2629 3305 2890 3372 populum
2925 3303 3040 3370 Dei,
3073 3303 3371 3361 Zacharias
3410 3306 3686 3378 Propheta
3715 3284 3876 3364 testa-

2264 3401 2352 3448 tur
2389 3393 2611 3448 dicens:
2641 3393 2826 3449 Gaude
2849 3408 2896 3450 et
2925 3396 3126 3465 (tutare,
3157 3399 3275 3469 ﬁlia
3303 3401 3471 3456 Sion:
3526 3403 3649 3471 quia
3671 3419 3756 3475 ego
3806 3418 3878 3456 re.

2263 3486 2403 3539 niam
2432 3497 2478 3540 et
2507 3487 2745 3543 habitabo
2774 3489 2828 3543 in
2857 3492 3024 3544 medio
3051 3492 3146 3557 tui,
3178 3492 3304 3546 dicit
3331 3492 3615 3549 Dominus.
3651 3493 3715 3548 Et
3763 3511 3879 3550 con-

2265 3576 2465 3649 fugient
2494 3589 2669 3651 gentes
2700 3581 2878 3638 multm
2894 3583 2963 3636 ad
2993 3583 3271 3640 Dominum
3299 3588 3353 3640 in
3377 3586 3463 3642 die
3493 3587 3612 3654 illa,
3641 3598 3689 3644 et
3733 3598 3878 3643 erant

2266 3672 2314 3728 ei
2338 3671 2390 3724 in
2419 3675 2691 3742 populant,
2721 3685 2772 3730 et
2786 3675 3091 3732 habitabant
3113 3679 3166 3732 in
3181 3680 3348 3733 medio
3363 3681 3462 3747 tui,
3510 3692 3559 3737 et
3587 3690 3877 3754 cognoscent

2264 3766 2512 3832 quoniam
2531 3765 2780 3822 Dominus
2818 3771 3141 3842 omnipotens
3165 3771 3304 3826 misit
3325 3789 3404 3827 me
3429 3773 3501 3827 ad
3527 3783 3576 3830 te
3604 3774 3782 3847 (thch.
3816 3790 3868 3845 tt,

2265 3855 2354 3919 10.
2394 3859 2498 3927 tl).
2556 3859 2676 3928 Quo
2731 3863 3046 3921 testimonio
3105 3869 3399 3938 perspicue
3441 3867 3868 3936 demonstratur,

2266 3959 2463 4017 gentes
2489 3951 2752 4020 plurimas
2778 3952 2832 4008 itt
2862 3956 3119 4026 populum
3147 3957 3241 4014 Dei
3273 3974 3397 4016 esse
3447 3965 3759 4019 vertendas.
3812 3963 3870 4017 Et

2267 4039 2386 4096 haec
2416 4041 2550 4098 dicit
2579 4044 2842 4102 Dominus
2868 4047 3069 4105 missus
3093 4067 3121 4105 a
3150 4051 3400 4119 Domino,
3428 4055 3516 4110 cui
3545 4071 3737 4113 nomen
3751 4057 3867 4112 Om.

2271 4133 2523 4203 nipotens
2575 4146 2679 4191 est.
2714 4138 2784 4193 Et
2812 4140 2915 4195 hoc
2947 4141 3245 4198 notandum
3271 4145 3417 4216 quod
3467 4162 3580 4203 non
3611 4151 3869 4204 solvantur

2269 4237 2492 4297 peccata
2525 4239 2734 4300 nostra,
2767 4232 2870 4287 nisi
2893 4232 2962 4288 de
2991 4249 3153 4290 manu
3185 4235 3864 4310 Dominireccperimusea.

2270 4319 2382 4376 Nec
2415 4321 2553 4376 idem
2585 4329 2669 4377 est
2699 4323 2838 4379 solvi
2868 4339 3111 4396 peccata,
3145 4336 3309 4398 atque
3333 4329 3559 4387 dimitti.
3593 4332 3689 4390 Cui
3734 4333 3866 4389 enim

2269 4410 2642 4480 dimittuntur,
2673 4417 2948 4474 solutione
2976 4436 3083 4475 non
3113 4421 3336 4494 indiget,
3365 4425 3600 4482 audiens
3631 4428 3681 4483 in
3711 4428 3871 4482 Evan-

569 4497 710 4554 Πεαδ
808 4496 1103 4594 εαεϐνάοιεξ
1131 4497 1174 4562 ἰ
1196 4489 1562 4594 ίορυίηιίηίὶαά
1695 4487 2023 4594 “tumul”:
2045 4502 2166 4594 έοη·
2195 4487 2245 4549 D
2267 4505 2413 4574 gelio
2437 4524 2450 4560 :
2485 4506 2720 4577 Con/ide,
2742 4509 2848 4578 liti,
2865 4487 3620 4586 dimittunturtibipeccautua
3654 4518 3857 4594 (Matth.

559 4593 800 4648 solamini
825 4606 975 4645 eam:
1002 4589 1124 4661 quia
1147 4586 1342 4660 repleta
1362 4596 1438 4642 est
1467 4585 1730 4640 humilitas
1751 4585 1884 4656 ejus.
1920 4581 2166 4637 Solutum

563 4704 636 4749 est
667 4701 936 4762 peccatum
965 4690 1134 4757 illius,
1158 4689 1283 4760 quia
1311 4688 1500 4758 recepit
1532 4686 1596 4739 de
1618 4701 1779 4738 manu
1803 4683 2019 4738 Domini
2065 4683 2166 4735 du-

541 4794 723 4863 plicia
748 4802 958 4864 peccata
983 4805 1101 4845 sua.
1129 4789 1294 4844 Juxta
1329 4790 1660 4856 interpretes
1692 4793 1944 4850 caeteros,
1973 4781 2168 4852 juben-

558 4904 651 4951 tur
679 4895 792 4956 alii,
837 4903 898 4950 ut
929 4894 1190 4965 populum
1222 4893 1320 4950 Dei
1343 4900 1400 4947 et
1425 4889 1731 4948 Jerusalem
1763 4889 1972 4958 pariter
2027 4903 2164 4944 con-

559 4998 845 5053 solentur:
871 4996 1022 5064 juxta
1046 4995 1373 5051 IIebraicum
1405 4995 1507 5064 ipsi
1562 4993 1880 5065 praecipitur
1936 4993 2163 5062 populo,

560 5105 621 5150 ut
651 5093 991 5156 consoletur,
1021 5102 1078 5149 et
1111 5094 1368 5163 loquatur
1392 5092 1461 5148 ad
1489 5108 1587 5149 cor
1625 5093 1954 5160 Jerusalem,
1983 5104 2037 5149 et
2071 5092 2168 5148 ad-

555 5204 723 5254 vocet
752 5212 892 5251 eam.
929 5197 1096 5266 Loqui
1153 5207 1335 5251 autem
1385 5197 1450 5250 ad
1481 5212 1578 5253 cor
1597 5196 1930 5259 Jerusalem,
1963 5195 2165 5252 idioma

555 5301 968 5372 Scripturarum
1009 5307 1116 5356 est.
1148 5298 1250 5367 Qui
1310 5300 1452 5354 enim
1503 5303 1761 5357 maerenti
1818 5301 2082 5372 loquitur,
2113 5309 2170 5356 et

553 5408 845 5465 blandiens
865 5407 1178 5462 consolator
1201 5416 1307 5473 est,
1337 5406 1407 5461 ad
1438 5421 1534 5462 cor
1591 5410 1742 5479 loqui
1797 5410 2019 5467 dicitur.
2067 5409 2171 5464 Do-

550 5522 674 5567 ccat
703 5525 804 5566 nos
830 5509 1051 5567 Sichetn
1076 5510 1221 5565 filius
1252 5509 1481 5576 Hemor,
1500 5511 1590 5580 qui
1620 5523 1876 5583 corrupta
1902 5514 2036 5569 Dina
2078 5515 2158 5569 lo-

551 5622 710 5668 cutus
724 5623 810 5669 est
840 5613 910 5668 ad
933 5627 1030 5668 cor
1055 5611 1196 5684 ejus,
1221 5621 1278 5668 et
1307 5615 1626 5671 consolatus
1643 5626 1727 5671 est
1775 5631 1896 5672 eam
1945 5616 2154 5687 (Cenes.

557 5713 560 5716 ’
623 5735 645 5759 ίε
674 5725 913 5782 Etobelo
940 5730 994 5788 ἑ·-
1039 5724 1258 5796 quidem
1292 5724 1345 5780 in
1376 5724 1655 5786 Vaticanis
1685 5727 1850 5787 codd.
1889 5739 2256 5800 praenotatur.

2277 4614 2354 4666 tx,
2393 4599 2486 4670 2).
2520 4597 2620 4655 Cui
2663 4611 2844 4659 autem
2881 4607 3188 4675 solvuntur,
3236 4620 3523 4681 propterea
3562 4613 3861 4676 solvuntur,

2276 4692 2630 4763 quiapurgata
2701 4706 2898 4754 suntet
2943 4700 3118 4756 soluta
3174 4717 3271 4772 per
3311 4718 3520 4774 ptenas.
3562 4707 3715 4762 Juxta
3755 4705 3864 4760 bis-

2277 4785 2468 4837 toriam
2498 4786 2706 4856 recepit
2730 4789 3036 4869 Jerusalem
3078 4792 3147 4848 de
3182 4810 3348 4852 manu
3390 4797 3606 4853 Domini
3643 4795 3866 4869 duplicia

2275 4885 2497 4946 peccata
2519 4894 2641 4945 sua;
2672 4883 2841 4939 semel
2874 4900 2900 4937 a
2919 4885 3252 4958 Babyloniis,
3277 4891 3519 4947 secundo
3549 4908 3577 4947 a
3602 4892 3865 4949 Romanis.

2250 4968 2543 5042 Quodque
2576 4973 2703 5029 addi
2736 4985 2822 5031 tur
2853 4994 2880 5031 a
2913 4979 3299 5053 Septuaginta,
3355 4983 3689 5054 Sacerdotes,
3718 4985 3866 5044 obelo

2271 5068 2296 5097 ⁸
2322 5064 2736 5130 praenotandum
2777 5076 2878 5124 est.

2344 5155 2525 5225 (Vers.
2559 5161 2592 5213 5
2622 5160 2804 5234 seqq.)
2839 5161 2954 5218 Vox
3000 5166 3273 5222 clamantis
3315 5169 3369 5223 in
3425 5171 3647 5240 deserto,
3701 5178 3863 5245 parate

2270 5247 2409 5301 viam
2481 5248 2725 5314 Domini,
2775 5263 2944 5310 rectas
3007 5257 3164 5326 facite
3222 5260 3278 5313 in
3337 5259 3620 5318 solitudine
3671 5261 3862 5318 semitas

2272 5341 2435 5416 481
2474 5343 2570 5398 Dei
2617 5348 2800 5400 nostri.
2832 5348 3016 5403 Omnis
3053 5351 3202 5424 vallis
3235 5354 3587 5423 exaltabitur,
3632 5365 3680 5410 et
3705 5351 3859 5409 omnis

2273 5451 2420 5490 mons
2447 5447 2494 5491 et
2517 5437 2667 5491 collis
2695 5437 3061 5496 humiliabitur
3088 5458 3108 5497 :
3138 5453 3186 5497 et
3215 5455 3366 5499 erunt
3388 5463 3554 5512 prava
3579 5449 3631 5502 in
3659 5447 3853 5510 directa,

2267 5537 2314 5581 et
2344 5546 2529 5599 aspera
2556 5529 2611 5585 in
2641 5531 2752 5586 vias
2781 5530 2988 5603 planas,
3017 5545 3066 5588 et
3094 5535 3404 5592 revelabitur
3430 5537 3604 5609 gloria
3640 5534 3854 5598 Domini.

2265 5629 2317 5675 et
2340 5622 2527 5679 videbit
2551 5625 2722 5682 omnis
2747 5641 2872 5681 caro
2901 5630 3098 5684 variter
3126 5630 3265 5701 quod
3305 5647 3364 5685 os
3395 5629 3614 5688 Domini
3645 5632 3858 5688 locutum
