3932 6324
116 333 212 390 401
662 335 1312 402 COMMENTARIORUM
1349 345 1419 404 ΙΝ
1456 346 1694 409 ISAIAM
1735 349 2160 410 PROPHETAM
2199 354 2328 412 LIB.
2373 357 2467 448 XI:
2512 359 2669 418 CAP.
2709 363 2824 420 XL.
3292 373 3399 431 402

113 461 207 505 est.
238 451 382 509 LXX
417 472 430 509 :
465 453 579 509 Vox
620 453 895 509 clamantis
937 457 991 511 in
1030 457 1238 514 deserto
1281 476 1302 515 :
1346 474 1531 532 parate
1565 466 1701 520 viam
1727 469 1780 530 Α
1805 466 1942 523 riam
1992 467 2208 524 Domini
2258 480 2314 526 et
2370 473 2614 531 salutare
2673 477 2765 533 Dei
2820 479 3010 538 videre
3062 500 3396 547 mereamur.

111 543 328 600 Domini
359 563 378 601 :
408 549 571 601 rectas
594 548 750 616 facite
783 550 994 604 semitas
1023 549 1120 604 Dei
1151 555 1341 608 nostri.
1379 553 1564 612 Omnis
1591 559 1703 614 val-
1876 559 2067 631 (Vers.
2107 562 2141 616 6
2181 565 2362 634 seqq.)
2424 563 2538 620 νοω
2582 568 2832 638 dicentis,
2880 574 3074 632 clama.
3119 577 3190 633 Et
3233 543 3401 639 dixit

107 640 176 696 lis
203 641 496 710 implebitur
522 658 541 695 :
567 653 613 696 et
637 645 806 697 omnis
845 660 992 700 mons
1027 657 1074 702 et
1112 649 1262 705 collis
1286 650 1651 707 humiliabitur
1680 673 1699 718 ;
1805 651 1946 719 Quid
1986 656 2265 709 clamabo?
2297 655 2481 712 Omnis
2514 677 2635 715 caro
2677 664 2895 734 faenum,
2943 679 2992 723 et
3024 673 3196 728 omnis
3226 675 3398 745 gloria

105 741 155 785 et
180 743 328 784 erunt
355 747 512 801 prava
539 733 596 786 in
627 733 847 795 directa.
873 748 924 791 et
946 755 1133 811 aspera
1163 743 1218 796 in
1248 759 1475 815 campos.
1508 743 1579 797 Et
1604 762 1698 818 ap-
1797 748 1913 818 ejus
1953 748 2106 813 quasi
2145 749 2244 817 ﬂos
2287 766 2418 823 agri.
2459 750 2794 809 Exsiccatum
2841 769 2915 813 est
2953 761 3172 831 foenum,
3214 733 3402 824 cecidit

103 823 296 895 parebit
322 827 488 895 gloria
513 823 732 882 Domini
759 845 779 883 :
806 839 854 883 et
881 832 1076 887 videbit
1097 836 1264 888 omnis
1301 853 1425 890 caro
1456 837 1698 893 salutare
1796 839 1934 907 ﬂos;
1963 848 1987 875 ⁸
2013 844 2137 911 quia
2166 845 2386 912 spiritus
2418 844 2516 899 Dei
2542 849 2686 917 ﬂavit
2729 851 2784 904 in
2811 868 2872 905 eo
2904 869 2922 906 :
2943 823 3060 911 vere
3102 860 3295 928 foenum
3319 871 3395 916 est

104 914 212 978 Dei,
240 916 362 986 quia
391 914 647 974 Dominus
673 920 882 977 locutus
912 933 1004 978 est.
1034 925 1204 997 Hujus
1236 930 1388 983 vocis
1419 945 1695 986 memores
1793 935 2034 1004 populus.
2069 933 2399 992 Exsiccalum
2427 950 2504 994 est
2542 914 2754 1010 frenum,
2788 946 2978 1001 cecidit
3004 914 3144 1018 ﬂos';
3181 955 3389 1010 verbum

99 1008 300 1065 Scriba:
323 1024 376 1066 et
403 1009 672 1068 Pbarismi
701 1025 757 1069 et
784 1017 1055 1087 principes
1079 1018 1416 1090 Judteorum,
1441 1039 1563 1078 cum
1598 1039 1696 1078 au-
1796 1037 1968 1080 autem
2002 1027 2211 1084 Domini
2254 1033 2425 1086 nostri
2460 1008 2618 1088 stabit
2663 1037 2717 1090 in
2747 1049 3018 1095 aeternum.
3053 1042 3200 1098 LXX
3233 1063 3246 1100 :
3284 1048 3400 1104 Vox

96 1102 298 1159 dissent
323 1103 591 1161 Joannem
617 1105 674 1162 in
703 1110 1002 1169 soiitiidiue
1025 1114 1324 1183 prmdicarc
1358 1116 1690 1186 baptismum
1795 1117 2033 1185 dicentis,
2079 1124 2250 1178 clama
2277 1143 2297 1179 :
2328 1135 2374 1179 et
2404 1127 2535 1195 dixi,
2581 1129 2722 1192 Quid
2751 1132 3022 1189 clamabo?
3063 1136 3244 1194 Omnis
3271 1157 3394 1197 caro

101 1196 458 1265 ptenitentiai,
492 1207 549 1253 et
573 1199 775 1256 docere
803 1205 1062 1272 p0pulum
1083 1247 1098 1271 ,
1141 1207 1366 1263 mittunt
1394 1210 1488 1277 qui
1520 1212 1689 1266 inter-
1795 1214 2007 1282 frenum,
2033 1225 2081 1268 et
2110 1218 2275 1272 omnis
2299 1219 2474 1291 gloria
2504 1221 2731 1278 hominis
2759 1227 2912 1296 quasi
2937 1229 3039 1298 ﬂos
3067 1234 3210 1303 freni.
3244 1235 3395 1292 Aruit

94 1300 283 1360 rogent
313 1305 463 1366 eum,
497 1301 681 1349 utrum
719 1295 842 1366 ipse
879 1299 950 1353 sit
983 1299 1272 1368 Christus,
1306 1317 1375 1356 an
1415 1303 1585 1369 Elias,
1621 1319 1689 1360 an
1797 1380 1821 1409 τ
2067 1389 2083 1409 ι
2196 1382 2263 1409 Ἢ.
2317 1384 2350 1409 Δ
2479 1337 2527 1409 ,Ι

94 1383 350 1409 ΐὶ---..ι1....ι.
400 1403 413 1409 -
466 1386 708 1409 l‘--______
766 1405 821 1409 μ-
867 1407 926 1409 us
995 1392 1036 1409 ιο
1081 1408 1086 1409 ,
1142 1403 1154 1409 -
1246 1395 1279 1409 ιι
1307 1395 1341 1409 ιι
1495 1397 1507 1409 ι
1817 1392 1984 1409 man-sna
2038 1396 2060 1409 Α
2105 1396 2206 1409 Α.-.
2246 1392 2285 1409 ,ι
2358 1401 2410 1409 ι.-

92 1383 353 1454 Propheta
398 1403 413 1440 :
465 1386 714 1459 Cumque
766 1392 1159 1463 respondisset
1206 1395 1341 1450 nihil
1379 1411 1439 1451 se
1494 1397 1645 1452 horui

1839 1393 2005 1450 enum,
2035 1389 2083 1435 et
2102 1382 2285 1437 cecidit
2310 1384 2410 1453 ﬂos
2655 1390 2779 1458 quia
2831 1393 3050 1463 spiritus
3097 1394 3198 1453 Dei
3245 1400 3392 1468 ﬂavit

90 1492 226 1544 esse,
255 1493 454 1535 rursus
484 1481 834 1554 interrogant
866 1503 877 1537 :
907 1483 1005 1538 Dic
1037 1503 1162 1560 ergo
1183 1487 1352 1556 nobis,
1377 1490 1492 1557 quis
1519 1491 1614 1544 es?
1633 1500 1687 1545 ut

87 1587 378 1644 responsum
409 1573 600 1629 demus
629 1575 711 1630 his
746 1579 838 1649 qui
865 1580 1120 1633 miserunt
1147 1596 1260 1634 nos.
1299 1581 1440 1649 Quid
1465 1582 1597 1636 dicis
1624 1583 1689 1638 de
1788 1613 1844 1668 ίη
1881 1629 1941 1668 eo
2189 1634 2304 1674 vere
2353 1623 2548 1690 [mnum
2606 1636 2684 1681 es,
2734 1629 2965 1699 populus
3213 1637 3385 1692 ἐπες,

91 1665 169 1699 n9
208 1667 378 1699 Alnnn
407 1666 510 1699 illa
548 1668 833 1699 νοοηη..ι12ι
871 1687 880 1699 .
922 1669 1028 1699 Ρ-..
1061 1688 1170 1699 οη...
1207 1688 1308 1699 ..ΛΜ
1335 1674 1610 1699 -1,....-...;-
1630 1676 1683 1699 ι..
2005 1664 2018 1677 ⁸
2080 1665 2094 1680 ⁸
3027 1683 3039 1696 ο
3068 1677 3116 1699 ι.

89 1665 169 1718 te?
202 1667 378 1736 Atque
407 1666 510 1722 ille
548 1668 837 1738 respOndit
869 1687 881 1723 :
913 1669 1028 1742 Ego
1058 1688 1171 1725 sum
1207 1688 1308 1726 vox
1331 1674 1610 1729 clamantis
1628 1676 1684 1730 in
1882 1658 1938 1668 ν’
2005 1664 2018 1677 ’
2045 1658 2056 1726 Ι
2080 1665 2094 1680 ⁸
2192 1658 2302 1674 ww
2353 1658 2548 1690 'w'm'"
2606 1658 2684 1681 ω’
2734 1658 2965 1699 Ρυμαιιιδ

88 1757 277 1812 deserto
308 1775 326 1813 :
354 1769 547 1829 parate
575 1763 710 1815 viam
740 1761 989 1828 Domini;
1019 1766 1155 1820 sicut
1184 1766 1318 1821 dixit
1347 1765 1518 1822 Isaias
1546 1766 1684 1823 Pro-
1747 1802 1752 1806 -
1789 1789 1966 1832 catum
1999 1787 2074 1832 est
2106 1783 2325 1852 frenum,
2379 1786 2564 1841 cecidit
2600 1789 2700 1858 ﬂos
2740 1792 2803 1863 ﬂ,
2840 1793 3050 1848 verbum
3089 1806 3259 1852 autem
3294 1799 3405 1856 Dci‘

89 1849 233 1922 pheta
264 1849 456 1926 (Joan.
492 1870 546 1923 t,
579 1853 672 1920 22,
696 1855 809 1926 25).
843 1855 900 1912 In
944 1873 1052 1929 quo
1087 1861 1642 1918 animadvertendum
1666 1905 1680 1930 ,
1712 1867 1759 1927 B
1788 1874 1955 1927 nostri
2013 1849 2187 1929 manet
2258 1849 2319 1931 in.
2358 1849 2732 1947 sempiternum
2842 1887 2958 1942 Hoc
3029 1849 3198 1960 quod
3243 1902 3392 1949 aste-

85 1945 214 2015 qnod
242 1957 410 2002 rectm
455 1949 557 2003 vite
606 1949 818 2005 Domini
848 1961 902 2006 et
937 1955 1150 2008 semitm
1195 1954 1287 2010 Dei
1322 1956 1498 2010 nostri
1531 1973 1543 2010 :
1577 1955 1638 2011 in

1828 1966 1944 2019 iscis
1978 1977 2199 2023 notatur
2224 1988 2236 2023 :
2263 1971 2386 2041 quia
2407 1973 2620 2041 spiritus
2649 1974 2748 2030 Dei
2773 1977 2922 2046 ﬂavit
2945 1980 2999 2033 in
3023 1997 3082 2036 eo
3106 1999 3126 2036 .'
3149 1999 3267 2038 vere
3287 1986 3381 2054 {ae-

82 2039 236 2110 pletio
263 2041 496 2096 vallium
526 2053 581 2098 et
623 2044 890 2100 montium
915 2087 928 2112 ,
965 2046 1308 2117 colliumque
1343 2047 1676 2119 humiliatio,
1782 2072 1909 2110 num
1937 2070 2013 2112 est
2053 2039 2283 2131 populus
2311 2039 2495 2119 :aruit
2532 2068 2752 2137 fanum,
2773 2039 2979 2125 'cecidit
3006 2073 3130 2142 ﬂos,
3160 2090 3231 2129 ex
3275 2039 3387 2131 ite-

85 2143 129 2188 et
175 2149 473 2204 pravorum
525 2139 819 2206 correctio,
870 2149 926 2194 et
970 2155 1298 2210 asperorum
1353 2144 1680 2212 rupiumque
1782 2151 1969 2208 braico
1999 2165 2053 2208 et
2075 2154 2475 2213 Theodmionis
2502 2161 2744 2219 editione
2767 2139 3015 2220 additum
3036 2139 3140 2223 est.
3175 2167 3253 2224 Ex
3276 2185 3386 2241 quo

83 2229 438 2296 campestria:
465 2240 519 2283 et
550 2230 720 2301 gloria
757 2231 969 2288 Domini
1002 2243 1053 2288 et
1088 2237 1326 2290 salutare
1353 2235 1450 2290 Dei
1477 2238 1669 2305 nostri,
1778 2245 2130 2302 manifestum
2159 2258 2260 2312 est,
2291 2251 2382 2306 vel
2405 2267 2436 2306 a
2463 2252 2607 2308 LXX
2641 2259 3098 2326 prmia-missum,
3131 2263 3219 2318 νει
3251 2229 3386 2332 νέα-

86 2334 176 2374 non
210 2321 547 2391 praedicetur
575 2325 626 2378 in
658 2323 988 2396 Jerusalem,
1025 2329 1121 2384 sed
1155 2329 1209 2384 in
1241 2330 1544 2387 solitudine
1574 2332 1676 2387 Ec-
1777 2337 1929 2393 latim
1961 2341 2294 2411 scriptorum
2326 2344 2461 2400 vitio
2490 2344 2520 2384 δ
2553 2321 2817 2404 abolitum
2853 2368 2866 2404 :
2897 2353 3024 2408 dum
3058 2363 3116 2409 et
3151 2321 3302 2427 prior
3328 2365 3384 2413 et

84 2414 281 2478 clcsite,‘
303 2426 362 2472 et
402 2417 465 2471 in
510 2416 728 2473 deserta
767 2422 1011 2490 gentium
1061 2423 1434 2490 multitudine,
1465 2425 1535 2479 de
1567 2441 1674 2496 qua
1778 2447 2018 2502 sequens
2046 2449 2241 2490 versus
2265 2434 2454 2492 linitur
2479 2439 2531 2493 iii
2560 2441 2712 2511 ﬂore.
2747 2441 2922 2514 Supra
2957 2414 3211 2516 legimu's,
3243 2447 3383 2505 Pro-

80 2519 224 2574 supra
270 2510 376 2579 (Ad
421 2527 544 2583 cap.
595 2529 762 2578 xxxv,
798 2514 852 2586 1)
895 2514 1127 2586 legimus
1171 2534 1185 2571 :
1231 2517 1434 2574 Lwtare
1471 2519 1671 2576 deserta
1774 2526 1934 2595 pheta
1975 2527 2200 2586 dicente
2245 2547 2258 2583 :
2305 2527 2376 2584 Et
2418 2510 2597 2586 audivi
2634 2550 2808 2589 vocem
2831 2510 3064 2592 Domini
3107 2510 3327 2596 dicentis
3359 2559 3380 2599 :

79 2602 236 2658 sitiens
267 2620 284 2658 :
313 2605 540 2660 exsultet
559 2606 808 2674 solitudo,
842 2617 888 2660 et
919 2610 1106 2678 ﬂoreat
1133 2612 1280 2680 quasi
1314 2611 1506 2666 liliunt.
1540 2612 1667 2670 Haec
1775 2620 1936 2686 Quem
1964 2623 2185 2688 mittam,
2219 2626 2405 2695 etquis
2429 2627 2520 2681 ibit
2546 2629 2616 2682 ad
2639 2632 2890 2702 p0pulum
2913 2633 3114 2690 istum?
3139 2635 3205 2690 Et
3229 2638 3379 2694 dixi:

78 2695 207 2752 enim
235 2697 458 2755 deserta
491 2710 607 2754 erat
638 2704 833 2755 notitia
867 2701 985 2766 Dei,
1016 2703 1168 2757 etab
1194 2703 1352 2759 idolis
1382 2706 1670 2761 tenebatur
1772 2711 1908 2766 Ecce
1939 2729 2049 2784 ego,
2082 2723 2226 2769 mitte
2253 2733 2367 2785 me;
2396 2731 2445 2773 et
2472 2720 2590 2775 ait:
2623 2695 2767 2777 Vade
2801 2733 2848 2778 et
2885 2725 2970 2778 dic
3013 2729 3205 2798 populo
3239 2729 3328 2784 isti
3359 2747 3379 2784 :

76 2791 284 2848 humilis
320 2795 372 2848 in
400 2793 754 2850 confessione
775 2837 791 2863 ,
829 2807 1019 2852 erecta
1060 2797 1112 2850 in
1141 2797 1403 2867 superbia
1425 2839 1440 2862 ,
1468 2813 1662 2865 aSpera
1769 2805 1908 2860 Aure
1927 2807 2174 2864 audietis.
2205 2819 2255 2863 et
2284 2827 2391 2865 non
2420 2813 2722 2885 intelligetis
2743 2833 2762 2868 :
2787 2827 2833 2870 et
2856 2791 3088 2874 videntes
3117 2820 3378 2891 videbitis,

75 2897 119 2940 et
148 2886 516 2944 intractabilis
554 2889 608 2944 in
657 2887 900 2945 feritate.
933 2889 1040 2946 Sed
1078 2900 1364 2962 postquam
1411 2893 1666 2961 apparuit
1768 2909 1817 2954 et
1843 2915 1943 2954 non
1969 2900 2236 2968 videbitis,
2266 2914 2321 2960 et
2348 2906 2582 2977 reliqua.
2616 2908 2696 2962 Ad
2726 2925 2888 2979 quam
2923 2886 3372 2980 medicationem

74 2980 228 3052 gloria
281 2982 532 3050 Domini;
581 2993 636 3039 et
677 2983 812 3039 vidit
857 2986 1035 3040 omnis
1077 3000 1207 3040 caro
1253 2986 1496 3041 salutare
1538 2985 1658 3051 Dei,
1768 2991 1905 3046 dura
1941 3009 2256 3063 perpessus,
2294 3013 2439 3053 nunc
2479 3000 2694 3056 Domini
2721 3017 2857 3059 voce
2897 3005 3142 3068 dicente.
3178 3009 3376 3078 clama,

70 3087 248 3132 Cuncta
282 3090 516 3149 repente
560 3087 764 3133 mutata
797 3088 947 3145 sunt,
977 3089 1032 3135 et
1063 3079 1147 3134 via
1193 3079 1411 3134 Domini
1453 3096 1661 3151 prtrpa-
1767 3085 1966 3140 timens
1995 3085 2221 3153 similia,
2255 3090 2381 3153 quid
2409 3091 2651 3148 clamare
2670 3094 2870 3150 debeat
2895 3097 3241 3166 sciscitatur;
3267 3113 3371 3156 ista

70 3186 189 3237 rata,
244 3177 318 3230 ita
372 3183 432 3230 ut
485 3185 782 3245 appareret
833 3177 884 3232 in
944 3177 1244 3232 solitudine
1296 3177 1471 3252 gloria
1527 3177 1654 3241 Dei;
1699 3253 1727 3257 Δ
1761 3178 2003 3248 generali
2059 3178 2355 3249 incipiens,
2411 3181 2597 3237 Omnis
2651 3201 2772 3238 caro
2827 3189 3054 3257 faenum,
3103 3200 3150 3244 et
3199 3193 3369 3250 omnis

69 3267 265 3334 quando
293 3267 612 3335 baptizatus
632 3278 715 3323 est
743 3267 1008 3324 Dominus
1036 3271 1088 3324 in
1113 3269 1377 3337 .lnrdane,
1403 3280 1459 3326 et
1481 3270 1655 3338 aperti
1684 3253 1730 3318 C
1761 3271 1933 3342 gloria
1962 3274 2075 3342 ejus
2103 3274 2251 3342 quasi
2279 3275 2380 3343 ﬂos
2422 3277 2564 3347 freni,
2616 3253 2871 3347 pervenit
2899 3280 2965 3334 ad
2999 3284 3269 3351 speciale,
3309 3296 3370 3341 ut

71 3372 173 3416 sunt
217 3361 384 3424 caeli,
424 3371 478 3416 et
512 3361 748 3431 Spiritus
794 3362 1028 3419 Sanctus
1067 3362 1121 3418 in
1167 3364 1350 3433 specie
1389 3363 1655 3418 columbae
1760 3363 2128 3418 nihilominus
2157 3365 2298 3419 dicat
2333 3367 2400 3420 de
2434 3369 2634 3437 popqu
2672 3387 2685 3423 :
2723 3367 2857 3424 Vere
2882 3373 3077 3438 [mnum
3099 3386 3172 3427 est
3195 3391 3366 3444 popu-

72 3451 359 3520 de<cendit,
390 3461 446 3506 et
480 3454 682 3508 mansit
713 3454 766 3508 in
811 3469 880 3509 eo
913 3472 926 3510 :
956 3471 1176 3521 voxque
1202 3455 1385 3510 Patris
1417 3457 1657 3527 desuper
1757 3457 1859 3511 lus.
1896 3455 1963 3511 Et
1993 3473 2182 3512 revera
2212 3459 2256 3511 si
2285 3461 2408 3529 quis
2441 3458 2796 3529 fragilitatem
2826 3464 3011 3517 carnis
3039 3465 3289 3534 aspiciat,
3315 3472 3372 3522 et

71 3541 350 3599 intonautis
376 3544 560 3606 audita
593 3555 676 3598 est
713 3562 725 3598 :
770 3544 877 3599 Hic
907 3555 981 3600 est
1015 3546 1186 3600 Filius
1228 3564 1373 3602 meus
1411 3548 1650 3615 dilectus,
1757 3551 1900 3622 quod
1940 3567 2037 3621 per
2086 3551 2346 3607 horarum
2397 3565 2674 3609 momenta
2716 3557 3017 3614 crescimus
3063 3568 3229 3630 atque
3263 3561 3364 3616 de-

72 3636 112 3690 in
134 3655 226 3704 quo
249 3639 377 3692 mihi
413 3639 713 3709 complacui
738 3655 756 3693 :
786 3638 923 3693 hunc
960 3640 1141 3694 audite
1173 3640 1386 3712 (Matth.
1418 3658 1496 3708 ni,
1535 3643 1648 3709 l7).
1755 3645 2076 3710 crescimus,
2107 3661 2208 3700 nec
2237 3645 2289 3699 in
2321 3646 2514 3700 eodem
2550 3662 2835 3704 manemus
2856 3659 3001 3705 statu
3030 3671 3042 3705 :
3075 3651 3367 3723 ipsumque

74 3728 121 3782 Et
145 3731 318 3786 omnis
364 3747 497 3786 caro
540 3731 682 3786 vidit
726 3733 968 3787 salutare
1022 3733 1138 3788 Dei.
1182 3733 1314 3802 Quae
1361 3744 1650 3804 prOpterea
1753 3737 1895 3807 quod
1931 3737 2229 3802 lo-iuimur.
2273 3737 2437 3810 483
2494 3739 2802 3808 dictamus,
2840 3753 2894 3797 et
2934 3743 3261 3814 scribimus,
3295 3746 3364 3805 de

73 3824 430 3892 appellabatur
487 3839 642 3887 caro,
690 3826 816 3894 quia
866 3825 1017 3894 prius
1068 3828 1327 3882 Sanctum
1385 3828 1649 3898 Spiritum
1753 3827 1878 3882 vitae
1912 3837 2116 3883 nostra:
2149 3838 2306 3898 parte
2344 3833 2743 3900 pramervolat:
2785 3848 2892 3889 non
2926 3834 3202 3891 dubitabit
3240 3853 3360 3894 car-

73 3927 156 3968 non
187 3915 444 3971 habebat.
486 3916 560 3972 De
601 3931 705 3985 qua
740 3916 877 3971 dicit
919 3925 975 3971 et
1021 3917 1287 3972 Dominus
1322 3917 1488 3972 :Non
1527 3936 1648 3991 per-
1754 3934 1880 3974 nem
1927 3920 2131 3977 fanum
2165 3921 2371 3988 dicere,
2415 3932 2471 3978 et
2512 3926 2745 3994 gloriam
2796 3927 2915 3996 ejus
2960 3930 3116 4000 quasi
3163 3929 3360 3988 ﬂorem

75 4007 266 4061 manebit
315 4008 536 4078 spiritus
582 4024 726 4062 meus
779 4009 834 4062 in
881 4008 1177 4062 hominibus
1222 4010 1355 4072 istis,
1407 4013 1651 4081 quoniam
1753 4017 1908 4081 fteiii,
1939 4020 2052 4074 sive
2079 4031 2235 4090 prata
2267 4037 2609 4092 camporum.
2634 4022 2969 4090 Quidudum
3002 4026 3203 4090 infans,
3229 4026 3360 4081 sub-

74 4093 207 4171 482
232 4117 410 4155 carnes
441 4111 564 4155 sunt
599 4100 754 4172 (Gen.
793 4117 864 4166 ιι,
896 4101 972 4167 5).
1009 4101 1104 4155 Illa
1131 4113 1314 4156 autem
1345 4118 1474 4158 caro
1502 4106 1652 4160 vide-
1751 4109 1828 4164 ilo
1875 4126 2040 4176 piter;
2080 4113 2172 4181 qui
2218 4128 2376 4183 puer,
2452 4123 2682 4178 repetite
2719 4113 2969 4183 juvenis;
3005 4123 3061 4170 et
3092 4131 3261 4184 usque
3290 4119 3360 4174 ad

73 4186 385 4248 bitsilutare
420 4193 543 4254 Dei.
575 4194 644 4248 de
674 4208 780 4262 qua
814 4209 909 4263 per
937 4192 1057 4248 Joel
1099 4192 1244 4247 idem
1279 4193 1606 4258 loquebatur
1636 4214 1647 4248 :
1755 4213 2097 4258 senectutem
2133 4219 2231 4273 per
2271 4206 2444 4274 spatia
2485 4213 2726 4259 mutatur
2773 4203 3020 4274 incerta;
3052 4216 3108 4264 et
3135 4218 3260 4265 ante
3299 4225 3361 4268 se

77 4276 328 4345 E/Iundam
371 4286 436 4340 de
481 4284 673 4357 spiritu
718 4302 830 4362 meo
860 4301 1035 4357 super
1077 4300 1278 4340 omnem
1320 4303 1561 4350 carnem,
1603 4299 1652 4342 et
1756 4307 1944 4349 senem
1982 4295 2261 4366 intelligit,
2291 4312 2449 4367 quam
2486 4298 2744 4367 juvrnem
2777 4315 2884 4353 non
2928 4315 3054 4358 esse
3085 4318 3144 4358 se
3186 4303 3358 4361 mire-

79 4377 424 4446 proplietabnnt
480 4377 647 4444 (Joel.
697 4395 771 4445 tt,
815 4378 934 4448 28).
976 4378 1130 4447 Quod
1177 4396 1284 4433 non
1338 4381 1514 4434 stilum
1558 4380 1650 4436 illo
1758 4392 1865 4438 tur.
1901 4385 2133 4439 Pulchra
2167 4388 2364 4442 mulier
2394 4404 2514 4458 qua-
2545 4388 3086 4449 adulescentulorum
3129 4405 3254 4466 post
3295 4413 3357 4456 se

79 4476 287 4538 tempore
320 4473 595 4527 clamabat
630 4471 909 4539 Joannes,
941 4472 1033 4542 qui
1074 4472 1347 4527 sermonis
1378 4471 1470 4528 Dei
1508 4489 1648 4543 prte-
1757 4477 2008 4533 trahebat
2054 4493 2268 4548 greges,
2316 4490 2465 4534 arata
2513 4481 2695 4539 fronte
2732 4487 3076 4543 contrahitur
3105 4507 3118 4543 :
3149 4502 3205 4545 et
3234 4507 3358 4562 quas

79 4577 237 4623 cursor
263 4581 314 4623 et
343 4570 608 4640 prmvius,
643 4577 795 4623 recte
823 4582 930 4621 vox
961 4569 1269 4638 appellatur
1294 4567 1513 4639 (Matth.
1543 4567 1646 4641 tu);
1671 4641 1715 4652 __
1755 4570 1909 4640 prius
1937 4572 2134 4634 amori,
2177 4582 2364 4640 postea
2409 4570 2629 4629 fastidio
2666 4587 2771 4630 est.
2805 4577 2959 4645 Quod
3006 4591 3059 4635 et
3098 4584 3355 4652 egregius

82 4657 155 4711 Sed
185 4676 342 4732 usque
371 4661 538 4718 hodie
571 4663 622 4715 in
655 4661 878 4716 deserto
919 4661 1204 4730 gentilium
1224 4701 1238 4725 ,
1269 4660 1641 4716 Ecclesiarum
1671 4641 1723 4702 Ῑ)
1749 4663 1891 4734 apud
1922 4663 2144 4720 Grauios
2176 4673 2197 4701 ε
2225 4663 2417 4718 scribit
2439 4673 2628 4720 orator
2663 4685 2676 4721 :
2709 4668 2958 4740 Speciem
2987 4672 3234 4742 corporis
3257 4683 3356 4730 aut

82 4749 281 4810 clamant
310 4756 557 4827 magistri
584 4773 596 4810 :
629 4763 685 4810 ut
713 4767 890 4810 rectas
928 4754 1193 4809 faciamus
1234 4755 1353 4810 vias
1391 4765 1447 4812 et
1476 4757 1643 4812 semi-
1753 4769 2002 4827 tempore
2034 4757 2294 4820 deiicere,
2327 4768 2418 4812 aut
2460 4758 2724 4830 languore
2753 4765 3027 4818 consumi.
3061 4763 3351 4822 Exsiccata

85 4849 146 4897 las
194 4846 239 4900 in
292 4851 550 4906 cordibus
608 4850 809 4904 nostris
863 4848 1009 4911 Deo,
1058 4847 1496 4922 impleamurque
1528 4851 1640 4906 vir-
1751 4849 2030 4921 estigitur
2050 4864 2198 4913 caro,
2235 4858 2290 4905 et
2317 4851 2514 4905 cecidit
2544 4853 2929 4922 pulchritudo;
2961 4857 3086 4927 quia
3128 4857 3353 4928 spiritus

87 4936 275 5005 tutihus,
311 4952 362 4996 et
398 4943 730 4998 inclinemur
775 4941 1112 5006 humilitate;
1155 4956 1324 5010 prava
1369 4954 1642 5001 mutemus
1752 4945 1954 5000 furoris
1983 4945 2073 5000 Dei
2104 4955 2269 5013 atque
2295 4947 2589 5001 sententiae
2620 4946 2772 5002 ﬂavit
2801 4949 2853 5003 in
2881 4964 2943 5004 ea
2989 4950 3072 5021 (ut
3110 4966 3141 5006 a
3178 4967 3350 5024 gene-

87 5023 126 5078 iii
165 5042 294 5087 recta
325 5076 339 5100 ,
378 5049 580 5106 aspera
627 5042 908 5091 vertamus
949 5034 1001 5088 in
1044 5032 1226 5088 mollia
1275 5053 1286 5086 :
1318 5044 1372 5090 et
1408 5037 1488 5091 sic
1527 5040 1645 5108 glo-
1752 5039 1853 5094 rali
1871 5037 2242 5108 disputatione
2263 5038 2330 5093 ad
2355 5037 2658 5110 Scriptura:
2685 5042 2937 5099 ordinem
2959 5023 3347 5118 revertamur),

3000 1656 3156 1671 ——

143 5149 313 5225 ".Quia
339 5156 551 5225 spiritus
595 5152 690 5208 Dei
727 5153 972 5225 ﬂavit_in
1001 5168 1082 5225 eo.
1113 5159 1222 5207 etc.
1275 5151 1488 5208 Absunt
1523 5154 1641 5212 haec
1736 5165 1838 5212 tres
1873 5172 2034 5212 unum
2073 5164 2212 5210 sunt.
2246 5153 2380 5210 Vide
2425 5165 2557 5213 tom.
2607 5157 2628 5212 Ι
2675 5159 2764 5216 ed.
2801 5177 2854 5217 ιι.
2886 5161 2996 5217 col.
3024 5162 3188 5220 1674.

92 5218 222 5294 verba
267 5223 315 5277 in
361 5218 768 5294 ext-mplaribu's
829 5223 970 5279 LXX
1022 5223 1433 5279 lniernretum:
1490 5227 1638 5282 unde
2967 5232 3240 5290 Maurus.

92 5290 324 5358 conjicere
348 5297 470 5352 licet
494 5290 801 5385 Romanqm
832 5297 1118 5364 exemplar
1149 5294 1301 5349 illam
1334 5309 1460 5350 esse
1489 5295 1642 5352 Grre-
1823 5298 1851 5338 δ
1901 5299 1973 5354 Et
2012 5312 2164 5380 vero.
2185 5297 2342 5381 abest
2374 5314 2401 5352 a
2433 5299 2686 5356 Romano
2713 5304 3009 5385 etiamnum
3039 5320 3203 5385 atque
3231 5304 3362 5360 Ale-

93 5370 185 5456 caililt
205 5364 486 5456 editionem
526 5365 907 5456 quttnlrxowfw
935 5407 951 5431 ,
984 5366 1035 5456 id
1069 5377 1172 5430 est,
1205 5378 1522 5456 communem
1545 5385 1639 5450 ap-
1744 5371 2016 5456 xandrino
2044 5369 2329 5456 codicibus
2362 5369 2526 5456 longe
2551 5373 2967 5456 Dnli‘t'lleSbilllliS,
2992 5364 3140 5456 quod
3169 5385 3357 5456 postea

95 5430 350 5525 bellabant,
398 5430 648 5509 idemque
675 5430 966 5493 dicentium
999 5437 1068 5492 de
1098 5452 1227 5525 mss.
1264 5430 1638 5525 alexandrino
1745 5442 2032 5524 suppletur
2079 5441 2131 5494 iu
2188 5430 2592 5525 ϐοιιιριιιιξηεί,
2652 5430 2786 5525 Vide
2833 5430 3353 5525 hujusniodi'aliam

97 5502 707 5593 gﬂdicemuiuoniiabet
732 5514 1030 5593 asteriscos
1061 5508 1319 5593 editionis
1365 5506 1638 5579 Origenis.
1742 5502 2102 5593 {amissionem
2149 5502 2585 5593 ex_et)_runidem
2622 5502 3178 5593 verboruni_occursu
3214 5513 3355 5572 infra

97 5567 220 5664 ριιοιι
260 5567 432 5661 Subtlit
472 5580 832 5664 Hieronymus
874 5581 943 5635 de
978 5578 1234 5664 absentia
1265 5567 1491 5634 illortini
1515 5598 1641 5664 ver-
1741 5584 1794 5639 in
1820 5585 2195 5664 continenter.
2231 5583 2288 5664 in
2312 5581 2568 5663 Jeremim
2595 5595 2727 5664 clap.
2756 5597 2885 5648 xxx,

99 5595 220 5635 uiiiiu
260 5595 432 5634 suntm.
472 5595 666 5636 Hieron
715 5596 832 5633 mus
874 5595 943 5635 ae
978 5595 1222 5634 absentia
1265 5595 1483 5634 morum
1515 5598 1641 5637 ver-
1741 5595 1794 5639 ιιι
1820 5595 2195 5637 Uomtnenlat‘.
2231 5598 2282 5635 In
2312 5595 2568 5636 serenitas
2595 5595 2718 5650 cap.
2756 5597 2885 5648 xxx,

99 5637 280 5735 borum,
305 5651 420 5713 quia
441 5651 649 5735 spiritus
668 5595 788 5733 Dei,
813 5661 937 5735 etcf
964 5651 1636 5735 propterﬁnemeumdem
1754 5734 1757 5735 ν
1819 5666 1842 5693 c
1875 5653 1955 5735 ᾼά
1985 5654 2216 5735 margin.
2249 5652 2423 5735 \iatic.
2462 5669 2563 5735 nis.
2594 5652 2792 5735 .Aratus
2823 5654 3104 5735 scribitur.
3144 5655 3238 5735 Est
3259 5672 3356 5714 au-

100 5709 292 5812 fiior'iim
317 5709 735 5804 versiculorum.
767 5709 834 5812 in.
863 5709 996 5804 μάθ’,
1030 5709 1288 5812 rnotabile
1312 5733 1396 5806 est
1417 5724 1483 5777 ad
1493 5740 1639 5812 Ιριόλ
1745 5709 2438 5812 teImnlsocrati's:sententia
2463 5724 2564 5812 sub
2592 5722 2801 5812 initium
2827 5726 3170 5812 parteneti‘tlae
3191 5726 3348 5812 Orat;

102 5777 298 5874 l‘iandam
319 5793 661 5874 amissionem
692 5777 926 5874 similem
944 5777 1002 5847 in
1030 5792 1278 5874 Epistula.
1297 5793 1467 5874 prima
1491 5777 1641 5874 Deati

1798 5777 1811 5849 I7
1845 5793 2228 5874 Demonicum,
2264 5793 2443 5856 κάλλος
2479 5797 2571 5866 μὲν
2588 5792 2738 5868 γὰρῆ
2785 5777 2972 5874 χξοόνος
3007 5798 3288 5867 ἀνάλωσεν,
3320 5801 3351 5859 ἦ

105 5847 311 5926 Ioannis,
331 5864 449 5930 quia
475 5847 726 5919 versiculi
747 5862 778 5916 7
802 5847 865 5918 et
883 5847 925 5918 8’
959 5847 1138 5935 capfv
1162 5847 1430 5921 desinunt
1450 5847 1641 5921 lli—elltt;

619 5863 726 5919 culi
747 5862 778 5916 7
802 5847 865 5918 et
883 5847 925 5918 8’
959 5847 1099 5935 cap.’
1106 5880 1138 5919 ν
1162 5847 1430 5921 desinunt
1450 5847 1641 5921 uicini
1745 5847 2171 5940 ᾲεζσὲςέμάρανε.
