3932 6352
156 356 260 414 tos

702 355 1347 417 COIIMENTARIORUM
1386 360 1453 419 IN
1492 360 1734 425 ISAIAII
1770 365 2205 429 PROPHE‘I‘AI
2242 371 2371 428 LIB.
2415 373 2509 432 XI.
2551 373 2706 432 CAP.
2751 376 2865 433 XL.

3338 383 3445 442 ιοο

152 471 294 527 dabit
345 471 550 571 verbum
610 469 1074 571 euangelizantibus
1609 476 1729 549 (Ps.
1760 481 1814 543 Δ
1837 496 2011 552 agnos
2040 482 2250 542 foveret
2282 486 2334 540 in
2362 487 2512 555 sinu,
2546 498 2604 545 ct
2633 490 2796 548 (tetas
2819 493 3120 568 ipsum
3151 505 3441 571 portaret:

152 580 323 633 cxxu,
349 566 406 639 5)
434 586 447 623 :
478 565 558 622 bis
583 565 837 621 videlicet
853 566 1140 623 animabus
1160 582 1287 639 qua:
1308 568 1568 641 Spiritum
1582 584 1741 627 sanc-

153 667 265 715 tum
315 669 617 716 consecuta
666 668 812 714 sunt.
845 659 1067 716 Necnon
1117 671 1171 717 et
1201 662 1331 719 illud
1369 682 1382 719 :
1424 650 1576 721 Sicut
1600 667 1740 722 oculi

150 753 355 807 ancilla
388 753 440 805 in
481 752 716 807 monibus
754 753 978 809 domina
1017 770 1151 822 sua,
1194 755 1432 811 animam
1467 756 1738 828 interpre-

150 853 329 900 tantur
352 844 632 912 ancillam,
662 854 718 900 et
748 847 1027 902 dominam
1051 848 1312 919 Spiritum
1332 859 1606 906 sanctum.
1625 848 1735 907 Sed

149 937 270 993 etin
302 937 597 1009 Evangelio
615 938 761 1008 quod
781 939 941 1009 juxta
972 940 1235 997 llebrteos
1255 942 1734 1013 scriptum,Naza-

148 1031 236 1087 rari
251 1031 516 1098 lectitant,
548 1031 811 1089 Dominus
838 1033 1077 1105 loquitur
1104 1052 1120 1092 :
1150 1036 1306 1091 modo
1333 1052 1413 1090 me
1439 1037 1561 1092 tulit
1583 1045 1736 1092 “ma.

147 1135 221 1180 ter
263 1141 371 1178 mea
392 1167 406 1193 ,
439 1123 676 1188 Spiritus
705 1136 936 1180 sanctus.
955 1124 1127 1182 Nemo
1154 1136 1337 1182 autem
1372 1127 1425 1181 in
1452 1127 1553 1183 hac
1580 1136 1735 1199 parte

146 1216 500 1275 scandalizari
521 1217 709 1287 debet,
728 1218 873 1291 quod
898 1219 1115 1277 dicatur
1137 1220 1282 1293 apud
1301 1219 1464 1295 486
1478 1221 1736 1280 Hebraeos

142 1312 359 1383 spiritus
386 1327 591 1382 genere
624 1312 914 1385 feminino,
946 1330 1072 1370 cum
1117 1324 1302 1372 nostra
1336 1316 1516 1386 lingua
1549 1317 1735 1388 appel-

145 1405 281 1461 letur
304 1420 510 1479 genere
555 1407 879 1473 masculino,
913 1417 971 1464 et
1001 1406 1195 1464 Graco
1226 1422 1487 1465 sermone
1517 1417 1732 1467 neutro.

143 1500 194 1556 In
225 1501 505 1558 divinitate
545 1500 694 1559 enim
722 1502 905 1563 nullus
944 1512 1026 1559 cst
1057 1517 1242 1560 sexus.
1278 1503 1344 1558 Et
1382 1502 1507 1559 ideo
1541 1503 1596 1558 in
1633 1503 1733 1559 tri-

142 1593 234 1649 bus
281 1594 679 1665 principalibus
707 1594 911 1667 linguis
935 1635 950 1660 ,
983 1595 1181 1667 quibus
1215 1595 1405 1652 titulus
1433 1594 1733 1653 Dominicis

140 1690 364 1760 scriptus
406 1701 491 1744 est
542 1689 847 1760 passionis,
882 1691 1058 1747 tribus
1084 1691 1378 1763 generibus
1405 1691 1730 1762 appellatur,

141 1793 191 1835 ut
220 1782 450 1837 sciamus
499 1781 706 1837 nullius
740 1796 863 1839 esse
886 1784 1107 1854 generis
1139 1783 1285 1853 quod
1316 1783 1596 1839 diversum
1626 1792 1727 1838 est.

1840 572 2172 633 describitur
2199 575 2342 639 illius
2374 580 2716 649 magnitudo,
2756 584 2903 653 quod
2954 586 3092 647 nihil
3130 587 3183 642 ei
3226 590 3442 659 impos-

1840 665 2003 723 sibila
2039 668 2147 734 sit;
2194 678 2252 723 et
2286 670 2381 741 qui
2434 672 2685 731 universa
2730 677 3061 743 condiderit,
3107 679 3446 754 Creatorque

1837 757 1909 812 sit
1948 761 2221 826 monium;
2250 762 2417 817 etiam
2460 762 2579 821 haec
2622 781 2742 837 qua:
2791 773 3209 841 comparatione
3248 790 3444 833 eorum

1838 865 2005 920 parva
2035 862 2183 918 sunt,
2218 855 2395 911 valeat
2415 869 2759 929 perpetrare.
2783 862 2939 929 Quod
2965 875 3149 922 autem
3172 868 3446 940 pugillum

1836 953 1998 999 vocat
2048 953 2106 1001 et
2156 946 2429 1017 palmum,
2488 952 2743 1009 humanae
2790 959 3209 1016 consuetudinis
3256 964 3446 1021 verbis

1837 1035 2009 1091 utitur
2034 1046 2200 1107 atque
2236 1042 2534 1109 mensuris,
2568 1052 2627 1099 ut
2655 1043 2750 1100 Dei
2786 1048 3086 1115 potentiam
3129 1064 3226 1119 per
3250 1064 3444 1110 nostra

1835 1131 2001 1186 verba
2030 1130 2327 1191 discamus.
2367 1134 2512 1192 loco
2538 1137 2625 1194 ubi
2657 1137 2803 1195 LXX
2836 1141 3275 1199 transtulerunt:
3312 1145 3445 1214 Quis

1837 1240 2040 1281 mensus
2068 1236 2142 1285 est
2171 1244 2328 1283 manu
2353 1231 2587 1299 aquam?
2610 1232 2732 1288 sive
2762 1242 2821 1289 ut
2847 1248 2948 1289 nos
2970 1237 3239 1292 vertimus
3267 1256 3281 1293 :
3312 1240 3446 1307 Quis

1836 1334 2043 1374 mensus
2092 1330 2168 1375 est
2208 1320 2409 1392 pugillo
2454 1327 2651 1396 aquas?
2706 1326 2902 1396 Aquila
2946 1329 3264 1385 transtulit:
3313 1331 3446 1399 Quis

1836 1428 2040 1469 mensus
2083 1424 2157 1468 est
2200 1416 2420 1473 minimo
2458 1417 2622 1491 digito
2662 1423 2865 1491 aqum?
2895 1421 3195 1485 [locenim
3226 1435 3251 1465 ε
3280 1426 3442 1499 λιχάς

1834 1512 2033 1560 sonat:
2067 1516 2125 1561 ut
2152 1507 2364 1563 scilicet
2391 1524 2501 1565 non
2532 1519 2640 1566 tota
2674 1528 2871 1581 manu,
2903 1514 3001 1571 sed
3030 1531 3203 1587 parvo
3230 1517 3436 1588 digito,

1835 1612 1996 1666 quem
2057 1598 2221 1670 vulgo
2267 1609 2601 1672 gustatorem
2664 1615 2893 1674 vocant,
2935 1608 3117 1664 omnis
3167 1624 3434 1682 aquarum

1836 1690 2063 1749 vastitas
2102 1694 2475 1767 panderetur:
2509 1699 2744 1773 σπιθαμὴ
2772 1710 2980 1768 autem,
3033 1703 3137 1759 hoc
3169 1712 3271 1770 est,
3300 1706 3442 1775 .‘pal-

1835 1798 1979 1852 mus,
2013 1792 2293 1843 extentam
2320 1789 2594 1860 signiﬁcat
2622 1806 2842 1859 manum
2883 1808 2912 1848 a
2942 1793 3146 1864 pollice
3172 1810 3342 1864 usque
3367 1798 3437 1853 ad

206 1872 379 1942 (Vers.
412 1871 483 1926 12
530 1872 710 1945 seqq.)
743 1870 872 1939 Quis
920 1889 1128 1931 mensus
1166 1883 1243 1929 est
1287 1872 1490 1946 pugillo
1540 1890 1730 1945 aquas,
1761 1872 1810 1935 B
1835 1888 2141 1937 extremum
2165 1881 2413 1953 digitum.
2449 1884 2543 1940 Sin
2562 1895 2746 1942 autem
2769 1887 3160 1944 contrahamus
3189 1904 3434 1957 manum,

136 1976 180 2021 et
205 1966 379 2021 calum
405 1966 589 2038 palmo
617 1967 923 2036 ponderavit
942 1966 968 2020 7
996 1967 1124 2033 Quis
1165 1969 1417 2040 appendit
1449 1968 1613 2024 tribus
1646 1970 1727 2026 di-

135 2058 241 2131 gitis
287 2056 474 2113 molem
524 2067 717 2124 terra,
768 2068 815 2115 et
858 2058 1060 2117 libravit
1108 2059 1163 2114 in
1207 2060 1439 2133 pondere
1493 2072 1728 2128 montes,

137 2161 179 2207 et
221 2150 374 2205 colles
404 2151 457 2207 in
507 2151 747 2207 statera?
790 2150 918 2217 Quis
961 2152 1161 2222 adjuvit
1201 2152 1441 2225 spiritum
1476 2152 1732 2215 Domini:

137 2255 214 2301 aut
257 2246 365 2313 quis
390 2245 730 2303 consiliarius
768 2248 882 2320 ejus
936 2246 1072 2317 fuit;
1109 2256 1161 2301 et
1206 2248 1431 2303 ostendit
1468 2247 1587 2303 illi?
1614 2264 1732 2304 cum

134 2358 223 2412 quo
265 2342 380 2395 iniit
422 2340 729 2406 consilium,
771 2351 820 2396 et
849 2342 1099 2399 instruxit
1139 2357 1279 2410 eum,
1324 2352 1371 2399 et
1403 2342 1579 2398 docuit
1613 2359 1732 2401 eum

136 2434 356 2487 semitam
376 2432 632 2503 justitia,
680 2442 730 2487 et
779 2431 1001 2487 erudivit
1051 2448 1169 2491 eum
1216 2434 1453 2500 scientia,
1494 2443 1544 2488 et
1597 2435 1731 2491 viam

138 2525 411 2593 prudentia
433 2523 662 2580 ostendit
691 2524 817 2581 illi?
843 2525 973 2585 Ecce
999 2536 1176 2596 gentes
1205 2527 1338 2583 sicut
1364 2528 1510 2585 stilla
1531 2528 1728 2596 situla,

138 2629 177 2673 et
201 2620 343 2690 quasi
370 2628 695 2675 momentum
716 2629 922 2675 statera
946 2628 1203 2689 reputata
1228 2630 1347 2677 sunt
1371 2638 1389 2675 :
1412 2637 1526 2677 ecce
1547 2623 1732 2678 insula

136 2713 273 2782 quasi
301 2713 471 2784 pulvis
503 2713 744 2784 exiguus.
786 2711 856 2769 Et
884 2711 1118 2768 Libanus
1143 2729 1248 2771 non
1287 2713 1485 2785 sufﬁcit
1514 2715 1584 2769 ad
1611 2731 1730 2771 suc-

138 2806 474 2871 cendsndum,
518 2814 570 2860 et
608 2805 862 2861 animalia
901 2807 1016 2878 ejus
1047 2821 1150 2863 non
1184 2805 1447 2876 sufficient
1478 2804 1547 2861 ad
1576 2805 1730 2860 Italo.

138 2912 385 2954 caestum.
424 2898 619 2954 Omnes
645 2907 820 2972 gentes
843 2899 994 2970 quasi
1015 2914 1121 2953 non
1149 2898 1281 2965 sint,
1310 2898 1383 2952 sic
1407 2908 1527 2955 sunt
1555 2915 1731 2955 coram

137 3006 210 3055 eo,
237 3001 283 3046 et
308 2993 456 3064 quasi
500 2991 654 3051 nihili
691 3002 736 3049 et
784 2993 940 3049 inane
987 3000 1242 3062 reputata
1269 3000 1387 3045 sunt
1440 2991 1505 3045 ei.
1547 2989 1731 3049 LXX:

142 3083 259 3151 Quis
289 3102 499 3149 mensus
538 3095 612 3140 est
652 3102 810 3140 manu
853 3101 1066 3155 aquam,
1111 3095 1158 3143 et
1211 3082 1397 3141 calum
1446 3083 1640 3153 palmo.
1683 3093 1733 3139 et

139 3192 334 3233 omnem
369 3187 563 3233 terram
605 3176 852 3250 pugillo?
882 3176 1008 3243 Quis
1046 3177 1227 3237 statuit
1258 3184 1457 3235 montes
1480 3174 1728 3244 pondere,

1835 1970 2071 2041 pugillus
2100 1972 2388 2031 efﬁcitur:
2422 1984 2607 2046 ut'per
2641 1978 2881 2047 palmum
2913 1987 2971 2033 et
3018 1980 3306 2047 pugillum,
3340 1996 3440 2036 ex-

1835 2071 2012 2119 tentos
2029 2064 2199 2121 caelos
2220 2077 2276 2122 et
2298 2065 2522 2137 globum
2546 2075 2711 2124 terra:
2736 2070 3072 2126 noverimus.
3101 2071 3207 2127 Pro
3237 2072 3437 2144 pugillo

1832 2170 1991 2220 quem
2024 2157 2078 2213 in
2107 2160 2602 2229 comprehensione
2632 2171 2795 2218 terra:
2837 2162 2981 2218 LXX
3013 2166 3435 2233 transtulerunt,

1833 2248 1886 2303 in
1919 2248 2183 2307 llebraico
2212 2252 2476 2320 scriptum
2518 2263 2603 2309 ast
2643 2269 2789 2310 saus
2820 2237 3055 2327 (ιυίκυ),
3087 2272 3248 2325 quem
3276 2257 3434 2329 Sym-

1833 2341 2061 2397 machus
2089 2346 2263 2420 τρίτον
2283 2386 2298 2411 ,
2329 2344 2527 2414 Aquila
2555 2341 2582 2385 ἀ
2610 2349 2869 2420 τρίσωμον
2897 2347 3236 2417 interpretati
3263 2358 3396 2405 sunt
3420 2367 3435 2404 ε

1832 2445 2010 2492 etnos
2038 2445 2098 2491 ut
2141 2436 2483 2493 manifestius
2516 2438 2845 2502 taceremus,
2880 2439 2933 2494 in
2967 2449 3068 2495 tres
3098 2440 3290 2509 digitos
3316 2456 3439 2496 ver-

1833 2530 2026 2595 timus;
2055 2530 2199 2600 qnod
2230 2531 2443 2585 scilicet
2489 2532 2686 2587 molem
2732 2542 2892 2586 terrm
2921 2539 2979 2586 et
3021 2533 3238 2588 excelsa
3283 2544 3470 2591 mon-'

1834 2621 1966 2679 tium
2017 2622 2351 2693 colliumque
2379 2621 2538 2692 quasi
2587 2622 2762 2678 tribus
2817 2621 3063 2694 digitulis
3113 2633 3169 2681 et
3218 2632 3438 2683 atatem

1835 2730 1998 2784 parvo
2030 2724 2309 2771 momento
2337 2715 2661 2787 appenderit
2690 2733 2704 2772 :
2744 2730 2842 2786 per
2870 2731 2992 2787 qum
3040 2718 3134 2773 Dei
3175 2718 3437 2789 maiestas

1832 2818 1888 2862 et
1940 2806 2213 2862 Creatoris
2262 2809 2502 2878 putentia
2553 2808 2979 2865 demonstratur.
3032 2807 3184 2873 Quis.
3236 2809 3434 2880 inquit,

1834 2897 2031 2970 adjuvit
2080 2898 2325 2968 spiritum
2367 2896 2602 2967 Domini,
2648 2908 2740 2955 aut
2784 2900 2902 2971 quis
2942 2900 3273 2957 consiliarius
3322 2902 3437 2973 ejus

1836 2989 1956 3059 fuit,
2012 2998 2061 3045 et
2098 2991 2320 3053 ostendit
2364 2991 2485 3047 illi?
2513 3001 2622 3047 etc.
2670 2990 2778 3047 Pro
2827 2990 3019 3062 quibus
3070 2990 3437 3065 Symmachus

1842 3080 2233 3150 interpretatus
2260 3090 2383 3137 est:
2421 3082 2547 3148 Quis
2577 3083 2778 3152 paravit
2825 3083 3065 3154 spiritum
3106 3082 3341 3150 Domini,
3383 3092 3436 3139 et

1838 3173 2006 3227 virum
2049 3174 2254 3231 consilii
2298 3177 2413 3248 ejus
2460 3176 2577 3245 quis
2633 3175 2855 3229 ostendit
2883 3177 2966 3231 ei?
3010 3193 3126 3233 cum
3167 3194 3269 3245 quo
3321 3178 3442 3238 iniit

138 3280 180 3322 et
201 3280 356 3339 rupes
387 3270 621 3325 statera?
650 3270 779 3337 Quis
815 3270 1053 3342 cognovit
1094 3278 1313 3325 mentem
1356 3269 1605 3325 Domini:
1645 3280 1735 3327 aut
1763 3260 1810 3324 C
1841 3266 2135 3331 consilium,
2190 3266 2430 3338 deditque
2458 3267 2508 3323 ei
2552 3266 2972 3337 intelligentiam,
3024 3278 3072 3321 et
3118 3271 3296 3325 docuit
3324 3285 3445 3329 eunt

137 3363 245 3433 quis
288 3362 626 3421 consiliarius
667 3367 778 3437 ejus
824 3364 969 3435 fuit?
1014 3362 1141 3431 Quis
1181 3363 1356 3419 docuit
1397 3378 1536 3426 eunt,
1586 3362 1737 3431 cujus

143 3453 334 3526 accepit
364 3454 646 3509 consilium
670 3495 686 3518 ,
727 3462 771 3508 et
801 3454 1047 3511 instruxit
1079 3452 1270 3507 illum?
1303 3453 1396 3509 Vel
1426 3453 1539 3525 quis
1566 3463 1739 3511 osten-

141 3548 207 3601 dit
233 3549 281 3603 ei
315 3547 608 3623 judicium,
662 3556 710 3601 et
758 3547 893 3603 vium
944 3547 1304 3618 intelligentia
1350 3547 1466 3621 quis
1514 3545 1737 3603 ostendit

142 3640 254 3695 illi?
285 3640 347 3697 Si
384 3657 564 3703 omnes
598 3649 775 3713 gentes
799 3642 933 3696 sicut
963 3639 1106 3699 stilla
1133 3640 1327 3706 situla,
1370 3653 1416 3695 et
1441 3640 1593 3713 quasi
1621 3655 1735 3695 mo.

146 3745 357 3795 mentum
387 3744 599 3791 statera
613 3741 864 3805 reputota
886 3742 1029 3801 sunt,
1058 3742 1104 3791 et
1124 3734 1273 3803 quasi
1292 3733 1457 3791 saliva
1479 3740 1735 3802 reputatae

146 3827 540 3887 suntsLibanus
568 3845 670 3889 non
717 3828 916 3898 inf/icit
960 3827 1030 3883 ad
1070 3826 1494 3893 comburendae),
1538 3826 1586 3881 et
1622 3843 1736 3883 om-

149 3921 226 3975 nia
273 3922 637 3994 quadrupedis
668 3938 771 3981 non
818 3922 1089 3995 sufﬁciunt
1141 3921 1209 3977 ad
1249 3921 1628 3987 ltolocattstum,
1684 3931 1733 3975 et

149 4024 330 4071 cuncta
353 4025 530 4087 gentes
570 4016 718 4087 quasi
746 4014 893 4069 nihili
923 4024 1078 4083 sunt,
1107 4023 1154 4071 et
1196 4016 1248 4070 in
1279 4015 1436 4073 nihili
1480 4023 1733 4086 reputata

152 4115 259 4175 sunt
294 4108 358 4171 ei.
387 4106 463 4162 Ne
494 4107 618 4181 quis
664 4116 881 4177 putaret
912 4106 1189 4163 difﬁcilem
1233 4120 1355 4163 esse
1388 4106 1732 4169 vocationem

153 4199 375 4263 gentium
396 4241 412 4271 ,
441 4207 498 4253 et
528 4199 673 4269 quod
702 4198 883 4255 omnis
915 4212 1044 4252 caro
1075 4198 1290 4259 videret
1320 4196 1562 4257 salutare
1605 4198 1732 4267 Dei;

156 4303 303 4358 super
324 4305 562 4364 montem
587 4294 862 4355 excelsum
888 4291 1214 4364 iuberentur
1236 4289 1344 4363 [ΑΙ.
1374 4289 1625 4363 iubetur]
1648 4306 1738 4349 as-

159 4384 396 4455 cendere,
430 4386 520 4457 qui
566 4387 946 4458 evangelizant
990 4382 1111 4458 [ΑΙ.
1148 4381 1536 4455 evangelizat]
1567 4381 1734 4451 Sion;

160 4486 208 4529 et
225 4475 250 4514 ι’
270 4479 379 4555 ipse
403 4480 667 4549 Dominus
689 4480 907 4539 veniret
933 4481 985 4541 in
1013 4477 1360 4544 fortitudine,
1394 4487 1449 4531 et
1476 4477 1741 4537 redderet

165 4569 433 4643 unicuique
462 4573 764 4637 secundum
793 4587 930 4647 opus
960 4586 1148 4639 suum;
1185 4570 1463 4640 instatque
1504 4569 1739 4640 pastoris

1837 3358 1975 3415 viam
2018 3358 2223 3425 iudicii,
2266 3368 2313 3412 et
2353 3357 2598 3413 instruxit
2644 3357 2792 3412 illum
2838 3358 3082 3424 scientia,
3113 3368 3161 3413 et
3188 3359 3287 3415 iter
3313 3376 3440 3429 pru-

1838 3450 2025 3505 dentia
2063 3452 2366 3509 monstravit
2396 3450 2486 3505 ei?
2510 3450 2613 3505 Per
2648 3448 2793 3521 quod
2821 3448 3065 3527 ostendit
3094 3449 3441 3507 manifestius

1838 3554 2084 3615 paratum
2109 3544 2394 3614 spiritum,
2427 3543 2542 3599 sive
2572 3543 2847 3599 ﬁrmatum
2880 3542 3030 3599 illum
3059 3557 3202 3608 esse,
3232 3543 3303 3600 de
3328 3559 3441 3615 quo

1837 3637 1892 3692 in
1920 3636 2184 3708 Apostolo
2212 3637 2411 3708 legitur
2435 3655 2449 3692 :
2479 3636 2732 3693 Dominus
2758 3647 2932 3697 autem
2964 3636 3197 3707 Spiritus
3216 3646 3313 3691 est.
3341 3634 3432 3705 Et,

1837 3730 2008 3805 Super
2033 3748 2183 3804 quem
2206 3733 2447 3804 requievit
2472 3730 2709 3801 Spiritus
2736 3730 2859 3798 Dei,
2890 3732 3126 3804 Spiritus
3145 3732 3438 3804 sapientia,

1833 3836 1880 3878 et
1910 3825 2280 3896 intelligentia,
2304 3832 2360 3881 et
2380 3825 2610 3896 reliqua.
2646 3824 2752 3893 Qui
2789 3824 2927 3880 dicit
2949 3824 3004 3881 in
3039 3824 3436 3895 consequenti-

1836 3918 1967 3973 bus:
2013 3916 2245 3987 Spiritus
2271 3916 2484 3989 Domini
2522 3933 2676 3986 super
2704 3934 2783 3973 me
2805 3933 2825 3973 :
2855 3926 3070 3989 prapter
3110 3917 3251 3988 quod
3295 3917 3445 3973 unxit

1835 4028 1915 4067 me
1943 4011 2098 4083 (lsai.
2132 4026 2247 4079 ut,
2276 4012 2353 4083 at).
2382 3988 2503 4082 ipse
2544 4021 2629 4069 est
2658 4012 2802 4069 enim
2834 3988 3064 4081 spiritus
3108 4009 3348 4074 Domini,
3382 4018 3443 4067 et

1837 4104 1918 4159 vir
1962 4102 2175 4160 consilii
2198 4102 2339 4177 ejus,
2393 4104 2449 4161 in
2481 4118 2588 4173 quo
2630 4102 2898 4159 habitavit
2937 4103 3118 4159 omnis
3162 4101 3447 4179 plenitudo

1836 4196 2141 4257 divinitatis
2192 4198 2559 4266 corporaliter
2601 4194 2827 4264 (Coloss.
2870 4193 2952 4266 ιι).
3004 4194 3144 4249 Cum
3181 4192 3274 4249 illo
3328 4194 3450 4251 iniit

1837 4292 2123 4351 consilium
2148 4333 2163 4358 ,
2210 4291 2281 4351 de
2308 4306 2417 4363 quo
2466 4304 2630 4361 supra
2658 4288 2763 4363 (Ad
2808 4304 2928 4359 cap.
2959 4304 3037 4352 xt,
3063 4288 3123 4360 6)
3162 4287 3439 4345 diximus:

1841 4384 2198 4449 Admirabilis,
2215 4382 2565 4439 consiliarius.
2583 4382 2646 4439 Et
2662 4380 2832 4455 ἧσο
2848 4382 2898 4439 in
2926 4381 3244 4439 Proverbiis
3265 4385 3438 4454 scrip-

1840 4486 1952 4535 tum
1979 4486 2087 4540 est,
2118 4474 2258 4529 Deus
2284 4476 2541 4546 sapientia
2580 4474 2817 4542 fundavit
2852 4485 3046 4530 terram
3074 4490 3094 4530 :
3120 4476 3321 4545 paravit
3346 4492 3443 4531 uu-

1841 4580 1938 4624 tent
1969 4568 2124 4624 calas
2154 4565 2432 4636 prudentia
2473 4564 2665 4635 (Prov.
2695 4582 2775 4631 ut,
2808 4566 2922 4636 19).
2971 4566 3144 4622 Porro
3173 4566 3318 4622 LXX
3344 4566 3439 4638 qui

170 4723 551 4785 Fortitudinem
587 4745 751 4799 porro
788 4729 1012 4784 multum
1034 4773 1049 4797 ,
1101 4744 1262 4799 quam
1306 4729 1503 4785 animm
1532 4744 1746 4786 annun-
1771 4732 1825 4794 D
1850 4724 2076 4799 Christo
2099 4722 2376 4793 assignare
2399 4717 2693 4799 absurdpm
2723 4733 2844 4774 esse
2891 4719 3281 4799 intelligerent,
3325 4722 3447 4793 Spi-

170 4801 309 4871 tiant,
329 4800 590 4870 Spiritum
615 4801 877 4856 Sanctum
910 4800 1308 4871 intelligebant.
1486 4858 1493 4863 ,

231 4878 253 4915 β
293 4870 550 4931 Eundem
604 4872 749 4933 hunc
799 4874 978 4929 locum
1030 4870 1231 4943 allegat
1270 4874 1436 4928 etiam
1479 4872 1745 4943 Origenes

173 4936 349 5003 Homil.
384 4943 448 5001 15
497 4945 550 5000 in
601 4943 807 5000 Jerem.
855 4954 913 4999 et
956 4936 1215 5001 Tomo'u
1254 4936 1623 5003 Commentar.
1683 4944 1738 5005 in

172 5007 440 5085 Joannem.
472 5014 579 5070 Sed
618 5024 672 5070 et
715 5015 827 5083 ipse
867 5010 1229 5085 Hieronymus
1264 5024 1372 5085 tum
1406 5015 1563 5080 alibi,
1614 5030 1736 5071 cunt

178 5080 480 5154 [nillicha-ae
527 5101 646 5154 cap.
704 5080 795 5139 vit.
829 5080 1089 5140 Tametsi
1120 5085 1261 5153 quod
1311 5084 1514 5140 Christi
1562 5097 1740 5142 mater

177 5148 394 5223 Siliritus
419 5148 652 5215 Sanetus
670 5173 736 5213 eo
760 5158 814 5213 in
839 5148 1448 5223 Evangelio'diceretur,
1479 5159 1737 5213 nonsatis

181 5220 304 5279 bene
343 5240 565 5285 excusat
603 5228 870 5298 Origenes
892 5244 957 5295 ex
990 5220 1059 5284 eo
1082 5226 1230 5298 quod
1262 5235 1317 5281 et
1348 5220 1537 5298 frater,
1569 5237 1626 5283 et
1655 5244 1747 5284 εο-

183 5308 280 5359 ror,
309 5307 359 5371 et
388 5310 558 5371 prater
585 5296 852 5354 vocentur
877 5315 904 5353 a
927 5296 1142 5371 Christo
1174 5301 1260 5371 qui
1295 5296 1470 5357 Patris
1500 5299 1747 5371 volunta-

183 5371 277 5418 lem
308 5367 550 5424 fecerint.
578 5372 795 5424 Erroris
817 5370 1162 5424 occasionem
1193 5367 1528 5423 annotarunt
1548 5369 1746 5426 eruditi

183 5435 269 5513 viri
295 5451 357 5492 ex
383 5443 562 5513 verbis
592 5441 827 5513 Matthmi
856 5457 936 5513 tn,
973 5441 1041 5494 ib
1069 5454 1118 5495 et
1157 5444 1241 5504 l7,
1275 5442 1343 5495 de
1364 5441 1582 5495 Christo
1610 5442 1748 5510 hap-

184 5511 330 5569 tizato
354 5520 406 5565 et
423 5511 624 5579 Spiritu
647 5512 855 5568 Sancto
875 5512 929 5567 in
952 5513 1220 5571 columba:
1241 5513 1424 5581 specie
1446 5521 1749 5577 appetente

186 5590 279 5657 una
302 5594 416 5634 cum
459 5598 588 5639 voce
629 5584 845 5657 egcmlo
871 5583 1105 5657 delapsa
1131 5602 1157 5657 ;_
1180 5582 1383 5657 [liceat
1410 5582 1746 5657 [ilius_nteus,

185 5652 476 5722 Etcuuuatn
498 5655 762 5709 columba:
785 5655 906 5722 ipsi,
935 5651 1049 5706 sive
1070 5651 1298 5721 Spiritui
1323 5651 1522 5707 Sancto
1549 5651 1748 5713 dictam

189 5720 816 5798 ascribehantml‘lazarati‘
846 5723 1044 5794 supino
1087 5720 1316 5798 quidem
1353 5739 1574 5798 errore,
1608 5724 1751 5795 quod

191 5786 443 5863 Christum
497 5796 662 5849 lilium
719 5811 874 5849 suum
918 5786 1175 5851 'vocass'et
1225 5794 1465 5863 Spiritus
1495 5786 1751 5862 Sanctus,

195 5857 279 5923 sed
325 5875 426 5935 quo
468 5873 646 5933 tamen
698 5866 866 5929 semel
914 5866 1177 5936 admisso,
1223 5857 1345 5921 cum
1376 5865 1514 5921 duos
1568 5857 1756 5925 Patres

1851 4803 2013 4854 ritum
2045 4789 2303 4851 Sanctum
2338 4801 2567 4846 matrem
2596 4789 2724 4845 Jesn
2756 4789 3119 4861 appellarunt.

1919 4868 1947 4909 δ
1980 4869 2200 4925 Mancus
2233 4866 2381 4918 lorus
2408 4862 2514 4918 iste
2557 4866 2705 4917 visus
2738 4873 2822 4916 est
2851 4861 3110 4926 Victorio,
3133 4863 3222 4933 qttl
3251 4863 3319 4919 de
3347 4879 3450 4922 suo

1840 4942 2171 5012 supplenpl
2214 4936 2385 5012 dicere
2422 4935 2580 5012 quod,
2607 4934 2757 5006 ipse,
2808 4943 2955 5012 etc,
2981 4943 3037 4988 et
3085 4950 3251 5012 nto_x_:
3284 4935 3442 4995 Nune

1842 5004 2014 5068 au'tém
2065 5008 2375 5064 describitur
2433 5004 2639 5073 illius,
2674 5013 2782 5063 etc.
2850 5004 2956 5061 Sed
3001 5020 3132 5062 mss.
3170 5007 3292 5067 libri
3333 5026 3445 5069 non

1838 5080 2219 5145 snﬁragantur.

1915 5167 1937 5195 ι
1982 5144 2172 5209 Maluit
2219 5144 2675 5220 Montlauconins,
2728 5147 2876 5216 quod
2924 5156 2981 5204 et
3029 5147 3243 5220 Vulgati
3316 5164 3445 5210 ante

1847 5227 2221 5282 Martianreum
2240 5218 2879 5294 praferebasthxavie:
2904 5221 2985 5274 sic
3006 5218 3157 5276 enini
3175 5235 3441 5294 gustator,

1847 5299 1966 5355 sive
1992 5296 2154 5351 index
2198 5292 2399 5362 digitus
2440 5289 2769 5362 appellatur.
2809 5291 3007 5362 Verum
3052 5289 3198 5351 mss.’
3229 5289 3446 5362 omnes,

1849 5384 1986 5438 quos
2028 5374 2082 5420 et
2123 5377 2223 5418 nos
2266 5360 2331 5438 et
2366 5360 2588 5438 laudati
2630 5361 2985 5438 hencdictini
3032 5360 3450 5438 consuluerunt,

1854 5431 1967 5509 pari
1992 5449 2264 5491 consensu
2294 5431 2495 5485 habent
2521 5431 2697 5509 λιχάς,
2734 5446 2854 5495 quae
2885 5432 3302 5509 vox_minimam
3338 5448 3453 5509 una-

1853 5500 1955 5565 ints
1986 5518 2295 5563 mensuram
2321 5511 2495 5559 notat.
2525 5500 2723 5568 poture
2740 5510 2909 5570 atque
2932 5500 3109 5555 indice
3125 5504 3450 5570 explicatis:
3536 5564 3541 5567 τ

1851 5591 2050 5653 estque
2068 5573 2438 5653 adeoAquila
2469 5568 2906 5653 interpretationi
2924 5568 3233 5642 aptissima,
3261 5590 3449 5646 quem.

1854 5644 2146 5711 admodum
2171 5647 2238 5703 ah
2273 5644 2606 5710 llieronytno
2636 5644 2946 5711 eitponitur.

1926 5721 1952 5761 ἀ
2000 5722 2054 5776 ln
2088 5718 2266 5774 Vatic.
2302 5720 2618 5773 TmcmtA:
2663 5712 2715 5766 in
2753 5710 3211 5781 Sangermancnsi
3263 5727 3444 5775 autem

1860 5812 1968 5851 ms.
2002 5801 2294 5856 TRICCQM,
2340 5798 2481 5846 teSte
2512 5782 2937 5851 Montfauconto,
2985 5784 3074 5851 qui
3117 5791 3321 5856 merito
3369 5807 3458 5846 su-

1864 5866 2112 5941 spicatur
2143 5854 2333 5919 vocem
2370 5863 2629 5934 τρίσωμον
2655 5856 2860 5910 cubare
2883 5856 2934 5915 in
2966 5854 3185 5911 mendo.
