3932 6352
479 321 586 378 407

1734 306 1795 362 8.
1837 302 2108 361 EUSEBII
2146 297 2528 359 BIERONYMI

3693 296 3792 352 408

485 437 783 494 dixerunt:
819 432 948 500 Quis
975 431 1118 485 nouit
1147 438 1363 484 mentem
1403 426 1636 494 Domini,
1667 435 1714 481 et
1754 426 1868 496 quis
1911 425 2084 480 consi-
2110 429 2166 491 Α
2190 433 2277 479 tur
2301 437 2581 479 “sucum
2607 420 2864 513 (pom);
2897 421 3040 493 quod
3067 435 3242 494 genus
3266 421 3394 493 ligni
3429 429 3524 477 est
3549 419 3794 491 imputn'.

485 528 670 583 liarius
695 527 808 598 ejus
841 522 985 592 fuit?
1013 521 1117 576 hoc
1160 519 1392 592 intelligi
1424 519 1646 585 volunt,
1675 517 1820 588 quod
1854 531 2008 573 mens
2033 523 2088 572 et

484 621 628 676 ratio
654 626 711 674 et
742 629 945 685 sensus
993 613 1128 683 Dei,
1171 627 1270 684 per
1307 627 1468 682 quem
1517 610 1657 667 facta
1701 619 1826 665 sunt
1863 609 2047 665 omnia
2075 650 2090 676 ,

485 720 541 769 et
565 715 680 764 sine
721 723 832 780 quo
877 708 1076 762 factum
1108 715 1192 762 est
1223 705 1379 770 nihil,
1411 704 1503 760 ille
1534 703 1606 759 sit
1633 703 1702 758 de
1727 703 1912 774 quoin
1941 699 2092 757 Psal-

484 804 590 861 mis
609 803 826 859 canitur
857 821 869 855 :
907 801 1073 856 Verbo
1099 798 1313 854 Domini
1343 797 1457 854 caeli
1508 798 1703 868 firmati
1731 806 1872 859 sunt,
1905 806 1952 851 et
1981 795 2092 866 spi-

484 899 589 952 ritu
623 898 728 951 oris
746 899 864 969 ejus
895 899 1060 949 omnis
1103 895 1263 948 uirtus
1293 908 1472 947 eorum
1500 890 1621 963 (Ps.
1652 904 1826 956 xxxtt,
1854 888 1935 960 6).
1965 890 2090 944 Om-

488 1006 589 1047 nes
643 1002 834 1062 gentes
886 1003 1009 1058 qua:
1053 1001 1162 1042 non
1222 993 1487 1041 noverant
1535 980 1851 1038 Creatorem
1894 997 2089 1047 suum,

487 1084 604 1140 sive
635 1085 949 1138 universum
979 1079 1288 1134 mortalium
1329 1093 1496 1149 genus
1522 1076 1591 1130 ad
1623 1077 2092 1148 comparationem

485 1175 582 1231 Dei
637 1174 794 1243 quasi
847 1175 990 1228 stilla
1027 1173 1204 1227 situla:
1247 1183 1398 1236 sunt,
1450 1179 1504 1224 et
1549 1171 1702 1238 quasi
1753 1179 2090 1224 momentum

488 1275 728 1330 statcrze,
759 1264 906 1335 quod
932 1265 1040 1319 levi
1073 1263 1313 1334 pondere
1339 1263 1394 1316 in
1427 1270 1636 1332 partem
1667 1261 1893 1316 alteram
1925 1259 2093 1314 decli-

483 1367 668 1412 natur.
704 1357 771 1410 Et
799 1357 1076 1427 quomodo
1103 1359 1149 1410 si
1193 1356 1262 1411 de
1291 1355 1455 1410 situla
1483 1354 1628 1410 stilla
1675 1353 1888 1409 modica
1935 1352 2090 1421 ﬂuat,

489 1467 521 1508 a
553 1460 816 1523 portante
845 1451 1173 1520 negligitur:
1207 1449 1283 1505 ita
1314 1449 1570 1504 universa
1621 1449 1860 1518 gentituu
1904 1446 2093 1501 multi-

490 1545 622 1601 tudo
650 1546 907 1615 supernis
953 1543 1282 1599 ministeriis
1327 1550 1641 1612 comparata
1681 1548 1738 1595 et
1766 1539 2093 1610 Angelorum

491 1637 846 1703 multitudini,
879 1651 977 1707 pro
1010 1637 1183 1692 nihilo
1210 1636 1445 1692 ducitur.
1477 1634 1672 1690 Insula:
1697 1648 1916 1704 quoque
1940 1634 2094 1704 quasi

487 1731 657 1786 saliva
692 1740 1038 1798 reputantur,
1084 1729 1201 1784 sive
1234 1739 1292 1784 ut
1315 1725 1681 1800 Symmachus
1710 1736 1765 1782 et
1789 1723 2095 1780 Theodotio

2189 517 2322 583 bile,
2369 532 2477 584 quo
2506 517 2593 572 vel
2632 518 2867 573 maxime
2895 516 3037 573 idola
3068 516 3225 572 fiunt.
3260 515 3382 572 llaec
3415 525 3609 570 autem
3652 515 3792 583 dicit,

2191 621 2250 666 ut
2300 609 2460 666 idolis
2519 611 2864 680 reprobatis,
2913 610 3259 682 Evangelicaa
3309 608 3593 665 doctrinae
3660 619 3795 679 paret

2190 703 2356 768 viam,
2387 713 2443 757 et
2470 702 2654 757 omnia
2695 717 2859 773 prava
2901 701 3208 774 dirigantur
3254 704 3306 758 in
3358 714 3622 768 rectum;
3655 706 3790 758 exal-

2195 803 2374 851 tentur
2416 794 2629 861 valles,
2676 806 2731 850 et
2781 796 2952 852 colles
2999 795 3388 860 humilientur;
3442 805 3502 850 et
3532 796 3794 852 reveletur

2191 888 2361 960 gloria
2396 888 2632 954 Domini,
2665 898 2723 942 ut
2773 888 2954 943 omnis
2983 903 3114 943 caro
3165 887 3342 943 videat
3386 887 3645 942 salutare
3687 887 3791 944 Dei.

2191 978 2353 1035 Juxta
2388 980 2752 1051 tropologiam
2782 994 3078 1051 pessumus
3102 979 3312 1046 dicere,
3336 981 3489 1052 quod
3524 995 3793 1051 increpet)-

2193 1083 2281 1130 tur
2326 1073 2601 1145 principes
2652 1075 3068 1142 hmreticorum,
3125 1075 3344 1130 diversa
3406 1075 3562 1130 idola
3592 1073 3662 1129 de
3710 1089 3792 1129 suo

2193 1170 2364 1224 corde
2408 1169 2706 1239 fingentes;
2743 1170 2828 1225 vel
2861 1168 3060 1238 eloquii
3093 1177 3411 1232 venustate,
3465 1167 3619 1239 quod
3648 1169 3794 1223 inter-

2198 1269 2443 1332 pretatur
2469 1271 2791 1333 argentum;
2827 1262 2913 1318 vel
2943 1261 3237 1331 splendore
3270 1261 3424 1329 auri,
3460 1259 3613 1330 quod
3645 1259 3796 1314 refer-

2196 1365 2283 1410 tur
2306 1354 2784 1423 ad'sensum;vel
2828 1356 2979 1426 ligno
3017 1354 3384 1421 imputribili,
3445 1370 3577 1424 quae
3621 1355 3791 1409 viliora

2196 1459 2325 1505 sunt
2353 1449 2601 1518 dogmata
2633 1467 2647 1503 :
2693 1457 2750 1505 et
2796 1458 3057 1521 perpetua
3100 1458 3358 1520 putentur
3384 1462 3417 1502 a
3454 1447 3792 1518 fingentibus,

2194 1549 2252 1597 et
2277 1541 2566 1597 dialectica
2598 1552 2717 1598 arte
2745 1542 3054 1604 firmentur,
3107 1557 3175 1597 ne
3206 1548 3547 1596 moveantur
3595 1547 3650 1594 et
3692 1553 3794 1595 cor-

2198 1643 2390 1699 ruant,
2420 1636 2518 1689 sed
2546 1634 2722 1689 solida
2752 1634 2940 1691 radice
2968 1635 3294 1690 consistant.

2275 1728 2294 1796 (
2313 1724 2471 1780 Vers.
2525 1726 2592 1780 21
2626 1742 2780 1798 seqq.
2811 1727 2830 1798 )
2857 1725 3126 1798 Numquid
3157 1745 3259 1782 non
3293 1728 3476 1782 scietis
3499 1729 3525 1783 ἒ)
3554 1725 3789 1798 numquid

494 1822 672 1891 ipsum
722 1829 990 1892 ponentes
1040 1820 1392 1888 Hebraicum,
1430 1820 1567 1875 sicut
1619 1833 1719 1874 θος
1767 1818 1908 1906 (ΡΊ),
1959 1815 2096 1888 quod
2129 1829 2177 1889 Β
2204 1834 2308 1874 non
2337 1819 2880 1890 audietis?numquid
2909 1837 3013 1874 non
3053 1821 3426 1875 annuntiatum
3471 1829 3548 1875 est
3578 1820 3642 1874 ab
3665 1819 3794 1872 initio

491 1919 684 1973 decidit
708 1936 726 1972 :
757 1935 856 1987 pro
885 1932 994 1988 quo
1019 1918 1210 1989 Aquila
1235 1918 1418 1975 λεπτὸν
1447 1917 1751 1989 βαλλόμενον
1795 1917 2094 1972 transtulit.

496 2011 663 2066 Aiunt
707 2022 889 2065 autem
921 2010 1135 2066 Hebraei
1169 2009 1272 2064 huc
1317 2011 1486 2065 verbo
1514 2008 1811 2078 significari
1859 2009 2100 2063 tenuissi-

492 2121 636 2159 mum
662 2104 944 2173 pulverem,
993 2103 1086 2173 qui
1118 2111 1284 2158 vento
1329 2111 1582 2171 raptante
1609 2116 1758 2171 saepe
1806 2105 1860 2157 in
1909 2101 2100 2156 oculos

494 2199 756 2262 mittitur,
787 2206 842 2252 et
881 2201 1120 2252 sentitur
1171 2197 1350 2266 potius
1377 2209 1539 2267 quam
1571 2195 1805 2251 videtur.
1851 2195 2100 2250 Minutis-

493 2291 632 2345 sima
676 2305 809 2361 ergo
851 2291 1020 2344 frusta
1069 2288 1308 2359 pulveris
1351 2299 1407 2345 et
1456 2303 1592 2360 pene
1645 2289 1968 2357 invisibilia,
1998 2290 2102 2345 hoc

496 2385 672 2440 verbo
725 2383 1116 2454 appellantur:
1165 2399 1299 2453 quas
1341 2382 1569 2438 forsitan
1609 2383 1953 2439 Democritus
1979 2398 2100 2438 cum

497 2479 738 2550 Epicuro
766 2491 872 2534 suo
922 2487 1140 2532 atomos
1171 2487 1349 2532 vocat.
1380 2476 1655 2544 Multaque
1702 2486 1828 2532 sunt
1883 2477 2102 2532 nomina

495 2588 618 2644 quae
649 2573 720 2626 ita
752 2573 1012 2641 leguntur
1042 2570 1150 2642 [ΑΙ.
1184 2569 1581 2643 intelliguntur]
1629 2571 1682 2625 in
1713 2568 1928 2637 Graeco,
1962 2579 2022 2626 ut
2051 2571 2102 2626 in

493 2665 767 2722 Hebraico
795 2667 970 2736 posita
999 2673 1148 2731 sunt,
1185 2673 1407 2731 promer
1443 2665 1842 2732 interpretandi
1870 2666 2105 2721 difﬁcul-

495 2770 686 2825 tatem,
717 2771 772 2814 et
814 2759 879 2812 ad
926 2757 1390 2826 comparationem
1439 2757 1636 2828 linguai
1684 2759 1942 2822 llebrznte,
1995 2769 2105 2815 tam

495 2852 672 2908 Graeci
704 2867 866 2921 quam
898 2849 1079 2905 Latini
1116 2852 1391 2906 sermonis
1431 2849 1769 2923 pauperiem.
1821 2852 2107 2923 Simulque

497 2954 557 3000 ut
583 2944 840 3011 paulatim
873 2943 1125 2998 homines
1151 2943 1439 2998 abstrahat
1465 2945 1534 2998 ab
1565 2944 1900 3012 idololatria,
1932 2949 2110 3002 aufert

500 3035 867 3091 carrenionias
895 3035 1276 3095 victimarum;
1311 3044 1367 3090 et
1393 3035 1555 3091 docet
1578 3036 1722 3106 quod
1751 3038 1932 3092 nuntia
1965 3039 2108 3108 ligna

411 3127 426 3133 ”
497 3130 690 3186 Libani
724 3140 778 3186 et
810 3134 1054 3186 armenta
1079 3146 1198 3198 uiue
1221 3132 1274 3184 in
1303 3145 1369 3186 eo
1408 3141 1731 3203 pascuntur,
1777 3131 2108 3188 holocaustis

2201 1913 2661 1984 vobis?numquid
2692 1930 2793 1968 non
2844 1914 3178 1968 intellexistis
3225 1913 3579 1984 fundamenta
3620 1911 3794 1968 terra?

2205 2007 2309 2072 Qui
2330 2007 2470 2062 sedet
2502 2023 2654 2080 super
2675 1999 2860 2080 gyrum
2890 2017 3042 2063 terra
3062 2025 3080 2062 :
3109 2016 3158 2063 et
3182 2007 3509 2063 habitatores
3530 2008 3642 2078 ejus
3666 2005 3793 2076 quasi

2205 2101 2444 2158 locusta.
2483 2101 2587 2170 Qui
2617 2101 2852 2157 extendit
2881 2102 3020 2156 velut
3043 2103 3266 2156 nihilum
3293 2106 3476 2157 emtas.
3501 2110 3553 2155 et
3576 2096 3798 2168 expandit

2203 2211 2290 2251 eos
2353 2196 2487 2250 sicut
2537 2194 2930 2249 tabernaculum
2981 2193 3051 2248 ad
3100 2192 3522 2247 inhabitantium.
3581 2189 3681 2257 Qui
3716 2187 3791 2240 dat

2203 2296 2519 2342 secretorum
2548 2295 2864 2341 scrutatores
2885 2286 3033 2356 quasi
3082 2301 3186 2340 non
3235 2284 3339 2338 sint
3370 2299 3391 2338 :
3411 2282 3623 2355 judices
3667 2290 3795 2332 terra

2204 2380 2345 2436 velut
2381 2381 2539 2434 inane
2591 2382 2735 2451 fecit.
2783 2380 3040 2452 Equidem
3085 2395 3252 2449 neque
3314 2379 3602 2448 plantatus,
3655 2385 3794 2442 neque

2204 2480 2370 2534 satus.
2399 2487 2560 2541 neque
2579 2471 2850 2526 radicatus
2870 2472 2925 2526 in
2959 2483 3095 2525 terra
3119 2483 3338 2525 truncus
3364 2484 3540 2524 eorum
3563 2483 3582 2520 :
3604 2470 3794 2533 repente

2205 2567 2352 2637 flavit
2378 2567 2434 2620 in
2457 2582 2544 2622 eos
2572 2576 2620 2621 et
2651 2576 2919 2632 aruerunt,
2968 2576 3014 2620 et
3047 2566 3194 2620 turbo
3244 2565 3397 2632 quasi
3446 2560 3673 2630 stipulam
3701 2570 3789 2608 au-

2205 2659 2334 2730 feret
2365 2675 2471 2714 eos.
2499 2658 2568 2714 Et
2595 2660 2683 2713 cui
2705 2657 3035 2714 assimilastis
3091 2675 3169 2711 me
3195 2669 3243 2712 et
3273 2651 3629 2728 adwquastis?
3676 2648 3790 2703 dicit

2208 2750 2458 2808 Sanctus.
2511 2749 2700 2806 Levate
2743 2753 2796 2806 in
2824 2752 3084 2806 excelsum
3123 2751 3303 2805 oculos
3330 2758 3549 2812 vestros,
3575 2743 3726 2817 ‘90
3748 2747 3790 2794 et

2206 2845 2374 2899 uidete
2401 2845 2518 2917 quis
2549 2846 2739 2901 creavit
2767 2844 2913 2900 haec:
2941 2848 3030 2918 qui
3060 2845 3234 2901 educit
3259 2846 3315 2900 in
3341 2858 3558 2899 numero
3579 2839 3789 2894 militzant

2208 2953 2410 3004 eorum,
2455 2949 2503 2994 et
2549 2955 2727 2994 omnes
2771 2955 2834 2994 ex
2877 2941 3085 2994 nomine
3113 2947 3278 2992 vocat.
3333 2936 3461 2994 Pro?
3488 2931 3786 2991 multitudine

2210 3031 2535 3102 fortitudinis
2568 3041 2614 3085 et
2641 3032 2868 3097 roboris,
2898 3031 3208 3102 virtutisque
3247 3031 3363 3100 eius
3390 3047 3411 3087 :
3453 3042 3609 3097 neque
3650 3036 3786 3079 unum

2209 3123 2464 3196 reliquum
2489 3126 2603 3194 fuit.
2642 3125 2824 3182 LXX:
2864 3125 3053 3181 Nonne
3081 3126 3298 3204 scietis
3323 3141 3500 3179 nonne
3541 3115 3784 3176 audietis?

497 3225 619 3296 ejus
648 3226 901 3281 sufficere
932 3235 1222 3294 nequeant.
1260 3223 1316 3280 Si
1355 3235 1539 3280 autem
1582 3240 1772 3280 omnes
1798 3233 1992 3295 gentes
2022 3227 2100 3279 sic
2129 3212 2178 3277 C
2209 3237 2378 3276 nonne
2425 3221 2789 3274 nnnuntiatum
2835 3230 2908 3275 est
2953 3221 3094 3274 vobis
3139 3237 3172 3274 a
3215 3219 3524 3290 principio?
3556 3213 3669 3270 Non
3707 3225 3782 3263 co-

498 3328 625 3373 sunt
671 3319 722 3372 in
765 3324 1066 3387 conspectu
1129 3317 1277 3372 illius
1315 3317 1468 3387 quasi
1520 3333 1628 3372 non
1675 3316 1816 3380 sint,
1861 3325 1916 3372 et
1954 3317 2108 3387 quasi

496 3409 632 3465 nihil
700 3419 756 3464 ct
823 3410 986 3463 inane
1064 3417 1387 3479 reputantur
1455 3407 1556 3480 (in
1598 3408 1855 3465 omnibus
1919 3419 2106 3464 autem

497 3501 756 3572 gentibus
815 3511 870 3556 et
925 3499 1095 3554 Israel
1159 3503 1321 3569 est),
1373 3515 1504 3570 ergo
1575 3509 1631 3554 et
1692 3500 1810 3567 ipse
1876 3500 1956 3554 sic
2024 3508 2110 3555 est

499 3593 657 3660 quasi
709 3607 816 3646 non
849 3593 941 3658 sit,
985 3591 1123 3645 etin
1169 3590 1324 3646 nihili
1378 3601 1543 3661 atque
1587 3593 1748 3648 inane
1801 3603 2105 3662 reputatur.

501 3681 619 3736 Hoc
649 3681 906 3745 dicimus,
938 3689 998 3733 ut
1027 3683 1310 3751 frangatur
1336 3681 1458 3750 ejus
1481 3684 1758 3752 superbia,
1791 3692 1846 3738 et
1885 3697 2111 3740 caetera-

503 3788 626 3828 rum
648 3773 894 3843 gentium
923 3772 1134 3826 similes
1161 3786 1285 3828 esse
1308 3787 1368 3828 se
1392 3775 1666 3830 noverint.

577 3863 762 3935 (Vers.
791 3863 858 3919 18
880 3863 1060 3936 seqq.)
1099 3863 1198 3918 Cui
1228 3880 1351 3937 ergo
1395 3867 1616 3920 similem
1659 3867 1856 3938 fecistis
1899 3864 2112 3923 Deum:

499 3969 592 4015 aut
638 3976 793 4029 quam
844 3960 1120 4032 imaginem
1151 3961 1350 4028 ponetis
1398 3960 1520 4014 illi?
1553 3959 1822 4032 Numquid
1871 3959 2113 4029 sculptile

502 4053 745 4122 conflavit
771 4051 937 4125 faber,
971 4062 1061 4106 aut
1087 4052 1300 4123 aurifex
1327 4067 1457 4106 auro
1485 4051 1654 4125 589
1680 4053 1922 4127 ﬁguravit
1953 4054 2108 4118 illud,

501 4156 546 4202 et
581 4147 791 4200 laminis
817 4145 1076 4217 argenteis
1113 4145 1481 4216 argentarius?
1510 4144 1667 4200 Forte
1695 4145 1896 4218 lignum
1925 4155 1974 4199 et
2013 4145 2112 4199 int-

501 4236 748 4307 putribile
795 4237 946 4308 elegit
992 4237 1183 4305 artifex
1229 4236 1482 4304 sapiens:
1525 4247 1573 4291 et
1617 4247 1810 4308 qureret
1855 4239 2111 4303 quomodo

500 4335 698 4383 statuat
727 4327 1062 4381 simulacrum
1085 4327 1225 4394 quod
1254 4345 1359 4382 non
1378 4339 1666 4384 moveatur.
1702 4330 1988 4400 Descripta
2015 4331 2110 4388 Dei

501 4417 898 4489 magnitudine,
927 4427 986 4474 et
1026 4421 1274 4490 potentia
1303 4421 1447 4476 illius
1493 4437 1561 4476 ex
1600 4431 1753 4492 parte
1781 4433 2106 4490 monstrata,

499 4513 756 4584 gentibus
799 4527 1016 4583 quoque
1061 4512 1370 4584 insulisque
1420 4517 1571 4585 quasi
1624 4517 1770 4572 stilla
1817 4517 2018 4585 situlre,
2050 4527 2107 4574 et

2210 3313 2458 3383 gnouistis
2488 3310 2829 3380 fundamenta
2861 3312 3046 3366 terres?
3070 3310 3173 3378 Qui
3205 3319 3336 3365 tenet
3355 3323 3543 3381 gyrum
3568 3314 3718 3366 terra,
3744 3305 3784 3352 et

2210 3405 2527 3460 habitatores
2553 3408 2664 3478 ejus
2705 3406 2853 3475 quasi
2887 3402 3141 3458 locustas.
3191 3402 3296 3470 Qui
3321 3404 3502 3458 statuit
3547 3397 3678 3468 quasi
3709 3408 3782 3446 ca-

2209 3516 2408 3554 meram
2457 3501 2663 3562 cwlum,
2722 3510 2772 3554 et
2810 3499 3038 3554 extendit
3087 3500 3237 3571 quasi
3300 3492 3681 3554 tabernaculum
3723 3486 3782 3540 ad

2211 3590 2574 3645 habitandum.
2622 3593 2724 3659 Qui
2780 3591 2868 3645 dat
2922 3592 3183 3664 principes
3233 3608 3459 3664 regnare
3503 3604 3592 3660 pro
3651 3579 3779 3647 nihil.

2210 3693 2402 3737 terram
2429 3693 2599 3738 autent
2645 3686 2796 3752 quasi
2821 3682 2975 3739 nihili
3001 3686 3142 3754 fecit.
3189 3683 3463 3756 Siquidem
3492 3699 3588 3737 non
3609 3675 3781 3751 planta-

2211 3777 2426 3841 buntur,
2471 3793 2637 3848 neque
2680 3787 2939 3842 serentur,
2971 3793 3062 3832 nec
3088 3777 3402 3834 solidabitur
3431 3779 3481 3831 in
3500 3787 3627 3831 terra
3648 3766 3775 3824 radis

2211 3884 2409 3924 eorum.
2437 3865 2614 3924 Flavit
2644 3885 2802 3940 super
2829 3886 2940 3938 eos,
2973 3880 3021 3925 et
3061 3872 3280 3940 arefacti
3305 3881 3450 3932 sunt,
3476 3878 3524 3924 et
3544 3868 3778 3931 tempesta:

2212 3972 2440 4018 assumet
2466 3961 2588 4018 illos
2631 3966 2782 4036 quasi
2809 3965 3080 4037 stipulam.
3138 3963 3295 4019 Nunc
3323 3982 3446 4036 ergo
3490 3963 3568 4016 cui
3604 3951 3775 4010 assimi-

2210 4056 2358 4115 lastis
2403 4073 2486 4111 me
2511 4059 2536 4112 Σ)
2563 4058 2871 4128 extequabor
2914 4057 3032 4113 eis?
3085 4058 3219 4112 dixit
3266 4057 3511 4114 Sanctus.
3594 4048 3775 4105 Elerate

2211 4167 2417 4205 sursum
2464 4153 2642 4205 oculos
2691 4161 2911 4214 vestros,
2973 4161 3023 4205 et
3059 4151 3228 4206 videte
3274 4152 3390 4223 quis
3444 4145 3651 4204 ostendit
3688 4138 3774 4192 Ita‘c

2214 4243 2410 4298 omnia.
2446 4240 2548 4309 Qui
2607 4243 2776 4297 educit
2817 4246 2980 4317 juxta
3033 4240 3303 4298 numerum
3359 4251 3588 4298 ornatum
3633 4245 3769 4292 suum.

2213 4352 2390 4390 omnes
2415 4337 2470 4390 in
2500 4336 2708 4389 nomine
2731 4335 2954 4401 vocabit,
2981 4353 3013 4389 a
3041 4335 3209 4390 multo
3236 4334 3409 4406 gloria
3451 4341 3499 4389 et
3543 4332 3591 4385 in
3626 4323 3772 4380 robore

2211 4427 2534 4497 fortitudinis
2563 4446 2583 4481 :
2627 4435 2654 4465 λ
2684 4425 2816 4481 nihil
2841 4435 2892 4482 te
2943 4428 3090 4484 latet.
3118 4427 3198 4484 Ab
3227 4429 3411 4490 initio.
3445 4421 3626 4495 inquit,
3649 4421 3774 4471 natu-

2211 4520 2313 4576 rali
2361 4521 2482 4592 lege
2533 4534 2633 4575 vos
2673 4519 2856 4584 docui,
2911 4531 2968 4577 et
3002 4531 3189 4590 postea
3234 4537 3334 4592 per
3364 4522 3579 4593 Moysen
3599 4507 3768 4593 soriti“?

497 4615 784 4664 mctnento
813 4614 1036 4662 statera:
1066 4609 1356 4679 reputatis,
1383 4623 1447 4664 ac
1488 4610 1714 4680 pulvere
1743 4652 1758 4676 ,
1799 4619 1856 4666 et
1897 4611 2107 4667 hostia—
2135 4598 2186 4658 1)
2211 4611 2356 4682 Lege
2387 4621 2618 4668 testatus
2643 4627 2786 4679 sum,
2814 4612 2943 4682 quid
2989 4613 3125 4668 nihil
3171 4624 3320 4670 esset
3367 4592 3530 4676 idola,
3563 4615 3611 4661 cl
3651 4592 3769 4671 αυυά

499 4715 623 4756 rum
653 4700 1000 4756 caremuniis
1043 4700 1316 4766 refutatis.
1361 4716 1459 4758 cur
1503 4718 1693 4758 omnes
1725 4713 1921 4772 gerites
1953 4705 2110 4774 quasi

498 4793 660 4850 nihili
689 4794 796 4850 sint
819 4795 872 4849 in
900 4805 1203 4865 conspectu
1224 4795 1364 4865 ejus,
1397 4804 1452 4850 et
1477 4796 1632 4866 quasi
1658 4795 1822 4850 inane
1851 4805 2114 4864 reputen-

500 4895 611 4952 tur,
654 4887 1015 4954 sequentibus
1036 4885 1238 4942 docet:
1272 4884 1370 4941 Cui
1410 4886 1635 4941 similem
1676 4887 1865 4956 fecistis
1894 4885 2066 4940 Deum
2091 4905 2110 4941 :

499 4984 592 5032 aut
614 4991 769 5045 quam
808 4977 1090 5047 imaginem
1134 4979 1335 5044 ponetis
1367 4979 1443 5044 ei,
1489 4979 1580 5048 qui
1629 4979 1858 5047 spiritus
1906 4988 2010 5043 est,
2058 4987 2114 5033 et

500 5072 556 5127 in
587 5069 844 5126 omnibus
871 5079 974 5130 est.
1002 5079 1058 5124 et
1090 5072 1293 5142 ubique
1318 5071 1602 5139 discurrit,
1628 5079 1684 5127 et
1721 5080 1926 5127 terram
1960 5072 2112 5140 quasi

499 5162 708 5234 pugillo
737 5161 1019 5216 continet?
1049 5161 1342 5231 Simulque
1374 5162 1570 5219 irridet
1605 5162 1897 5218 stultitiam
1938 5162 2114 5217 natio-

498 5270 656 5322 num,
708 5254 854 5323 quod
889 5253 1090 5310 artifex
1139 5254 1258 5310 sive
1289 5253 1446 5310 faber
1484 5257 1735 5321 aerarius,
1778 5265 1874 5311 aut
1900 5254 2112 5312 aurifex

499 5359 596 5406 aut
621 5351 964 5422 argentarius
991 5349 1164 5405 Deum
1192 5348 1294 5406 sibi
1326 5347 1551 5417 faciant,
1583 5360 1636 5406 et
1664 5349 1886 5406 laminis
1915 5349 2114 5407 clavis-

499 5459 606 5514 que
651 5444 1007 5515 compingant
1054 5457 1119 5499 ac
1161 5441 1380 5499 fortiter
1411 5451 1677 5509 Statuant,
1727 5459 1797 5500 ne
1825 5456 2115 5501 ventorum

499 5537 722 5596 ﬂatibus
765 5538 1118 5594 detrudatur.
1149 5537 1419 5609 Quodque
1465 5539 1688 5595 intulit:
1730 5542 1868 5610 forte
1910 5540 2112 5611 lignum

505 5637 554 5682 et
580 5629 899 5699 imputribile
923 5630 1075 5702 elegit
1103 5631 1298 5704 artifex
1336 5630 1563 5701 sapiens,
1591 5631 1646 5687 in
1678 5632 1948 5690 Hebraico
1974 5629 2110 5688 diei-

580 5819 607 5850 ι
645 5811 765 5870 Duo
813 5812 1012 5880 Vatic.,
1042 5815 1235 5893 nihilo
1264 5825 1312 5870 te
1334 5816 1702 5874 absconditum
1732 5826 1830 5874 est.

2215 4705 2444 4760 Creator
2473 4704 2660 4759 mundi
2713 4707 2831 4774 ipse
2877 4717 3026 4762 esset
3059 4706 3224 4776 Deus,
3257 4708 3350 4779 qui
3383 4714 3576 4763 tantam
3603 4693 3766 4754 molem

2215 4807 2380 4854 terra:
2425 4797 2709 4855 fundasset
2732 4815 2900 4871 super
2919 4804 3118 4868 maria,
3159 4811 3216 4859 et
3245 4819 3412 4875 super
3439 4797 3639 4858 ﬂumina
3665 4783 3761 4842 rol-

2216 4891 2451 4946 locasset
2493 4906 2660 4946 eam:
2721 4904 2776 4949 ut
2831 4895 3162 4951 elementum
3221 4897 3588 4968 gravissimum
3630 4889 3766 4950 ευμεν

2215 4993 2413 5039 tenues
2445 4998 2618 5055 aquas
2652 4985 2744 5040 Dei
2780 4985 3045 5057 penderet
3073 4988 3322 5058 arbitrio,
3352 4989 3441 5061 qui
3467 4987 3625 5042 instar
3647 4969 3764 5069 regis.

2221 5076 2380 5132 sedet
2406 5092 2570 5147 super
2599 5093 2795 5150 gyrum
2845 5091 3008 5135 terrae
3050 5099 3064 5136 :
3117 5097 3184 5138 ex
3211 5097 3323 5148 quo
3371 5073 3601 5138 nonnulli
3641 5073 3765 5150 quasi

2222 5177 2482 5239 punctum
2515 5180 2567 5226 et
2613 5149 2834 5242 globum
2864 5185 2985 5227 eam
3017 5185 3143 5228 esse
3179 5174 3534 5232 contendunt,
3570 5171 3621 5219 et
3642 5149 3766 5214 habi-

2213 5270 2418 5317 tatores
2448 5263 2595 5318 illius
2624 5263 2780 5334 quasi
2816 5264 3074 5319 locustas.
3126 5265 3184 5321 Si
3225 5264 3367 5321 enim
3414 5266 3464 5319 in
3507 5266 3610 5314 toto
3651 5243 3758 5303 orbe

2213 5356 2628 5412 consideremus
2676 5356 2858 5411 varias
2889 5357 3170 5424 nationes,
3199 5367 3255 5413 et
3280 5358 3352 5413 ab
3394 5355 3598 5413 Oceano
3624 5345 3759 5433 ustllle

2214 5447 2282 5503 ad
2309 5447 2612 5514 Oreanum,
2644 5447 2696 5503 id
2735 5457 2845 5517 est,
2873 5447 2942 5502 ab
2987 5446 3175 5504 Indico
3205 5450 3341 5505 mari
3389 5455 3550 5516 usque
3587 5429 3756 5527 adlin-

2213 5543 2516 5607 tannicum,
2556 5541 2707 5597 etab
2757 5539 3035 5598 Atlantico
3079 5559 3250 5614 usque
3291 5543 3359 5599 ad
3409 5525 3755 5614 Septentrionis

2212 5636 2478 5707 rigorem,
2501 5635 2556 5692 in
2589 5651 2696 5709 quo
2725 5637 3121 5708 congelascunt
3151 5608 3330 5709 aquae,
3359 5645 3414 5695 et
3439 5625 3636 5691 suocina
3657 5608 3749 5687 Pul‘
