3932 6370
144 397 242 455 409
662 387 1312 447 COMMENTARIORUM
1351 388 1417 446 IN
1455 388 1692 448 ISAIAM
1733 388 2153 449 PROPIIETAM
2192 390 2327 448 LIB.
2370 393 2490 452 XII.
2528 391 2684 451 CAP.
2729 393 2844 450 XL.
3312 399 3420 456 410

142 514 268 570 chra
291 513 664 574 concrescunt,
696 520 859 562 omne
899 505 952 561 in
999 504 1180 562 medio
1232 505 1514 563 hominum
1545 521 1716 576 genus
1743 512 1800 572 Α
1824 518 1992 566 terra:
2023 510 2175 578 quasi
2205 509 2366 566 inane
2395 511 2662 581 reputari.
2688 510 2792 577 Qui
2819 509 3094 582 principes
3138 521 3194 568 et
3215 512 3428 583 judices

142 606 292 680 quasi
312 607 539 661 locustas
591 610 615 638 α
659 599 903 656 habitare
931 601 1235 656 cernimus.
1259 600 1400 669 Quid
1433 601 1598 672 igitur
1625 615 1709 655 su-
1821 611 1984 660 terra:
2029 605 2190 676 (sive,
2219 613 2278 659 ut
2307 604 2402 658 alii
2445 605 2816 674 suspicantur,
2843 606 2995 676 coeli)
3020 620 3121 662 nec
3143 608 3244 662 sati
3275 616 3423 676 sunt,

143 701 311 773 perbit
342 707 476 752 terra
507 704 560 750 et
583 694 760 749 cinis?
780 694 905 766 quia
936 694 1160 760 ctelum,
1193 696 1358 749 immo
1379 705 1441 749 ut
1470 695 1715 764 Scriptu-
1821 713 1922 752 nec
1971 698 2198 768 plantati
2250 706 2399 764 sunt,
2450 712 2553 753 nec
2583 697 2736 752 ﬁrma
2771 699 2954 754 radice
2985 700 3228 768 solidati,
3249 711 3308 758 et
3335 718 3425 758 re-

141 809 312 852 rarutn
353 798 468 845 utar
513 791 883 855 auctoritate,
940 791 1066 846 εωιὶ
1118 790 1508 854 extenduntur,
1560 790 1714 857 quasi
1819 799 1982 860 pente
2014 789 2265 859 jussione
2315 789 2407 845 Dei
2441 791 2510 844 ita
2545 789 2870 846 auferuntur
2899 800 2956 846 et
2987 805 3240 863 pereunt,
3269 797 3424 865 quasi

139 898 376 947 camera;
398 880 533 947 sive,
588 888 645 935 ut
679 881 729 934 iu
760 881 1030 937 Hebraico
1052 883 1381 947 continetur,
1413 881 1564 952 quasi
1592 896 1713 946 noc,
1817 882 2014 952 stipula
2042 898 2072 938 a
2102 883 2319 939 turbine
2347 892 2402 939 et
2427 893 2754 953 tempesmte
2783 895 3032 953 raptatur
3059 905 3074 953 ;
3102 888 3252 955 juxta
3284 889 3417 946 illud

140 977 200 1033 de
243 989 348 1046 quo
394 987 554 1040 supra
602 972 877 1029 diximus:
915 988 1012 1044 pro
1061 990 1172 1045 quo
1200 971 1344 1029 LXX
1377 973 1452 1029 ibi
1499 975 1714 1028 salivam
1818 977 1959 1049 quod
2015 979 2276 1045 scriptum
2321 988 2443 1033 est:
2490 977 2556 1031 Et
2589 981 2826 1043 transivi,
2860 988 2906 1034 et
2953 997 3055 1034 non
3077 980 3244 1055 492
3265 993 3422 1050 erat;

137 1068 457 1139 interpretati
485 1077 652 1122 sunt:
703 1078 753 1121 et
808 1083 974 1123 unum
1006 1068 1234 1123 verbum
1286 1083 1428 1123 nunc
1470 1076 1712 1138 sputum,
1817 1081 1864 1126 et
1900 1072 2110 1142 quwsiui
2156 1087 2292 1138 eum,
2318 1080 2368 1124 et
2397 1088 2501 1126 non
2536 1081 2609 1126 est
2647 1074 2883 1127 inventus
2934 1073 3077 1127 locus
3123 1075 3234 1146 ejus
3271 1077 3288 1144 (
3319 1073 3413 1132 Ps.

135 1178 270 1221 nunc
293 1177 562 1225 cameram,
605 1160 657 1216 id
707 1169 830 1227 est,
886 1161 1136 1230 fornicem
1183 1161 1618 1225 translllleﬂlttt;
1660 1169 1715 1214 el
1818 1166 2155 1236 xxxvt,36).
2197 1164 2332 1220 Cum
2375 1180 2510 1236 ergo
2557 1175 2702 1221 tanta
2746 1168 2818 1222 sit
2847 1167 3090 1237 potentia
3139 1166 3418 1226 Creatoris

135 1269 328 1315 tantam
355 1271 561 1328 eorum
613 1253 955 1311 latitudinem
989 1256 1141 1325 quasi
1197 1253 1612 1310 tabernaculum
1659 1262 1716 1308 et
1817 1270 1979 1332 atque
2017 1261 2297 1330 majestas,
2331 1261 2414 1314 cui
2452 1259 2621 1314 Deum
2653 1259 2996 1332 similitudini
3043 1262 3422 1330 comparatis?

136 1352 438 1424 papilionem
469 1347 714 1405 exlendil
772 1348 1032 1420 desuper.
1084 1356 1144 1404 ιιι
1191 1349 1246 1404 in
1301 1348 1712 1404 Similitudiﬂem
1817 1366 1872 1411 et
1901 1369 2006 1410 non
2048 1356 2228 1424 potius
2272 1369 2336 1409 cx
2368 1363 2745 1410 creaturarum
2798 1353 3171 1426 magnitudine.
3214 1354 3419 1410 intelli-

133 1447 250 1504 teeti
299 1446 536 1514 operiret
577 1444 853 1508 homines,
903 1455 958 1499 et
987 1446 1142 1514 quasi
1175 1443 1421 1499 indomo
1449 1443 1714 1499 latissima
1815 1449 1943 1519 gitis
1989 1448 2374 1503 Conditorem?
2411 1447 2465 1504 Si
2500 1464 2604 1502 non
2659 1449 2888 1504 creditis
2943 1448 3159 1515 verbis,
3216 1448 3410 1503 saltem

134 1538 364 1594 habitare
406 1535 656 1592 faceret:
699 1537 828 1608 quid
863 1539 1124 1592 miremur
1163 1538 1206 1591 si
1238 1551 1403 1607 parva
1435 1537 1713 1590 hominum
1817 1543 1992 1599 oculis
2040 1543 2238 1597 vestris
2289 1541 2535 1606 credite;
2586 1551 2643 1597 ει
2685 1557 2750 1596 ex
2800 1543 3066 1598 εωιοι-ιηη
3114 1542 3416 1598 elemento-

131 1647 340 1702 οοτΡ⁴Ἰ¹³
371 1631 529 1702 quasi
561 1631 810 1699 Ιοουειῖιδ,
841 1643 896 1687 el
928 1632 1137 1686 mimi!!!
1183 1629 1344 1704 49],
1393 1638 1714 1699 τεριιιθηιυιυ
1817 1651 2046 1706 rumque
2073 1636 2316 1689 omnium
2351 1633 2613 1689 servitute
2643 1645 2969 1705 potestatem
3003 1635 3216 1692 Domini
3265 1635 3415 1706 cogi-

131 1725 446 1781 animantia?
474 1724 716 1781 Rursum
748 1735 803 1781 et
851 1727 904 1780 iu
954 1725 1059 1781 hoc
1087 1727 1207 1781 loco
1233 1726 1523 1798 ἡμικύκλιον
1553 1725 1715 1780 terris
1819 1739 1950 1786 tate.
2011 1729 2113 1795 Qui
2137 1729 2307 1783 educit
2343 1729 2395 1781 in
2449 1744 2660 1783 numero
2706 1730 2948 1784 militiam
2986 1745 3183 1795 eorum,
3221 1728 3278 1784 id
3330 1739 3415 1785 est

131 1816 396 1873 imminere
421 1819 627 1874 coelum
648 1817 770 1890 [ΑΙ.
800 1816 1124 1890 caelorum],
1144 1829 1194 1874 et
1225 1820 1278 1873 in
1301 1817 1710 1874 similitudinem
1815 1824 2081 1880 crelorum
2113 1841 2129 1887 ;
2159 1833 2204 1878 et
2228 1838 2403 1877 omnes
2441 1839 2505 1877 ex
2533 1823 2742 1876 nomine
2805 1832 2950 1877 vocat
2987 1864 3002 1888 ,
3053 1822 3375 1878 subauditur
3399 1869 3414 1892 ,

131 1911 336 1980 sphterm
361 1911 568 1967 etclam
602 1926 726 1967 esse
755 1912 1115 1976 contendunt,
1166 1913 1467 1966 abutuntur
1495 1910 1717 1965 nomine
1748 1907 1796 1968 B
1822 1918 2034 1973 stellas.
2068 1917 2143 1972 De
2171 1915 2367 1984 quibus
2393 1924 2450 1970 et
2475 1915 2530 1968 in
2562 1915 2792 1970 Psalmis
2821 1914 3065 1969 canitur:
3103 1913 3208 1980 Qui
3233 1930 3419 1969 nume-

129 2003 358 2068 fornieis,
401 2005 551 2076 quod
604 2005 818 2060 scilicet
870 2006 1048 2061 media
1111 2020 1238 2075 pars
1282 2005 1514 2076 Sphaerae
1543 2015 1716 2061 terras

129 2100 356 2170 operiat:
405 2117 535 2157 cum
569 2101 623 2154 in
653 2099 918 2156 Hebraico
946 2116 1052 2156 non
1097 2099 1388 2166 fornicem,
1439 2099 1537 2156 sed
1585 2113 1711 2165 noc,

132 2192 303 2262 idest,
356 2195 723 2250 tenuissimum
771 2191 1032 2263 pulverem
1078 2193 1391 2264 legerimus.
1448 2191 1555 2247 Pro
1607 2207 1716 2262 quo

133 2293 282 2347 saliva
311 2308 431 2364 qu:e
459 2291 754 2363 projicitur
783 2293 835 2347 in
868 2300 1091 2359 terram,
1127 2302 1182 2347 et
1223 2291 1433 2359 pulveri
1461 2291 1718 2346 commis-

109 2391 292 2451 ‘cetur,
338 2397 393 2443 et
443 2387 708 2454 deperit,
763 2386 1004 2440 ostendit
1055 2385 1366 2440 universam
1421 2399 1715 2454 corporum

134 2480 554 2544 magnitudinem
612 2496 709 2547 pro
739 2479 894 2535 nihili
942 2480 1321 2550 reputandam.
1378 2478 1480 2547 Qui
1534 2487 1714 2533 autem

136 2571 359 2627 extendit
385 2573 560 2629 ccelos
588 2582 644 2628 et
681 2572 940 2638 expandit
968 2585 1104 2626 eos:
1141 2578 1197 2624 ut
1227 2571 1309 2625 vel
1351 2585 1512 2637 supra
1561 2569 1718 2624 habi-

136 2672 294 2720 tarent
328 2666 668 2736 Augelorum
699 2664 1100 2730 multitudines,
1131 2664 1219 2718 vel
1252 2664 1440 2718 subter
1469 2662 1720 2718 homines

135 2771 492 2825 morarentur,
524 2769 579 2814 et
609 2759 765 2829 quasi
795 2773 1042 2828 magnam
1099 2758 1514 2811 rationabilibus
1559 2771 1716 2811 crea-

134 2851 260 2905 turis
307 2851 436 2908 fecit
462 2853 686 2908 domum
737 2869 750 2905 :
797 2851 912 2922 ipse
942 2865 1039 2918 pro
1094 2849 1357 2924 qualitate
1411 2858 1716 2918 temporum

137 2943 403 3015 principes
428 2945 739 3011 constituit,
769 2946 887 3000 sive
909 2951 1247 2998 secretorum
1281 2951 1634 3002 scrutatores,
1665 2950 1724 2995 ut

134 3035 233 3090 siut
257 3039 407 3107 quasi
437 3055 548 3092 non
589 3039 746 3098 sint:
801 3045 855 3092 et
893 3035 1108 3104 judices
1153 3043 1318 3089 terrm
1369 3033 1520 3088 vclut
1561 3034 1723 3088 inane

130 3126 264 3183 fetit.
314 3129 422 3184 Pro
455 3145 566 3200 quo
634 3128 774 3185 LXX
835 3130 1252 3190 transtulerunt,
1306 3137 1495 3181 terram
1549 3138 1723 3180 autent

131 3221 265 3288 quasi
290 3221 448 3276 niltili
473 3225 626 3294 fecit;
652 3223 925 3291 siquidem
954 3231 1009 3276 et
1057 3222 1112 3277 in
1148 3220 1414 3289 principio
1443 3220 1723 3276 Geneseos

1821 2021 1901 2065 rat
1925 2010 2313 2065 multitudinem
2340 2010 2648 2063 stellarum:
2693 2015 2742 2063 et
2769 2026 2945 2063 omnes
2989 2026 3076 2062 eas
3117 2024 3183 2063 ea:
3215 2009 3423 2065 nomine

1818 2111 1964 2158 uocat
1989 2103 2008 2175 (
2039 2101 2129 2156 Ps.
2161 2117 2312 2166 XLVI,
2338 2099 2373 2153 4
2397 2099 2439 2172 ).
2467 2099 2592 2155 Sive
2611 2099 2862 2153 militiam
2899 2098 3051 2165 (εαξη,
3075 2098 3313 2170 Angelos
3342 2101 3425 2154 in-

1821 2207 2211 2268 terpretemur,
2237 2204 2294 2251 et
2321 2209 2515 2250 onmes
2543 2194 2808 2248 cmlorum
2855 2194 3151 2255 exercitus,
3198 2191 3268 2246 de
3299 2191 3422 2262 qui-

1820 2293 1923 2347 bus
1955 2301 2012 2346 et
2055 2291 2246 2346 Daniel
2295 2290 2538 2360 loquitur
2566 2306 2576 2342 :
2613 2286 2788 2341 Millia
2817 2286 3042 2340 ntillium
3066 2287 3426 2341 ministrabant

1820 2388 1888 2448 ei,
1912 2396 1959 2438 et
1983 2385 2154 2439 decies
2172 2393 2384 2438 centena
2409 2381 2576 2436 millia
2599 2381 3000 2436 assistebantilli
3019 2378 3425 2452 (Dan.vtt.10).

1820 2477 1976 2536 Unde
2003 2488 2059 2534 et
2085 2476 2343 2531 Dominus
2371 2474 2590 2548 saltaoth
2618 2474 2956 2545 appellatur,
2981 2474 3072 2541 qui
3108 2481 3296 2528 nostra
3329 2473 3434 2528 lin-

1820 2591 1923 2646 gua
1982 2574 2206 2632 dicitur,
2241 2571 2494 2625 Dominus
2523 2569 2904 2638 milititcalqtte
2935 2567 3278 2632 exercituum,
3311 2565 3427 2620 sive

1820 2671 2085 2721 virtutum.
2136 2665 2333 2720 Educit
2383 2675 2567 2717 autem
2617 2663 2776 2730 juxta
2832 2674 3123 2714 numerum
3157 2662 3421 2714 caelorum

1822 2762 2069 2816 militiam
2104 2778 2118 2815 :
2165 2769 2224 2814 ut
2254 2767 2310 2813 et
2339 2757 2446 2824 sol,
2478 2767 2533 2812 et
2563 2756 2713 2822 luna,
2755 2764 2807 2810 et
2855 2763 3001 2808 astra
3033 2762 3254 2817 ca:tera,
3300 2765 3423 2822 quae

1823 2855 2411 2910 Abrahamnumerare
2435 2867 2542 2905 non
2568 2848 2766 2920 pntnit,
2800 2847 2880 2901 illi
2908 2855 3194 2902 numerata
3223 2845 3431 2908 sint,et

1824 2947 2063 3003 serviant
2093 2945 2273 3002 ofﬁcio
2300 2945 2552 3015 delegato
2580 2943 2750 3014 (Gen.
2787 2945 2880 3010 xv)
2923 2959 2935 2994 :
2982 2940 3112 2995 dum
3166 2937 3422 2994 eumdem

1825 3039 1948 3095 coeli
1970 3053 2189 3093 cursum
2216 3039 2297 3092 sul
2326 3051 2609 3100 unoaunn,
2637 3033 3150 3102 lucil‘crvt-sperque
3180 3030 3424 3095 biennio,

1828 3132 1952 3186 luna
1977 3131 2205 3200 singulis
2231 3129 2420 3196 explet
2451 3127 2753 3192 mensibus,
2786 3139 3082 3190 omnesque.
3110 3124 3284 3179 stella:
3307 3137 3431 3178 cer-

1828 3224 1896 3279 tis
1921 3220 2262 3292 temporibus
2293 3227 2581 3288 peragunt,
2611 3228 2663 3272 et
2691 3217 2936 3287 qua-dam
2969 3230 3037 3269 ex
3069 3215 3134 3269 iis
3167 3225 3434 3269 vocantur

131 3313 208 3368 ulti
235 3316 506 3384 scriptum
541 3326 624 3370 est
654 3333 666 3370 :
697 3315 864 3371 Terra
908 3326 1079 3370 autem
1124 3313 1418 3376 invisibilis,
1453 3323 1501 3367 et
1523 3315 1719 3366 incom-
1749 3307 1794 3368 C
1828 3327 2101 3380 errantes,
2148 3323 2311 3384 atque
2336 3311 2631 3381 intequales
2660 3326 2852 3366 earum
2887 3320 3060 3364 motus
3091 3310 3286 3374 oculis,
3322 3324 3430 3364 non

132 3406 290 3474 posita
321 3407 340 3474 (
368 3405 556 3461 Genes.
587 3422 626 3474 ι,
662 3409 771 3477 1),
822 3410 1002 3464 cancri
1057 3407 1451 3462 transtulerunt
1492 3424 1505 3459 :
1560 3405 1725 3459 Terra

134 3511 288 3554 autem
334 3511 448 3554 erat
489 3501 646 3554 inane
672 3510 719 3553 et
744 3501 917 3555 nihili.
975 3500 1220 3567 Quantos
1250 3514 1409 3570 reges
1453 3508 1507 3553 et
1537 3497 1727 3554 Graeca

133 3601 176 3644 et
227 3591 494 3661 Barbara,
555 3592 916 3662 Romanaque
961 3605 1140 3647 narrat
1191 3591 1459 3647 historia!
1493 3589 1596 3647 Ubi
1646 3597 1730 3644 est

136 3682 321 3740 Xerxis
357 3686 779 3742 innumerabilis
827 3685 924 3742 ille
950 3687 1270 3741 exercitus?
1298 3685 1397 3742 Ubi
1428 3683 1728 3739 Israelitica

135 3775 180 3830 in
223 3793 404 3834 eremo
454 3780 746 3834 mttltitudo
789 3780 813 3834 ?
865 3779 964 3836 Ubi
1003 3795 1189 3850 regum
1235 3780 1576 3836 incredibilis
1626 3793 1724 3850 po-

137 3869 325 3924 tentia?
354 3871 499 3941 Quid
523 3871 593 3928 de
608 3872 886 3928 veteribus
905 3872 1132 3943 loquar?
1156 3872 1446 3943 przcsentia
1473 3871 1724 3942 exempla

137 3976 224 4019 nos
258 3963 512 4035 doceant,
545 3982 669 4024 esse
699 3968 972 4037 principes
1002 3967 1154 4038 quasi
1189 3966 1368 4030 nihili,
1421 3975 1474 4022 et
1502 3965 1692 4034 judice

200 4089 221 4117 ⁸
258 4081 420 4138 Iidem
453 4101 612 4150 mss.,
645 4084 796 4157 quasi
843 4085 1067 4139 locustas
1097 4083 1273 4137 haberi
1309 4084 1592 4136 cernimus.

1831 3422 2012 3468 mente
2064 3409 2453 3479 conspicimus,
2506 3421 2608 3462 nec
2657 3416 2764 3461 tam
2821 3405 3216 3474 intelligimus,
3271 3419 3431 3472 quam

1829 3508 2111 3562 miramur.
2148 3501 2465 3574 Magnitudo
2496 3501 2640 3557 enim
2685 3497 3025 3554 fortitudinis
3052 3497 3148 3551 Dei
3175 3510 3279 3549 suo
3309 3494 3438 3549 facit

1828 3598 2025 3654 ordine
2053 3604 2247 3667 cuncta
2277 3597 2506 3650 servire.
2543 3591 2669 3649 Sive
2697 3591 2848 3661 juxta
2870 3587 3223 3658 Septuaginta
3248 3602 3274 3637 a
3298 3585 3441 3640 mul-

1829 3691 2064 3746 titudine
2095 3689 2281 3759 glorize
2323 3695 2378 3742 et
2409 3687 2668 3756 potentiae
2707 3683 2927 3738 virtutis
2957 3680 3097 3750 ejus,
3145 3677 3278 3732 nihil
3309 3690 3434 3731 eum

1828 3785 2000 3841 latere
2029 3793 2206 3850 potest
2233 3800 2245 3836 :
2275 3779 2370 3836 sed
2402 3779 2644 3835 omnium
2674 3777 2790 3832 vias
2825 3775 3181 3845 rationesque
3211 3779 3266 3827 et
3309 3783 3434 3826 cur—

1828 3893 1922 3934 sus
1945 3874 1972 3915 ι)
2000 3873 2283 3932 Creatoris
2311 3873 2598 3943 majestate
2639 3869 2940 3941 cognoscit.

1895 4078 1923 4116 ι’
1965 4077 2115 4134 Unus
2159 4075 2362 4142 Vatic.,
2397 4083 2602 4129 creator
2632 4087 2726 4124 sua
2761 4069 3032 4138 majestate
3057 4064 3342 4137 cognoscit.

146 4175 3425 4215 __________________________________________________

937 4267 1412 4382 LIBER
1493 4259 2588 4373 DUODECIMUS.

201 4535 380 4594 Nullus
411 4546 519 4596 tam
566 4537 852 4608 imperitus
903 4534 1143 4602 scriptor
1172 4539 1300 4595 est,
1330 4527 1421 4597 qui
1452 4528 1722 4584 lectorem
1752 4527 1806 4588 D
1829 4523 2227 4577 cltinnantium.
2269 4519 2438 4589 Igitur
2483 4529 2537 4574 ct
2583 4528 2775 4574 noster
2808 4530 2830 4558 ο
2876 4517 3108 4573 Luscius
3157 4515 3438 4571 Lanuinus

145 4640 238 4684 non
280 4632 516 4690 inveniat
548 4633 785 4688 similem
816 4629 896 4684 sui
930 4647 942 4682 :
977 4627 1256 4698 multoque
1289 4639 1414 4695 pars
1440 4621 1612 4686 maior
1639 4625 1724 4674 est

144 4715 357 4778 Milesias
401 4733 428 4761 ⁸
483 4724 714 4780 fabellas
763 4719 1194 4782 revolventium,
1255 4731 1417 4788 quam
1480 4710 1721 4769 Platonis

146 4807 316 4868 libros.
361 4815 415 4872 In
449 4817 626 4872 altero
671 4815 819 4871 enim
848 4811 1009 4867 ludus
1061 4820 1113 4864 et
1146 4808 1437 4865 oblectatio
1493 4815 1614 4870 est,
1672 4804 1724 4857 in

146 4903 299 4962 altero
325 4909 617 4966 difficultas
647 4920 697 4965 et
729 4907 758 4947 ι’
790 4906 960 4964 sudor
990 4905 1194 4960 mixtus
1223 4905 1421 4958 labori.
1476 4901 1719 4970 Denique

145 4993 384 5058 Timzuum
448 5005 516 5061 dc
576 5003 764 5059 mundi
837 4999 1120 5056 harmonia
1199 4994 1564 5070 593-595.
1628 5010 1721 5048 as-

151 5099 443 5168 trorumque
498 5114 664 5154 cursu
723 5105 780 5152 et
856 5094 1102 5149 numeris
1151 5091 1546 5160 disputantem,
1605 5088 1722 5153 ipse

151 5184 226 5252 qui
285 5185 667 5260 interpretatus
721 5196 805 5244 est
862 5185 1092 5251 Tullius,
1144 5197 1204 5238 se
1253 5197 1359 5236 non
1413 5180 1724 5249 intelligere

154 5281 443 5342 confitetur.
475 5286 892 5344 Testamentum
925 5292 1104 5337 autem
1136 5276 1372 5336 Grunnii
1421 5272 1728 5329 Corocottee

154 5367 362 5432 Porcelli
402 5379 696 5436 decantant
745 5378 800 5432 in
828 5375 1029 5432 scholis
1055 5384 1356 5444 puerorum
1386 5366 1602 5438 agmina
1641 5379 1732 5420 ca-

219 5493 242 5522 ⁸
278 5488 551 5547 Δοουᾱιιιιι
605 5506 749 5548 nunc
779 5489 928 5544 hisce
957 5483 1382 5544 Commentariis
1433 5495 1726 5549 recognos-

157 5559 324 5613 cendis
351 5562 456 5616 duo
475 5562 819 5620 Ambrosiaui
853 5575 983 5615 mss.
1013 5573 1242 5630 quorum
1273 5557 1412 5609 alter
1431 5553 1565 5630 _s_a_t_is
1588 5553 1727 5630 anti-

157 5631 341 5700 quusS
378 5632 575 5700 littera,
623 5646 677 5690 et
736 5647 883 5687 num.
933 5633 1002 5686 45
1030 5622 1392 5698 immutatus,
1426 5622 1657 5700 Milesias
1683 5631 1732 5676 et

161 5697 360 5815 Clitellas
385 5701 471 5760 hic
510 5697 656 5777 legit.
687 5703 896 5771 Nempe
923 5697 1158 5758 Milesias
1183 5700 1523 5783 substantive
1545 5697 1731 5751 dixere

202 5780 367 5815 etet-ee
399 5791 410 5803 -
435 5789 483 5815 οι
521 5778 740 5815 "inran
789 5785 975 5815 onntm
1031 5774 1283 5815 κιιίῖηιιιιι
1329 5772 1420 5815 Ιιιι-
1450 5785 1486 5815 ι-
1539 5785 1590 5815 ιι.
1626 5769 1724 5815 17ε

202 5780 367 5847 eteres
399 5789 489 5830 :et
521 5769 742 5847 Hieron.
789 5769 976 5830 contra
1029 5774 1301 5847 ΒιιίίειιιιιιΔ
1329 5772 1420 5847 lib.
1450 5785 1488 5833 ι,
1539 5785 1590 5821 ιι.
1626 5769 1724 5847 1‘]:

165 5833 463 5898 Cirratorum
490 5849 639 5903 turba
661 5845 988 5901 Milesiorum
1027 5847 1082 5900 in
1133 5843 1328 5899 scholis
1357 5843 1601 5914 ﬁgmenta
1641 5838 1732 5914 de-

165 5921 338 5967 mutat.
383 5915 535 5975 Alter
574 5914 886 5990 praegrandi
923 5917 1096 5976 forma
1128 5917 1168 5974 E
1217 5909 1415 5973 littera
1446 5923 1500 5971 et
1545 5927 1601 5968 n.
1657 5909 1727 5967 98

1830 4615 2041 4667 fruatur
2071 4611 2326 4674 testibus,
2366 4610 2532 4664 immo
2583 4609 2888 4664 fautoribus
2938 4610 3093 4672 suis;
3145 4610 3437 4676 vincatque

1829 4703 2200 4769 multitudine,
2229 4705 2358 4772 quia
2392 4701 2622 4755 forsitan
2657 4701 2826 4755 vincit
2859 4699 3104 4770 ingenio.
3157 4698 3284 4752 Mihi
3316 4695 3432 4752 suf-

1831 4799 1942 4854 ficit
1970 4811 2266 4865 paucorum
2294 4795 2689 4856 testimonium,
2711 4804 2764 4846 et
2790 4792 3091 4846 amicorum
3124 4789 3282 4844 laude
3304 4804 3438 4844 con-

1827 4901 2010 4949 tentus
2041 4907 2182 4954 sum,
2211 4891 2302 4962 qui
2331 4891 2384 4944 iu
2409 4886 2734 4959 expetendis
2758 4883 3034 4955 opusculis
3059 4883 3220 4949 meis,
3249 4896 3439 4937 amore

1825 4987 1994 5042 nostri
2020 4985 2293 5051 labuntur,
2334 4999 2388 5039 et
2419 4983 2600 5037 studio
2645 4979 3053 5050 Scripturarum
3076 4995 3090 5042 ;
3113 4991 3177 5032 ac
3200 4975 3438 5032 nonnul-

1829 5081 1908 5133 los
1940 5079 2058 5135 fore
2103 5078 2348 5132 arbitror
2375 5075 2466 5145 qui
2497 5075 2600 5130 hoc
2657 5075 2833 5145 ipsqu
2865 5071 3012 5143 quod
3047 5071 3113 5126 ad
3141 5083 3212 5130 te.
3243 5068 3441 5125 Eusto-

1830 5173 2040 5239 chium,
2071 5185 2382 5227 sermonem
2439 5168 2601 5230 facio,
2631 5164 3021 5223 obtrectationi
3073 5177 3262 5235 patere
3307 5177 3443 5218 con-

1835 5271 2085 5336 tendant,
2120 5283 2229 5322 non
2272 5264 2710 5328 considerantes,
2751 5264 2982 5320 Holdatn
3033 5271 3090 5317 et
3120 5267 3331 5316 Annam
3375 5272 3443 5313 ac

1839 5365 2172 5428 Debboram,
2203 5361 2334 5417 viris
2366 5361 2694 5420 tacentibus,
2726 5357 3088 5428 prOpltetasse
3117 5375 3128 5409 :
3163 5364 3218 5410 et
3242 5352 3296 5405 in
3324 5364 3441 5404 ser-

1834 5480 2175 5550 designatur,
2219 5492 2397 5550 coque
2427 5476 2628 5550 passim
2662 5484 2874 5526 utemur
2896 5469 3152 5550 inierius.

1907 5551 1934 5591 b
1957 5536 2370 5604 “Ambrosianus
2403 5536 2696 5603 vetustior,
2730 5553 2775 5596 et
2806 5540 2987 5594 sudori
3026 5540 3220 5592 mixtus
3268 5536 3436 5590 labor.

1912 5635 1932 5661 c
1984 5621 2077 5677 Sic
2129 5619 2326 5674 habent
2375 5630 2512 5671 ιιιες.
2545 5611 3000 5684 quemadmodum
3035 5609 3165 5684 alibi
3213 5623 3432 5684 quoque

1837 5694 2203 5768 reposui_tous.
2235 5691 2406 5745 Antea
2430 5679 2771 5768 erat'buciits
2800 5681 3076 5764 Lavinium.
3107 5682 3201 5768 De“
3211 5679 3439 5768 porcelli

1838 5750 2018 5820 anietu
2041 5763 2392 5819 Te~tameuto
2415 5757 2639 5814 consule
2688 5751 3023 5808 BriSsouium
3064 5752 3116 5806 in
3159 5750 3435 5818 Formul.;

1838 5836 2186 5895 Lambecium
2219 5846 2436 5905 quoque
2460 5829 2527 5887 ad
2556 5825 2732 5898 Apicii
2755 5825 2850 5883 lib.
2881 5837 2996 5892 vin,
3027 5837 3146 5896 cap.
3178 5825 3233 5880 7.
