3932 6332
541 283 645 345 ιιι

548 398 721 457 vitate
746 393 951 451 Christi
993 404 1334 461 nequaquam
1385 385 1747 451 dill‘ereutiam
1788 400 2015 441 sexuum
2046 397 2141 441 va-
2172 383 2217 457 Α

544 492 682 557 lere,
712 488 808 546 sed
841 486 1126 547 mentium.
1174 483 1541 543 Duodecimns
1568 496 1699 552 ergo
1728 481 1780 541 in
1809 479 2006 539 Isaiam
2044 492 2136 533 εις

547 582 918 654 planationum
952 578 1093 633 liber
1135 576 1238 633 hoc
1283 574 1507 631 habebit
1544 573 1852 629 estirdium.

611 670 972 747 493(Vers.
997 669 1066 729 27
1095 674 1281 739 seqq.)
1316 667 1490 732 Quare
1508 664 1659 727 dicis,
1683 662 1873 729 Iacob,
1897 672 1946 718 et
1969 659 2147 733 loque-

543 766 641 833 ris,
673 763 866 831 Israel,
898 762 1207 821 abscondita
1242 772 1315 819 est
1348 761 1428 815 via
1460 774 1625 817 mena
1652 757 1874 815 Domino
1907 772 1926 811 :
1954 766 2003 810 et
2032 752 2146 833 Deo

544 830 658 912 meo
694 855 961 930 judicium
998 869 1170 909 meum
1210 850 1449 907 transibit
1495 848 1607 922 [AL
1640 846 1943 920 transiuit]?
1978 830 2146 900 Num-

544 949 670 1021 quid
695 949 884 1012 nescis,
918 957 1011 1003 aut
1042 962 1143 1001 non
1172 946 1410 1001 audisti?
1432 943 1573 1001 Deus
1601 943 1946 1016 sempiternus
1973 982 1988 1008 ,
2032 939 2146 999 Do-

553 1044 726 1101 minus
752 1041 842 1113 qui
871 1039 1062 1095 creavit
1091 1039 1335 1095 terminos
1371 1046 1554 1100 terra,
1592 1052 1697 1093 non
1725 1036 1956 1105 deﬁciet,
1986 1051 2148 1105 neque

545 1136 826 1203 laborabit,
858 1150 951 1191 nec
976 1143 1051 1188 est
1077 1132 1401 1204 investigatio
1439 1131 1710 1202 sapientiae
1748 1133 1881 1205 ejus.
1928 1128 2030 1196 Qui
2058 1129 2148 1185 dat

548 1229 688 1287 lasso
712 1231 953 1287 virtutem
989 1245 1008 1285 :
1038 1239 1085 1284 et
1106 1227 1186 1282 Itis
1207 1228 1297 1301 qui
1326 1243 1427 1283 non
1450 1228 1638 1285 habent
1662 1224 2040 1299 fortitudinem,
2070 1240 2149 1278 ro-

548 1326 644 1381 bur
670 1325 1004 1391 multiplicat.
1040 1323 1291 1394 Deﬁcient
1323 1324 1471 1393 pueri
1497 1330 1546 1376 et
1580 1320 1905 1386 laborabunt,
1932 1327 1979 1372 et
1992 1321 2145 1392 juve-

549 1436 639 1474 nos
660 1419 714 1473 in
742 1418 1050 1485 inﬁrmitate
1070 1417 1276 1475 cadent.
1310 1416 1412 1484 Qui
1441 1425 1612 1471 autent
1638 1423 1849 1485 sperant
1876 1416 1930 1469 in
1967 1412 2120 1467 Domi
2129 1446 2150 1457 -

548 1530 616 1569 no
642 1555 657 1578 ,
706 1510 981 1575 mutabunt
1027 1512 1381 1583 fortitudinem
1411 1551 1426 1577 ,
1473 1519 1733 1565 assument
1775 1524 1972 1577 pennas
2017 1507 2149 1562 sicut

546 1605 759 1675 aquilte,
792 1614 1024 1667 current,
1048 1614 1095 1658 et
1125 1620 1227 1659 non
1249 1602 1579 1669 laborabunt;
1603 1599 1955 1665 ambulabunt,
1977 1608 2146 1655 etnon

546 1699 808 1770 deﬁcient.
841 1697 985 1757 LXX
1023 1716 1036 1752 :
1069 1696 1191 1753 Non
1221 1698 1360 1753 enim
1382 1697 1547 1764 dicas,
1569 1694 1735 1755 Iacob
1760 1711 1780 1751 .·
1800 1704 1844 1747 et
1864 1693 1987 1764 quid
2010 1694 2146 1747 Iocu-

434 1858 449 1869 _
540 1803 628 1851 tus
648 1809 723 1857 es,
758 1790 932 1853 Israel
956 1801 980 1827 ’ί
1006 1808 1024 1849 ;
1053 1790 1371 1853 Abscondita
1390 1800 1469 1847 est
1496 1791 1579 1847 via
1598 1806 1757 1845 mean
1779 1787 1906 1852 Deo,
1937 1797 1983 1842 et
2004 1786 2147 1843 Deus
2182 1771 2223 1833 Β

543 1905 688 1945 meus
727 1887 991 1962 judicium
1028 1902 1199 1942 meum
1238 1886 1496 1951 abstulit,
1535 1894 1581 1942 et
1621 1883 1831 1939 recessit
1871 1898 1890 1937 :
1925 1890 1974 1937 et
2013 1898 2150 1937 nunc

546 1983 733 2046 nescis,
768 1992 816 2036 et
848 1998 951 2037 non
974 1980 1210 2037 audisti?
1239 1978 1383 2035 Deus
1410 1988 1657 2043 teternus,
1690 1976 1827 2033 Deus
1848 1976 1937 2048 qui
1962 1976 2151 2031 crearit

549 2074 795 2131 terminos
825 2084 977 2129 terrae
1006 2089 1024 2124 :
1049 2089 1149 2127 non
1174 2072 1391 2135 esuriet,
1423 2086 1515 2126 nec
1545 2068 1824 2133 laborabit,
1861 2083 1955 2123 nec
1977 2077 2052 2123 est
2079 2069 2152 2122 in-

547 2168 715 2221 uentio
742 2165 1034 2237 prudentia:
1075 2168 1212 2227 eius.
1250 2163 1353 2230 Qui
1384 2162 1473 2219 dat
1502 2161 1849 2217 esurientibus
1879 2160 2117 2232 fortitudi
2136 2191 2148 2200 -

549 2275 664 2316 item
699 2272 718 2315 .'
743 2267 790 2315 et
816 2272 922 2312 non
948 2256 1243 2313 dolentibus
1276 2272 1563 2313 mererem.
1594 2253 1840 2311 Esurient
1862 2255 2149 2325 enimjuve-

545 2367 652 2413 nes.
685 2361 733 2407 et
761 2348 1067 2407 laborabunt
1097 2349 1470 2416 adolescentes,
1503 2358 1552 2407 et
1571 2347 1725 2403 electi
1744 2347 1944 2419 inﬁrmi
1974 2355 2147 2402 erant.

550 2442 655 2510 Qui
685 2452 857 2499 autem
883 2449 1184 2514 exspectant
1212 2441 1380 2496 Deum
1410 2481 1426 2508 ,
1466 2440 1733 2497 mutabunt
1768 2438 2148 2509 fortitudinem.

549 2533 820 2591 Assumeut
842 2534 956 2590 alas
986 2533 1138 2604 quasi
1177 2531 1366 2601 aquila:
1395 2547 1413 2585 :
1443 2539 1653 2585 current
1685 2570 1700 2595 ,
1745 2539 1793 2584 et
1822 2546 1927 2583 non
1955 2528 2152 2584 labora-

549 2629 676 2687 bunt
702 2646 720 2684 :
751 2628 1078 2703 gradientur,
1109 2638 1156 2680 et
1184 2643 1285 2685 non
1318 2626 1561 2681 esurient.
1595 2623 1727 2681 Cum
1743 2622 2150 2694 Omnipotentis

552 2721 648 2777 Dei
682 2728 828 2776 tanta
853 2722 923 2774 sit
953 2717 1293 2789 magnitudo,
1325 2725 1381 2775 ut
1412 2716 1550 2772 nihil
1578 2732 1699 2772 eum
1733 2716 1920 2782 lateat,
1953 2725 2006 2770 et
2038 2731 2154 2775 om-

554 2812 642 2869 nia
670 2812 820 2867 illius
848 2811 1077 2869 arbitrio
1098 2810 1508 2880 gubernentur,
1551 2825 1724 2880 quare
1761 2808 1902 2867 dicis
1940 2807 2110 2865 Jacob
2135 2850 2149 2876 ,

552 2903 606 2959 id
633 2913 736 2972 est,
772 2901 893 2959 duae
924 2902 1098 2959 tribus
1122 2917 1242 2974 quae
1264 2900 1686 2970 appellabantur
1706 2900 1867 2970 Juda;
1888 2910 1943 2958 et
1964 2900 2151 2973 loque—

554 2997 629 3057 ris
655 2996 857 3059 Israel,
887 2996 1077 3052 decem
1110 2996 1230 3051 alite
1268 2996 1444 3052 tribus
1476 2995 1529 3051 in
1558 2994 1804 3053 Samaria
1833 3036 1848 3060 ,
1881 3009 2003 3066 qum
2038 2993 2150 3064 jam

553 3092 787 3158 captivae
816 3088 996 3145 ducta:
1027 3089 1163 3144 estis
1193 3088 1246 3143 in
1279 3087 1533 3160 Assyrios
1569 3104 1581 3141 :
1621 3084 1935 3149 Abscondita
1959 3096 2031 3140 est
2068 3085 2154 3142 via

552 3198 665 3239 mea
687 3198 717 3235 a
737 3180 994 3239 Domino:
1026 3190 1075 3237 et
1098 3199 1128 3237 a
1146 3178 1255 3236 Deo
1277 3197 1389 3235 meo
1401 3182 1662 3255 judicium
1686 3197 1851 3234 meum
1875 3180 2156 3235 transibit?
2182 3154 2226 3218 (δ

555 3275 619 3356 Et
652 3284 736 3330 est
756 3290 951 3333 sensus
983 3292 996 3329 :
1036 3276 1252 3344 Dicitis,
1283 3274 1349 3333 ad
1379 3274 1549 3331 Deum
1588 3283 1810 3330 terrena
1852 3288 1957 3328 non
1989 3273 2157 3343 perti-

554 3377 709 3436 nent,
732 3383 834 3427 nec
859 3366 1489 3443 consideratwaquid
1512 3366 1889 3437 unusquisque
1909 3375 2154 3421 nostrum

552 3473 726 3535 gerat.
763 3461 918 3519 Unde
946 3470 1004 3517 et
1035 3476 1133 3517 nos
1162 3464 1229 3515 nl)
1259 3461 1508 3519 hosdbus
1537 3461 1739 3528 injuStc
1771 3457 2155 3531 Opprimitnur,

558 3564 613 3609 et
659 3555 1112 3625 iujumentorum
1154 3542 1471 3623 et’piscium
1515 3553 1968 3615 similitudinem,
2000 3551 2155 3625 juxta

561 3645 811 3709 Abacuc,
841 3646 1046 3716 absque
1071 3646 1182 3701 ullo
1221 3654 1438 3700 rectore
1468 3645 1840 3717 disperdimur
1866 3645 2051 3719 (Abac.
2081 3645 2154 3717 ι).

561 3734 773 3803 Quibus
804 3736 1089 3804 reSpontlit
1122 3736 1262 3793 Deus
1288 3752 1300 3788 :
1331 3735 1601 3808 Numquid
1639 3737 1844 3804 nescis;
1887 3752 1988 3795 nec
2021 3752 2158 3809 prm-

563 3828 871 3885 cedentium
914 3827 1324 3897 Scripturarum
1361 3839 1414 3884 te
1446 3831 1615 3884 verba
1662 3830 2001 3895 docuerunt,
2040 3832 2159 3887 sive

557 3918 710 3991 juxta
742 3919 886 3975 LXX
910 3922 1149 3989 ignoras,
1183 3919 1307 3993 quia
1341 3936 1446 3975 non
1475 3920 1679 3976 audisti
1700 3962 1714 3982 .
1743 3921 1885 3992 quod
1914 3934 2159 3983 aeternus

565 4013 707 4068 Deus
737 4023 793 4069 et
816 4012 1050 4069 Creator
1071 4013 1315 4068 omnium
1345 4014 1605 4070 Dominus
1626 4015 1806 4069 omnia
1833 4017 2006 4082 novit,
2037 4031 2157 4071 om-

561 4108 646 4162 nia
669 4109 941 4167 continet,
957 4108 1139 4161 omnia
1162 4123 1257 4161 sua
1285 4110 1572 4177 maiestate
1592 4113 1872 4183 dispensat
1890 4111 1912 4165 ἲ
1927 4108 2037 4173 Nec
2061 4110 2160 4166 ali-

562 4201 783 4269 quando
811 4198 1021 4267 delicit,
1056 4216 1159 4255 nec
1180 4200 1425 4269 laborat;
1464 4214 1523 4260 ut
1550 4211 1702 4263 tuum
1739 4202 2006 4274 judicium
2048 4217 2157 4259 non

566 4292 837 4362 intelligat
861 4336 874 4358 ,
922 4302 979 4349 et
1008 4293 1344 4351 abscondita:
1377 4297 1488 4352 sint
1515 4297 1584 4351 ab
1625 4313 1693 4354 eo
1730 4299 1829 4353 vite
1869 4299 2017 4354 tuae?
2047 4297 2159 4365 Nec

563 4394 670 4450 est,
703 4386 895 4459 inquit,
929 4389 1274 4462 investigatio
1306 4390 1591 4465 sapientia:
1622 4389 1773 4461 ejus,
1798 4390 1866 4447 de
1893 4406 2001 4463 quo
2034 4389 2159 4445 loco

556 4478 693 4539 illud
718 4483 968 4553 Apostoli
991 4493 1268 4556 sumptum
1299 4499 1425 4541 reor
1454 4498 1467 4536 :
1500 4468 2055 4557 Incompreltensibilia
2074 4489 2160 4558 ju-

559 4574 698 4631 dicia
724 4578 861 4648 ejus,
890 4586 936 4631 et
965 4577 1341 4649 inuestigabiles
1367 4576 1552 4650 [Forte
1579 4576 2038 4652 iuiuuestigabiles]
2066 4580 2160 4634 vite

560 4665 904 4741 illius(Rom.
934 4685 1007 4732 ιι.
1032 4670 1126 4741 55)
1152 4687 1165 4735 ;
1197 4671 1332 4734 sive,
1369 4681 1426 4725 ut
1448 4668 1594 4731 LXX
1618 4671 2033 4735 transtulerunt,
2059 4687 2163 4727 non

562 4761 774 4826 esuriet,
800 4772 849 4816 et
873 4780 975 4818 non
1006 4762 1280 4823 laborabit.
1317 4761 1415 4819 Ubi
1445 4762 1595 4817 enim
1620 4762 1797 4823 cilius,
1820 4761 2164 4835 ibifrequen-

564 4858 648 4906 ter
668 4853 900 4917 esuries,
931 4854 976 4909 si
1004 4854 1186 4913 cibum
1214 4852 1525 4911 detraxeris
1556 4868 1569 4904 :
1600 4859 1656 4906 et
1690 4850 1779 4906 ubi
1817 4854 2026 4911 esuries
2046 4895 2060 4919 ,
2086 4853 2161 4908 ibi

562 4947 617 4995 et
646 4938 821 4997 labor.
850 4941 985 4999 Cum
1009 4956 1189 5000 autem
1220 4946 1273 5005 in
1301 4946 1412 5001 Deo
1436 4943 1550 4998 haec
1581 4957 1688 5001 non
1713 4942 1845 5008 sint,
1870 4959 1967 4998 cur
1989 4945 2037 4999 ei
2065 4945 2164 5000 hu-

567 5045 754 5089 manas
779 5032 1008 5106 jungitis
1037 5038 1357 5106 passiones?
1385 5042 1517 5112 quin
1551 5041 1730 5111 potius
1761 5042 1874 5113 ipse
1906 5041 2162 5099 esurien-

564 5121 711 5181 tibus
732 5125 967 5183 etlassis
992 5126 1086 5182 dat
1129 5127 1506 5189 fortitudinem
1530 5174 1545 5200 ,
1592 5142 1649 5189 et
1686 5132 1780 5204 qui
1818 5131 2076 5189 videntur
2108 5132 2160 5187 in

566 5219 771 5283 smculo
804 5233 929 5275 esse
966 5222 1121 5292 quasi
1175 5222 1367 5289 nihili,
1413 5226 1671 5283 virtutem
1726 5225 1996 5295 rolturque
2027 5224 2165 5283 ntul-

562 5312 798 5384 tiplicat,
835 5312 950 5368 sive
966 5312 1122 5385 juxta
1154 5313 1297 5370 LXX
1319 5356 1332 5378 .
1371 5317 1461 5387 qui
1505 5318 1696 5372 tribuit
1732 5335 1834 5372 non
1869 5316 2164 5372 dolentibus

568 5422 840 5467 mrerorem
868 5448 895 5491 ,_
923 5416 1009 5464 est
1038 5408 1184 5479 enim
1238 5406 1461 5473 tristitia
1485 5425 1605 5485 quae
1628 5408 1779 5473 ducit
1803 5410 1866 5465 ad
1903 5418 2163 5476 mortem,

562 5508 616 5555 et
662 5511 746 5559 εει
796 5500 1018 5561 tristitia
1090 5517 1214 5573 qua:
1277 5503 1435 5563 ducit
1488 5502 1555 5561 ad
1622 5503 1811 5560 vitam.
1863 5501 2019 5567 Unde
2078 5501 2164 5558 his

442 5614 481 5661 \r
565 5592 657 5658 qui
686 5591 892 5649 habent
943 5607 1044 5648 cor
1085 5593 1440 5664 impmnitens
1466 5637 1482 5665 ,
1507 5596 1601 5653 dat
1629 5596 1911 5653 tristitiam
1940 5604 2001 5651 ut
2030 5611 2160 5667 pec-

2186 4538 2237 4599 D

1799 271 1859 329 8.
1903 267 2177 331 ευεεῡιι
2200 264 2588 335 ΗΙΕΒΟΝΥΜΙ

3734 263 3827 324 lli

2245 391 2366 441 cata
2415 395 2514 437 sua
2576 378 2912 451 intelligant.
2973 377 3041 435 Et
3102 376 3227 450 quia
3288 375 3740 454 multisatadent
3779 379 3823 435 iu

2245 474 2491 544 corporis
2521 471 2782 536 sanitate,
2817 482 2871 527 et
2902 469 3326 529 adolescentiam
3356 480 3535 541 atque
3562 466 3823 544 pueritiam

2246 575 2437 636 putant
2459 580 2583 622 esse
2607 577 2950 645 perpetuum,
2979 564 3159 636 jungit
3179 573 3234 619 ct
3263 564 3435 630 dicit,
3467 563 3615 635 quod
3653 562 3824 641 ﬂorens

2245 672 2376 719 aetas
2403 663 2511 716 cito
2539 662 2827 724 concidat,
2862 670 2918 716 et
2945 674 3176 729 corpora
3215 659 3445 719 robusta
3486 668 3821 713 marcescant.

2245 757 2345 826 Qui
2377 765 2558 813 autem
2601 770 2707 810 non
2741 755 2794 810 in
2820 755 2940 811 suis
2970 754 3181 810 viribus
3207 794 3221 820 ,
3253 753 3347 809 sed
3374 732 3439 805 in
3475 751 3592 807 Deo
3620 750 3825 807 habeant

2248 851 2526 917 ﬁduciam,
2556 849 2721 923 ωδ
2744 860 2798 905 et
2834 850 2954 923 ejus
2985 863 3207 917 semper
3235 847 3684 903 misericordiam
3712 862 3825 917 pra:-

2248 945 2525 1005 stolentur
2558 942 2667 1017 [ΑΙ.
2706 941 3152 1016 prmstolantur],
3190 952 3402 1003 mutent
3437 941 3825 1011 fortitudinem,

2248 1049 2299 1097 et
2330 1037 2527 1093 vadunt
2548 1038 2618 1093 de
2652 1039 2854 1093 virtute
2883 1036 2935 1093 in
2977 1038 3241 1091 virtutem
3278 1054 3290 1088 :
3324 1045 3380 1098 et
3413 1046 3695 1103 assumant
3722 1051 3828 1103 peu-

2251 1146 2348 1187 nas
2376 1132 2521 1186 sicut
2539 1126 2759 1201 aquilae,
2786 1139 2840 1185 et
2864 1128 3087 1191 audiant
3118 1143 3132 1183 ;
3166 1125 3530 1194 Renouabitur
3552 1126 3685 1197 sicut
3706 1125 3826 1198 aqui-

2249 1226 2314 1281 la:
2332 1228 2581 1298 juventus
2611 1232 2701 1279 tua
2730 1223 2850 1296 (Ps.
2876 1238 2972 1290 cu,
2996 1220 3075 1295 5);
3101 1228 3332 1279 currant
3353 1220 3427 1276 ad
3452 1220 3755 1286 Dominum,
3782 1228 3825 1277 et

2248 1319 2367 1389 ejus
2395 1318 2674 1373 desiderio
2699 1332 2805 1373 non
2831 1317 3075 1383 laborent
3101 1333 3115 1382 ;
3149 1315 3464 1381 ambulent,
3491 1323 3824 1385 etnnmquam

2249 1411 2525 1468 deﬁciant.
2557 1410 2765 1482 Crebro
2786 1410 3055 1482 diximus,
3071 1410 3378 1482 aquilarum
3398 1417 3734 1466 senectutem
3754 1423 3825 1464 re-

2250 1507 2523 1564 virescere
2555 1486 3477 1583 muta'tionepennarum,'et;solas
3508 1502 3829 1575 essequzcju-

2251 1601 2349 1657 bar
2377 1600 2512 1656 solis
2536 1598 2810 1671 aspiciant
2835 1607 2890 1655 et
2914 1598 3275 1669 splendorem
3289 1597 3578 1670 radiorum
3597 1597 3710 1669 ejus
3729 1610 3827 1668 pos.

2251 1697 2362 1751 sint
2414 1694 2747 1753 micantibus
2785 1694 2963 1751 oculis
3006 1693 3206 1751 intueri
3238 1711 3252 1751 :
3288 1693 3589 1764 pullosque
3618 1707 3742 1759 βυρδ
3772 1706 3827 1757 an

2249 1790 2503 1860 generosi
2532 1790 2674 1855 sint,
2717 1788 2822 1851 hoc
2853 1789 3241 1860 experimento
3288 1790 3552 1859 probent.
3589 1767 3758 1859 Itaque
3784 1797 3826 1844 et

2252 1893 2474 1941 sanctos
2508 1898 2938 1953 repuerascere,
2981 1894 3038 1941 et
3067 1894 3355 1953 assumpto
3404 1883 3702 1941 immortali
3729 1897 3827 1939 cor-

2253 1992 2415 2048 pore,
2445 1976 2695 2033 laborem
2730 1993 2836 2035 non
2861 1978 3071 2034 sentire
3111 1976 3432 2035 mortalium
3457 2017 3473 2044 ,
3509 1976 3604 2032 sed
3643 1977 3745 2046 rapi
3782 1976 3824 2033 in

2253 2070 2492 2127 nubibus
2524 2069 2740 2124 obviam
2770 2070 3018 2137 Christo,
3050 2080 3109 2127 et.
3130 2086 3478 2141 nequaquam
3517 2069 3669 2142 juxta
3705 2067 3823 2125 LXX

2252 2161 2467 2217 e~urire
2488 2204 2501 2227 ,
2528 2163 2653 2232 quia
2693 2170 3019 2233 prtesentem
3054 2162 3347 2219 Dominum
3381 2162 3614 2221 habeant
3645 2163 3821 2219 cibum.

2327 2255 2481 2326 (Cap.
2515 2253 2647 2311 XLI.
2679 2286 2747 2297 -—-
2772 2255 2927 2310 Vers.
2965 2257 2987 2311 I
3019 2256 3201 2327 sequ.)
3247 2254 3480 2317 Taceant
3508 2256 3577 2311 ad
3603 2272 3679 2311 nte
3701 2256 3823 2311 insu-

2254 2346 2338 2411 ltL’,
2370 2356 2414 2403 et
2444 2357 2615 2419 gentes
2643 2355 2837 2402 mutent
2878 2346 3237 2417 fortitudinem
3262 2362 3281 2401 :
3319 2346 3591 2413 accedant,
3637 2355 3681 2401 et
3722 2356 3823 2399 tunc

2255 2443 2573 2513 loquantur:
2628 2443 2785 2499 simul
2838 2443 2905 2497 ad
2946 2443 3213 2515 judicium
3267 2442 3680 2516 prapinquemus.
3713 2438 3822 2505 Quis

2252 2536 2514 2591 suscitauit
2558 2536 2618 2589 ab
2652 2534 2861 2591 Oriente
2893 2532 2924 2590 l
2930 2546 3096 2591 ustum
3121 2551 3139 2589 :
3168 2520 3369 2605 uacauit
3402 2551 3513 2591 eum
3538 2542 3589 2590 ut
3612 2546 3825 2602 sequere-

2255 2638 2338 2683 tur
2365 2630 2456 2685 se?
2478 2626 2635 2683 Dabit
2664 2630 2718 2685 in
2746 2638 3021 2699 conspectu
3051 2632 3169 2703 ejus,
3193 2637 3630 2703 gentesnetreges
3654 2624 3823 2679 obtine-

2253 2720 2342 2776 bit.
2392 2718 2549 2781 Dabit
2576 2720 2735 2795 quasi
2762 2720 3019 2787 pulverem
3054 2710 3232 2793 gladio
3277 2724 3422 2795 ejus,
3453 2721 3581 2777 sicut
3605 2715 3820 2791 stipulam

2254 2812 2816 2886 rento_raptamarcui
2845 2813 3008 2869 illius.
3057 2812 3403 2886 Persequetur
3448 2831 3571 2870 eos:
3618 2810 3822 2869 transibit

2254 2910 2307 2960 in
2347 2921 2495 2976 pace,
2526 2905 2708 2960 semita
2737 2905 2791 2959 in
2840 2905 3053 2972 pedibus
3084 2910 3197 2978 ejus
3236 2923 3339 2961 non
3390 2906 3669 2978 apparebit.
3714 2902 3818 2972 Quis
3888 2928 3889 2949 ι

2254 3003 2365 3055 luec
2391 3008 2630 3070 operatus
2655 3009 2729 3052 est
2754 3007 2804 3054 et
2829 3000 2949 3069 fecit
2977 3016 2993 3053 :
3024 3016 3211 3055 vocans
3230 3003 3584 3074 generationes
3615 3000 3672 3055 ab
3695 3011 3819 3052 exor-

2256 3089 2344 3145 dio
2366 3092 2391 3145 ?
2417 3089 2529 3161 Ego
2560 3088 2844 3155 Dominus,
2877 3092 3074 3163 primus
3122 3101 3169 3149 et
3210 3095 3540 3149 novissimus
3586 3108 3671 3164 ego
3707 3104 3814 3145 sunt.
3888 3150 3889 3161 χ

2266 3184 2518 3238 Viderunt
2544 3184 2747 3247 insula,
2793 3194 2841 3238 et
2872 3186 3195 3241 timuerunt:
3224 3196 3456 3243 extrema
3501 3196 3651 3243 terra:
3674 3184 3819 3257 obstu-
3888 3180 3889 3193 ‘

2256 3286 2497 3353 prterunt.
2528 3277 3069 3351 appmpinquaverunt
3099 3286 3145 3331 et
3175 3288 3525 3354 accesserunt.
3570 3272 3819 3348 Hauptius

2258 3384 2356 3439 que
2379 3349 2614 3445 progenita
2657 3384 2749 3425 suo
2775 3362 3110 3450 auxiliabitur
3133 3386 3153 3425 :
3180 3380 3227 3425 et
3257 3349 3535 3445 {ratri‘suo
3573 3372 3691 3423 dicet
3725 3363 3815 3437 [AL

2259 3460 2445 3536 dicit],
2466 3463 2812 3534 Coniectare.
2846 3462 3167 3536 Confortauit
3198 3463 3309 3525 [ΑΙ.
3356 3461 3679 3536 confortabit]
3704 3460 3817 3533 {abet

2258 3556 2477 3613 a'rarius
2520 3558 2809 3629 percutiens
2858 3558 3043 3613 malleo
3074 3575 3185 3611 eum
3211 3558 3297 3625 qui
3327 3558 3549 3615 cudebat
3575 3566 3684 3611 tunc
3713 3562 3815 3605 tem-

2259 3647 2421 3716 poris,
2447 3647 2641 3715 dicens,
2679 3648 2880 3720 glutino
2902 3649 3091 3705 bonum
3120 3660 3190 3703 cst
3218 3665 3236 3703 :
3264 3658 3309 3705 et
3338 3640 3815 3722 conforturiteumitt

2260 3739 2452 3807 claris,
2482 3749 2537 3797 ut
2564 3756 2665 3801 non
2696 3751 2967 3811 moveatur
2987 3740 3095 3814 [AL
3125 3742 3458 3816 moveretur].
3492 3738 3627 3805 LXX
3654 3755 3665 3791 :
3691 3733 3816 3791 Inuo-

2260 3833 2450 3887 vamini
2495 3833 2563 3887 ad
2606 3851 2685 3891 nte
2727 3835 2934 3897 insulaz,
2962 3835 3222 3909 principes
3252 3836 3387 3891 enim
3417 3833 3671 3901 mutabunt
3691 3828 3815 3882 uirtu-

2263 3933 2361 3978 tem
2387 3941 2404 3978 .·
2436 3928 2850 3998 appropinquent
2877 3936 2924 3981 et
2943 3918 3219 3994 loquantur
3239 3929 3398 3980 simul
3423 3943 3442 3982 :
3466 3939 3584 3980 tunc
3602 3920 3812 3995 judicium

2261 4019 2567 4073 annuntient
2594 4036 2612 4073 :
2645 4018 2773 4086 Quis
2820 4019 3083 4073 suscitavit
3111 4018 3175 4073 de
3207 4000 3422 4072 Oriente
3437 4015 3687 4093 justitiam
3712 4026 3727 4064 :
3750 4021 3812 4060 ro-

2262 4112 2394 4169 cauit
2440 4128 2552 4164 eam
2580 4111 2649 4173 ad
2675 4111 2825 4183 pedes
2855 4128 2977 4179 suos
3007 4122 3053 4166 et
3096 4112 3288 4166 vadet?
3319 4110 3476 4166 Dabit
3503 4112 3557 4163 in
3584 4106 3810 4175 conspecti

2260 4204 2489 4275 gentium
2516 4219 2535 4257 :
2561 4213 2607 4267 et
2651 4219 2794 4277 reges
2820 4205 2875 4265 in
2901 4215 3159 4275 stuporem
3188 4204 3373 4268 mittet,
3423 4212 3471 4257 et
3497 4200 3630 4254 dabit
3654 4198 3698 4250 in
3732 4201 3811 4247 ter-

2262 4311 2373 4348 ram
2401 4294 2603 4369 gladios
2628 4310 2841 4348 eorum:
2871 4303 2919 4348 et
2960 4296 3094 4349 sicut
3130 4295 3381 4363 stipulam
3404 4294 3671 4365 projectum
3691 4294 3811 4338 amt!

2264 4404 2475 4442 eorum:
2505 4396 2551 4447 et
2574 4396 2905 4461 persequetur
2930 4403 3038 4455 eos,
3073 4389 3310 4442 transibit
3338 4389 3392 4444 in
3420 4403 3543 4461 pace
3562 4384 3635 4438 ria
3659 4377 3811 4453 pedum

2263 4483 2395 4554 ejus.
2432 4481 2561 4547 Quis
2590 4482 2829 4553 operatus
2860 4490 2932 4543 est
2971 4490 3017 4534 et
3046 4481 3165 4552 fecit
3201 4480 3354 4539 liter?
3384 4480 3574 4537 vocabit
3599 4489 3714 4536 eam,
3742 4464 3811 4537 lli“.

2265 4583 2411 4627 vocat
2436 4589 2546 4628 eam
2567 4590 2598 4624 α
2620 4572 3003 4642 generationum
3025 4574 3304 4653 principio.
3332 4572 3448 4651 Egp
3479 4571 3607 4626 Deus
3631 4563 3809 4640 primus,

2264 4676 2310 4719 εἰ
2335 4665 2387 4719 in
2421 4665 2529 4720 Ῐιατε
2556 4681 2670 4734 qum
2714 4674 2929 4723 ventura
2958 4675 3076 4719 sunt
3105 4682 3198 4738 ego
3241 4682 3375 4720 sum.
3415 4663 3646 4718 Viderunt
3670 4656 3811 4725 geni“

2264 4768 2309 4810 et
2341 4757 2619 4811 timuerunt
2636 4772 2654 4810 :
2673 4758 2878 4811 termini
2899 4768 3048 4814 terra:
3061 4752 3598 4833 obstupuerunt“
3616 4756 3655 4802 et
3671 4752 3811 4833 arcet-

2265 4856 2438 4903 seruut
2462 4865 2478 4904 :
2512 4858 2755 4913 venerunt
2777 4851 2953 4919 simul,
2973 4852 3221 4922 judicans
3252 4851 3589 4921 unusquisque
3615 4842 3809 4910 proximo

2265 4958 2359 4995 suo
2404 4940 2651 4996 auxiliari
2679 4953 2726 4995 et
2757 4944 2911 5013 fratri
2937 4960 2955 4998 :
2984 4953 3030 4999 et
3063 4944 3196 4998 dicet
3221 4960 3239 4999 :
3269 4941 3534 5016 prcevaluit
3562 4934 3631 4990 rir
3654 4927 3808 5016 artifex

2266 5044 2311 5088 et
2343 5035 2558 5090 aerarius
2607 5038 2899 5106 percutiens
2949 5036 3137 5091 malleo
3186 5037 3341 5090 simul
3387 5033 3692 5108 producetts:
3730 5013 3807 5070 ali—

2264 5126 2472 5199 quando
2514 5129 2723 5200 quidem
2754 5130 2907 5203 dicit,
2937 5129 3182 5184 solidatio
3229 5130 3358 5182 bona
3387 5138 3477 5197 est,
3524 5120 3804 5188 Confer-'0”?

2264 5231 2385 5275 runt
2424 5239 2503 5295 ea,
2544 5222 2595 5275 in
2624 5223 2780 5277 clavis
2812 5233 2997 5293 ponent
3026 5241 3120 5283 ea:
3148 5233 3192 5278 et
3215 5241 3314 5285 non
3339 5220 3668 5277 movebuntur.
3691 5207 3803 5263 ϐεη-

2265 5322 2365 5381 tes,
2402 5315 2453 5369 id
2487 5324 2593 5380 cst,
2626 5317 2836 5391 ipsulm.
2874 5332 2995 5387 qua:
3036 5319 3188 5373 falsis
3219 5320 3522 5385 ainarisiluc
3556 5308 3695 5377 hujus
3718 5312 3801 5354 sa!-

2263 5411 2373 5479 culi
2424 5410 2729 5467 tunduntur
2790 5412 3069 5481 ﬂuctibus,
3114 5412 3380 5485 jubentur
3420 5409 3599 5471 audire
3643 5409 3689 5454 et
3725 5401 3797 5444 θη

2263 5504 2615 5570 concludere,
2648 5514 2700 5563 et
2723 5503 2855 5559 illud
2885 5519 3047 5569 nosse
3068 5503 3211 5575 quod
3235 5504 3302 5559 ad
3322 5502 3481 5563 Israel
3503 5499 3683 5555 dictum
3703 5488 3795 5540 est:
3888 5530 3889 5533 η

2264 5597 2420 5663 Audi,
2460 5595 2644 5663 Israel,
2670 5606 2718 5651 et
2744 5607 2885 5664 tace;
2912 5606 2968 5654 et
2995 5607 3207 5657 mutare
3235 5595 3614 5654 fortitudinem,
3640 5596 3698 5640 ne
3720 5583 3799 5647 Ρθτ

636 5775 662 5846 ε
701 5768 913 5873 Vulgati
945 5773 1155 5830 addunt
1189 5776 1385 5843 dicens,
1408 5775 1550 5847 quod
1576 5776 1804 5844 verbum
1828 5791 2007 5849 neque
2034 5791 2165 5835 mss.
2181 5778 2353 5837 nostri
2384 5777 2607 5848 habent,
2637 5794 2813 5854 neque
2843 5781 3063 5841 Grazcus
3091 5789 3287 5853 textus.
