3932 6338
505 295 613 352 415

1764 288 1822 345 S.
1866 287 2134 348 EUSEBII
2174 287 2562 348 HIERONYMI

3703 304 3801 361 416

506 411 764 483 dereliqui
809 422 878 465 te.
925 407 1055 463 Noli
1085 405 1280 474 timere,
1329 415 1496 460 tecum
1525 405 1661 460 enim
1687 421 1804 460 sum
1842 423 1905 461 ne
1932 422 2104 474 erres;
2131 408 2186 470 Α
2209 386 2482 466 versarios
2512 419 2654 479 tuos,
2686 419 2744 468 et
2783 426 2890 469 non
2937 413 3201 472 invenies.
3233 417 3525 491 Causaque
3569 420 3802 479 redditu.-

506 521 598 576 ego
625 504 762 559 enim
783 517 897 556 sum
918 497 1060 554 Deus
1087 509 1206 554 tuus
1233 499 1319 569 qui
1342 500 1633 570 confortavi
1661 508 1733 566 te,
1756 508 1804 554 et
1823 500 2108 554 auxiliatus

503 612 618 654 sum
641 597 736 662 tui,
762 603 812 649 et
834 594 1074 649 roboraoi
1096 603 1144 647 te
1168 592 1377 648 dextera
1394 593 1542 664 justa
1569 609 1702 648 mea.
1733 591 1868 648 Ecce
1893 597 2111 666 confun-

504 688 713 752 dentur,
736 698 784 740 et
815 686 1109 741 erubescent
1138 701 1316 740 omnes
1345 685 1631 739 adversarii
1657 685 1732 739 tui
1757 700 1775 739 :
1803 695 1950 740 erunt
1973 687 2109 739 enim

503 783 650 855 quasi
678 797 783 836 non
813 783 918 836 sint
944 797 964 835 :
992 790 1038 834 et
1065 779 1302 852 peribunt
1333 795 1507 834 omnes
1537 781 1737 835 inimici
1762 781 1856 834 tui.
1900 780 2108 849 Quaeres

504 890 611 942 eos,
641 885 688 930 et
712 889 813 928 non
834 873 1082 940 invenies,
1106 873 1339 926 hontines
1361 873 1449 940 qui
1473 873 1728 927 insanient
1757 873 1810 926 in
1839 882 1905 926 te.
1937 871 2110 927 Erunt

504 984 643 1022 enim
669 968 818 1034 quasi
847 983 950 1020 non
976 967 1101 1031 sint,
1135 976 1181 1020 et
1220 983 1322 1020 non
1349 974 1494 1020 erunt
1521 975 1810 1038 pugnantes
1837 966 2109 1022 adversum

504 1072 575 1116 te.
613 1062 750 1127 Quia
791 1077 886 1133 ego
932 1057 1186 1113 Dominus
1221 1059 1356 1113 Deus
1389 1068 1508 1114 tuus
1543 1061 1631 1128 qui
1661 1069 1803 1116 teneo
1846 1063 2110 1116 dexteram

505 1164 692 1208 tuam:
727 1153 816 1222 qui
845 1152 962 1206 dico
989 1153 1101 1217 tibi,
1131 1169 1194 1206 ne
1229 1153 1406 1207 timeas
1439 1150 1628 1217 Iacob,
1665 1155 1876 1220 parvule
1916 1153 2105 1209 Israel.

511 1245 623 1316 Ego
669 1247 955 1300 auxiliatus
1000 1261 1115 1300 sum
1167 1247 1263 1310 tui,
1286 1245 1415 1298 dicit
1463 1243 1654 1299 Deus:
1697 1247 1789 1316 qui
1824 1247 2023 1301 redimo
2064 1257 2111 1301 te

511 1345 539 1373 ⁸
569 1336 792 1392 Sanctus
816 1334 1005 1392 Israel.
1037 1335 1174 1392 Ecce
1202 1338 1302 1408 feci
1341 1345 1389 1390 te
1418 1337 1565 1406 quasi
1595 1348 1734 1391 rotas
1766 1340 1986 1408 plaustri
2018 1341 2110 1392 tri-

509 1433 731 1484 turantis
755 1446 910 1484 novas
927 1428 1093 1502 499
1123 1431 1178 1484 in
1207 1445 1466 1484 serrarum
1487 1429 1702 1484 modum
1727 1442 1817 1486 :et
1847 1432 2110 1488 triturabis

508 1535 728 1592 montes,
759 1535 808 1578 et
831 1528 1148 1581 comminues
1187 1523 1349 1580 colles
1371 1541 1390 1580 :
1409 1534 1458 1580 et
1489 1535 1546 1579 ut
1583 1525 1841 1595 pulverem
1871 1543 2028 1599 pones
2065 1536 2113 1581 et

508 1622 798 1686 ventilabis,
831 1634 879 1677 et
899 1635 1078 1677 ventus
1113 1623 1313 1692 auferet
1335 1639 1445 1688 eos,
1468 1634 1516 1679 et
1550 1635 1822 1696 ternpestas
1855 1627 2112 1698 disperget

507 1715 652 1770 illos.
674 1715 749 1768 Tu
769 1724 941 1771 autem
962 1715 1217 1770 lwtaberis
1238 1717 1291 1770 in
1314 1715 1537 1770 Domino
1553 1727 1597 1772 et
1618 1719 1673 1772 in
1690 1717 1900 1774 Sanctis
1921 1718 2108 1773 Israel.

2210 515 2382 572 quare
2419 518 2524 557 non
2577 503 2819 561 inveniat
2862 505 3206 565 adversarios
3244 523 3373 566 suos
3410 530 3421 566 :
3475 511 3619 579 Quia
3670 526 3804 570 erunt

2210 595 2359 662 quasi
2385 611 2487 649 non
2515 597 2636 650 sint.
2665 596 2766 666 Qui
2797 597 3094 655 adversarii
3129 602 3369 658 insanire
3398 603 3665 660 dicuntur
3688 623 3803 662 cun-

2213 697 2292 742 t’ra
2333 690 2646 760 Apostolos,
2679 690 2760 746 vel
2787 692 2940 762 juxta
2973 693 3328 764 ﬂebraieum,
3360 713 3470 752 esse
3499 703 3801 769 consumpti.

2212 778 2420 836 Idcirco
2474 789 2650 837 autem
2685 784 2879 840 timere
2923 777 3028 840 non
3067 786 3260 852 debes,
3308 791 3429 859 quia
3471 805 3580 862 ego
3621 808 3800 862 appre-

2213 874 2374 929 hendi
2419 891 2634 931 manum
2667 886 2836 942 tuam,
2863 879 2953 950 qui
2987 879 3112 936 dico
3143 882 3265 949 tibi,
3311 883 3388 939 Ne
3429 885 3673 941 timeas:
3716 902 3802 955 ego

2211 968 2391 1037 adjuvi
2425 977 2508 1035 te;
2536 971 2643 1024 noli
2671 971 2863 1027 timere
2893 973 3097 1028 vermis
3119 975 3314 1042 Jacob,
3343 977 3432 1045 qui
3459 977 3800 1038 mortoiestis

2211 1074 2278 1115 ex
2318 1061 2508 1129 lsrael,
2555 1063 2670 1119 sive
2702 1072 2759 1118 ut
2802 1063 2968 1133 LXX,
3013 1068 3316 1136 paucissimi
3360 1085 3424 1124 ex
3466 1069 3668 1127 Israel.
3707 1072 3801 1129 Hoc

2210 1155 2354 1224 quod
2385 1155 2684 1225 posuimus,
2715 1174 2808 1229 ego
2837 1160 3016 1232 adjuvi
3051 1172 3100 1214 te
3123 1178 3140 1215 :
3162 1160 3271 1215 noli
3293 1163 3476 1216 tintere
3507 1166 3694 1219 vermis
3717 1163 3800 1218 Ja-

2211 1247 2325 1315 cob,
2358 1247 2407 1302 in
2461 1247 2605 1304 LXX
2635 1267 2742 1305 non
2791 1249 3040 1307 habetur.
3089 1251 3305 1310 Vermis
3352 1265 3543 1312 autem
3585 1258 3674 1325 qui
3715 1258 3803 1315 lle-

2213 1337 2396 1394 braice
2425 1337 2624 1395 dicitur
2648 1382 2662 1407 ,
2697 1356 2946 1399 mourn
2991 1329 3247 1416 (ΠἸΙἸἾΠ),
3319 1356 3552 1418 Propter
3599 1347 3800 1405 humili-

2215 1440 2377 1487 tatem
2457 1442 2619 1504 atque
2673 1444 3046 1507 contemptum
3128 1448 3362 1494 vocatur
3426 1442 3800 1513 Apostolorum

2213 1526 2437 1594 chorus,
2468 1528 2685 1584 imitans
2715 1529 3080 1597 Salvatorem,
3113 1532 3203 1603 qui
3238 1532 3555 1599 loquiturin
3582 1536 3800 1605 psalmo:

2215 1617 2332 1691 Ego
2357 1637 2470 1674 sum
2498 1624 2701 1685 vermis,
2733 1633 2780 1677 et
2802 1640 2902 1678 non
2933 1624 3086 1679 homo
3109 1641 3129 1680 :
3153 1626 3495 1696 opprobrium
3529 1627 3798 1695 hominum,

2215 1720 2263 1764 et
2305 1711 2524 1784 abjectio
2575 1712 2736 1781 plebis
2785 1712 2957 1786 (Psal.
2989 1731 3106 1783 ut,
3135 1715 3212 1788 7).
3247 1715 3402 1772 Stcut
3435 1719 3590 1774 enim
3621 1719 3800 1776 vermis

510 1807 678 1863 Jacob
723 1815 779 1863 et
813 1806 977 1862 Israel
1025 1822 1146 1864 esse
1193 1809 1470 1864 carnalem
1507 1821 1561 1864 et
1592 1824 1713 1865 esse
1750 1809 2108 1880 spiritualom,
2142 1804 2191 1864 B
2217 1809 2422 1856 terram
2460 1813 2708 1873 penetrat
2741 1824 2753 1862 :
2800 1809 2868 1862 ita
2919 1823 3101 1863 sermo
3134 1809 3472 1879 apestolicus
3519 1813 3799 1881 penetravit

512 1899 710 1955 Paulus
735 1900 1027 1970 Apostolus
1051 1902 1209 1958 docet
1233 1919 1247 1956 :
1296 1902 1478 1957 Videte
1499 1902 1668 1957 Israel
1693 1906 1973 1960 secundum
1997 1923 2113 1960 car-

513 2009 628 2046 nem
665 1991 709 2061 tl
743 1991 863 2048 Cor.
896 1996 975 2063 x).
1019 1994 1098 2048 Ex
1131 2010 1239 2066 quo
1268 1995 1623 2068 intelligimus
1653 2012 1774 2054 esse
1800 2008 1855 2055 et
1880 2003 2110 2056 alterum

507 2087 660 2156 juxta
701 2089 982 2153 spirttum;
1022 2099 1078 2143 et.
1120 2088 1187 2144 ad
1232 2092 1508 2145 carnalem
1538 2090 1646 2146 dici
1686 2092 1854 2148 Israel
1887 2111 1899 2148 :
1934 2095 1996 2149 Si
2017 2095 2114 2164 ﬁlii

513 2183 692 2236 essetis
719 2181 1005 2248 Abraham,
1038 2199 1198 2249 opera
1237 2182 1500 2238 Abraham
1533 2188 1791 2258 faceretis.
1832 2187 2037 2256 Quibus
2063 2198 2118 2245 et

515 2289 674 2341 supra
707 2274 810 2346 (Ad
837 2292 956 2344 cap.
987 2291 1072 2343 XL,
1098 2275 1194 2348 ‘27)
1222 2277 1419 2332 dicitur
1444 2295 1457 2332 :
1489 2278 1662 2345 Quare
1689 2280 1839 2349 dicis,
1865 2279 2044 2348 Iacob,
2070 2293 2117 2336 ct

515 2363 758 2434 loqueris,
790 2363 962 2422 Israel
983 2383 1003 2422 :
1025 2368 1342 2424 Abscondita
1366 2381 1442 2424 est
1465 2373 1546 2425 via
1577 2389 1687 2426 mea
1716 2389 1748 2426 a
1779 2373 2002 2429 Domino
2025 2391 2045 2429 :
2071 2384 2118 2428 et

513 2472 545 2508 a
569 2455 680 2512 Deo
712 2475 823 2513 meo
839 2461 1106 2532 judicium
1131 2478 1299 2516 meum
1324 2463 1594 2519 transivit?
1617 2463 1658 2519 E
1680 2467 1952 2520 contrario
1977 2482 2118 2522 nunc

512 2550 580 2604 ad
620 2552 963 2620 spirituztlem
995 2555 1136 2610 Deus
1167 2557 1407 2625 loquitur
1445 2556 1628 2623 Israel,
1663 2558 1753 2626 qui
1792 2558 2008 2614 Domini
2035 2560 2116 2615 sui

515 2651 760 2715 suscepit
799 2646 1117 2714 adventum,
1147 2665 1306 2718 quem
1330 2649 1564 2720 primum
1588 2666 1830 2718 servum,
1860 2653 1982 2708 deitt
2010 2655 2120 2711 ele-

515 2752 686 2803 etum,
737 2740 802 2792 ad
849 2749 1150 2794 extremum
1195 2755 1383 2796 semen
1432 2741 1704 2798 Abraham
1754 2753 1926 2799 Vocat.
1981 2746 2120 2802 Ante

516 2834 664 2886 enim
687 2833 1002 2903 accepimus
1037 2835 1290 2904 spiritum
1323 2838 1603 2892 servitutis
1632 2838 1686 2893 iu
1717 2841 1910 2895 timore
1941 2839 2117 2911 (liam.

516 2922 667 2995 vttt);
702 2933 756 2980 et
803 2936 989 2995 postea
1023 2927 1211 2994 electi,
1251 2928 1304 2982 in
1355 2930 1649 2985 amicitiam
1688 2931 1779 2986 Dei
1819 2933 2116 3000 junaimur.

520 3015 649 3070 Post
689 3018 1027 3073 iocationem
1077 3018 1241 3088 igitur
1286 3024 1567 3093 gentium,
1609 3023 1827 3094 quando
1867 3025 2122 3081 viderunt

517 3111 713 3166 insulse
751 3119 807 3167 et
850 3114 1174 3181 timuerunt,
1210 3122 1452 3170 extrema
1488 3127 1648 3171 terra:
1679 3118 2118 3185 obstupuerunt;

2214 1895 2455 1966 gentium
2486 1898 2757 1966 civitates,
2783 1911 2838 1956 et
2863 1901 3140 1972 ingressus
3163 1911 3247 1958 est
3276 1905 3427 1973 prius
3451 1905 3617 1959 corda
3648 1904 3804 1959 duris-

2216 1992 2374 2046 sima.
2417 1992 2476 2047 Et
2509 2005 2658 2049 recte
2686 1995 2840 2064 pauci
2871 1995 3222 2066 appellantur
3260 2012 3325 2052 ex
3371 1997 3572 2060 Israel,
3604 1999 3718 2067 quia
3745 1996 3800 2051 ad

2216 2087 2680 2156 comparationem
2722 2089 2890 2143 totius
2921 2089 3090 2151 orbis,
3121 2089 3300 2161 gentis
3329 2090 3579 2146 Judaicae
3613 2093 3802 2160 paucis-

2216 2179 2338 2232 simi
2370 2179 2742 2240 crediderunt.
2773 2181 2969 2250 quibus
3015 2182 3068 2236 in
3111 2181 3407 2252 Evangelio
3448 2183 3704 2238 Dominus
3733 2183 3798 2235 lo-

2216 2273 2428 2340 quitur:
2468 2271 2596 2326 Noli
2616 2273 2794 2327 timere
2823 2289 2950 2343 grex
2974 2274 3218 2346 parvulus
3247 2273 3405 2348 (Luc.
3439 2290 3537 2339 xu,
3568 2273 3799 2346 52).Sive

2213 2363 2363 2434 juxta
2398 2364 2739 2429 Hebraicum,
2766 2366 2958 2420 mortui
2987 2382 3051 2421 ea:
3072 2365 3261 2429 Israel,
3287 2369 3376 2436 qui
3407 2383 3536 2423 cum
3566 2367 3800 2436 Aposwlo

2218 2456 2443 2511 dicunt:
2488 2457 2731 2522 Quotidie
2774 2459 2968 2513 morior
2998 2459 3063 2530 (ll
3101 2458 3228 2515 Cor.
3261 2475 3354 2525 xv,
3388 2461 3510 2530 51).
3552 2460 3613 2514 Et
3639 2459 3758 2512 alibi
3786 2475 3798 2512 :

2220 2548 2350 2603 Cum
2377 2548 2580 2605 Christo
2600 2552 2884 2621 cruciﬁxus
2908 2569 3044 2606 sum.
3085 2550 3212 2606 Vivo
3238 2561 3435 2617 autem,
3473 2569 3567 2607 non
3591 2567 3705 2623 ego;
3724 2549 3798 2603 vi-

2219 2642 2290 2696 vit
2317 2658 2434 2696 vero
2462 2643 2516 2696 in
2561 2658 2641 2697 me
2666 2640 2902 2697 Christus
2933 2641 3138 2714 (Galat.
3186 2659 3244 2710 tt,
3274 2644 3394 2716 ιο).
3441 2643 3693 2714 Quodque
3720 2656 3800 2696 se-

2219 2738 2430 2805 quitur:
2461 2735 2568 2808 Ego
2600 2738 2749 2806 posui
2775 2748 2822 2790 te
2842 2738 2994 2808 quasi
3019 2740 3314 2805 plaustrum
3340 2741 3591 2794 triturans
3617 2751 3798 2802 novum,

2221 2830 2408 2885 habens
2428 2840 2594 2885 rostra
2618 2833 2896 2898 serrantia,
2929 2832 3030 2887 hoc
3059 2833 3357 2903 signiﬁcat,
3387 2834 3535 2905 quod
3567 2831 3799 2902 prmdica-

2222 2923 2298 2978 tio
2339 2923 2660 2992 Evangelica
2701 2934 2952 2981 conterat
3000 2925 3345 2983 adversarias
3387 2935 3673 2998 potestates
3697 2968 3709 2989 ,
3751 2935 3795 2979 et

2221 3017 2558 3084 Spiritualem
2584 3019 2880 3090 nequitiam
2905 3019 3214 3076 elevantem
3241 3035 3303 3076 se
3323 3032 3520 3076 contra
3547 3017 3794 3076 scientiam

2224 3110 2319 3167 Dei
2347 3130 2358 3164 :
2389 3127 2509 3184 qttre
2536 3128 2633 3180 pro
2660 3113 2924 3168 varietate
2939 3115 3210 3182 superbiae
3236 3124 3456 3170 montes
3478 3112 3796 3184 appellantur

518 3206 1090 3276 appropinquaverunt
1113 3216 1167 3264 et
1188 3219 1837 3276 accesserunt,vucantur
1855 3213 2115 3282 reliquias,
2147 3190 2193 3255 C
2223 3214 2280 3259 et
2297 3205 2487 3260 colles.
2512 3204 2735 3275 lllisque
2757 3205 3010 3270 sublatis,
3026 3215 3079 3261 et
3103 3206 3334 3262 turbinis
3362 3223 3519 3262 more
3542 3204 3793 3275 diSpersis,

511 3299 664 3372 juxta
692 3297 1019 3354 elo-ctimtem
1067 3303 1280 3371 gratim,
1310 3302 1379 3357 de
1407 3303 1605 3370 quibus
1635 3303 1822 3358 scribit
1852 3313 1907 3358 et
1938 3303 2118 3360 Evan-

513 3394 714 3464 gelittm
744 3412 757 3450 :
785 3392 924 3449 Istos
951 3397 1220 3451 duodecim
1242 3399 1390 3470 elegit
1411 3395 1587 3457 Iesus.
1613 3415 1742 3469 quos
1768 3407 1814 3452 et
1847 3399 2120 3468 Apostolus

517 3491 798 3542 nominavit
841 3487 992 3560 (Luc.
1044 3490 1141 3560 vr),
1175 3493 1264 3560 qui
1307 3502 1428 3561 post
1460 3491 1779 3546 servitutem
1813 3492 2118 3563 pa-dagogm

517 3579 696 3649 Legis,
729 3585 885 3637 electi
921 3593 1046 3638 sunt
1080 3585 1134 3638 in
1164 3585 1492 3654 Evangelia;
1535 3594 1590 3640 et
1627 3601 1816 3642 semen
1846 3586 2116 3643 Abraham

515 3672 676 3724 amici
706 3671 796 3726 Dei
827 3687 949 3726 esse
979 3684 1316 3728 meruerunt.
1346 3675 1401 3730 ln
1445 3676 1540 3730 illo
1583 3679 1726 3732 enim
1755 3677 2116 3747 apprehendit

516 3778 612 3838 eos
641 3763 710 3819 ab
739 3773 985 3820 extremo
1019 3776 1202 3832 terrae,
1245 3776 1301 3822 et
1342 3783 1371 3823 a
1416 3768 1721 3840 longinquis
1762 3772 1880 3839 ejus
1925 3771 2119 3826 linihus

514 3859 722 3911 vocavit
757 3857 921 3914 Israel
965 3858 1032 3914 de
1078 3859 1348 3914 universis
1397 3862 1732 3924 nationibus,
1783 3877 2120 3934 congregans

516 3951 750 4021 primum
794 3954 1048 4022 populum
1091 3953 1426 4018 Judtvorum,
1473 3955 1541 4010 de
1590 3955 1786 4026 quibus
1825 3966 1878 4012 et
1923 3957 2118 4012 Paulus

513 4047 806 4116 Apostolus
851 4047 981 4102 dicit
1018 4066 1028 4101 :
1070 4047 1231 4103 Vobis
1271 4049 1540 4117 Oportebat
1584 4050 1807 4119 primum
1849 4051 2121 4120 prcedicari

510 4154 795 4195 sermonem
817 4157 835 4194 :
855 4143 1105 4211 quoniam
1125 4153 1294 4197 autem
1321 4143 1551 4197 avertitis
1571 4141 1601 4181 ι)
1624 4159 1738 4208 nos,
1760 4143 1890 4198 imus
1912 4145 1980 4198 ad
1996 4161 2119 4218 gen-

515 4242 587 4287 tes
615 4233 752 4304 (Act.
781 4249 899 4299 xm,
929 4234 1048 4300 46).
1079 4235 1201 4292 Tibi
1231 4253 1384 4308 ergo,
1423 4238 1514 4308 qui
1543 4247 1597 4293 et
1628 4253 1822 4294 servus
1852 4255 2029 4308 meus,
2065 4251 2119 4296 et

512 4326 721 4382 electus
749 4343 925 4394 meus,
955 4331 1042 4394 qui
1080 4330 1475 4399 prmdieaturus
1524 4333 1576 4388 in
1625 4334 1881 4404 gentibus
1933 4350 2016 4400 es,
2064 4345 2120 4390 et

513 4420 924 4488 ρετενοιιιίοιιθε
953 4419 1212 4490 plurimas
1245 4437 1624 4492 perpessurus,
1658 4424 1778 4478 dico
1801 4440 1870 4479 ne
1900 4427 2113 4490 timeas,

509 4514 633 4585 quia
668 4525 845 4570 tecum
876 4531 1024 4583 sunt,
1053 4518 1140 4573 cui
1171 4518 1364 4588 loquor
1391 4521 1445 4574 itt
1479 4522 1772 4593 Evangelio
1800 4541 1812 4576 :
1852 4521 1980 4577 Ecce
2021 4539 2113 4596 ego

511 4608 764 4662 vobiscum
802 4625 915 4663 sum
949 4626 1122 4666 omnes
1164 4612 1295 4676 dies,
1329 4630 1489 4684 usque
1517 4615 1584 4668 ad
1624 4617 2114 4671 consummationem

509 4699 687 4753 saeculi
713 4699 931 4771 (Matth.
970 4703 1095 4768 ult.,
1116 4703 1232 4774 20).
1272 4704 1388 4759 Non
1419 4721 1594 4763 erres.
1621 4723 1800 4774 neque
1828 4724 1855 4760 a
1887 4711 2118 4765 veritate

511 4792 768 4850 declines.
802 4811 902 4850 nec
935 4805 988 4852 te
1021 4797 1154 4852 falsa
1178 4801 1529 4868 persnasione
1557 4798 1825 4870 decipias,
1843 4801 1985 4869 quod
2011 4801 2114 4857 tuis

509 4886 720 4941 viribus
767 4889 1054 4958 imperitus
1096 4900 1149 4945 et
1196 4891 1392 4958 nudus,
1440 4891 1629 4945 silvam
1661 4891 1902 4960 gentium
1945 4907 2112 4960 pene-

508 4985 652 5040 trt-s,
708 4988 764 5032 et
818 4981 1187 5036 ferocissimas
1239 4987 1486 5040 nationes
1536 4983 1602 5039 ad
1647 4986 2112 5042 mansuetudinem

508 5085 688 5125 voces.
727 5071 841 5141 Ego
886 5087 1003 5128 sum
1035 5075 1124 5144 qui
1172 5079 1468 5133 caulortavi
1504 5087 1585 5143 te,
1630 5091 1684 5135 et
1713 5080 2003 5135 auxiliatos
2034 5082 2111 5136 ttti

505 5176 626 5216 sum
651 5179 664 5227 ;
691 5169 747 5217 et
773 5166 1016 5227 suscepit
1045 5174 1120 5228 te.
1152 5168 1265 5220 sive
1291 5171 1542 5235 protexit,
1571 5170 1796 5226 dextera
1823 5173 1952 5239 justi
1981 5174 2108 5238 mei,

504 5253 559 5309 id
593 5266 698 5321 est,
737 5255 948 5310 Domini
979 5256 1306 5327 Salvatoris,
1341 5260 1456 5314 sive
1488 5263 1701 5316 dextera
1726 5281 1860 5328 mea,
1892 5264 2113 5320 utLXX

507 5349 928 5405 transtulerunt.
964 5349 1101 5406 Ecce
1132 5355 1277 5406 enim
1312 5352 1616 5408 adversarii
1648 5354 1746 5422 lui,
1777 5356 2115 5426 populusJu-

505 5453 749 5494 ineorum
774 5439 938 5512 500
965 5451 1020 5497 et
1041 5458 1233 5498 omnes
1255 5445 1347 5516 qui
1376 5455 1618 5516 pugnant
1638 5447 1923 5504 adverSum
1957 5457 2032 5518 te,
2058 5459 2115 5505 et

507 5544 886 5600 persecutores
919 5536 995 5590 tui
1028 5547 1315 5593 vertentur
1357 5539 1409 5594 in
1445 5538 1620 5606 nihili,
1657 5555 1976 5612 quaere-tque
2017 5540 2113 5596 ad-

579 5669 606 5746 ξ
637 5664 910 5737 Expungit
943 5669 1146 5725 Victor.
1176 5687 1366 5747 vocem
1392 5684 1624 5739 sanctus,
1653 5691 1814 5747 quam
1848 5691 2024 5745 neque
2049 5678 2102 5733 iu

519 5741 784 5816 infames.
816 5755 993 5806 neque
1022 5757 1189 5816 penes
1218 5741 1364 5798 LXX
1391 5747 1475 5816 sui
1512 5741 1842 5816 exemplaris
1873 5741 2099 5804 invenit.

507 5803 765 5860 Additum
818 5803 948 5862 vero
994 5803 1073 5866 est
1099 5814 1202 5869 sub
1236 5815 1500 5872 asterisco
1535 5818 1583 5872 itt
1627 5803 1829 5888 ntipera
1861 5803 2104 5877 editione

2223 3298 2468 3353 exsultet
2496 3299 2666 3354 Israel
2685 3305 2849 3369 atque
2867 3299 3084 3353 laetetur
3102 3299 3155 3354 in
3172 3298 3405 3355 Domino
3423 3303 3620 3355 Saneto
3635 3293 3789 3352 Israel.

2223 3390 2520 3448 Possumus
2570 3409 2784 3462 quoque
2835 3393 3043 3458 dicere,
3092 3393 3235 3464 quod
3289 3393 3690 3448 ecclesiasticus
3731 3388 3793 3440 vir

2225 3483 2432 3538 habens
2462 3485 2794 3555 evangelicae
2823 3485 3228 3555 praedicationis
3261 3495 3441 3540 rostra
3473 3481 3722 3540 serrautia
3747 3479 3789 3532 in

2224 3578 2467 3647 plaustro
2498 3594 2659 3644 novo,
2703 3579 2848 3650 quod
2886 3593 3228 3650 nequaquam
3270 3589 3540 3648 operatur
3583 3579 3632 3630 in
3667 3586 3792 3628 vetu-

2221 3681 2362 3726 sutte
2385 3670 2604 3737 litterze,
2626 3671 2718 3726 sed
2753 3673 2804 3727 in
2835 3671 3076 3728 novitate
3106 3671 3351 3740 spiritus,
3371 3677 3628 3726 conterat
3653 3667 3791 3719 iocre

2220 3765 2470 3820 dolorum
2495 3765 2659 3820 corda
2681 3765 3001 3821 durissima:
3023 3779 3287 3835 separans
3314 3763 3556 3819 triticum
3581 3777 3608 3816 a
3633 3755 3787 3830 paleis,

2219 3868 2274 3914 et
2308 3867 2518 3913 montes
2549 3859 2830 3928 collesque
2853 3857 3254 3922 comminuens,
3283 3857 3334 3909 id
3362 3867 3473 3921 est,
3502 3867 3678 3909 omnes
3703 3849 3790 3902 hrc-

2217 3953 2511 4006 retieorum
2546 3951 2845 4020 principes,
2888 3951 2978 4021 qui
3013 3947 3336 4004 comminuti
3365 3957 3532 4016 atque
3570 3936 3781 4001 contriti.

2219 4043 2532 4115 redigantur
2560 4043 2614 4096 in
2645 4043 2946 4112 pulverem,
2979 4051 3035 4096 et
3073 4040 3209 4096 nihil
3245 4054 3368 4095 esse
3403 4040 3707 4098 doceantur,
3737 4035 3782 4080 ut

2218 4137 2311 4207 qui
2353 4135 2494 4191 male
2532 4136 2747 4191 fuerant
2785 4134 3126 4206 congregati,
3173 4131 3495 4188 dividantur
3530 4130 3580 4186 in
3617 4127 3784 4182 bonum

2221 4247 2377 4287 suum
2388 4271 2401 4284 .

2291 4326 2481 4399 (Vers.
2517 4326 2582 4380 l7
2617 4327 2807 4395 seqq.)
2835 4323 2993 4395 501
3031 4321 3192 4393 Egeni
3223 4331 3272 4376 et
3301 4337 3552 4395 pauperes
3583 4317 3783 4389 quierunt

2218 4440 2403 4495 aquas,
2433 4434 2478 4475 et
2504 4439 2603 4475 non
2631 4429 2751 4475 sunt
2785 4436 2802 4474 :
2827 4419 3011 4493 lingua
3051 4437 3228 4474 eorum
3269 4422 3355 4475 siti
3380 4422 3540 4474 aruit.
3563 4415 3667 4489 Ego
3695 4409 3784 4465 DO-

2217 4518 2388 4570 minus
2433 4516 2709 4570 exaudiam
2752 4529 2840 4568 eos
2877 4529 2897 4568 :
2926 4514 3062 4567 Deus
3093 4513 3265 4569 Israel
3314 4532 3420 4569 non
3466 4511 3778 4573 derelinquam

2219 4609 2359 4663 illos.
2386 4609 2627 4676 Aperiom
2654 4607 2707 4660 in
2729 4607 2931 4672 supinis
2961 4607 3179 4663 collibus
3205 4609 3428 4679 ﬂumina
3455 4625 3474 4664 :
3502 4616 3547 4661 et
3564 4607 3611 4660 in
3638 4595 3775 4655 medio

2222 4714 2515 4770 camporum
2548 4702 2736 4769 fontes.
2767 4698 2972 4754 Portam
3017 4700 3276 4756 desertum
3306 4701 3361 4754 in
3387 4710 3617 4770 stagnum
3642 4704 3776 4784 amill-

2219 4809 2334 4846 rum
2355 4801 2401 4846 et
2435 4803 2623 4845 terram
2654 4793 2846 4847 inviam
2870 4794 3090 4866 in‘rivos
3123 4809 3395 4859 aquarum.
3429 4790 3572 4846 Dabo
3597 4787 3646 4840 in
3673 4778 3775 4836 solt-

2219 4886 2398 4941 tudine
2420 4886 2628 4940 cedrum
2655 4896 2701 4942 et
2723 4889 2950 4960 spinam,
2983 4898 3030 4943 et
3065 4896 3312 4958 myrtum,
3336 4897 3382 4940 et
3414 4886 3604 4957 lignum
3628 4877 3770 4932 oliva’.

2218 4979 2424 5034 Portam
2449 4979 2500 5034 in
2525 4980 2723 5035 deserto
2744 4981 2978 5046 abietem,
3010 4979 3229 5044 ulmunt,
3256 4989 3302 5034 et
3323 4979 3513 5034 buxum
3533 4970 3707 5030 simul:
3731 4969 3774 5017 ιιι

2218 5073 2444 5138 videant,
2477 5083 2524 5128 et
2555 5075 2759 5141 sciant,
2792 5085 2837 5129 et
2864 5074 3167 5147 recogitent,
3197 5087 3242 5127 et
3258 5072 3547 5144 intelligant
3570 5064 3768 5157 pariter,

2217 5167 2337 5236 quia
2359 5182 2539 5219 manus
2561 5164 2773 5220 Domini
2804 5165 3061 5235 fecithoc,
3094 5174 3143 5219 et
3172 5165 3400 5220 Sanctus
3423 5157 3582 5217 Israel
3614 5154 3770 5209 creavit

2219 5258 2374 5314 illud.
2401 5257 2546 5314 LXX
2577 5277 2588 5313 :
2623 5258 2690 5313 Et
2718 5259 3046 5314 exsultabant
3072 5273 3322 5327 pauperes
3349 5268 3396 5312 el
3422 5258 3587 5326 inopes
3615 5266 3632 5302 -'
3655 5253 3768 5342 47".”:

2216 5362 2328 5406 rent
2357 5353 2490 5406 enim
2509 5368 2695 5422 aquam
2715 5394 2729 5415 ,
2771 5361 2819 5405 et
2843 5368 2944 5405 non
2974 5351 3069 5406 erit
3102 5367 3120 5406 :
3147 5349 3323 5416 lingua
3362 5363 3532 5406 eorum
3574 5353 3669 5415 pm!
3699 5340 3765 5385 ’δι’

2218 5445 2441 5499 exaruit.
2502 5443 2616 5517 Ego
2667 5443 2920 5498 Dominus
2963 5441 3108 5498 Deus
3159 5442 3435 5497 exaudiam
3484 5442 3612 5511 ipsos
3651 5425 3764 5526 Det“

2218 5535 2388 5592 Israel
2415 5553 2433 5592 :
2453 5547 2498 5592 et
2525 5554 2627 5592 non
2651 5538 3000 5608 derelinquam
3025 5553 3110 5592 eos
3133 5552 3152 5592 :
3177 5536 3266 5590 sed
3286 5537 3513 5606 aperiam
3532 5535 3580 5584 tn
3604 5525 3762 5577 monti-

2213 5677 2378 5751 ἅγιος.

2282 5747 2311 5787 ι’
2344 5748 2509 5817 Idem,
2538 5748 2762 5805 avertitis
2787 5763 2895 5803 vos.
