  <div class='ocr_page' id='page_1' title='image "/cluster/home/n/w/nwhite01/storage/ocr_20150623/24/uva.x000826571/216.png"; bbox 0 0 3932 6398; ppageno 0'>
   <div class='ocr_carea' id='block_1_1' title="bbox 155 347 254 402">
    <p class='ocr_par' dir='ltr' id='par_1_1' title="bbox 155 347 254 402">
     <span class='ocr_line' id='line_1_1' title="bbox 155 347 254 402; baseline -0.01 0"><span class='ocrx_word' id='word_1_1' title='bbox 155 347 254 402; x_wconf 75' lang='lat' dir='ltr'><strong>M7</strong></span> 
     </span>
    </p>
   </div>
   <div class='ocr_carea' id='block_1_2' title="bbox 677 344 2914 408">
    <p class='ocr_par' dir='ltr' id='par_1_2' title="bbox 677 344 2914 408">
     <span class='ocr_line' id='line_1_2' title="bbox 677 344 2914 408; baseline -0.001 -2"><span class='ocrx_word' id='word_1_2' title='bbox 677 345 1331 408; x_wconf 75' lang='lat' dir='ltr'><strong>COMMENTARIORUM</strong></span> <span class='ocrx_word' id='word_1_3' title='bbox 1379 348 1442 404; x_wconf 83' lang='lat' dir='ltr'><strong>IN</strong></span> <span class='ocrx_word' id='word_1_4' title='bbox 1490 347 1727 404; x_wconf 80' lang='lat' dir='ltr'><strong>ISAIAM</strong></span> <span class='ocrx_word' id='word_1_5' title='bbox 1766 344 2190 402; x_wconf 73' lang='lat' dir='ltr'><strong>PROI’IIETAM</strong></span> <span class='ocrx_word' id='word_1_6' title='bbox 2232 345 2366 402; x_wconf 89' lang='lat' dir='ltr'><strong>LIB.</strong></span> <span class='ocrx_word' id='word_1_7' title='bbox 2406 344 2526 404; x_wconf 81' lang='lat' dir='ltr'><strong>XII.</strong></span> <span class='ocrx_word' id='word_1_8' title='bbox 2571 345 2728 404; x_wconf 86' lang='lat' dir='ltr'><strong>CAP.</strong></span> <span class='ocrx_word' id='word_1_9' title='bbox 2771 346 2914 405; x_wconf 78' lang='lat' dir='ltr'><strong>XLI.</strong></span> 
     </span>
    </p>
   </div>
   <div class='ocr_carea' id='block_1_3' title="bbox 3324 351 3431 407">
    <p class='ocr_par' dir='ltr' id='par_1_3' title="bbox 3324 351 3431 407">
     <span class='ocr_line' id='line_1_3' title="bbox 3324 351 3431 407; baseline 0.019 -2"><span class='ocrx_word' id='word_1_10' title='bbox 3324 351 3431 407; x_wconf 74' lang='grc' dir='ltr'><strong>ΗΒ</strong></span> 
     </span>
    </p>
   </div>
   <div class='ocr_carea' id='block_1_4' title="bbox 154 457 3434 532">
    <p class='ocr_par' dir='ltr' id='par_1_4' title="bbox 154 457 3434 532">
     <span class='ocr_line' id='line_1_4' title="bbox 154 457 3434 532; baseline 0 -17"><span class='ocrx_word' id='word_1_11' title='bbox 154 463 241 516; x_wconf 88' lang='lat' dir='ltr'><strong>bus</strong></span> <span class='ocrx_word' id='word_1_12' title='bbox 270 461 505 530; x_wconf 83' lang='lat' dir='ltr'><strong>ﬂumina,</strong></span> <span class='ocrx_word' id='word_1_13' title='bbox 529 461 647 515; x_wconf 90' lang='lat' dir='ltr'><strong>etin</strong></span> <span class='ocrx_word' id='word_1_14' title='bbox 673 463 838 516; x_wconf 87' lang='lat' dir='ltr'><strong>medio</strong></span> <span class='ocrx_word' id='word_1_15' title='bbox 863 478 1162 531; x_wconf 77' lang='lat' dir='ltr'><strong>camporum</strong></span> <span class='ocrx_word' id='word_1_16' title='bbox 1189 466 1356 532; x_wconf 83' lang='lat' dir='ltr'><strong>fontes</strong></span> <span class='ocrx_word' id='word_1_17' title='bbox 1387 476 1405 515; x_wconf 89' lang='lat'><strong><em>:</em></strong></span> <span class='ocrx_word' id='word_1_18' title='bbox 1429 460 1726 532; x_wconf 80' lang='lat' dir='ltr'><strong>faciamde-</strong></span> <span class='ocrx_word' id='word_1_19' title='bbox 1756 463 1807 522; x_wconf 85' lang='grc' dir='ltr'><strong>Α</strong></span> <span class='ocrx_word' id='word_1_20' title='bbox 1837 457 1888 512; x_wconf 91' lang='lat' dir='ltr'><strong>in</strong></span> <span class='ocrx_word' id='word_1_21' title='bbox 1919 457 2238 522; x_wconf 92' lang='lat' dir='ltr'><strong>solitudine,</strong></span> <span class='ocrx_word' id='word_1_22' title='bbox 2273 474 2341 514; x_wconf 84' lang='lat' dir='ltr'><strong>ne.</strong></span> <span class='ocrx_word' id='word_1_23' title='bbox 2369 458 2564 516; x_wconf 89' lang='lat' dir='ltr'><strong>saltem</strong></span> <span class='ocrx_word' id='word_1_24' title='bbox 2601 476 2700 514; x_wconf 86' lang='lat' dir='ltr'><strong>una</strong></span> <span class='ocrx_word' id='word_1_25' title='bbox 2743 459 2945 514; x_wconf 89' lang='lat' dir='ltr'><strong>chorda</strong></span> <span class='ocrx_word' id='word_1_26' title='bbox 2978 459 3045 517; x_wconf 91' lang='lat' dir='ltr'><strong>de</strong></span> <span class='ocrx_word' id='word_1_27' title='bbox 3071 459 3285 516; x_wconf 75' lang='lat' dir='ltr'><strong>cithara</strong></span> <span class='ocrx_word' id='word_1_28' title='bbox 3323 461 3434 516; x_wconf 58' lang='lat' dir='ltr'><strong>Do.</strong></span> 
     </span>
    </p>
   </div>
   <div class='ocr_carea' id='block_1_5' title="bbox 152 552 1731 623">
    <p class='ocr_par' dir='ltr' id='par_1_5' title="bbox 152 552 1731 623">
     <span class='ocr_line' id='line_1_5' title="bbox 152 552 1731 623; baseline 0 -15"><span class='ocrx_word' id='word_1_29' title='bbox 152 564 342 608; x_wconf 87' lang='lat' dir='ltr'><strong>sertum</strong></span> <span class='ocrx_word' id='word_1_30' title='bbox 368 554 421 606; x_wconf 89' lang='lat' dir='ltr'><strong>in</strong></span> <span class='ocrx_word' id='word_1_31' title='bbox 448 552 658 623; x_wconf 85' lang='lat' dir='ltr'><strong>paludes</strong></span> <span class='ocrx_word' id='word_1_32' title='bbox 680 593 694 617; x_wconf 94' lang='lat'><strong>,</strong></span> <span class='ocrx_word' id='word_1_33' title='bbox 720 564 766 606; x_wconf 90' lang='lat' dir='ltr'><strong>ct</strong></span> <span class='ocrx_word' id='word_1_34' title='bbox 794 554 1048 607; x_wconf 72' lang='lat' dir='ltr'><strong>sitientem</strong></span> <span class='ocrx_word' id='word_1_35' title='bbox 1079 561 1268 608; x_wconf 87' lang='lat' dir='ltr'><strong>terram</strong></span> <span class='ocrx_word' id='word_1_36' title='bbox 1296 554 1348 608; x_wconf 90' lang='lat' dir='ltr'><strong>in</strong></span> <span class='ocrx_word' id='word_1_37' title='bbox 1382 553 1731 620; x_wconf 69' lang='lat' dir='ltr'><strong>aqutrduclus.</strong></span> 
     </span>
    </p>
   </div>
   <div class='ocr_carea' id='block_1_6' title="bbox 154 641 1736 714">
    <p class='ocr_par' dir='ltr' id='par_1_6' title="bbox 154 641 1736 714">
     <span class='ocr_line' id='line_1_6' title="bbox 154 641 1736 714; baseline 0.002 -17"><span class='ocrx_word' id='word_1_38' title='bbox 154 641 354 698; x_wconf 78' lang='lat' dir='ltr'><strong>Portam</strong></span> <span class='ocrx_word' id='word_1_39' title='bbox 389 645 439 697; x_wconf 90' lang='lat' dir='ltr'><strong>in</strong></span> <span class='ocrx_word' id='word_1_40' title='bbox 465 651 649 697; x_wconf 82' lang='lat' dir='ltr'><strong>terram</strong></span> <span class='ocrx_word' id='word_1_41' title='bbox 675 644 864 714; x_wconf 77' lang='lat' dir='ltr'><strong><em>absque</em></strong></span> <span class='ocrx_word' id='word_1_42' title='bbox 900 661 1036 712; x_wconf 88' lang='lat' dir='ltr'><strong>aqua</strong></span> <span class='ocrx_word' id='word_1_43' title='bbox 1078 648 1316 711; x_wconf 79' lang='lat' dir='ltr'><strong>cedrum,</strong></span> <span class='ocrx_word' id='word_1_44' title='bbox 1352 654 1401 700; x_wconf 90' lang='lat' dir='ltr'><strong>et</strong></span> <span class='ocrx_word' id='word_1_45' title='bbox 1436 645 1658 713; x_wconf 67' lang='lat' dir='ltr'><strong>buxum,</strong></span> <span class='ocrx_word' id='word_1_46' title='bbox 1687 655 1736 700; x_wconf 88' lang='lat' dir='ltr'><strong>et</strong></span> 
     </span>
    </p>
   </div>
   <div class='ocr_carea' id='block_1_7' title="bbox 154 731 1768 810">
    <p class='ocr_par' dir='ltr' id='par_1_7' title="bbox 154 731 1768 810">
     <span class='ocr_line' id='line_1_7' title="bbox 154 731 1768 810; baseline 0.001 -19"><span class='ocrx_word' id='word_1_47' title='bbox 154 747 388 810; x_wconf 72' lang='lat' dir='ltr'><strong>myrtum,</strong></span> <span class='ocrx_word' id='word_1_48' title='bbox 419 745 463 790; x_wconf 82' lang='lat' dir='ltr'><strong>et</strong></span> <span class='ocrx_word' id='word_1_49' title='bbox 487 738 805 808; x_wconf 79' lang='lat' dir='ltr'><strong>cyparissum</strong></span> <span class='ocrx_word' id='word_1_50' title='bbox 826 781 840 805; x_wconf 95' lang='lat'><strong>,</strong></span> <span class='ocrx_word' id='word_1_51' title='bbox 883 748 930 792; x_wconf 87' lang='lat' dir='ltr'><strong>et</strong></span> <span class='ocrx_word' id='word_1_52' title='bbox 983 739 1230 810; x_wconf 87' lang='lat' dir='ltr'><strong>populum</strong></span> <span class='ocrx_word' id='word_1_53' title='bbox 1259 757 1277 792; x_wconf 92' lang='grc'><strong>.·</strong></span> <span class='ocrx_word' id='word_1_54' title='bbox 1309 748 1364 792; x_wconf 91' lang='lat' dir='ltr'><strong>ut</strong></span> <span class='ocrx_word' id='word_1_55' title='bbox 1412 737 1646 806; x_wconf 83' lang='lat' dir='ltr'><strong>videant,</strong></span> <span class='ocrx_word' id='word_1_56' title='bbox 1688 748 1736 792; x_wconf 87' lang='lat' dir='ltr'><strong>et</strong></span> <span class='ocrx_word' id='word_1_57' title='bbox 1763 731 1768 735; x_wconf 67' lang='grc'><em>’</em></span> 
     </span>
    </p>
   </div>
   <div class='ocr_carea' id='block_1_8' title="bbox 151 827 1733 900">
    <p class='ocr_par' dir='ltr' id='par_1_8' title="bbox 151 827 1733 900">
     <span class='ocr_line' id='line_1_8' title="bbox 151 827 1733 900; baseline 0 -17"><span class='ocrx_word' id='word_1_58' title='bbox 151 833 341 894; x_wconf 85' lang='lat' dir='ltr'><strong>sciant,</strong></span> <span class='ocrx_word' id='word_1_59' title='bbox 366 838 414 884; x_wconf 91' lang='lat' dir='ltr'><strong>et</strong></span> <span class='ocrx_word' id='word_1_60' title='bbox 439 829 688 900; x_wconf 73' lang='lat' dir='ltr'><strong>cogitent,</strong></span> <span class='ocrx_word' id='word_1_61' title='bbox 719 840 768 884; x_wconf 89' lang='lat' dir='ltr'><strong>et</strong></span> <span class='ocrx_word' id='word_1_62' title='bbox 797 830 1033 884; x_wconf 79' lang='lat' dir='ltr'><strong>noverint</strong></span> <span class='ocrx_word' id='word_1_63' title='bbox 1072 830 1231 884; x_wconf 81' lang='lat' dir='ltr'><strong>simul</strong></span> <span class='ocrx_word' id='word_1_64' title='bbox 1254 830 1376 900; x_wconf 88' lang='lat' dir='ltr'><strong>quia</strong></span> <span class='ocrx_word' id='word_1_65' title='bbox 1407 845 1592 883; x_wconf 88' lang='lat' dir='ltr'><strong>manus</strong></span> <span class='ocrx_word' id='word_1_66' title='bbox 1622 827 1733 883; x_wconf 83' lang='lat' dir='ltr'><strong>Do-</strong></span> 
     </span>
    </p>
   </div>
   <div class='ocr_carea' id='block_1_9' title="bbox 149 923 1737 995">
    <p class='ocr_par' dir='ltr' id='par_1_9' title="bbox 149 923 1737 995">
     <span class='ocr_line' id='line_1_9' title="bbox 149 923 1737 995; baseline 0.002 -17"><span class='ocrx_word' id='word_1_67' title='bbox 149 925 269 979; x_wconf 88' lang='lat' dir='ltr'><strong>ntini</strong></span> <span class='ocrx_word' id='word_1_68' title='bbox 298 924 417 993; x_wconf 81' lang='lat' dir='ltr'><strong>fecit</strong></span> <span class='ocrx_word' id='word_1_69' title='bbox 437 925 566 984; x_wconf 67' lang='lat' dir='ltr'><strong>lucc.</strong></span> <span class='ocrx_word' id='word_1_70' title='bbox 588 929 635 978; x_wconf 77' lang='lat' dir='ltr'><strong>et</strong></span> <span class='ocrx_word' id='word_1_71' title='bbox 663 923 890 980; x_wconf 87' lang='lat' dir='ltr'><strong>Sanctus</strong></span> <span class='ocrx_word' id='word_1_72' title='bbox 908 923 1075 980; x_wconf 77' lang='lat' dir='ltr'><strong>Israel</strong></span> <span class='ocrx_word' id='word_1_73' title='bbox 1110 925 1352 980; x_wconf 89' lang='lat' dir='ltr'><strong>ostendit.</strong></span> <span class='ocrx_word' id='word_1_74' title='bbox 1367 924 1621 982; x_wconf 54' lang='lat' dir='ltr'><strong>Gentium</strong></span> <span class='ocrx_word' id='word_1_75' title='bbox 1643 940 1737 995; x_wconf 91' lang='lat' dir='ltr'><strong>po-</strong></span> 
     </span>
    </p>
   </div>
   <div class='ocr_carea' id='block_1_10' title="bbox 151 1015 1737 1087">
    <p class='ocr_par' dir='ltr' id='par_1_10' title="bbox 151 1015 1737 1087">
     <span class='ocr_line' id='line_1_10' title="bbox 151 1015 1737 1087; baseline 0.005 -22"><span class='ocrx_word' id='word_1_76' title='bbox 151 1015 298 1086; x_wconf 83' lang='lat' dir='ltr'><strong>pulus</strong></span> <span class='ocrx_word' id='word_1_77' title='bbox 323 1029 528 1087; x_wconf 82' lang='lat' dir='ltr'><strong>pauper</strong></span> <span class='ocrx_word' id='word_1_78' title='bbox 546 1024 602 1070; x_wconf 90' lang='lat' dir='ltr'><strong>et</strong></span> <span class='ocrx_word' id='word_1_79' title='bbox 631 1017 831 1084; x_wconf 89' lang='lat' dir='ltr'><strong>tenuis,</strong></span> <span class='ocrx_word' id='word_1_80' title='bbox 851 1018 940 1086; x_wconf 89' lang='lat' dir='ltr'><strong>qui</strong></span> <span class='ocrx_word' id='word_1_81' title='bbox 967 1032 1071 1073; x_wconf 84' lang='lat' dir='ltr'><strong>non</strong></span> <span class='ocrx_word' id='word_1_82' title='bbox 1097 1017 1330 1072; x_wconf 75' lang='lat' dir='ltr'><strong>habebat</strong></span> <span class='ocrx_word' id='word_1_83' title='bbox 1345 1018 1625 1073; x_wconf 84' lang='lat' dir='ltr'><strong>scientiam</strong></span> <span class='ocrx_word' id='word_1_84' title='bbox 1645 1032 1737 1073; x_wconf 81' lang='lat' dir='ltr'><strong>ve-</strong></span> 
     </span>
    </p>
   </div>
   <div class='ocr_carea' id='block_1_11' title="bbox 150 1111 1739 1183">
    <p class='ocr_par' dir='ltr' id='par_1_11' title="bbox 150 1111 1739 1183">
     <span class='ocr_line' id='line_1_11' title="bbox 150 1111 1739 1183; baseline 0.001 -17"><span class='ocrx_word' id='word_1_85' title='bbox 150 1111 335 1176; x_wconf 68' lang='lat' dir='ltr'><strong>ritatis,</strong></span> <span class='ocrx_word' id='word_1_86' title='bbox 349 1117 546 1181; x_wconf 76' lang='lat' dir='ltr'><strong>quterit</strong></span> <span class='ocrx_word' id='word_1_87' title='bbox 564 1127 659 1180; x_wconf 85' lang='lat' dir='ltr'><strong>per</strong></span> <span class='ocrx_word' id='word_1_88' title='bbox 671 1111 917 1167; x_wconf 78' lang='lat' dir='ltr'><strong>diverStis</strong></span> <span class='ocrx_word' id='word_1_89' title='bbox 929 1112 1243 1183; x_wconf 89' lang='lat' dir='ltr'><strong>magistros,</strong></span> <span class='ocrx_word' id='word_1_90' title='bbox 1261 1124 1315 1167; x_wconf 91' lang='lat' dir='ltr'><strong>et</strong></span> <span class='ocrx_word' id='word_1_91' title='bbox 1330 1113 1478 1168; x_wconf 89' lang='lat' dir='ltr'><strong>varia</strong></span> <span class='ocrx_word' id='word_1_92' title='bbox 1494 1112 1739 1168; x_wconf 69' lang='lat' dir='ltr'><strong>Philoso-</strong></span> 
     </span>
    </p>
   </div>
   <div class='ocr_carea' id='block_1_12' title="bbox 151 1202 1736 1276">
    <p class='ocr_par' dir='ltr' id='par_1_12' title="bbox 151 1202 1736 1276">
     <span class='ocr_line' id='line_1_12' title="bbox 151 1202 1736 1276; baseline 0.001 -18"><span class='ocrx_word' id='word_1_93' title='bbox 151 1204 369 1274; x_wconf 84' lang='lat' dir='ltr'><strong>phorum</strong></span> <span class='ocrx_word' id='word_1_94' title='bbox 386 1202 636 1274; x_wconf 76' lang='lat' dir='ltr'><strong>dogmata</strong></span> <span class='ocrx_word' id='word_1_95' title='bbox 659 1220 827 1276; x_wconf 83' lang='lat' dir='ltr'><strong>aquas</strong></span> <span class='ocrx_word' id='word_1_96' title='bbox 844 1205 1094 1260; x_wconf 80' lang='lat' dir='ltr'><strong>salubres</strong></span> <span class='ocrx_word' id='word_1_97' title='bbox 1119 1221 1134 1259; x_wconf 89' lang='lat'><strong>:</strong></span> <span class='ocrx_word' id='word_1_98' title='bbox 1161 1215 1214 1261; x_wconf 88' lang='lat' dir='ltr'><strong>et</strong></span> <span class='ocrx_word' id='word_1_99' title='bbox 1235 1220 1344 1261; x_wconf 92' lang='lat' dir='ltr'><strong>non</strong></span> <span class='ocrx_word' id='word_1_100' title='bbox 1368 1206 1593 1272; x_wconf 83' lang='lat' dir='ltr'><strong>invenit,</strong></span> <span class='ocrx_word' id='word_1_101' title='bbox 1613 1205 1736 1272; x_wconf 92' lang='lat' dir='ltr'><strong>quia</strong></span> 
     </span>
    </p>
   </div>
   <div class='ocr_carea' id='block_1_13' title="bbox 151 1295 1739 1368">
    <p class='ocr_par' dir='ltr' id='par_1_13' title="bbox 151 1295 1739 1368">
     <span class='ocr_line' id='line_1_13' title="bbox 151 1295 1739 1368; baseline 0 -18"><span class='ocrx_word' id='word_1_102' title='bbox 151 1311 251 1350; x_wconf 91' lang='lat' dir='ltr'><strong>non</strong></span> <span class='ocrx_word' id='word_1_103' title='bbox 273 1305 418 1360; x_wconf 87' lang='lat' dir='ltr'><strong>sunt;</strong></span> <span class='ocrx_word' id='word_1_104' title='bbox 435 1296 616 1367; x_wconf 90' lang='lat' dir='ltr'><strong>lingua</strong></span> <span class='ocrx_word' id='word_1_105' title='bbox 639 1312 826 1352; x_wconf 87' lang='lat' dir='ltr'><strong>eorum</strong></span> <span class='ocrx_word' id='word_1_106' title='bbox 841 1295 930 1350; x_wconf 91' lang='lat' dir='ltr'><strong>siti</strong></span> <span class='ocrx_word' id='word_1_107' title='bbox 947 1295 1113 1363; x_wconf 86' lang='lat' dir='ltr'><strong>aruit,</strong></span> <span class='ocrx_word' id='word_1_108' title='bbox 1128 1297 1245 1352; x_wconf 85' lang='lat' dir='ltr'><strong>sine</strong></span> <span class='ocrx_word' id='word_1_109' title='bbox 1257 1296 1401 1368; x_wconf 89' lang='lat' dir='ltr'><strong>Lege</strong></span> <span class='ocrx_word' id='word_1_110' title='bbox 1423 1312 1485 1352; x_wconf 89' lang='lat' dir='ltr'><strong>ac</strong></span> <span class='ocrx_word' id='word_1_111' title='bbox 1499 1296 1739 1366; x_wconf 87' lang='lat' dir='ltr'><strong>Prophe-</strong></span> 
     </span>
    </p>
   </div>
   <div class='ocr_carea' id='block_1_14' title="bbox 153 1388 1739 1460">
    <p class='ocr_par' dir='ltr' id='par_1_14' title="bbox 153 1388 1739 1460">
     <span class='ocr_line' id='line_1_14' title="bbox 153 1388 1739 1460; baseline 0.002 -18"><span class='ocrx_word' id='word_1_112' title='bbox 153 1389 233 1442; x_wconf 90' lang='lat' dir='ltr'><strong>tis.</strong></span> <span class='ocrx_word' id='word_1_113' title='bbox 264 1390 486 1444; x_wconf 83' lang='lat' dir='ltr'><strong>Omnem</strong></span> <span class='ocrx_word' id='word_1_114' title='bbox 517 1389 663 1444; x_wconf 86' lang='lat' dir='ltr'><strong>enim</strong></span> <span class='ocrx_word' id='word_1_115' title='bbox 687 1389 839 1459; x_wconf 76' lang='lat' dir='ltr'><strong>juxta</strong></span> <span class='ocrx_word' id='word_1_116' title='bbox 869 1388 1144 1460; x_wconf 74' lang='lat' dir='ltr'><strong>Evangelii</strong></span> <span class='ocrx_word' id='word_1_117' title='bbox 1174 1389 1355 1452; x_wconf 81' lang='lat' dir='ltr'><strong>fidem,</strong></span> <span class='ocrx_word' id='word_1_118' title='bbox 1388 1389 1739 1445; x_wconf 85' lang='lat' dir='ltr'><strong>substantiam</strong></span> 
     </span>
    </p>
   </div>
   <div class='ocr_carea' id='block_1_15' title="bbox 147 1481 1740 1555">
    <p class='ocr_par' dir='ltr' id='par_1_15' title="bbox 147 1481 1740 1555">
     <span class='ocr_line' id='line_1_15' title="bbox 147 1481 1740 1555; baseline 0.002 -17"><span class='ocrx_word' id='word_1_119' title='bbox 147 1481 360 1549; x_wconf 85' lang='lat' dir='ltr'><strong>suamiu</strong></span> <span class='ocrx_word' id='word_1_120' title='bbox 375 1483 617 1539; x_wconf 89' lang='lat' dir='ltr'><strong>medicos</strong></span> <span class='ocrx_word' id='word_1_121' title='bbox 633 1493 1069 1554; x_wconf 89' lang='lat' dir='ltr'><strong>comsumpserat</strong></span> <span class='ocrx_word' id='word_1_122' title='bbox 1091 1481 1242 1555; x_wconf 88' lang='lat' dir='ltr'><strong>(Luc.</strong></span> <span class='ocrx_word' id='word_1_123' title='bbox 1267 1482 1404 1553; x_wconf 82' lang='lat' dir='ltr'><strong>vni);</strong></span> <span class='ocrx_word' id='word_1_124' title='bbox 1421 1493 1474 1537; x_wconf 91' lang='lat' dir='ltr'><strong>et</strong></span> <span class='ocrx_word' id='word_1_125' title='bbox 1494 1498 1524 1538; x_wconf 89' lang='lat' dir='ltr'><strong>a</strong></span> <span class='ocrx_word' id='word_1_126' title='bbox 1547 1498 1740 1541; x_wconf 79' lang='lat' dir='ltr'><strong>cruore</strong></span> 
     </span>
    </p>
   </div>
   <div class='ocr_carea' id='block_1_16' title="bbox 144 1574 1744 1648">
    <p class='ocr_par' dir='ltr' id='par_1_16' title="bbox 144 1574 1744 1648">
     <span class='ocr_line' id='line_1_16' title="bbox 144 1574 1744 1648; baseline 0 -16"><span class='ocrx_word' id='word_1_127' title='bbox 144 1576 509 1642; x_wconf 69' lang='lat' dir='ltr'><strong>idololatriae,</strong></span> <span class='ocrx_word' id='word_1_128' title='bbox 565 1588 621 1633; x_wconf 88' lang='lat' dir='ltr'><strong>et</strong></span> <span class='ocrx_word' id='word_1_129' title='bbox 666 1579 929 1648; x_wconf 78' lang='lat' dir='ltr'><strong>sanguine</strong></span> <span class='ocrx_word' id='word_1_130' title='bbox 980 1579 1317 1632; x_wconf 86' lang='lat' dir='ltr'><strong>victimarum</strong></span> <span class='ocrx_word' id='word_1_131' title='bbox 1372 1574 1478 1632; x_wconf 87' lang='lat' dir='ltr'><strong>non</strong></span> <span class='ocrx_word' id='word_1_132' title='bbox 1534 1584 1744 1647; x_wconf 77' lang='lat' dir='ltr'><strong>poterat</strong></span> 
     </span>
    </p>
   </div>
   <div class='ocr_carea' id='block_1_17' title="bbox 145 1669 1744 1740">
    <p class='ocr_par' dir='ltr' id='par_1_17' title="bbox 145 1669 1744 1740">
     <span class='ocr_line' id='line_1_17' title="bbox 145 1669 1744 1740; baseline 0.001 -16"><span class='ocrx_word' id='word_1_133' title='bbox 145 1669 390 1726; x_wconf 61' lang='lat' dir='ltr'><strong>liberari-</strong></span> <span class='ocrx_word' id='word_1_134' title='bbox 411 1669 724 1740; x_wconf 79' lang='lat' dir='ltr'><strong>Pmpterea</strong></span> <span class='ocrx_word' id='word_1_135' title='bbox 747 1671 1006 1726; x_wconf 85' lang='lat' dir='ltr'><strong>Dominus</strong></span> <span class='ocrx_word' id='word_1_136' title='bbox 1040 1671 1184 1727; x_wconf 84' lang='lat' dir='ltr'><strong>Deus</strong></span> <span class='ocrx_word' id='word_1_137' title='bbox 1211 1671 1376 1726; x_wconf 82' lang='lat' dir='ltr'><strong>Israel</strong></span> <span class='ocrx_word' id='word_1_138' title='bbox 1409 1686 1514 1725; x_wconf 86' lang='lat' dir='ltr'><strong>non</strong></span> <span class='ocrx_word' id='word_1_139' title='bbox 1537 1684 1632 1725; x_wconf 88' lang='lat' dir='ltr'><strong>eos</strong></span> <span class='ocrx_word' id='word_1_140' title='bbox 1651 1684 1744 1739; x_wconf 84' lang='lat' dir='ltr'><strong>pc-</strong></span> 
     </span>
    </p>
   </div>
   <div class='ocr_carea' id='block_1_18' title="bbox 141 1764 1739 1834">
    <p class='ocr_par' dir='ltr' id='par_1_18' title="bbox 141 1764 1739 1834">
     <span class='ocr_line' id='line_1_18' title="bbox 141 1764 1739 1834; baseline -0.001 -14"><span class='ocrx_word' id='word_1_141' title='bbox 141 1768 276 1820; x_wconf 85' lang='lat' dir='ltr'><strong>nitus</strong></span> <span class='ocrx_word' id='word_1_142' title='bbox 303 1764 627 1834; x_wconf 83' lang='lat' dir='ltr'><strong>dereliquit,</strong></span> <span class='ocrx_word' id='word_1_143' title='bbox 661 1780 760 1820; x_wconf 90' lang='lat' dir='ltr'><strong>nec</strong></span> <span class='ocrx_word' id='word_1_144' title='bbox 795 1765 850 1818; x_wconf 92' lang='lat' dir='ltr'><strong>in</strong></span> <span class='ocrx_word' id='word_1_145' title='bbox 881 1774 1148 1820; x_wconf 61' lang='lat' dir='ltr'><strong>aeternum</strong></span> <span class='ocrx_word' id='word_1_146' title='bbox 1188 1767 1366 1834; x_wconf 87' lang='lat' dir='ltr'><strong>perire</strong></span> <span class='ocrx_word' id='word_1_147' title='bbox 1397 1779 1591 1832; x_wconf 80' lang='lat' dir='ltr'><strong>passus</strong></span> <span class='ocrx_word' id='word_1_148' title='bbox 1635 1773 1739 1831; x_wconf 82' lang='lat' dir='ltr'><strong>est;</strong></span> 
     </span>
    </p>
   </div>
   <div class='ocr_carea' id='block_1_19' title="bbox 1838 551 3437 623">
    <p class='ocr_par' dir='ltr' id='par_1_19' title="bbox 1838 551 3437 623">
     <span class='ocr_line' id='line_1_19' title="bbox 1838 551 3437 623; baseline 0.003 -18"><span class='ocrx_word' id='word_1_149' title='bbox 1838 552 1994 617; x_wconf 91' lang='lat' dir='ltr'><strong>mini,</strong></span> <span class='ocrx_word' id='word_1_150' title='bbox 2018 568 2067 608; x_wconf 90' lang='lat' dir='ltr'><strong>et</strong></span> <span class='ocrx_word' id='word_1_151' title='bbox 2103 551 2280 622; x_wconf 86' lang='lat' dir='ltr'><strong>aliqua</strong></span> <span class='ocrx_word' id='word_1_152' title='bbox 2316 552 2484 607; x_wconf 77' lang='lat' dir='ltr'><strong>virtus</strong></span> <span class='ocrx_word' id='word_1_153' title='bbox 2513 556 2815 623; x_wconf 71' lang='lat' dir='ltr'><strong>gratiarum</strong></span> <span class='ocrx_word' id='word_1_154' title='bbox 2853 554 3112 610; x_wconf 65' lang='lat' dir='ltr'><strong>Ecclesia:</strong></span> <span class='ocrx_word' id='word_1_155' title='bbox 3135 554 3329 610; x_wconf 89' lang='lat' dir='ltr'><strong>deesse</strong></span> <span class='ocrx_word' id='word_1_156' title='bbox 3356 557 3437 610; x_wconf 87' lang='lat' dir='ltr'><strong>vi-</strong></span> 
     </span>
    </p>
   </div>
   <div class='ocr_carea' id='block_1_20' title="bbox 1837 641 3438 715">
    <p class='ocr_par' dir='ltr' id='par_1_20' title="bbox 1837 641 3438 715">
     <span class='ocr_line' id='line_1_20' title="bbox 1837 641 3438 715; baseline 0.002 -18"><span class='ocrx_word' id='word_1_157' title='bbox 1837 641 2050 698; x_wconf 89' lang='lat' dir='ltr'><strong>deatur.</strong></span> <span class='ocrx_word' id='word_1_158' title='bbox 2077 642 2145 700; x_wconf 89' lang='lat' dir='ltr'><strong>Ut</strong></span> <span class='ocrx_word' id='word_1_159' title='bbox 2166 659 2354 698; x_wconf 89' lang='lat' dir='ltr'><strong>omnes</strong></span> <span class='ocrx_word' id='word_1_160' title='bbox 2379 644 2708 712; x_wconf 73' lang='lat' dir='ltr'><strong>intelligant.</strong></span> <span class='ocrx_word' id='word_1_161' title='bbox 2733 654 2790 699; x_wconf 88' lang='lat' dir='ltr'><strong>et.</strong></span> <span class='ocrx_word' id='word_1_162' title='bbox 2812 647 3015 715; x_wconf 84' lang='lat' dir='ltr'><strong>pariter</strong></span> <span class='ocrx_word' id='word_1_163' title='bbox 3036 659 3219 702; x_wconf 89' lang='lat' dir='ltr'><strong>mente</strong></span> <span class='ocrx_word' id='word_1_164' title='bbox 3239 662 3438 713; x_wconf 82' lang='lat' dir='ltr'><strong>cogno-</strong></span> 
     </span>
    </p>
   </div>
   <div class='ocr_carea' id='block_1_21' title="bbox 1836 737 3430 811">
    <p class='ocr_par' dir='ltr' id='par_1_21' title="bbox 1836 737 3430 811">
     <span class='ocr_line' id='line_1_21' title="bbox 1836 737 3430 811; baseline 0.004 -21"><span class='ocrx_word' id='word_1_165' title='bbox 1836 747 2012 804; x_wconf 88' lang='lat' dir='ltr'><strong>scant,</strong></span> <span class='ocrx_word' id='word_1_166' title='bbox 2042 738 2162 808; x_wconf 91' lang='lat' dir='ltr'><strong>quia</strong></span> <span class='ocrx_word' id='word_1_167' title='bbox 2197 753 2390 793; x_wconf 87' lang='lat' dir='ltr'><strong>manus</strong></span> <span class='ocrx_word' id='word_1_168' title='bbox 2419 737 2635 793; x_wconf 83' lang='lat' dir='ltr'><strong>Domini</strong></span> <span class='ocrx_word' id='word_1_169' title='bbox 2662 741 2776 794; x_wconf 65' lang='lat' dir='ltr'><strong>haec</strong></span> <span class='ocrx_word' id='word_1_170' title='bbox 2803 741 3056 796; x_wconf 86' lang='lat' dir='ltr'><strong>universa</strong></span> <span class='ocrx_word' id='word_1_171' title='bbox 3094 741 3389 811; x_wconf 80' lang='lat' dir='ltr'><strong>perfecerit</strong></span> <span class='ocrx_word' id='word_1_172' title='bbox 3415 783 3430 808; x_wconf 89' lang='lat'><strong>,</strong></span> 
     </span>
    </p>
   </div>
   <div class='ocr_carea' id='block_1_22' title="bbox 1838 831 3437 902">
    <p class='ocr_par' dir='ltr' id='par_1_22' title="bbox 1838 831 3437 902">
     <span class='ocr_line' id='line_1_22' title="bbox 1838 831 3437 902; baseline 0.006 -20"><span class='ocrx_word' id='word_1_173' title='bbox 1838 839 1895 882; x_wconf 90' lang='lat' dir='ltr'><strong>ut</strong></span> <span class='ocrx_word' id='word_1_174' title='bbox 1934 831 1986 883; x_wconf 93' lang='lat' dir='ltr'><strong>in</strong></span> <span class='ocrx_word' id='word_1_175' title='bbox 2026 831 2280 886; x_wconf 86' lang='lat' dir='ltr'><strong>ariditate</strong></span> <span class='ocrx_word' id='word_1_176' title='bbox 2308 833 2548 902; x_wconf 90' lang='lat' dir='ltr'><strong>gentium</strong></span> <span class='ocrx_word' id='word_1_177' title='bbox 2596 831 2972 888; x_wconf 82' lang='lat' dir='ltr'><strong>invenirentur</strong></span> <span class='ocrx_word' id='word_1_178' title='bbox 3013 833 3215 890; x_wconf 86' lang='lat' dir='ltr'><strong>ﬂuenta</strong></span> <span class='ocrx_word' id='word_1_179' title='bbox 3263 839 3437 891; x_wconf 88' lang='lat' dir='ltr'><strong>virtu-</strong></span> 
     </span>
    </p>
   </div>
   <div class='ocr_carea' id='block_1_23' title="bbox 1839 923 3444 998">
    <p class='ocr_par' dir='ltr' id='par_1_23' title="bbox 1839 923 3444 998">
     <span class='ocr_line' id='line_1_23' title="bbox 1839 923 3444 998; baseline 0.004 -22"><span class='ocrx_word' id='word_1_180' title='bbox 1839 931 1974 987; x_wconf 90' lang='lat' dir='ltr'><strong>tum,</strong></span> <span class='ocrx_word' id='word_1_181' title='bbox 2011 930 2064 976; x_wconf 89' lang='lat' dir='ltr'><strong>et</strong></span> <span class='ocrx_word' id='word_1_182' title='bbox 2093 923 2144 977; x_wconf 94' lang='lat' dir='ltr'><strong>in</strong></span> <span class='ocrx_word' id='word_1_183' title='bbox 2170 930 2314 978; x_wconf 86' lang='lat' dir='ltr'><strong>terra</strong></span> <span class='ocrx_word' id='word_1_184' title='bbox 2347 925 2629 994; x_wconf 90' lang='lat' dir='ltr'><strong>quondam</strong></span> <span class='ocrx_word' id='word_1_185' title='bbox 2663 925 2881 980; x_wconf 86' lang='lat' dir='ltr'><strong>deserta</strong></span> <span class='ocrx_word' id='word_1_186' title='bbox 2915 927 3186 997; x_wconf 80' lang='lat' dir='ltr'><strong>plenaque</strong></span> <span class='ocrx_word' id='word_1_187' title='bbox 3214 927 3444 998; x_wconf 88' lang='lat' dir='ltr'><strong>salsugi-</strong></span> 
     </span>
    </p>
   </div>
   <div class='ocr_carea' id='block_1_24' title="bbox 1839 1014 3442 1087">
    <p class='ocr_par' dir='ltr' id='par_1_24' title="bbox 1839 1014 3442 1087">
     <span class='ocr_line' id='line_1_24' title="bbox 1839 1014 3442 1087; baseline 0.002 -19"><span class='ocrx_word' id='word_1_188' title='bbox 1839 1014 1944 1081; x_wconf 90' lang='lat' dir='ltr'><strong>nis,</strong></span> <span class='ocrx_word' id='word_1_189' title='bbox 1975 1014 2174 1070; x_wconf 88' lang='lat' dir='ltr'><strong>cedrus</strong></span> <span class='ocrx_word' id='word_1_190' title='bbox 2205 1025 2260 1070; x_wconf 90' lang='lat' dir='ltr'><strong>et</strong></span> <span class='ocrx_word' id='word_1_191' title='bbox 2287 1017 2622 1087; x_wconf 84' lang='lat' dir='ltr'><strong>cyparissus,</strong></span> <span class='ocrx_word' id='word_1_192' title='bbox 2655 1028 2709 1073; x_wconf 91' lang='lat' dir='ltr'><strong>et</strong></span> <span class='ocrx_word' id='word_1_193' title='bbox 2741 1016 2863 1071; x_wconf 76' lang='lat' dir='ltr'><strong>alite</strong></span> <span class='ocrx_word' id='word_1_194' title='bbox 2887 1018 3117 1073; x_wconf 85' lang='lat' dir='ltr'><strong>arbores</strong></span> <span class='ocrx_word' id='word_1_195' title='bbox 3148 1032 3442 1073; x_wconf 86' lang='lat' dir='ltr'><strong>nasceren-</strong></span> 
     </span>
    </p>
   </div>
   <div class='ocr_carea' id='block_1_25' title="bbox 1840 1109 3444 1173">
    <p class='ocr_par' dir='ltr' id='par_1_25' title="bbox 1840 1109 3444 1173">
     <span class='ocr_line' id='line_1_25' title="bbox 1840 1109 3444 1173; baseline 0.004 -13"><span class='ocrx_word' id='word_1_196' title='bbox 1840 1116 1946 1170; x_wconf 90' lang='lat' dir='ltr'><strong>tur,</strong></span> <span class='ocrx_word' id='word_1_197' title='bbox 1976 1121 2208 1173; x_wconf 86' lang='lat' dir='ltr'><strong>quarum</strong></span> <span class='ocrx_word' id='word_1_198' title='bbox 2243 1109 2633 1164; x_wconf 82' lang='lat' dir='ltr'><strong>sublimitatem</strong></span> <span class='ocrx_word' id='word_1_199' title='bbox 2675 1117 2733 1163; x_wconf 92' lang='lat' dir='ltr'><strong>et</strong></span> <span class='ocrx_word' id='word_1_200' title='bbox 2772 1109 3035 1164; x_wconf 86' lang='lat' dir='ltr'><strong>verticem</strong></span> <span class='ocrx_word' id='word_1_201' title='bbox 3086 1109 3152 1163; x_wconf 89' lang='lat' dir='ltr'><strong>ad</strong></span> <span class='ocrx_word' id='word_1_202' title='bbox 3199 1111 3444 1166; x_wconf 71' lang='lat' dir='ltr'><strong>coelestia</strong></span> 
     </span>
    </p>
   </div>
   <div class='ocr_carea' id='block_1_26' title="bbox 1838 1200 3444 1275">
    <p class='ocr_par' dir='ltr' id='par_1_26' title="bbox 1838 1200 3444 1275">
     <span class='ocr_line' id='line_1_26' title="bbox 1838 1200 3444 1275; baseline 0.002 -19"><span class='ocrx_word' id='word_1_203' title='bbox 1838 1200 2214 1264; x_wconf 79' lang='lat' dir='ltr'><strong>festinantem,</strong></span> <span class='ocrx_word' id='word_1_204' title='bbox 2249 1203 2588 1260; x_wconf 90' lang='lat' dir='ltr'><strong>illuminaret</strong></span> <span class='ocrx_word' id='word_1_205' title='bbox 2621 1204 2828 1275; x_wconf 90' lang='lat' dir='ltr'><strong>lignum</strong></span> <span class='ocrx_word' id='word_1_206' title='bbox 2861 1203 3022 1259; x_wconf 77' lang='lat' dir='ltr'><strong>oliva:</strong></span> <span class='ocrx_word' id='word_1_207' title='bbox 3044 1243 3059 1269; x_wconf 91' lang='lat'><strong>,</strong></span> <span class='ocrx_word' id='word_1_208' title='bbox 3093 1205 3237 1275; x_wconf 90' lang='lat' dir='ltr'><strong>quod</strong></span> <span class='ocrx_word' id='word_1_209' title='bbox 3268 1206 3444 1260; x_wconf 81' lang='lat' dir='ltr'><strong>nutri-</strong></span> 
     </span>
    </p>
   </div>
   <div class='ocr_carea' id='block_1_27' title="bbox 1841 1297 3123 1368">
    <p class='ocr_par' dir='ltr' id='par_1_27' title="bbox 1841 1297 3123 1368">
     <span class='ocr_line' id='line_1_27' title="bbox 1841 1297 3123 1368; baseline 0.001 -18"><span class='ocrx_word' id='word_1_210' title='bbox 1841 1307 2083 1351; x_wconf 90' lang='lat' dir='ltr'><strong>mentum</strong></span> <span class='ocrx_word' id='word_1_211' title='bbox 2113 1298 2251 1352; x_wconf 91' lang='lat' dir='ltr'><strong>lucis</strong></span> <span class='ocrx_word' id='word_1_212' title='bbox 2272 1307 2378 1362; x_wconf 80' lang='lat' dir='ltr'><strong>est,</strong></span> <span class='ocrx_word' id='word_1_213' title='bbox 2409 1308 2461 1352; x_wconf 90' lang='lat' dir='ltr'><strong>et</strong></span> <span class='ocrx_word' id='word_1_214' title='bbox 2489 1297 2853 1353; x_wconf 87' lang='lat' dir='ltr'><strong>laborantium</strong></span> <span class='ocrx_word' id='word_1_215' title='bbox 2882 1299 3123 1368; x_wconf 82' lang='lat' dir='ltr'><strong>requies.</strong></span> 
     </span>
    </p>
   </div>
   <div class='ocr_carea' id='block_1_28' title="bbox 1914 1388 3450 1464">
    <p class='ocr_par' dir='ltr' id='par_1_28' title="bbox 1914 1388 3450 1464">
     <span class='ocr_line' id='line_1_28' title="bbox 1914 1388 3450 1464; baseline 0 -20"><span class='ocrx_word' id='word_1_216' title='bbox 1914 1388 2095 1462; x_wconf 83' lang='lat' dir='ltr'><strong>(Vers.</strong></span> <span class='ocrx_word' id='word_1_217' title='bbox 2126 1391 2186 1445; x_wconf 76' lang='lat'><strong>21</strong></span> <span class='ocrx_word' id='word_1_218' title='bbox 2225 1390 2407 1461; x_wconf 89' lang='lat' dir='ltr'><strong>seqq.)</strong></span> <span class='ocrx_word' id='word_1_219' title='bbox 2441 1390 2611 1462; x_wconf 83' lang='lat' dir='ltr'><strong>Prope</strong></span> <span class='ocrx_word' id='word_1_220' title='bbox 2632 1393 2788 1462; x_wconf 68' lang='lat' dir='ltr'><strong>facile</strong></span> <span class='ocrx_word' id='word_1_221' title='bbox 2802 1392 3064 1464; x_wconf 81' lang='lat' dir='ltr'><strong>judicium</strong></span> <span class='ocrx_word' id='word_1_222' title='bbox 3099 1399 3341 1456; x_wconf 79' lang='lat' dir='ltr'><strong>vestrum,</strong></span> <span class='ocrx_word' id='word_1_223' title='bbox 3367 1391 3450 1444; x_wconf 89' lang='lat' dir='ltr'><strong>di-</strong></span> 
     </span>
    </p>
   </div>
   <div class='ocr_carea' id='block_1_29' title="bbox 1843 1483 3452 1555">
    <p class='ocr_par' dir='ltr' id='par_1_29' title="bbox 1843 1483 3452 1555">
     <span class='ocr_line' id='line_1_29' title="bbox 1843 1483 3452 1555; baseline 0.004 -22"><span class='ocrx_word' id='word_1_224' title='bbox 1843 1485 1911 1537; x_wconf 83' lang='lat' dir='ltr'><strong>cit</strong></span> <span class='ocrx_word' id='word_1_225' title='bbox 1946 1483 2196 1538; x_wconf 81' lang='lat' dir='ltr'><strong>Dominus</strong></span> <span class='ocrx_word' id='word_1_226' title='bbox 2230 1501 2248 1538; x_wconf 87' lang='lat'><em>:</em></span> <span class='ocrx_word' id='word_1_227' title='bbox 2279 1483 2459 1550; x_wconf 76' lang='lat' dir='ltr'><strong>aﬂ&#39;erte</strong></span> <span class='ocrx_word' id='word_1_228' title='bbox 2495 1487 2538 1539; x_wconf 90' lang='lat' dir='ltr'><strong>si</strong></span> <span class='ocrx_word' id='word_1_229' title='bbox 2568 1485 2694 1554; x_wconf 89' lang='lat' dir='ltr'><strong>quid</strong></span> <span class='ocrx_word' id='word_1_230' title='bbox 2732 1486 2868 1555; x_wconf 78' lang='lat' dir='ltr'><strong>forte</strong></span> <span class='ocrx_word' id='word_1_231' title='bbox 2905 1485 3134 1552; x_wconf 88' lang='lat' dir='ltr'><strong>ltabetis,</strong></span> <span class='ocrx_word' id='word_1_232' title='bbox 3183 1485 3314 1540; x_wconf 69' lang='lat' dir='ltr'><strong>dixit</strong></span> <span class='ocrx_word' id='word_1_233' title='bbox 3362 1499 3452 1539; x_wconf 75' lang='lat' dir='ltr'><strong>rea:</strong></span> 
     </span>
    </p>
   </div>
   <div class='ocr_carea' id='block_1_30' title="bbox 1843 1576 3452 1651">
    <p class='ocr_par' dir='ltr' id='par_1_30' title="bbox 1843 1576 3452 1651">
     <span class='ocr_line' id='line_1_30' title="bbox 1843 1576 3452 1651; baseline 0.004 -22"><span class='ocrx_word' id='word_1_234' title='bbox 1843 1576 2029 1630; x_wconf 82' lang='lat' dir='ltr'><strong>Jacob.</strong></span> <span class='ocrx_word' id='word_1_235' title='bbox 2064 1577 2410 1647; x_wconf 36' lang='lat' dir='ltr'><strong>bmAccedant,</strong></span> <span class='ocrx_word' id='word_1_236' title='bbox 2440 1589 2486 1633; x_wconf 88' lang='lat' dir='ltr'><strong>et</strong></span> <span class='ocrx_word' id='word_1_237' title='bbox 2521 1580 2756 1634; x_wconf 82' lang='lat' dir='ltr'><strong>nuntient</strong></span> <span class='ocrx_word' id='word_1_238' title='bbox 2795 1579 2939 1635; x_wconf 87' lang='lat' dir='ltr'><strong>nobis</strong></span> <span class='ocrx_word' id='word_1_239' title='bbox 2971 1597 3302 1651; x_wconf 76' lang='lat' dir='ltr'><strong>quwcumque</strong></span> <span class='ocrx_word' id='word_1_240' title='bbox 3331 1596 3452 1635; x_wconf 78' lang='lat' dir='ltr'><strong>ven-</strong></span> 
     </span>
    </p>
   </div>
   <div class='ocr_carea' id='block_1_31' title="bbox 1846 1672 3451 1745">
    <p class='ocr_par' dir='ltr' id='par_1_31' title="bbox 1846 1672 3451 1745">
     <span class='ocr_line' id='line_1_31' title="bbox 1846 1672 3451 1745; baseline 0.002 -22"><span class='ocrx_word' id='word_1_241' title='bbox 1846 1679 1960 1723; x_wconf 89' lang='lat' dir='ltr'><strong>tura</strong></span> <span class='ocrx_word' id='word_1_242' title='bbox 1988 1680 2103 1723; x_wconf 89' lang='lat' dir='ltr'><strong>sunt</strong></span> <span class='ocrx_word' id='word_1_243' title='bbox 2136 1672 2351 1741; x_wconf 88' lang='lat' dir='ltr'><strong>:priora</strong></span> <span class='ocrx_word' id='word_1_244' title='bbox 2390 1687 2504 1741; x_wconf 70' lang='lat' dir='ltr'><strong>qua:</strong></span> <span class='ocrx_word' id='word_1_245' title='bbox 2524 1674 2730 1741; x_wconf 80' lang='lat' dir='ltr'><strong>fuerunt</strong></span> <span class='ocrx_word' id='word_1_246' title='bbox 2751 1712 2767 1739; x_wconf 90' lang='lat'><strong>,</strong></span> <span class='ocrx_word' id='word_1_247' title='bbox 2802 1674 3035 1727; x_wconf 84' lang='lat' dir='ltr'><strong>nuntiate</strong></span> <span class='ocrx_word' id='word_1_248' title='bbox 3072 1689 3090 1727; x_wconf 89' lang='lat'><strong><em>:</em></strong></span> <span class='ocrx_word' id='word_1_249' title='bbox 3132 1683 3178 1726; x_wconf 90' lang='lat' dir='ltr'><strong>et</strong></span> <span class='ocrx_word' id='word_1_250' title='bbox 3205 1688 3451 1745; x_wconf 86' lang='lat' dir='ltr'><strong>ponemus</strong></span> 
     </span>
    </p>
   </div>
   <div class='ocr_carea' id='block_1_32' title="bbox 1846 1761 3448 1836">
    <p class='ocr_par' dir='ltr' id='par_1_32' title="bbox 1846 1761 3448 1836">
     <span class='ocr_line' id='line_1_32' title="bbox 1846 1761 3448 1836; baseline 0.002 -23"><span class='ocrx_word' id='word_1_251' title='bbox 1846 1778 1933 1816; x_wconf 83' lang='lat' dir='ltr'><strong>cor</strong></span> <span class='ocrx_word' id='word_1_252' title='bbox 1959 1772 2211 1828; x_wconf 89' lang='lat' dir='ltr'><strong>nostrum,</strong></span> <span class='ocrx_word' id='word_1_253' title='bbox 2245 1773 2290 1818; x_wconf 89' lang='lat' dir='ltr'><strong>et</strong></span> <span class='ocrx_word' id='word_1_254' title='bbox 2313 1764 2528 1817; x_wconf 88' lang='lat' dir='ltr'><strong>sciemus</strong></span> <span class='ocrx_word' id='word_1_255' title='bbox 2551 1765 2828 1818; x_wconf 81' lang='lat' dir='ltr'><strong>novissima</strong></span> <span class='ocrx_word' id='word_1_256' title='bbox 2848 1781 3028 1818; x_wconf 82' lang='lat' dir='ltr'><strong>eorum</strong></span> <span class='ocrx_word' id='word_1_257' title='bbox 3061 1779 3080 1818; x_wconf 88' lang='lat'><strong><em>:</em></strong></span> <span class='ocrx_word' id='word_1_258' title='bbox 3103 1774 3149 1817; x_wconf 88' lang='lat' dir='ltr'><strong>et</strong></span> <span class='ocrx_word' id='word_1_259' title='bbox 3176 1762 3283 1836; x_wconf 90' lang='lat' dir='ltr'><strong>[A|.</strong></span> <span class='ocrx_word' id='word_1_260' title='bbox 3317 1761 3448 1835; x_wconf 78' lang='lat' dir='ltr'><strong>hwc]</strong></span> 
     </span>
    </p>
   </div>
   <div class='ocr_carea' id='block_1_33' title="bbox 141 1855 3454 1929">
    <p class='ocr_par' dir='ltr' id='par_1_33' title="bbox 141 1855 3454 1929">
     <span class='ocr_line' id='line_1_33' title="bbox 141 1855 3454 1929; baseline -0.002 -15"><span class='ocrx_word' id='word_1_261' title='bbox 141 1859 226 1914; x_wconf 80' lang='lat' dir='ltr'><strong>sed</strong></span> <span class='ocrx_word' id='word_1_262' title='bbox 248 1857 477 1929; x_wconf 84' lang='lat' dir='ltr'><strong>aperuit</strong></span> <span class='ocrx_word' id='word_1_263' title='bbox 506 1859 560 1913; x_wconf 92' lang='lat' dir='ltr'><strong>in</strong></span> <span class='ocrx_word' id='word_1_264' title='bbox 593 1855 801 1928; x_wconf 89' lang='lat' dir='ltr'><strong>supinis</strong></span> <span class='ocrx_word' id='word_1_265' title='bbox 826 1859 1084 1925; x_wconf 76' lang='lat' dir='ltr'><strong>Collibus,</strong></span> <span class='ocrx_word' id='word_1_266' title='bbox 1110 1860 1224 1914; x_wconf 80' lang='lat' dir='ltr'><strong>sive</strong></span> <span class='ocrx_word' id='word_1_267' title='bbox 1253 1860 1304 1913; x_wconf 93' lang='lat' dir='ltr'><strong>in</strong></span> <span class='ocrx_word' id='word_1_268' title='bbox 1336 1859 1608 1914; x_wconf 66' lang='lat' dir='ltr'><strong>montibus</strong></span> <span class='ocrx_word' id='word_1_269' title='bbox 1647 1857 1744 1912; x_wconf 82' lang='lat' dir='ltr'><strong>llu-</strong></span> <span class='ocrx_word' id='word_1_270' title='bbox 1774 1864 1823 1926; x_wconf 83' lang='grc' dir='ltr'><strong>Β</strong></span> <span class='ocrx_word' id='word_1_271' title='bbox 1848 1871 1962 1923; x_wconf 72' lang='lat' dir='ltr'><strong>qua:</strong></span> <span class='ocrx_word' id='word_1_272' title='bbox 1986 1865 2199 1910; x_wconf 87' lang='lat' dir='ltr'><strong>ventura</strong></span> <span class='ocrx_word' id='word_1_273' title='bbox 2222 1865 2358 1920; x_wconf 88' lang='lat' dir='ltr'><strong>sunt,</strong></span> <span class='ocrx_word' id='word_1_274' title='bbox 2381 1856 2606 1909; x_wconf 81' lang='lat' dir='ltr'><strong>indicate</strong></span> <span class='ocrx_word' id='word_1_275' title='bbox 2631 1856 2796 1910; x_wconf 77' lang='lat' dir='ltr'><strong>nobis.</strong></span> <span class='ocrx_word' id='word_1_276' title='bbox 2821 1856 3136 1910; x_wconf 86' lang='lat' dir='ltr'><strong>Annuntiate</strong></span> <span class='ocrx_word' id='word_1_277' title='bbox 3157 1855 3317 1927; x_wconf 80' lang='lat'><strong>503</strong></span> <span class='ocrx_word' id='word_1_278' title='bbox 3341 1869 3454 1922; x_wconf 79' lang='lat' dir='ltr'><strong>qua:</strong></span> 
     </span>
    </p>
   </div>
   <div class='ocr_carea' id='block_1_34' title="bbox 143 1950 1739 2025">
    <p class='ocr_par' dir='ltr' id='par_1_34' title="bbox 143 1950 1739 2025">
     <span class='ocr_line' id='line_1_34' title="bbox 143 1950 1739 2025; baseline -0.003 -17"><span class='ocrx_word' id='word_1_279' title='bbox 143 1955 296 2017; x_wconf 77' lang='lat' dir='ltr'><strong>mina,</strong></span> <span class='ocrx_word' id='word_1_280' title='bbox 319 1964 373 2009; x_wconf 84' lang='lat' dir='ltr'><strong>et</strong></span> <span class='ocrx_word' id='word_1_281' title='bbox 409 1955 480 2009; x_wconf 83' lang='lat' dir='ltr'><strong>in</strong></span> <span class='ocrx_word' id='word_1_282' title='bbox 515 1953 697 2009; x_wconf 85' lang='lat' dir='ltr'><strong>medio</strong></span> <span class='ocrx_word' id='word_1_283' title='bbox 736 1969 1055 2025; x_wconf 83' lang='lat' dir='ltr'><strong>camporum</strong></span> <span class='ocrx_word' id='word_1_284' title='bbox 1105 1953 1302 2010; x_wconf 88' lang='lat' dir='ltr'><strong>fontes.</strong></span> <span class='ocrx_word' id='word_1_285' title='bbox 1336 1952 1468 2019; x_wconf 84' lang='lat' dir='ltr'><strong>Quae</strong></span> <span class='ocrx_word' id='word_1_286' title='bbox 1519 1950 1739 2006; x_wconf 83' lang='lat' dir='ltr'><strong>ﬂumina</strong></span> 
     </span>
    </p>
   </div>
   <div class='ocr_carea' id='block_1_35' title="bbox 141 2044 1745 2116">
    <p class='ocr_par' dir='ltr' id='par_1_35' title="bbox 141 2044 1745 2116">
     <span class='ocr_line' id='line_1_35' title="bbox 141 2044 1745 2116; baseline -0.002 -14"><span class='ocrx_word' id='word_1_287' title='bbox 141 2062 200 2103; x_wconf 81' lang='lat' dir='ltr'><strong>ex</strong></span> <span class='ocrx_word' id='word_1_288' title='bbox 232 2046 324 2102; x_wconf 83' lang='lat' dir='ltr'><strong>illo</strong></span> <span class='ocrx_word' id='word_1_289' title='bbox 350 2045 418 2101; x_wconf 76' lang='lat' dir='ltr'><strong>ﬂii</strong></span> <span class='ocrx_word' id='word_1_290' title='bbox 437 2047 535 2100; x_wconf 85' lang='lat' dir='ltr'><strong>vio</strong></span> <span class='ocrx_word' id='word_1_291' title='bbox 561 2045 768 2101; x_wconf 80' lang='lat' dir='ltr'><strong>duxere</strong></span> <span class='ocrx_word' id='word_1_292' title='bbox 794 2046 1246 2116; x_wconf 87' lang='lat' dir='ltr'><strong>principiutn,qui</strong></span> <span class='ocrx_word' id='word_1_293' title='bbox 1272 2048 1323 2100; x_wconf 91' lang='lat' dir='ltr'><strong>iu</strong></span> <span class='ocrx_word' id='word_1_294' title='bbox 1357 2044 1586 2099; x_wconf 85' lang='lat' dir='ltr'><strong>Psalmis</strong></span> <span class='ocrx_word' id='word_1_295' title='bbox 1615 2044 1745 2111; x_wconf 79' lang='lat' dir='ltr'><strong>legi-</strong></span> 
     </span>
    </p>
   </div>
   <div class='ocr_carea' id='block_1_36' title="bbox 141 2137 1742 2212">
    <p class='ocr_par' dir='ltr' id='par_1_36' title="bbox 141 2137 1742 2212">
     <span class='ocr_line' id='line_1_36' title="bbox 141 2137 1742 2212; baseline 0 -16"><span class='ocrx_word' id='word_1_296' title='bbox 141 2140 564 2196; x_wconf 81' lang='lat' dir='ltr'><strong>tur:Fluminis</strong></span> <span class='ocrx_word' id='word_1_297' title='bbox 612 2140 829 2212; x_wconf 79' lang='lat' dir='ltr'><strong>impetus</strong></span> <span class='ocrx_word' id='word_1_298' title='bbox 879 2141 1112 2209; x_wconf 79' lang='lat' dir='ltr'><strong>lwtiﬁcat</strong></span> <span class='ocrx_word' id='word_1_299' title='bbox 1168 2141 1424 2195; x_wconf 83' lang='lat' dir='ltr'><strong>civitatem</strong></span> <span class='ocrx_word' id='word_1_300' title='bbox 1473 2137 1571 2195; x_wconf 86' lang='lat' dir='ltr'><strong>Dei</strong></span> <span class='ocrx_word' id='word_1_301' title='bbox 1614 2138 1742 2210; x_wconf 87' lang='lat' dir='ltr'><strong>(Ps.</strong></span> 
     </span>
    </p>
   </div>
   <div class='ocr_carea' id='block_1_37' title="bbox 143 2231 1744 2306">
    <p class='ocr_par' dir='ltr' id='par_1_37' title="bbox 143 2231 1744 2306">
     <span class='ocr_line' id='line_1_37' title="bbox 143 2231 1744 2306; baseline -0.001 -18"><span class='ocrx_word' id='word_1_302' title='bbox 143 2249 255 2290; x_wconf 72' lang='lat' dir='ltr'><strong>XLV.</strong></span> <span class='ocrx_word' id='word_1_303' title='bbox 280 2233 361 2303; x_wconf 79' lang='grc'><strong>4).</strong></span> <span class='ocrx_word' id='word_1_304' title='bbox 381 2236 460 2289; x_wconf 82' lang='lat' dir='ltr'><strong>EI.</strong></span> <span class='ocrx_word' id='word_1_305' title='bbox 489 2234 541 2288; x_wconf 89' lang='lat' dir='ltr'><strong>in</strong></span> <span class='ocrx_word' id='word_1_306' title='bbox 569 2235 678 2287; x_wconf 91' lang='lat' dir='ltr'><strong>alio</strong></span> <span class='ocrx_word' id='word_1_307' title='bbox 706 2234 825 2289; x_wconf 88' lang='lat' dir='ltr'><strong>loco</strong></span> <span class='ocrx_word' id='word_1_308' title='bbox 847 2231 1096 2288; x_wconf 83' lang='lat' dir='ltr'><strong>:Fluvius</strong></span> <span class='ocrx_word' id='word_1_309' title='bbox 1113 2232 1209 2289; x_wconf 87' lang='lat' dir='ltr'><strong>Dei</strong></span> <span class='ocrx_word' id='word_1_310' title='bbox 1232 2235 1458 2306; x_wconf 84' lang='lat' dir='ltr'><strong>repletus</strong></span> <span class='ocrx_word' id='word_1_311' title='bbox 1482 2244 1552 2287; x_wconf 85' lang='lat' dir='ltr'><strong>est</strong></span> <span class='ocrx_word' id='word_1_312' title='bbox 1575 2233 1744 2301; x_wconf 92' lang='lat' dir='ltr'><strong>aquis.</strong></span> 
     </span>
    </p>
   </div>
   <div class='ocr_carea' id='block_1_38' title="bbox 142 2324 1748 2397">
    <p class='ocr_par' dir='ltr' id='par_1_38' title="bbox 142 2324 1748 2397">
     <span class='ocr_line' id='line_1_38' title="bbox 142 2324 1748 2397; baseline 0 -17"><span class='ocrx_word' id='word_1_313' title='bbox 142 2325 262 2396; x_wconf 69' lang='lat' dir='ltr'><strong>Quae</strong></span> <span class='ocrx_word' id='word_1_314' title='bbox 283 2341 448 2397; x_wconf 76' lang='lat' dir='ltr'><strong>aqua:</strong></span> <span class='ocrx_word' id='word_1_315' title='bbox 476 2333 526 2381; x_wconf 88' lang='lat' dir='ltr'><strong>et</strong></span> <span class='ocrx_word' id='word_1_316' title='bbox 549 2325 723 2381; x_wconf 89' lang='lat' dir='ltr'><strong>fontes</strong></span> <span class='ocrx_word' id='word_1_317' title='bbox 744 2327 811 2381; x_wconf 89' lang='lat' dir='ltr'><strong>de</strong></span> <span class='ocrx_word' id='word_1_318' title='bbox 829 2324 922 2380; x_wconf 90' lang='lat' dir='ltr'><strong>illo</strong></span> <span class='ocrx_word' id='word_1_319' title='bbox 946 2327 1092 2381; x_wconf 89' lang='lat' dir='ltr'><strong>fonte</strong></span> <span class='ocrx_word' id='word_1_320' title='bbox 1115 2338 1528 2395; x_wconf 88' lang='lat' dir='ltr'><strong>manarunt,qut</strong></span> <span class='ocrx_word' id='word_1_321' title='bbox 1550 2340 1644 2394; x_wconf 89' lang='lat' dir='ltr'><strong>per</strong></span> <span class='ocrx_word' id='word_1_322' title='bbox 1659 2324 1748 2380; x_wconf 85' lang='lat' dir='ltr'><strong>Je-</strong></span> 
     </span>
    </p>
   </div>
   <div class='ocr_carea' id='block_1_39' title="bbox 145 2417 1749 2491">
    <p class='ocr_par' dir='ltr' id='par_1_39' title="bbox 145 2417 1749 2491">
     <span class='ocr_line' id='line_1_39' title="bbox 145 2417 1749 2491; baseline 0.001 -19"><span class='ocrx_word' id='word_1_323' title='bbox 145 2421 359 2473; x_wconf 88' lang='lat' dir='ltr'><strong>retuiatn</strong></span> <span class='ocrx_word' id='word_1_324' title='bbox 385 2419 635 2488; x_wconf 86' lang='lat' dir='ltr'><strong>loquitur</strong></span> <span class='ocrx_word' id='word_1_325' title='bbox 662 2436 676 2473; x_wconf 90' lang='lat'>:</span> <span class='ocrx_word' id='word_1_326' title='bbox 706 2417 794 2472; x_wconf 81' lang='lat' dir='ltr'><strong>Me</strong></span> <span class='ocrx_word' id='word_1_327' title='bbox 818 2419 1199 2490; x_wconf 85' lang='lat' dir='ltr'><strong>dereliquerunt</strong></span> <span class='ocrx_word' id='word_1_328' title='bbox 1232 2423 1424 2491; x_wconf 85' lang='lat' dir='ltr'><strong>fontem</strong></span> <span class='ocrx_word' id='word_1_329' title='bbox 1452 2435 1600 2488; x_wconf 71' lang='lat' dir='ltr'><strong>aqua:</strong></span> <span class='ocrx_word' id='word_1_330' title='bbox 1625 2419 1749 2473; x_wconf 77' lang='lat' dir='ltr'><strong>viva:</strong></span> 
     </span>
    </p>
   </div>
   <div class='ocr_carea' id='block_1_40' title="bbox 145 2509 1752 2584">
    <p class='ocr_par' dir='ltr' id='par_1_40' title="bbox 145 2509 1752 2584">
     <span class='ocr_line' id='line_1_40' title="bbox 145 2509 1752 2584; baseline -0.001 -19"><span class='ocrx_word' id='word_1_331' title='bbox 145 2510 350 2582; x_wconf 81' lang='lat' dir='ltr'><strong>(Jerem.</strong></span> <span class='ocrx_word' id='word_1_332' title='bbox 385 2529 454 2577; x_wconf 92' lang='lat' dir='ltr'><strong>n,</strong></span> <span class='ocrx_word' id='word_1_333' title='bbox 488 2512 597 2582; x_wconf 89' lang='lat' dir='ltr'><strong>l5).</strong></span> <span class='ocrx_word' id='word_1_334' title='bbox 625 2511 688 2566; x_wconf 85' lang='lat' dir='ltr'><strong>Et</strong></span> <span class='ocrx_word' id='word_1_335' title='bbox 710 2527 870 2582; x_wconf 88' lang='lat' dir='ltr'><strong>supra</strong></span> <span class='ocrx_word' id='word_1_336' title='bbox 893 2512 946 2566; x_wconf 90' lang='lat' dir='ltr'><strong>itt</strong></span> <span class='ocrx_word' id='word_1_337' title='bbox 973 2513 1074 2567; x_wconf 89' lang='lat' dir='ltr'><strong>hoc</strong></span> <span class='ocrx_word' id='word_1_338' title='bbox 1101 2513 1292 2568; x_wconf 87' lang='lat' dir='ltr'><strong>eodem</strong></span> <span class='ocrx_word' id='word_1_339' title='bbox 1325 2512 1594 2584; x_wconf 84' lang='lat' dir='ltr'><strong>Propheta</strong></span> <span class='ocrx_word' id='word_1_340' title='bbox 1616 2509 1752 2566; x_wconf 90' lang='lat' dir='ltr'><strong>dici-</strong></span> 
     </span>
    </p>
   </div>
   <div class='ocr_carea' id='block_1_41' title="bbox 147 2605 1750 2678">
    <p class='ocr_par' dir='ltr' id='par_1_41' title="bbox 147 2605 1750 2678">
     <span class='ocr_line' id='line_1_41' title="bbox 147 2605 1750 2678; baseline 0.001 -20"><span class='ocrx_word' id='word_1_341' title='bbox 147 2615 228 2661; x_wconf 88' lang='lat' dir='ltr'><strong>tur</strong></span> <span class='ocrx_word' id='word_1_342' title='bbox 260 2624 276 2662; x_wconf 88' lang='lat'><strong>:</strong></span> <span class='ocrx_word' id='word_1_343' title='bbox 319 2605 518 2661; x_wconf 81' lang='lat' dir='ltr'><strong>Bibent</strong></span> <span class='ocrx_word' id='word_1_344' title='bbox 547 2623 707 2676; x_wconf 82' lang='lat' dir='ltr'><strong>aquas</strong></span> <span class='ocrx_word' id='word_1_345' title='bbox 734 2606 798 2660; x_wconf 88' lang='lat' dir='ltr'><strong>de</strong></span> <span class='ocrx_word' id='word_1_346' title='bbox 828 2607 1054 2678; x_wconf 84' lang='lat' dir='ltr'><strong>fontibus</strong></span> <span class='ocrx_word' id='word_1_347' title='bbox 1087 2605 1398 2663; x_wconf 83' lang='lat' dir='ltr'><strong>Saluatoris.</strong></span> <span class='ocrx_word' id='word_1_348' title='bbox 1437 2607 1511 2663; x_wconf 91' lang='lat' dir='ltr'><strong>De</strong></span> <span class='ocrx_word' id='word_1_349' title='bbox 1551 2607 1750 2678; x_wconf 88' lang='lat' dir='ltr'><strong>quibus</strong></span> 
     </span>
    </p>
   </div>
   <div class='ocr_carea' id='block_1_42' title="bbox 145 2697 1752 2756">
    <p class='ocr_par' dir='ltr' id='par_1_42' title="bbox 145 2697 1752 2756">
     <span class='ocr_line' id='line_1_42' title="bbox 145 2697 1752 2756; baseline 0 -4"><span class='ocrx_word' id='word_1_350' title='bbox 145 2701 272 2753; x_wconf 84' lang='lat' dir='ltr'><strong>etin</strong></span> <span class='ocrx_word' id='word_1_351' title='bbox 306 2698 549 2754; x_wconf 80' lang='lat' dir='ltr'><strong>Psalmis</strong></span> <span class='ocrx_word' id='word_1_352' title='bbox 568 2701 816 2754; x_wconf 87' lang='lat' dir='ltr'><strong>canitur:</strong></span> <span class='ocrx_word' id='word_1_353' title='bbox 848 2697 1146 2756; x_wconf 87' lang='lat' dir='ltr'><strong>Benedicite</strong></span> <span class='ocrx_word' id='word_1_354' title='bbox 1175 2699 1458 2754; x_wconf 88' lang='lat' dir='ltr'><strong>Dominum</strong></span> <span class='ocrx_word' id='word_1_355' title='bbox 1494 2698 1662 2755; x_wconf 88' lang='lat' dir='ltr'><strong>Deum</strong></span> <span class='ocrx_word' id='word_1_356' title='bbox 1688 2701 1752 2753; x_wconf 89' lang='lat' dir='ltr'><strong>de</strong></span> 
     </span>
    </p>
   </div>
   <div class='ocr_carea' id='block_1_43' title="bbox 149 2790 1754 2863">
    <p class='ocr_par' dir='ltr' id='par_1_43' title="bbox 149 2790 1754 2863">
     <span class='ocr_line' id='line_1_43' title="bbox 149 2790 1754 2863; baseline 0.001 -18"><span class='ocrx_word' id='word_1_357' title='bbox 149 2793 368 2863; x_wconf 80' lang='lat' dir='ltr'><strong>fontibus</strong></span> <span class='ocrx_word' id='word_1_358' title='bbox 399 2790 578 2847; x_wconf 84' lang='lat' dir='ltr'><strong>Israel</strong></span> <span class='ocrx_word' id='word_1_359' title='bbox 606 2791 726 2854; x_wconf 89' lang='lat' dir='ltr'><strong>(Ps.</strong></span> <span class='ocrx_word' id='word_1_360' title='bbox 757 2807 921 2854; x_wconf 83' lang='lat' dir='ltr'><strong>van.</strong></span> <span class='ocrx_word' id='word_1_361' title='bbox 947 2792 1061 2860; x_wconf 71' lang='lat'><strong>27).</strong></span> <span class='ocrx_word' id='word_1_362' title='bbox 1090 2792 1156 2847; x_wconf 83' lang='lat' dir='ltr'><strong>Et</strong></span> <span class='ocrx_word' id='word_1_363' title='bbox 1186 2794 1387 2862; x_wconf 90' lang='lat' dir='ltr'><strong>posuit,</strong></span> <span class='ocrx_word' id='word_1_364' title='bbox 1422 2794 1594 2861; x_wconf 87' lang='lat' dir='ltr'><strong>inquit</strong></span> <span class='ocrx_word' id='word_1_365' title='bbox 1615 2837 1629 2860; x_wconf 90' lang='lat'><strong>,</strong></span> <span class='ocrx_word' id='word_1_366' title='bbox 1662 2795 1754 2846; x_wconf 89' lang='lat' dir='ltr'><strong>de-</strong></span> 
     </span>
    </p>
   </div>
   <div class='ocr_carea' id='block_1_44' title="bbox 149 2886 1755 2960">
    <p class='ocr_par' dir='ltr' id='par_1_44' title="bbox 149 2886 1755 2960">
     <span class='ocr_line' id='line_1_44' title="bbox 149 2886 1755 2960; baseline 0.001 -21"><span class='ocrx_word' id='word_1_367' title='bbox 149 2896 342 2940; x_wconf 87' lang='lat' dir='ltr'><strong>sertum</strong></span> <span class='ocrx_word' id='word_1_368' title='bbox 362 2888 418 2941; x_wconf 91' lang='lat' dir='ltr'><strong>in</strong></span> <span class='ocrx_word' id='word_1_369' title='bbox 439 2899 686 2960; x_wconf 82' lang='lat' dir='ltr'><strong>stagnum</strong></span> <span class='ocrx_word' id='word_1_370' title='bbox 715 2903 987 2957; x_wconf 90' lang='lat' dir='ltr'><strong>aquarum,</strong></span> <span class='ocrx_word' id='word_1_371' title='bbox 1018 2895 1066 2940; x_wconf 90' lang='lat' dir='ltr'><strong>et</strong></span> <span class='ocrx_word' id='word_1_372' title='bbox 1092 2896 1278 2940; x_wconf 88' lang='lat' dir='ltr'><strong>terram</strong></span> <span class='ocrx_word' id='word_1_373' title='bbox 1315 2886 1504 2940; x_wconf 85' lang='lat' dir='ltr'><strong>inviam</strong></span> <span class='ocrx_word' id='word_1_374' title='bbox 1526 2888 1582 2939; x_wconf 88' lang='lat' dir='ltr'><strong>in</strong></span> <span class='ocrx_word' id='word_1_375' title='bbox 1617 2887 1755 2940; x_wconf 80' lang='lat' dir='ltr'><strong>rivos</strong></span> 
     </span>
    </p>
   </div>
   <div class='ocr_carea' id='block_1_45' title="bbox 151 2979 1758 3052">
    <p class='ocr_par' dir='ltr' id='par_1_45' title="bbox 151 2979 1758 3052">
     <span class='ocr_line' id='line_1_45' title="bbox 151 2979 1758 3052; baseline 0 -18"><span class='ocrx_word' id='word_1_376' title='bbox 151 2996 421 3051; x_wconf 78' lang='lat' dir='ltr'><strong>aquarum.</strong></span> <span class='ocrx_word' id='word_1_377' title='bbox 493 2982 569 3036; x_wconf 90' lang='lat' dir='ltr'><strong>De</strong></span> <span class='ocrx_word' id='word_1_378' title='bbox 599 2981 798 3052; x_wconf 87' lang='lat' dir='ltr'><strong>quibus</strong></span> <span class='ocrx_word' id='word_1_379' title='bbox 831 2982 985 3050; x_wconf 88' lang='lat' dir='ltr'><strong>aquis</strong></span> <span class='ocrx_word' id='word_1_380' title='bbox 1013 2991 1070 3036; x_wconf 91' lang='lat' dir='ltr'><strong>et</strong></span> <span class='ocrx_word' id='word_1_381' title='bbox 1103 2982 1347 3035; x_wconf 78' lang='lat' dir='ltr'><strong>Salvator</strong></span> <span class='ocrx_word' id='word_1_382' title='bbox 1381 2981 1432 3033; x_wconf 89' lang='lat' dir='ltr'><strong>in</strong></span> <span class='ocrx_word' id='word_1_383' title='bbox 1463 2979 1758 3049; x_wconf 86' lang='lat' dir='ltr'><strong>Evangelio</strong></span> 
     </span>
    </p>
   </div>
   <div class='ocr_carea' id='block_1_46' title="bbox 149 3069 1760 3146">
    <p class='ocr_par' dir='ltr' id='par_1_46' title="bbox 149 3069 1760 3146">
     <span class='ocr_line' id='line_1_46' title="bbox 149 3069 1760 3146; baseline -0.004 -17"><span class='ocrx_word' id='word_1_384' title='bbox 149 3074 382 3146; x_wconf 84' lang='lat' dir='ltr'><strong>mystico</strong></span> <span class='ocrx_word' id='word_1_385' title='bbox 415 3088 674 3129; x_wconf 85' lang='lat' dir='ltr'><strong>sermone</strong></span> <span class='ocrx_word' id='word_1_386' title='bbox 717 3073 934 3128; x_wconf 87' lang='lat' dir='ltr'><strong>dicebat</strong></span> <span class='ocrx_word' id='word_1_387' title='bbox 964 3071 1144 3144; x_wconf 83' lang='lat' dir='ltr'><strong>(Joan.</strong></span> <span class='ocrx_word' id='word_1_388' title='bbox 1169 3087 1248 3137; x_wconf 88' lang='lat' dir='ltr'><strong>tv,</strong></span> <span class='ocrx_word' id='word_1_389' title='bbox 1274 3073 1364 3130; x_wconf 74' lang='lat' dir='ltr'><strong>I5.</strong></span> <span class='ocrx_word' id='word_1_390' title='bbox 1393 3071 1484 3141; x_wconf 71' lang='grc'><strong>14)</strong></span> <span class='ocrx_word' id='word_1_391' title='bbox 1517 3089 1530 3125; x_wconf 89' lang='lat'><strong>:</strong></span> <span class='ocrx_word' id='word_1_392' title='bbox 1564 3070 1663 3138; x_wconf 84' lang='lat' dir='ltr'><strong>Qui</strong></span> <span class='ocrx_word' id='word_1_393' title='bbox 1685 3069 1760 3124; x_wconf 84' lang='lat' dir='ltr'><strong>bi-</strong></span> 
     </span>
    </p>
   </div>
   <div class='ocr_carea' id='block_1_47' title="bbox 1845 1948 3452 2019">
    <p class='ocr_par' dir='ltr' id='par_1_47' title="bbox 1845 1948 3452 2019">
     <span class='ocr_line' id='line_1_47' title="bbox 1845 1948 3452 2019; baseline 0.002 -18"><span class='ocrx_word' id='word_1_394' title='bbox 1845 1962 2060 2001; x_wconf 79' lang='lat' dir='ltr'><strong>ventura</strong></span> <span class='ocrx_word' id='word_1_395' title='bbox 2093 1957 2214 2002; x_wconf 86' lang='lat' dir='ltr'><strong>sunt</strong></span> <span class='ocrx_word' id='word_1_396' title='bbox 2243 1948 2301 2002; x_wconf 84' lang='lat' dir='ltr'><strong>in</strong></span> <span class='ocrx_word' id='word_1_397' title='bbox 2327 1952 2561 2019; x_wconf 83' lang='lat' dir='ltr'><strong>futurum</strong></span> <span class='ocrx_word' id='word_1_398' title='bbox 2589 1965 2608 2003; x_wconf 88' lang='lat'><strong><em>:</em></strong></span> <span class='ocrx_word' id='word_1_399' title='bbox 2637 1959 2687 2004; x_wconf 86' lang='lat' dir='ltr'><strong>et</strong></span> <span class='ocrx_word' id='word_1_400' title='bbox 2714 1951 2929 2002; x_wconf 82' lang='lat' dir='ltr'><strong>sciemus</strong></span> <span class='ocrx_word' id='word_1_401' title='bbox 2956 1949 3076 2016; x_wconf 89' lang='lat' dir='ltr'><strong>quia</strong></span> <span class='ocrx_word' id='word_1_402' title='bbox 3100 1949 3172 2000; x_wconf 81' lang='lat' dir='ltr'><strong>dit</strong></span> <span class='ocrx_word' id='word_1_403' title='bbox 3204 1949 3323 2002; x_wconf 76' lang='lat' dir='ltr'><strong>estis</strong></span> <span class='ocrx_word' id='word_1_404' title='bbox 3344 1962 3452 2004; x_wconf 81' lang='lat' dir='ltr'><strong>vos.</strong></span> 
     </span>
    </p>
   </div>
   <div class='ocr_carea' id='block_1_48' title="bbox 1845 2038 3454 2112">
    <p class='ocr_par' dir='ltr' id='par_1_48' title="bbox 1845 2038 3454 2112">
     <span class='ocr_line' id='line_1_48' title="bbox 1845 2038 3454 2112; baseline -0.001 -19"><span class='ocrx_word' id='word_1_405' title='bbox 1845 2038 1985 2095; x_wconf 82' lang='lat' dir='ltr'><strong>Bene</strong></span> <span class='ocrx_word' id='word_1_406' title='bbox 2007 2057 2204 2110; x_wconf 86' lang='lat' dir='ltr'><strong>quoque</strong></span> <span class='ocrx_word' id='word_1_407' title='bbox 2228 2051 2320 2094; x_wconf 86' lang='lat' dir='ltr'><strong>aut</strong></span> <span class='ocrx_word' id='word_1_408' title='bbox 2350 2041 2485 2095; x_wconf 90' lang='lat' dir='ltr'><strong>male</strong></span> <span class='ocrx_word' id='word_1_409' title='bbox 2511 2043 2557 2095; x_wconf 87' lang='lat' dir='ltr'><strong>si</strong></span> <span class='ocrx_word' id='word_1_410' title='bbox 2584 2045 2818 2112; x_wconf 83' lang='lat' dir='ltr'><strong>potestis,</strong></span> <span class='ocrx_word' id='word_1_411' title='bbox 2847 2041 3036 2111; x_wconf 78' lang='lat' dir='ltr'><strong>facile,</strong></span> <span class='ocrx_word' id='word_1_412' title='bbox 3068 2053 3114 2095; x_wconf 92' lang='lat' dir='ltr'><strong>et</strong></span> <span class='ocrx_word' id='word_1_413' title='bbox 3153 2039 3454 2111; x_wconf 86' lang='lat' dir='ltr'><strong>loquamur,</strong></span> 
     </span>
    </p>
   </div>
   <div class='ocr_carea' id='block_1_49' title="bbox 1847 2131 3459 2205">
    <p class='ocr_par' dir='ltr' id='par_1_49' title="bbox 1847 2131 3459 2205">
     <span class='ocr_line' id='line_1_49' title="bbox 1847 2131 3459 2205; baseline 0.001 -20"><span class='ocrx_word' id='word_1_414' title='bbox 1847 2143 1894 2185; x_wconf 91' lang='lat' dir='ltr'><strong>et</strong></span> <span class='ocrx_word' id='word_1_415' title='bbox 1917 2133 2181 2187; x_wconf 76' lang='lat' dir='ltr'><strong>videamus</strong></span> <span class='ocrx_word' id='word_1_416' title='bbox 2209 2133 2385 2188; x_wconf 88' lang='lat' dir='ltr'><strong>simul.</strong></span> <span class='ocrx_word' id='word_1_417' title='bbox 2421 2133 2552 2187; x_wconf 87' lang='lat' dir='ltr'><strong>Ecce</strong></span> <span class='ocrx_word' id='word_1_418' title='bbox 2586 2150 2670 2188; x_wconf 83' lang='lat' dir='ltr'><strong>vos</strong></span> <span class='ocrx_word' id='word_1_419' title='bbox 2701 2135 2821 2188; x_wconf 90' lang='lat' dir='ltr'><strong>estis</strong></span> <span class='ocrx_word' id='word_1_420' title='bbox 2851 2150 2945 2199; x_wconf 82' lang='lat' dir='ltr'><strong>pro</strong></span> <span class='ocrx_word' id='word_1_421' title='bbox 2973 2131 3124 2186; x_wconf 84' lang='lat' dir='ltr'><strong>nihili</strong></span> <span class='ocrx_word' id='word_1_422' title='bbox 3157 2132 3352 2205; x_wconf 76' lang='lat' dir='ltr'><strong>(Vulg.</strong></span> <span class='ocrx_word' id='word_1_423' title='bbox 3393 2150 3459 2187; x_wconf 78' lang='lat' dir='ltr'><strong>ea:</strong></span> 
     </span>
    </p>
   </div>
   <div class='ocr_carea' id='block_1_50' title="bbox 1848 2225 3462 2298">
    <p class='ocr_par' dir='ltr' id='par_1_50' title="bbox 1848 2225 3462 2298">
     <span class='ocr_line' id='line_1_50' title="bbox 1848 2225 3462 2298; baseline -0.001 -19"><span class='ocrx_word' id='word_1_424' title='bbox 1848 2225 2036 2298; x_wconf 82' lang='lat' dir='ltr'><strong>nihilo]</strong></span> <span class='ocrx_word' id='word_1_425' title='bbox 2070 2243 2089 2281; x_wconf 89' lang='lat'><strong><em>:</em></strong></span> <span class='ocrx_word' id='word_1_426' title='bbox 2116 2237 2166 2282; x_wconf 93' lang='lat' dir='ltr'><strong>et</strong></span> <span class='ocrx_word' id='word_1_427' title='bbox 2193 2242 2322 2296; x_wconf 81' lang='lat' dir='ltr'><strong>opus</strong></span> <span class='ocrx_word' id='word_1_428' title='bbox 2343 2239 2567 2281; x_wconf 76' lang='lat' dir='ltr'><strong>vestrum</strong></span> <span class='ocrx_word' id='word_1_429' title='bbox 2590 2241 2655 2281; x_wconf 80' lang='lat' dir='ltr'><strong>ea:</strong></span> <span class='ocrx_word' id='word_1_430' title='bbox 2676 2243 2736 2282; x_wconf 91' lang='lat' dir='ltr'><strong>eo</strong></span> <span class='ocrx_word' id='word_1_431' title='bbox 2757 2229 2894 2295; x_wconf 87' lang='lat' dir='ltr'><strong>quod</strong></span> <span class='ocrx_word' id='word_1_432' title='bbox 2925 2243 3028 2280; x_wconf 89' lang='lat' dir='ltr'><strong>non</strong></span> <span class='ocrx_word' id='word_1_433' title='bbox 3056 2234 3128 2280; x_wconf 79' lang='lat' dir='ltr'><strong>est</strong></span> <span class='ocrx_word' id='word_1_434' title='bbox 3154 2225 3462 2280; x_wconf 82' lang='lat' dir='ltr'><strong>:abomina-</strong></span> 
     </span>
    </p>
   </div>
   <div class='ocr_carea' id='block_1_51' title="bbox 1851 2317 3460 2392">
    <p class='ocr_par' dir='ltr' id='par_1_51' title="bbox 1851 2317 3460 2392">
     <span class='ocr_line' id='line_1_51' title="bbox 1851 2317 3460 2392; baseline -0.001 -18"><span class='ocrx_word' id='word_1_435' title='bbox 1851 2323 1920 2375; x_wconf 89' lang='lat' dir='ltr'><strong>tio</strong></span> <span class='ocrx_word' id='word_1_436' title='bbox 1945 2330 2018 2375; x_wconf 83' lang='lat' dir='ltr'><strong>est</strong></span> <span class='ocrx_word' id='word_1_437' title='bbox 2045 2321 2132 2391; x_wconf 88' lang='lat' dir='ltr'><strong>qui</strong></span> <span class='ocrx_word' id='word_1_438' title='bbox 2163 2320 2317 2389; x_wconf 71' lang='lat' dir='ltr'><strong>elegit</strong></span> <span class='ocrx_word' id='word_1_439' title='bbox 2350 2337 2455 2374; x_wconf 83' lang='lat' dir='ltr'><strong>vos.</strong></span> <span class='ocrx_word' id='word_1_440' title='bbox 2487 2319 2633 2375; x_wconf 81' lang='lat' dir='ltr'><strong>LXX</strong></span> <span class='ocrx_word' id='word_1_441' title='bbox 2679 2338 2691 2373; x_wconf 92' lang='lat'><strong>:</strong></span> <span class='ocrx_word' id='word_1_442' title='bbox 2731 2317 2897 2374; x_wconf 73' lang='lat' dir='ltr'><strong>Juxta</strong></span> <span class='ocrx_word' id='word_1_443' title='bbox 2942 2328 3012 2374; x_wconf 86' lang='lat' dir='ltr'><strong>est</strong></span> <span class='ocrx_word' id='word_1_444' title='bbox 3051 2320 3318 2392; x_wconf 78' lang='lat' dir='ltr'><strong>judicium</strong></span> <span class='ocrx_word' id='word_1_445' title='bbox 3349 2334 3460 2374; x_wconf 85' lang='lat' dir='ltr'><strong>ves-</strong></span> 
     </span>
    </p>
   </div>
   <div class='ocr_carea' id='block_1_52' title="bbox 1852 2410 3463 2484">
    <p class='ocr_par' dir='ltr' id='par_1_52' title="bbox 1852 2410 3463 2484">
     <span class='ocr_line' id='line_1_52' title="bbox 1852 2410 3463 2484; baseline -0.001 -18"><span class='ocrx_word' id='word_1_446' title='bbox 1852 2421 2010 2479; x_wconf 91' lang='lat' dir='ltr'><strong>trum,</strong></span> <span class='ocrx_word' id='word_1_447' title='bbox 2035 2413 2159 2466; x_wconf 85' lang='lat' dir='ltr'><strong>dicit</strong></span> <span class='ocrx_word' id='word_1_448' title='bbox 2192 2410 2446 2466; x_wconf 85' lang='lat' dir='ltr'><strong>Dominus</strong></span> <span class='ocrx_word' id='word_1_449' title='bbox 2465 2410 2604 2468; x_wconf 87' lang='lat' dir='ltr'><strong>Deus</strong></span> <span class='ocrx_word' id='word_1_450' title='bbox 2629 2428 2647 2467; x_wconf 90' lang='lat'><strong><em>:</em></strong></span> <span class='ocrx_word' id='word_1_451' title='bbox 2674 2422 2920 2467; x_wconf 82' lang='lat' dir='ltr'><strong>venerunt</strong></span> <span class='ocrx_word' id='word_1_452' title='bbox 2942 2423 2990 2467; x_wconf 93' lang='lat' dir='ltr'><strong>et</strong></span> <span class='ocrx_word' id='word_1_453' title='bbox 3015 2413 3463 2484; x_wconf 79' lang='lat' dir='ltr'><strong>appropinquave—</strong></span> 
     </span>
    </p>
   </div>
   <div class='ocr_carea' id='block_1_53' title="bbox 1851 2503 3456 2576">
    <p class='ocr_par' dir='ltr' id='par_1_53' title="bbox 1851 2503 3456 2576">
     <span class='ocr_line' id='line_1_53' title="bbox 1851 2503 3456 2576; baseline -0.001 -16"><span class='ocrx_word' id='word_1_454' title='bbox 1851 2517 1972 2560; x_wconf 84' lang='lat' dir='ltr'><strong>runt</strong></span> <span class='ocrx_word' id='word_1_455' title='bbox 2020 2506 2238 2561; x_wconf 88' lang='lat' dir='ltr'><strong>consilia</strong></span> <span class='ocrx_word' id='word_1_456' title='bbox 2274 2518 2462 2570; x_wconf 71' lang='lat' dir='ltr'><strong>vestra,</strong></span> <span class='ocrx_word' id='word_1_457' title='bbox 2511 2507 2632 2560; x_wconf 85' lang='lat' dir='ltr'><strong>dicit</strong></span> <span class='ocrx_word' id='word_1_458' title='bbox 2681 2521 2772 2560; x_wconf 78' lang='lat' dir='ltr'><strong>rea:</strong></span> <span class='ocrx_word' id='word_1_459' title='bbox 2813 2503 2998 2559; x_wconf 83' lang='lat' dir='ltr'><strong>Jacob.</strong></span> <span class='ocrx_word' id='word_1_460' title='bbox 3030 2506 3456 2576; x_wconf 79' lang='lat' dir='ltr'><strong>Appropmquent</strong></span> 
     </span>
    </p>
   </div>
   <div class='ocr_carea' id='block_1_54' title="bbox 1854 2598 3464 2673">
    <p class='ocr_par' dir='ltr' id='par_1_54' title="bbox 1854 2598 3464 2673">
     <span class='ocr_line' id='line_1_54' title="bbox 1854 2598 3464 2673; baseline -0.002 -16"><span class='ocrx_word' id='word_1_461' title='bbox 1854 2598 1976 2673; x_wconf 79' lang='lat' dir='ltr'><strong>[AL</strong></span> <span class='ocrx_word' id='word_1_462' title='bbox 2006 2601 2252 2654; x_wconf 88' lang='lat' dir='ltr'><strong>accedant</strong></span> <span class='ocrx_word' id='word_1_463' title='bbox 2277 2600 2294 2673; x_wconf 93' lang='lat'>]</span> <span class='ocrx_word' id='word_1_464' title='bbox 2331 2611 2377 2654; x_wconf 90' lang='lat' dir='ltr'><strong>et</strong></span> <span class='ocrx_word' id='word_1_465' title='bbox 2402 2599 2704 2654; x_wconf 88' lang='lat' dir='ltr'><strong>annuntient</strong></span> <span class='ocrx_word' id='word_1_466' title='bbox 2736 2599 2880 2653; x_wconf 87' lang='lat' dir='ltr'><strong>nobis</strong></span> <span class='ocrx_word' id='word_1_467' title='bbox 2904 2614 3020 2669; x_wconf 77' lang='lat' dir='ltr'><strong>qua:</strong></span> <span class='ocrx_word' id='word_1_468' title='bbox 3047 2610 3264 2652; x_wconf 81' lang='lat' dir='ltr'><strong>ventura</strong></span> <span class='ocrx_word' id='word_1_469' title='bbox 3293 2609 3411 2652; x_wconf 88' lang='lat' dir='ltr'><strong>sunt</strong></span> <span class='ocrx_word' id='word_1_470' title='bbox 3443 2610 3464 2653; x_wconf 83' lang='lat'><strong>.’</strong></span> 
     </span>
    </p>
   </div>
   <div class='ocr_carea' id='block_1_55' title="bbox 1853 2693 3465 2767">
    <p class='ocr_par' dir='ltr' id='par_1_55' title="bbox 1853 2693 3465 2767">
     <span class='ocr_line' id='line_1_55' title="bbox 1853 2693 3465 2767; baseline -0.002 -19"><span class='ocrx_word' id='word_1_471' title='bbox 1853 2706 1943 2749; x_wconf 89' lang='lat' dir='ltr'><strong>aut</strong></span> <span class='ocrx_word' id='word_1_472' title='bbox 1973 2695 2147 2767; x_wconf 85' lang='lat' dir='ltr'><strong>priora</strong></span> <span class='ocrx_word' id='word_1_473' title='bbox 2177 2709 2291 2765; x_wconf 68' lang='lat' dir='ltr'><strong>qua:</strong></span> <span class='ocrx_word' id='word_1_474' title='bbox 2320 2705 2466 2748; x_wconf 87' lang='lat' dir='ltr'><strong>erant</strong></span> <span class='ocrx_word' id='word_1_475' title='bbox 2491 2693 2645 2746; x_wconf 87' lang='lat' dir='ltr'><strong>dicite</strong></span> <span class='ocrx_word' id='word_1_476' title='bbox 2675 2707 2694 2746; x_wconf 89' lang='lat'><strong><em>:</em></strong></span> <span class='ocrx_word' id='word_1_477' title='bbox 2723 2700 2769 2746; x_wconf 88' lang='lat' dir='ltr'><strong>et</strong></span> <span class='ocrx_word' id='word_1_478' title='bbox 2792 2706 3106 2764; x_wconf 69' lang='lat' dir='ltr'><strong>imponemus</strong></span> <span class='ocrx_word' id='word_1_479' title='bbox 3137 2706 3342 2745; x_wconf 83' lang='lat' dir='ltr'><strong>sensum</strong></span> <span class='ocrx_word' id='word_1_480' title='bbox 3373 2705 3390 2743; x_wconf 92' lang='lat'><strong><em>:</em></strong></span> <span class='ocrx_word' id='word_1_481' title='bbox 3415 2697 3465 2744; x_wconf 89' lang='lat' dir='ltr'><strong>et</strong></span> 
     </span>
    </p>
   </div>
   <div class='ocr_carea' id='block_1_56' title="bbox 1853 2783 3464 2860">
    <p class='ocr_par' dir='ltr' id='par_1_56' title="bbox 1853 2783 3464 2860">
     <span class='ocr_line' id='line_1_56' title="bbox 1853 2783 3464 2860; baseline -0.005 -16"><span class='ocrx_word' id='word_1_482' title='bbox 1853 2790 2074 2844; x_wconf 85' lang='lat' dir='ltr'><strong>sciemus</strong></span> <span class='ocrx_word' id='word_1_483' title='bbox 2095 2804 2211 2860; x_wconf 76' lang='lat' dir='ltr'><strong>qua:</strong></span> <span class='ocrx_word' id='word_1_484' title='bbox 2237 2797 2356 2846; x_wconf 76' lang='lat' dir='ltr'><strong>sunt</strong></span> <span class='ocrx_word' id='word_1_485' title='bbox 2386 2788 2691 2842; x_wconf 84' lang='lat' dir='ltr'><strong>novissima.</strong></span> <span class='ocrx_word' id='word_1_486' title='bbox 2718 2783 2946 2839; x_wconf 78' lang='lat' dir='ltr'><strong>Ventura</strong></span> <span class='ocrx_word' id='word_1_487' title='bbox 2963 2799 3162 2856; x_wconf 86' lang='lat' dir='ltr'><strong>quoque</strong></span> <span class='ocrx_word' id='word_1_488' title='bbox 3182 2783 3338 2837; x_wconf 88' lang='lat' dir='ltr'><strong>dicite</strong></span> <span class='ocrx_word' id='word_1_489' title='bbox 3367 2797 3464 2836; x_wconf 89' lang='lat' dir='ltr'><strong>no-</strong></span> 
     </span>
    </p>
   </div>
   <div class='ocr_carea' id='block_1_57' title="bbox 1857 2878 3468 2950">
    <p class='ocr_par' dir='ltr' id='par_1_57' title="bbox 1857 2878 3468 2950">
     <span class='ocr_line' id='line_1_57' title="bbox 1857 2878 3468 2950; baseline -0.002 -16"><span class='ocrx_word' id='word_1_490' title='bbox 1857 2880 1954 2945; x_wconf 85' lang='lat' dir='ltr'><strong>bis,</strong></span> <span class='ocrx_word' id='word_1_491' title='bbox 1987 2889 2035 2936; x_wconf 90' lang='lat' dir='ltr'><strong>et</strong></span> <span class='ocrx_word' id='word_1_492' title='bbox 2063 2882 2370 2935; x_wconf 89' lang='lat' dir='ltr'><strong>annuntiate</strong></span> <span class='ocrx_word' id='word_1_493' title='bbox 2402 2896 2516 2950; x_wconf 75' lang='lat' dir='ltr'><strong>quae</strong></span> <span class='ocrx_word' id='word_1_494' title='bbox 2542 2887 2761 2932; x_wconf 78' lang='lat' dir='ltr'><strong>uentura</strong></span> <span class='ocrx_word' id='word_1_495' title='bbox 2801 2889 2918 2932; x_wconf 85' lang='lat' dir='ltr'><strong>sunt</strong></span> <span class='ocrx_word' id='word_1_496' title='bbox 2960 2879 3015 2932; x_wconf 90' lang='lat' dir='ltr'><strong>in</strong></span> <span class='ocrx_word' id='word_1_497' title='bbox 3056 2878 3337 2931; x_wconf 84' lang='lat' dir='ltr'><strong>novissimo</strong></span> <span class='ocrx_word' id='word_1_498' title='bbox 3369 2892 3388 2932; x_wconf 91' lang='lat'><strong><em>:</em></strong></span> <span class='ocrx_word' id='word_1_499' title='bbox 3419 2883 3468 2930; x_wconf 88' lang='lat' dir='ltr'><strong>et</strong></span> 
     </span>
    </p>
   </div>
   <div class='ocr_carea' id='block_1_58' title="bbox 1859 2971 3468 3045">
    <p class='ocr_par' dir='ltr' id='par_1_58' title="bbox 1859 2971 3468 3045">
     <span class='ocr_line' id='line_1_58' title="bbox 1859 2971 3468 3045; baseline -0.003 -15"><span class='ocrx_word' id='word_1_500' title='bbox 1859 2976 2077 3030; x_wconf 86' lang='lat' dir='ltr'><strong>sciemus</strong></span> <span class='ocrx_word' id='word_1_501' title='bbox 2107 2978 2354 3045; x_wconf 88' lang='lat' dir='ltr'><strong>quoniam</strong></span> <span class='ocrx_word' id='word_1_502' title='bbox 2383 2974 2458 3028; x_wconf 88' lang='lat' dir='ltr'><strong>dii</strong></span> <span class='ocrx_word' id='word_1_503' title='bbox 2485 2976 2630 3028; x_wconf 86' lang='lat' dir='ltr'><strong>estis.</strong></span> <span class='ocrx_word' id='word_1_504' title='bbox 2664 2972 2804 3027; x_wconf 87' lang='lat' dir='ltr'><strong>Bene</strong></span> <span class='ocrx_word' id='word_1_505' title='bbox 2833 2975 2990 3045; x_wconf 76' lang='lat' dir='ltr'><strong>facite</strong></span> <span class='ocrx_word' id='word_1_506' title='bbox 3022 2983 3069 3026; x_wconf 90' lang='lat' dir='ltr'><strong>et</strong></span> <span class='ocrx_word' id='word_1_507' title='bbox 3091 2971 3228 3026; x_wconf 88' lang='lat' dir='ltr'><strong>male</strong></span> <span class='ocrx_word' id='word_1_508' title='bbox 3247 3011 3264 3040; x_wconf 90' lang='lat'><strong>,</strong></span> <span class='ocrx_word' id='word_1_509' title='bbox 3293 2982 3338 3027; x_wconf 85' lang='lat' dir='ltr'><strong>et</strong></span> <span class='ocrx_word' id='word_1_510' title='bbox 3369 2971 3468 3026; x_wconf 87' lang='lat' dir='ltr'><strong>ad-</strong></span> 
     </span>
    </p>
   </div>
   <div class='ocr_carea' id='block_1_59' title="bbox 1862 3045 3470 3131">
    <p class='ocr_par' dir='ltr' id='par_1_59' title="bbox 1862 3045 3470 3131">
     <span class='ocr_line' id='line_1_59' title="bbox 1862 3045 3470 3131; baseline 0.002 -13"><span class='ocrx_word' id='word_1_511' title='bbox 1862 3065 2208 3120; x_wconf 88' lang='lat' dir='ltr'><strong>mirabimur:</strong></span> <span class='ocrx_word' id='word_1_512' title='bbox 2231 3076 2280 3120; x_wconf 91' lang='lat' dir='ltr'><strong>et</strong></span> <span class='ocrx_word' id='word_1_513' title='bbox 2312 3065 2596 3120; x_wconf 84' lang='lat' dir='ltr'><strong>videbimus</strong></span> <span class='ocrx_word' id='word_1_514' title='bbox 2627 3066 2785 3119; x_wconf 89' lang='lat' dir='ltr'><strong>simul</strong></span> <span class='ocrx_word' id='word_1_515' title='bbox 2814 3066 2950 3118; x_wconf 89' lang='lat' dir='ltr'><strong>unde</strong></span> <span class='ocrx_word' id='word_1_516' title='bbox 2975 3068 3086 3120; x_wconf 87' lang='lat' dir='ltr'><strong>sitis</strong></span> <span class='ocrx_word' id='word_1_517' title='bbox 3104 3081 3215 3131; x_wconf 83' lang='lat' dir='ltr'><strong>vos,</strong></span> <span class='ocrx_word' id='word_1_518' title='bbox 3248 3076 3294 3120; x_wconf 91' lang='lat' dir='ltr'><strong>et</strong></span> <span class='ocrx_word' id='word_1_519' title='bbox 3331 3045 3470 3121; x_wconf 80' lang='lat' dir='ltr'><strong>unde</strong></span> 
     </span>
    </p>
   </div>
   <div class='ocr_carea' id='block_1_60' title="bbox 152 3158 3467 3237">
    <p class='ocr_par' dir='ltr' id='par_1_60' title="bbox 152 3158 3467 3237">
     <span class='ocr_line' id='line_1_60' title="bbox 152 3158 3467 3237; baseline 0 -19"><span class='ocrx_word' id='word_1_520' title='bbox 152 3165 274 3218; x_wconf 71' lang='lat' dir='ltr'><strong>bcrit</strong></span> <span class='ocrx_word' id='word_1_521' title='bbox 301 3165 368 3218; x_wconf 91' lang='lat' dir='ltr'><strong>de</strong></span> <span class='ocrx_word' id='word_1_522' title='bbox 389 3163 554 3237; x_wconf 70' lang='lat'><strong>502</strong></span> <span class='ocrx_word' id='word_1_523' title='bbox 580 3179 744 3233; x_wconf 87' lang='lat' dir='ltr'><strong>aqua,</strong></span> <span class='ocrx_word' id='word_1_524' title='bbox 771 3179 926 3234; x_wconf 91' lang='lat' dir='ltr'><strong>quam</strong></span> <span class='ocrx_word' id='word_1_525' title='bbox 951 3179 1044 3235; x_wconf 86' lang='lat' dir='ltr'><strong>ego</strong></span> <span class='ocrx_word' id='word_1_526' title='bbox 1075 3161 1208 3216; x_wconf 83' lang='lat' dir='ltr'><strong>dabo</strong></span> <span class='ocrx_word' id='word_1_527' title='bbox 1244 3162 1291 3215; x_wconf 86' lang='lat' dir='ltr'><strong>ei</strong></span> <span class='ocrx_word' id='word_1_528' title='bbox 1310 3202 1324 3226; x_wconf 96' lang='lat'><strong>,</strong></span> <span class='ocrx_word' id='word_1_529' title='bbox 1372 3176 1475 3214; x_wconf 88' lang='lat' dir='ltr'><strong>non</strong></span> <span class='ocrx_word' id='word_1_530' title='bbox 1527 3161 1664 3214; x_wconf 86' lang='lat' dir='ltr'><strong>sitiet</strong></span> <span class='ocrx_word' id='word_1_531' title='bbox 1707 3161 1761 3214; x_wconf 90' lang='lat' dir='ltr'><strong>in</strong></span> <span class='ocrx_word' id='word_1_532' title='bbox 1861 3159 1930 3212; x_wconf 88' lang='lat' dir='ltr'><strong>sit</strong></span> <span class='ocrx_word' id='word_1_533' title='bbox 1955 3174 2084 3228; x_wconf 85' lang='lat' dir='ltr'><strong>opus</strong></span> <span class='ocrx_word' id='word_1_534' title='bbox 2105 3168 2326 3212; x_wconf 85' lang='lat' dir='ltr'><strong>vestrum</strong></span> <span class='ocrx_word' id='word_1_535' title='bbox 2348 3161 2441 3212; x_wconf 92' lang='lat' dir='ltr'><strong>:de</strong></span> <span class='ocrx_word' id='word_1_536' title='bbox 2463 3169 2599 3211; x_wconf 87' lang='lat' dir='ltr'><strong>terra</strong></span> <span class='ocrx_word' id='word_1_537' title='bbox 2622 3158 3058 3214; x_wconf 85' lang='lat' dir='ltr'><strong>abominationum</strong></span> <span class='ocrx_word' id='word_1_538' title='bbox 3080 3162 3467 3231; x_wconf 82' lang='lat' dir='ltr'><strong>elegeruntvos.</strong></span> 
     </span>
    </p>
   </div>
   <div class='ocr_carea' id='block_1_61' title="bbox 148 3250 3473 3328">
    <p class='ocr_par' dir='ltr' id='par_1_61' title="bbox 148 3250 3473 3328">
     <span class='ocr_line' id='line_1_61' title="bbox 148 3250 3473 3328; baseline -0.001 -16"><span class='ocrx_word' id='word_1_539' title='bbox 148 3267 403 3313; x_wconf 83' lang='lat' dir='ltr'><strong>teternum</strong></span> <span class='ocrx_word' id='word_1_540' title='bbox 427 3258 553 3312; x_wconf 88' lang='lat' dir='ltr'><strong>:sed</strong></span> <span class='ocrx_word' id='word_1_541' title='bbox 585 3273 717 3327; x_wconf 88' lang='lat' dir='ltr'><strong>aqua</strong></span> <span class='ocrx_word' id='word_1_542' title='bbox 749 3273 902 3324; x_wconf 87' lang='lat' dir='ltr'><strong>quam</strong></span> <span class='ocrx_word' id='word_1_543' title='bbox 928 3272 1023 3328; x_wconf 81' lang='lat' dir='ltr'><strong>ego</strong></span> <span class='ocrx_word' id='word_1_544' title='bbox 1053 3255 1242 3309; x_wconf 88' lang='lat' dir='ltr'><strong>dedero</strong></span> <span class='ocrx_word' id='word_1_545' title='bbox 1271 3255 1337 3318; x_wconf 89' lang='lat' dir='ltr'><strong>ei,</strong></span> <span class='ocrx_word' id='word_1_546' title='bbox 1367 3254 1453 3323; x_wconf 80' lang='lat' dir='ltr'><strong>ﬁet</strong></span> <span class='ocrx_word' id='word_1_547' title='bbox 1478 3253 1531 3307; x_wconf 90' lang='lat' dir='ltr'><strong>in</strong></span> <span class='ocrx_word' id='word_1_548' title='bbox 1557 3270 1616 3306; x_wconf 86' lang='lat' dir='ltr'><strong>eo</strong></span> <span class='ocrx_word' id='word_1_549' title='bbox 1646 3255 1762 3323; x_wconf 79' lang='lat' dir='ltr'><strong>fons</strong></span> <span class='ocrx_word' id='word_1_550' title='bbox 1789 3255 1832 3315; x_wconf 85' lang='lat' dir='ltr'>C</span> <span class='ocrx_word' id='word_1_551' title='bbox 1867 3250 2152 3317; x_wconf 82' lang='lat' dir='ltr'><strong>Quomodo</strong></span> <span class='ocrx_word' id='word_1_552' title='bbox 2191 3265 2355 3320; x_wconf 86' lang='lat' dir='ltr'><strong>supra</strong></span> <span class='ocrx_word' id='word_1_553' title='bbox 2395 3250 2635 3306; x_wconf 80' lang='lat' dir='ltr'><strong>diximus</strong></span> <span class='ocrx_word' id='word_1_554' title='bbox 2658 3292 2673 3317; x_wconf 94' lang='lat'><strong>,</strong></span> <span class='ocrx_word' id='word_1_555' title='bbox 2714 3252 2986 3321; x_wconf 79' lang='lat' dir='ltr'><strong>duplicem</strong></span> <span class='ocrx_word' id='word_1_556' title='bbox 3034 3268 3157 3308; x_wconf 89' lang='lat' dir='ltr'><strong>esse</strong></span> <span class='ocrx_word' id='word_1_557' title='bbox 3203 3254 3371 3309; x_wconf 86' lang='lat' dir='ltr'><strong>Jacoh</strong></span> <span class='ocrx_word' id='word_1_558' title='bbox 3416 3263 3473 3309; x_wconf 88' lang='lat' dir='ltr'><strong>et</strong></span> 
     </span>
    </p>
   </div>
   <div class='ocr_carea' id='block_1_62' title="bbox 148 3342 3470 3418">
    <p class='ocr_par' dir='ltr' id='par_1_62' title="bbox 148 3342 3470 3418">
     <span class='ocr_line' id='line_1_62' title="bbox 148 3342 3470 3418; baseline 0 -17"><span class='ocrx_word' id='word_1_559' title='bbox 148 3367 300 3416; x_wconf 66' lang='lat' dir='ltr'><strong>aqua:</strong></span> <span class='ocrx_word' id='word_1_560' title='bbox 331 3347 575 3402; x_wconf 88' lang='lat' dir='ltr'><strong>salientis</strong></span> <span class='ocrx_word' id='word_1_561' title='bbox 616 3349 672 3401; x_wconf 88' lang='lat' dir='ltr'><strong>in</strong></span> <span class='ocrx_word' id='word_1_562' title='bbox 700 3350 857 3401; x_wconf 79' lang='lat' dir='ltr'><strong>vitam</strong></span> <span class='ocrx_word' id='word_1_563' title='bbox 887 3361 1152 3403; x_wconf 78' lang='lat' dir='ltr'><strong>wternam.</strong></span> <span class='ocrx_word' id='word_1_564' title='bbox 1183 3348 1248 3402; x_wconf 84' lang='lat' dir='ltr'><strong>Et</strong></span> <span class='ocrx_word' id='word_1_565' title='bbox 1279 3348 1473 3408; x_wconf 87' lang='lat' dir='ltr'><strong>iterum</strong></span> <span class='ocrx_word' id='word_1_566' title='bbox 1512 3365 1522 3400; x_wconf 90' lang='lat'>:</span> <span class='ocrx_word' id='word_1_567' title='bbox 1559 3347 1621 3402; x_wconf 88' lang='lat' dir='ltr'><strong>Si</strong></span> <span class='ocrx_word' id='word_1_568' title='bbox 1645 3349 1759 3418; x_wconf 88' lang='lat' dir='ltr'><strong>quis</strong></span> <span class='ocrx_word' id='word_1_569' title='bbox 1865 3342 2055 3411; x_wconf 83' lang='lat' dir='ltr'><strong>Israel,</strong></span> <span class='ocrx_word' id='word_1_570' title='bbox 2077 3359 2185 3400; x_wconf 90' lang='lat' dir='ltr'><strong>non</strong></span> <span class='ocrx_word' id='word_1_571' title='bbox 2210 3345 2727 3415; x_wconf 80' lang='lat' dir='ltr'><strong>credentiumatque</strong></span> <span class='ocrx_word' id='word_1_572' title='bbox 2748 3345 3160 3402; x_wconf 88' lang='lat' dir='ltr'><strong>credentiumin</strong></span> <span class='ocrx_word' id='word_1_573' title='bbox 3184 3348 3470 3402; x_wconf 89' lang='lat' dir='ltr'><strong>Dominum</strong></span> 
     </span>
    </p>
   </div>
   <div class='ocr_carea' id='block_1_63' title="bbox 145 3438 3474 3514">
    <p class='ocr_par' dir='ltr' id='par_1_63' title="bbox 145 3438 3474 3514">
     <span class='ocr_line' id='line_1_63' title="bbox 145 3438 3474 3514; baseline -0.001 -17"><span class='ocrx_word' id='word_1_574' title='bbox 145 3444 256 3497; x_wconf 84' lang='lat' dir='ltr'><strong>sitit</strong></span> <span class='ocrx_word' id='word_1_575' title='bbox 284 3484 299 3506; x_wconf 90' lang='lat'><strong>,</strong></span> <span class='ocrx_word' id='word_1_576' title='bbox 329 3441 508 3496; x_wconf 82' lang='lat' dir='ltr'><strong>ueniat</strong></span> <span class='ocrx_word' id='word_1_577' title='bbox 535 3443 603 3493; x_wconf 83' lang='lat' dir='ltr'><strong>ad</strong></span> <span class='ocrx_word' id='word_1_578' title='bbox 622 3457 700 3495; x_wconf 87' lang='lat' dir='ltr'><strong>me</strong></span> <span class='ocrx_word' id='word_1_579' title='bbox 727 3451 776 3495; x_wconf 91' lang='lat' dir='ltr'><strong>et</strong></span> <span class='ocrx_word' id='word_1_580' title='bbox 803 3441 960 3497; x_wconf 84' lang='lat' dir='ltr'><strong>bibat.</strong></span> <span class='ocrx_word' id='word_1_581' title='bbox 998 3441 1097 3508; x_wconf 85' lang='lat' dir='ltr'><strong>Qui</strong></span> <span class='ocrx_word' id='word_1_582' title='bbox 1124 3441 1302 3496; x_wconf 88' lang='lat' dir='ltr'><strong>biberit</strong></span> <span class='ocrx_word' id='word_1_583' title='bbox 1346 3444 1411 3496; x_wconf 81' lang='lat' dir='ltr'><strong>de</strong></span> <span class='ocrx_word' id='word_1_584' title='bbox 1437 3459 1572 3511; x_wconf 85' lang='lat' dir='ltr'><strong>aqua</strong></span> <span class='ocrx_word' id='word_1_585' title='bbox 1608 3460 1761 3514; x_wconf 86' lang='lat' dir='ltr'><strong>quant</strong></span> <span class='ocrx_word' id='word_1_586' title='bbox 1864 3438 2203 3494; x_wconf 89' lang='lat' dir='ltr'><strong>Salvatorem</strong></span> <span class='ocrx_word' id='word_1_587' title='bbox 2250 3455 2264 3491; x_wconf 89' lang='lat'><strong>:</strong></span> <span class='ocrx_word' id='word_1_588' title='bbox 2305 3439 2380 3493; x_wconf 89' lang='lat' dir='ltr'><strong>ita</strong></span> <span class='ocrx_word' id='word_1_589' title='bbox 2437 3440 2650 3494; x_wconf 84' lang='lat' dir='ltr'><strong>vocatis</strong></span> <span class='ocrx_word' id='word_1_590' title='bbox 2703 3441 2995 3509; x_wconf 83' lang='lat' dir='ltr'><strong>gentibus,</strong></span> <span class='ocrx_word' id='word_1_591' title='bbox 3044 3449 3100 3495; x_wconf 92' lang='lat' dir='ltr'><strong>et</strong></span> <span class='ocrx_word' id='word_1_592' title='bbox 3145 3440 3198 3495; x_wconf 92' lang='lat' dir='ltr'><strong>in</strong></span> <span class='ocrx_word' id='word_1_593' title='bbox 3253 3439 3474 3494; x_wconf 83' lang='lat' dir='ltr'><strong>deserto</strong></span> 
     </span>
    </p>
   </div>
   <div class='ocr_carea' id='block_1_64' title="bbox 152 3531 3473 3603">
    <p class='ocr_par' dir='ltr' id='par_1_64' title="bbox 152 3531 3473 3603">
     <span class='ocr_line' id='line_1_64' title="bbox 152 3531 3473 3603; baseline 0 -16"><span class='ocrx_word' id='word_1_594' title='bbox 152 3549 241 3603; x_wconf 86' lang='lat' dir='ltr'><strong>ego</strong></span> <span class='ocrx_word' id='word_1_595' title='bbox 266 3534 412 3586; x_wconf 83' lang='lat' dir='ltr'><strong>dabo</strong></span> <span class='ocrx_word' id='word_1_596' title='bbox 434 3532 504 3595; x_wconf 89' lang='lat' dir='ltr'><strong>ei,</strong></span> <span class='ocrx_word' id='word_1_597' title='bbox 537 3532 759 3601; x_wconf 80' lang='lat' dir='ltr'><strong>ﬂumina</strong></span> <span class='ocrx_word' id='word_1_598' title='bbox 796 3534 858 3585; x_wconf 89' lang='lat' dir='ltr'><strong>de</strong></span> <span class='ocrx_word' id='word_1_599' title='bbox 893 3541 1066 3586; x_wconf 83' lang='lat' dir='ltr'><strong>ventre</strong></span> <span class='ocrx_word' id='word_1_600' title='bbox 1095 3534 1207 3596; x_wconf 81' lang='lat' dir='ltr'><strong>eius</strong></span> <span class='ocrx_word' id='word_1_601' title='bbox 1254 3534 1418 3603; x_wconf 85' lang='lat' dir='ltr'><strong>ﬂuent</strong></span> <span class='ocrx_word' id='word_1_602' title='bbox 1459 3549 1608 3600; x_wconf 65' lang='lat' dir='ltr'><strong>aqua</strong></span> <span class='ocrx_word' id='word_1_603' title='bbox 1643 3535 1764 3589; x_wconf 76' lang='lat' dir='ltr'><strong>vim</strong></span> <span class='ocrx_word' id='word_1_604' title='bbox 1872 3531 2149 3602; x_wconf 89' lang='lat' dir='ltr'><strong>quondam</strong></span> <span class='ocrx_word' id='word_1_605' title='bbox 2180 3532 2440 3588; x_wconf 68' lang='lat' dir='ltr'><strong>Ecclesia:</strong></span> <span class='ocrx_word' id='word_1_606' title='bbox 2459 3531 2884 3603; x_wconf 83' lang='lat' dir='ltr'><strong>erumpentibus</strong></span> <span class='ocrx_word' id='word_1_607' title='bbox 2901 3531 3080 3587; x_wconf 77' lang='lat' dir='ltr'><strong>ﬂuviis</strong></span> <span class='ocrx_word' id='word_1_608' title='bbox 3104 3533 3473 3600; x_wconf 82' lang='lat' dir='ltr'><strong>foutibusque,</strong></span> 
     </span>
    </p>
   </div>
   <div class='ocr_carea' id='block_1_65' title="bbox 156 3622 3470 3696">
    <p class='ocr_par' dir='ltr' id='par_1_65' title="bbox 156 3622 3470 3696">
     <span class='ocr_line' id='line_1_65' title="bbox 156 3622 3470 3696; baseline 0.001 -18"><span class='ocrx_word' id='word_1_609' title='bbox 156 3623 350 3694; x_wconf 87' lang='lat' dir='ltr'><strong>(Idem.</strong></span> <span class='ocrx_word' id='word_1_610' title='bbox 390 3639 492 3688; x_wconf 82' lang='lat' dir='ltr'><strong>vn,</strong></span> <span class='ocrx_word' id='word_1_611' title='bbox 517 3624 610 3690; x_wconf 84' lang='lat'><strong>57,</strong></span> <span class='ocrx_word' id='word_1_612' title='bbox 641 3624 733 3683; x_wconf 87' lang='lat'><strong>58.</strong></span> <span class='ocrx_word' id='word_1_613' title='bbox 769 3623 883 3694; x_wconf 82' lang='lat'><strong>59).</strong></span> <span class='ocrx_word' id='word_1_614' title='bbox 915 3622 1030 3677; x_wconf 82' lang='lat' dir='ltr'><strong>Hoc</strong></span> <span class='ocrx_word' id='word_1_615' title='bbox 1055 3634 1250 3690; x_wconf 82' lang='lat' dir='ltr'><strong>autem,</strong></span> <span class='ocrx_word' id='word_1_616' title='bbox 1282 3624 1458 3696; x_wconf 90' lang='lat' dir='ltr'><strong>inquit</strong></span> <span class='ocrx_word' id='word_1_617' title='bbox 1479 3626 1764 3696; x_wconf 69' lang='lat' dir='ltr'><strong>Evangeli-</strong></span> <span class='ocrx_word' id='word_1_618' title='bbox 1868 3637 1924 3685; x_wconf 92' lang='lat' dir='ltr'><strong>et</strong></span> <span class='ocrx_word' id='word_1_619' title='bbox 1967 3633 2163 3685; x_wconf 84' lang='lat' dir='ltr'><strong>mirum</strong></span> <span class='ocrx_word' id='word_1_620' title='bbox 2197 3628 2249 3683; x_wconf 90' lang='lat' dir='ltr'><strong>in</strong></span> <span class='ocrx_word' id='word_1_621' title='bbox 2299 3629 2517 3684; x_wconf 84' lang='lat' dir='ltr'><strong>modum</strong></span> <span class='ocrx_word' id='word_1_622' title='bbox 2568 3638 2822 3684; x_wconf 84' lang='lat' dir='ltr'><strong>comante</strong></span> <span class='ocrx_word' id='word_1_623' title='bbox 2872 3629 3136 3684; x_wconf 84' lang='lat' dir='ltr'><strong>varietate</strong></span> <span class='ocrx_word' id='word_1_624' title='bbox 3188 3626 3470 3691; x_wconf 89' lang='lat' dir='ltr'><strong>arborum,</strong></span> 
     </span>
    </p>
   </div>
   <div class='ocr_carea' id='block_1_66' title="bbox 154 3716 3476 3792">
    <p class='ocr_par' dir='ltr' id='par_1_66' title="bbox 154 3716 3476 3792">
     <span class='ocr_line' id='line_1_66' title="bbox 154 3716 3476 3792; baseline 0.001 -22"><span class='ocrx_word' id='word_1_625' title='bbox 154 3726 253 3780; x_wconf 83' lang='lat' dir='ltr'><strong>sta,</strong></span> <span class='ocrx_word' id='word_1_626' title='bbox 285 3716 495 3771; x_wconf 87' lang='lat' dir='ltr'><strong>dicebat</strong></span> <span class='ocrx_word' id='word_1_627' title='bbox 518 3716 583 3770; x_wconf 92' lang='lat' dir='ltr'><strong>de</strong></span> <span class='ocrx_word' id='word_1_628' title='bbox 606 3718 631 3770; x_wconf 67' lang='grc' dir='ltr'><strong><em>ἑ</em></strong></span> <span class='ocrx_word' id='word_1_629' title='bbox 649 3716 807 3789; x_wconf 88' lang='lat' dir='ltr'><strong>piritu</strong></span> <span class='ocrx_word' id='word_1_630' title='bbox 828 3716 1044 3782; x_wconf 89' lang='lat' dir='ltr'><strong>Sancto,</strong></span> <span class='ocrx_word' id='word_1_631' title='bbox 1066 3734 1216 3788; x_wconf 87' lang='lat' dir='ltr'><strong>quem</strong></span> <span class='ocrx_word' id='word_1_632' title='bbox 1235 3719 1497 3773; x_wconf 87' lang='lat' dir='ltr'><strong>credentes</strong></span> <span class='ocrx_word' id='word_1_633' title='bbox 1513 3718 1566 3771; x_wconf 88' lang='lat' dir='ltr'><strong>in</strong></span> <span class='ocrx_word' id='word_1_634' title='bbox 1585 3735 1646 3773; x_wconf 89' lang='lat' dir='ltr'><strong>eo</strong></span> <span class='ocrx_word' id='word_1_635' title='bbox 1673 3734 1762 3773; x_wconf 83' lang='lat' dir='ltr'><strong>ac-</strong></span> <span class='ocrx_word' id='word_1_636' title='bbox 1867 3725 2082 3779; x_wconf 92' lang='lat' dir='ltr'><strong>cunctis</strong></span> <span class='ocrx_word' id='word_1_637' title='bbox 2102 3722 2351 3778; x_wconf 70' lang='lat' dir='ltr'><strong>ubertate</strong></span> <span class='ocrx_word' id='word_1_638' title='bbox 2372 3721 2722 3791; x_wconf 86' lang='lat' dir='ltr'><strong>plenissimis,</strong></span> <span class='ocrx_word' id='word_1_639' title='bbox 2741 3722 2829 3792; x_wconf 90' lang='lat' dir='ltr'><strong>qui</strong></span> <span class='ocrx_word' id='word_1_640' title='bbox 2855 3720 2909 3776; x_wconf 88' lang='lat' dir='ltr'><strong>itt</strong></span> <span class='ocrx_word' id='word_1_641' title='bbox 2937 3718 3216 3776; x_wconf 85' lang='lat' dir='ltr'><strong>Christum</strong></span> <span class='ocrx_word' id='word_1_642' title='bbox 3244 3734 3307 3774; x_wconf 76' lang='lat' dir='ltr'><strong>ex</strong></span> <span class='ocrx_word' id='word_1_643' title='bbox 3341 3734 3476 3790; x_wconf 84' lang='lat' dir='ltr'><strong>gen-</strong></span> 
     </span>
    </p>
   </div>
   <div class='ocr_carea' id='block_1_67' title="bbox 156 3809 3475 3886">
    <p class='ocr_par' dir='ltr' id='par_1_67' title="bbox 156 3809 3475 3886">
     <span class='ocr_line' id='line_1_67' title="bbox 156 3809 3475 3886; baseline 0.002 -25"><span class='ocrx_word' id='word_1_644' title='bbox 156 3819 266 3883; x_wconf 90' lang='lat' dir='ltr'><strong>eept</strong></span> <span class='ocrx_word' id='word_1_645' title='bbox 290 3810 355 3864; x_wconf 89' lang='lat' dir='ltr'><strong>.ri</strong></span> <span class='ocrx_word' id='word_1_646' title='bbox 413 3819 588 3865; x_wconf 87' lang='lat' dir='ltr'><strong>erant.</strong></span> <span class='ocrx_word' id='word_1_647' title='bbox 618 3809 753 3877; x_wconf 87' lang='lat' dir='ltr'><strong>Quia</strong></span> <span class='ocrx_word' id='word_1_648' title='bbox 801 3810 963 3881; x_wconf 84' lang='lat' dir='ltr'><strong>igitur</strong></span> <span class='ocrx_word' id='word_1_649' title='bbox 999 3812 1213 3866; x_wconf 88' lang='lat' dir='ltr'><strong>deserta</strong></span> <span class='ocrx_word' id='word_1_650' title='bbox 1255 3810 1526 3881; x_wconf 89' lang='lat' dir='ltr'><strong>quondam</strong></span> <span class='ocrx_word' id='word_1_651' title='bbox 1575 3811 1765 3867; x_wconf 86' lang='lat' dir='ltr'><strong>Eccle-</strong></span> <span class='ocrx_word' id='word_1_652' title='bbox 1870 3817 2018 3873; x_wconf 88' lang='lat' dir='ltr'><strong>tibus</strong></span> <span class='ocrx_word' id='word_1_653' title='bbox 2057 3816 2288 3873; x_wconf 90' lang='lat' dir='ltr'><strong>credere</strong></span> <span class='ocrx_word' id='word_1_654' title='bbox 2315 3819 2642 3883; x_wconf 89' lang='lat' dir='ltr'><strong>noluerunt,</strong></span> <span class='ocrx_word' id='word_1_655' title='bbox 2677 3825 3044 3886; x_wconf 90' lang='lat' dir='ltr'><strong>provocantur</strong></span> <span class='ocrx_word' id='word_1_656' title='bbox 3072 3815 3140 3869; x_wconf 88' lang='lat' dir='ltr'><strong>ad</strong></span> <span class='ocrx_word' id='word_1_657' title='bbox 3177 3813 3475 3885; x_wconf 74' lang='lat' dir='ltr'><strong>judicium,</strong></span> 
     </span>
    </p>
   </div>
   <div class='ocr_carea' id='block_1_68' title="bbox 158 3902 3478 3981">
    <p class='ocr_par' dir='ltr' id='par_1_68' title="bbox 158 3902 3478 3981">
     <span class='ocr_line' id='line_1_68' title="bbox 158 3902 3478 3981; baseline -0 -24"><span class='ocrx_word' id='word_1_658' title='bbox 158 3902 250 3958; x_wconf 69' lang='lat' dir='ltr'><strong>sia:</strong></span> <span class='ocrx_word' id='word_1_659' title='bbox 289 3903 610 3970; x_wconf 86' lang='lat' dir='ltr'><strong>multitudo,</strong></span> <span class='ocrx_word' id='word_1_660' title='bbox 660 3903 816 3973; x_wconf 84' lang='lat' dir='ltr'><strong>aquis</strong></span> <span class='ocrx_word' id='word_1_661' title='bbox 862 3902 1114 3958; x_wconf 85' lang='lat' dir='ltr'><strong>vitalibus</strong></span> <span class='ocrx_word' id='word_1_662' title='bbox 1146 3902 1320 3959; x_wconf 87' lang='lat' dir='ltr'><strong>fuerat</strong></span> <span class='ocrx_word' id='word_1_663' title='bbox 1356 3905 1600 3974; x_wconf 86' lang='lat' dir='ltr'><strong>irrigala,</strong></span> <span class='ocrx_word' id='word_1_664' title='bbox 1639 3919 1768 3974; x_wconf 88' lang='lat' dir='ltr'><strong>pro-</strong></span> <span class='ocrx_word' id='word_1_665' title='bbox 1867 3919 1929 3967; x_wconf 87' lang='lat' dir='ltr'><strong>ut</strong></span> <span class='ocrx_word' id='word_1_666' title='bbox 1954 3910 2324 3981; x_wconf 82' lang='lat' dir='ltr'><strong>respondeant</strong></span> <span class='ocrx_word' id='word_1_667' title='bbox 2352 3926 2452 3966; x_wconf 87' lang='lat' dir='ltr'><strong>cur</strong></span> <span class='ocrx_word' id='word_1_668' title='bbox 2475 3910 2687 3978; x_wconf 88' lang='lat' dir='ltr'><strong>videre,</strong></span> <span class='ocrx_word' id='word_1_669' title='bbox 2717 3917 2774 3966; x_wconf 91' lang='lat' dir='ltr'><strong>et</strong></span> <span class='ocrx_word' id='word_1_670' title='bbox 2802 3911 2941 3966; x_wconf 88' lang='lat' dir='ltr'><strong>scire</strong></span> <span class='ocrx_word' id='word_1_671' title='bbox 2962 3917 3018 3966; x_wconf 86' lang='lat' dir='ltr'><strong>et</strong></span> <span class='ocrx_word' id='word_1_672' title='bbox 3061 3911 3390 3978; x_wconf 77' lang='lat' dir='ltr'><strong>recogitare,</strong></span> <span class='ocrx_word' id='word_1_673' title='bbox 3423 3915 3478 3963; x_wconf 80' lang='lat' dir='ltr'><strong>et</strong></span> 
     </span>
    </p>
   </div>
   <div class='ocr_carea' id='block_1_69' title="bbox 158 3998 3540 4075">
    <p class='ocr_par' dir='ltr' id='par_1_69' title="bbox 158 3998 3540 4075">
     <span class='ocr_line' id='line_1_69' title="bbox 158 3998 3540 4075; baseline 0 -23"><span class='ocrx_word' id='word_1_674' title='bbox 158 4009 338 4068; x_wconf 87' lang='lat' dir='ltr'><strong>pterea</strong></span> <span class='ocrx_word' id='word_1_675' title='bbox 365 4001 527 4071; x_wconf 76' lang='lat' dir='ltr'><strong>juxta</strong></span> <span class='ocrx_word' id='word_1_676' title='bbox 561 3998 702 4055; x_wconf 76' lang='lat' dir='ltr'><strong>LXX</strong></span> <span class='ocrx_word' id='word_1_677' title='bbox 734 4011 1026 4055; x_wconf 88' lang='lat' dir='ltr'><strong>nascuntur</strong></span> <span class='ocrx_word' id='word_1_678' title='bbox 1059 4004 1110 4054; x_wconf 90' lang='lat' dir='ltr'><strong>in</strong></span> <span class='ocrx_word' id='word_1_679' title='bbox 1132 4015 1195 4056; x_wconf 90' lang='lat' dir='ltr'><strong>ea</strong></span> <span class='ocrx_word' id='word_1_680' title='bbox 1223 4000 1444 4066; x_wconf 87' lang='lat' dir='ltr'><strong>cedrus,</strong></span> <span class='ocrx_word' id='word_1_681' title='bbox 1480 4011 1535 4056; x_wconf 91' lang='lat' dir='ltr'><strong>et</strong></span> <span class='ocrx_word' id='word_1_682' title='bbox 1570 4001 1764 4067; x_wconf 79' lang='lat' dir='ltr'><strong>buxus,</strong></span> <span class='ocrx_word' id='word_1_683' title='bbox 1872 4003 2180 4073; x_wconf 82' lang='lat' dir='ltr'><strong>intelligere</strong></span> <span class='ocrx_word' id='word_1_684' title='bbox 2204 4003 2502 4070; x_wconf 90' lang='lat' dir='ltr'><strong>noluerint,</strong></span> <span class='ocrx_word' id='word_1_685' title='bbox 2527 4002 2655 4075; x_wconf 91' lang='lat' dir='ltr'><strong>quia</strong></span> <span class='ocrx_word' id='word_1_686' title='bbox 2677 4017 2870 4058; x_wconf 90' lang='lat' dir='ltr'><strong>manus</strong></span> <span class='ocrx_word' id='word_1_687' title='bbox 2891 4001 3108 4056; x_wconf 89' lang='lat' dir='ltr'><strong>Domini</strong></span> <span class='ocrx_word' id='word_1_688' title='bbox 3137 4004 3238 4055; x_wconf 88' lang='lat' dir='ltr'><strong>ista</strong></span> <span class='ocrx_word' id='word_1_689' title='bbox 3262 3999 3479 4066; x_wconf 82' lang='lat' dir='ltr'><strong>fecerit,</strong></span> <span class='ocrx_word' id='word_1_690' title='bbox 3537 4061 3540 4064; x_wconf 39' lang='grc'>,</span> 
     </span>
    </p>
   </div>
   <div class='ocr_carea' id='block_1_70' title="bbox 159 4090 3483 4165">
    <p class='ocr_par' dir='ltr' id='par_1_70' title="bbox 159 4090 3483 4165">
     <span class='ocr_line' id='line_1_70' title="bbox 159 4090 3483 4165; baseline -0 -18"><span class='ocrx_word' id='word_1_691' title='bbox 159 4099 212 4147; x_wconf 88' lang='lat' dir='ltr'><strong>et</strong></span> <span class='ocrx_word' id='word_1_692' title='bbox 243 4104 478 4165; x_wconf 85' lang='lat' dir='ltr'><strong>myrtus,</strong></span> <span class='ocrx_word' id='word_1_693' title='bbox 503 4103 559 4148; x_wconf 88' lang='lat' dir='ltr'><strong>et</strong></span> <span class='ocrx_word' id='word_1_694' title='bbox 588 4092 922 4164; x_wconf 78' lang='lat' dir='ltr'><strong>Cyparissus,</strong></span> <span class='ocrx_word' id='word_1_695' title='bbox 955 4101 1010 4148; x_wconf 90' lang='lat' dir='ltr'><strong>et</strong></span> <span class='ocrx_word' id='word_1_696' title='bbox 1039 4093 1269 4164; x_wconf 90' lang='lat' dir='ltr'><strong>populus</strong></span> <span class='ocrx_word' id='word_1_697' title='bbox 1298 4110 1309 4146; x_wconf 90' lang='lat'>:</span> <span class='ocrx_word' id='word_1_698' title='bbox 1335 4093 1488 4163; x_wconf 81' lang='lat' dir='ltr'><strong>juxta</strong></span> <span class='ocrx_word' id='word_1_699' title='bbox 1541 4090 1768 4148; x_wconf 76' lang='lat' dir='ltr'><strong>Hebrai-</strong></span> <span class='ocrx_word' id='word_1_700' title='bbox 1871 4104 1927 4152; x_wconf 88' lang='lat' dir='ltr'><strong>et</strong></span> <span class='ocrx_word' id='word_1_701' title='bbox 1951 4096 2186 4153; x_wconf 88' lang='lat' dir='ltr'><strong>Sanctus</strong></span> <span class='ocrx_word' id='word_1_702' title='bbox 2213 4096 2380 4152; x_wconf 85' lang='lat' dir='ltr'><strong>Israel</strong></span> <span class='ocrx_word' id='word_1_703' title='bbox 2423 4096 2701 4153; x_wconf 84' lang='lat' dir='ltr'><strong>creaverit</strong></span> <span class='ocrx_word' id='word_1_704' title='bbox 2743 4096 3017 4150; x_wconf 78' lang='lat' dir='ltr'><strong>universa.</strong></span> <span class='ocrx_word' id='word_1_705' title='bbox 3051 4093 3363 4158; x_wconf 84' lang='lat' dir='ltr'><strong>Accedant,</strong></span> <span class='ocrx_word' id='word_1_706' title='bbox 3398 4092 3483 4147; x_wconf 89' lang='lat' dir='ltr'><strong>itt-</strong></span> 
     </span>
    </p>
   </div>
   <div class='ocr_carea' id='block_1_71' title="bbox 160 4183 3480 4259">
    <p class='ocr_par' dir='ltr' id='par_1_71' title="bbox 160 4183 3480 4259">
     <span class='ocr_line' id='line_1_71' title="bbox 160 4183 3480 4259; baseline -0.001 -15"><span class='ocrx_word' id='word_1_707' title='bbox 160 4197 302 4253; x_wconf 80' lang='lat' dir='ltr'><strong>Cttm,</strong></span> <span class='ocrx_word' id='word_1_708' title='bbox 333 4194 392 4240; x_wconf 81' lang='lat' dir='ltr'><strong>et</strong></span> <span class='ocrx_word' id='word_1_709' title='bbox 423 4193 660 4240; x_wconf 63' lang='lat' dir='ltr'><strong>caeteros</strong></span> <span class='ocrx_word' id='word_1_710' title='bbox 686 4185 1035 4255; x_wconf 79' lang='lat' dir='ltr'><strong>Interpretes,</strong></span> <span class='ocrx_word' id='word_1_711' title='bbox 1067 4185 1286 4250; x_wconf 65' lang='lat' dir='ltr'><strong>cedrus},</strong></span> <span class='ocrx_word' id='word_1_712' title='bbox 1335 4193 1496 4249; x_wconf 74' lang='lat' dir='ltr'><strong>sella.</strong></span> <span class='ocrx_word' id='word_1_713' title='bbox 1527 4193 1583 4239; x_wconf 68' lang='lat' dir='ltr'><strong>et</strong></span> <span class='ocrx_word' id='word_1_714' title='bbox 1620 4200 1770 4255; x_wconf 83' lang='lat' dir='ltr'><strong>myr-</strong></span> <span class='ocrx_word' id='word_1_715' title='bbox 1872 4191 2010 4259; x_wconf 89' lang='lat' dir='ltr'><strong>quit,</strong></span> <span class='ocrx_word' id='word_1_716' title='bbox 2044 4190 2190 4244; x_wconf 89' lang='lat' dir='ltr'><strong>idola</strong></span> <span class='ocrx_word' id='word_1_717' title='bbox 2225 4198 2441 4254; x_wconf 87' lang='lat' dir='ltr'><strong>vestra,</strong></span> <span class='ocrx_word' id='word_1_718' title='bbox 2470 4204 2588 4257; x_wconf 69' lang='lat' dir='ltr'><strong>quae</strong></span> <span class='ocrx_word' id='word_1_719' title='bbox 2618 4187 2819 4258; x_wconf 88' lang='lat' dir='ltr'><strong>putatis</strong></span> <span class='ocrx_word' id='word_1_720' title='bbox 2865 4201 2988 4243; x_wconf 88' lang='lat' dir='ltr'><strong>esse</strong></span> <span class='ocrx_word' id='word_1_721' title='bbox 3029 4185 3348 4240; x_wconf 88' lang='lat' dir='ltr'><strong>fortissima.</strong></span> <span class='ocrx_word' id='word_1_722' title='bbox 3378 4183 3480 4240; x_wconf 77' lang='lat' dir='ltr'><strong>Vel</strong></span> 
     </span>
    </p>
   </div>
   <div class='ocr_carea' id='block_1_72' title="bbox 165 4278 3475 4352">
    <p class='ocr_par' dir='ltr' id='par_1_72' title="bbox 165 4278 3475 4352">
     <span class='ocr_line' id='line_1_72' title="bbox 165 4278 3475 4352; baseline -0 -20"><span class='ocrx_word' id='word_1_723' title='bbox 165 4286 272 4347; x_wconf 91' lang='lat' dir='ltr'><strong>tus,</strong></span> <span class='ocrx_word' id='word_1_724' title='bbox 300 4291 355 4337; x_wconf 90' lang='lat' dir='ltr'><strong>et</strong></span> <span class='ocrx_word' id='word_1_725' title='bbox 377 4281 594 4351; x_wconf 86' lang='lat' dir='ltr'><strong>lignum</strong></span> <span class='ocrx_word' id='word_1_726' title='bbox 623 4280 800 4344; x_wconf 73' lang='lat' dir='ltr'><strong>olivte,</strong></span> <span class='ocrx_word' id='word_1_727' title='bbox 833 4290 890 4334; x_wconf 89' lang='lat' dir='ltr'><strong>et</strong></span> <span class='ocrx_word' id='word_1_728' title='bbox 915 4279 1092 4344; x_wconf 88' lang='lat' dir='ltr'><strong>abies,</strong></span> <span class='ocrx_word' id='word_1_729' title='bbox 1125 4286 1181 4334; x_wconf 89' lang='lat' dir='ltr'><strong>et</strong></span> <span class='ocrx_word' id='word_1_730' title='bbox 1206 4279 1386 4334; x_wconf 87' lang='lat' dir='ltr'><strong>ulmus</strong></span> <span class='ocrx_word' id='word_1_731' title='bbox 1406 4287 1462 4332; x_wconf 88' lang='lat' dir='ltr'><strong>et</strong></span> <span class='ocrx_word' id='word_1_732' title='bbox 1503 4278 1677 4333; x_wconf 83' lang='lat' dir='ltr'><strong>buxus</strong></span> <span class='ocrx_word' id='word_1_733' title='bbox 1700 4278 1768 4332; x_wconf 49' lang='lat' dir='ltr'><strong>si.</strong></span> <span class='ocrx_word' id='word_1_734' title='bbox 1875 4281 2086 4346; x_wconf 80' lang='lat' dir='ltr'><strong>all&#39;erte,</strong></span> <span class='ocrx_word' id='word_1_735' title='bbox 2113 4282 2157 4336; x_wconf 91' lang='lat' dir='ltr'><strong>si</strong></span> <span class='ocrx_word' id='word_1_736' title='bbox 2185 4281 2315 4352; x_wconf 90' lang='lat' dir='ltr'><strong>quid</strong></span> <span class='ocrx_word' id='word_1_737' title='bbox 2345 4280 2488 4336; x_wconf 89' lang='lat' dir='ltr'><strong>forte</strong></span> <span class='ocrx_word' id='word_1_738' title='bbox 2519 4279 2730 4334; x_wconf 82' lang='lat' dir='ltr'><strong>habetis</strong></span> <span class='ocrx_word' id='word_1_739' title='bbox 2753 4278 2806 4334; x_wconf 94' lang='lat' dir='ltr'><strong>in</strong></span> <span class='ocrx_word' id='word_1_740' title='bbox 2830 4278 3018 4345; x_wconf 86' lang='lat' dir='ltr'><strong>vobis;</strong></span> <span class='ocrx_word' id='word_1_741' title='bbox 3049 4289 3104 4335; x_wconf 90' lang='lat' dir='ltr'><strong>et</strong></span> <span class='ocrx_word' id='word_1_742' title='bbox 3137 4286 3318 4333; x_wconf 88' lang='lat' dir='ltr'><strong>vestra</strong></span> <span class='ocrx_word' id='word_1_743' title='bbox 3345 4290 3475 4346; x_wconf 90' lang='lat' dir='ltr'><strong>ape-</strong></span> 
     </span>
    </p>
   </div>
   <div class='ocr_carea' id='block_1_73' title="bbox 164 4369 3486 4444">
    <p class='ocr_par' dir='ltr' id='par_1_73' title="bbox 164 4369 3486 4444">
     <span class='ocr_line' id='line_1_73' title="bbox 164 4369 3486 4444; baseline -0.001 -15"><span class='ocrx_word' id='word_1_744' title='bbox 164 4374 294 4430; x_wconf 87' lang='lat' dir='ltr'><strong>mul.</strong></span> <span class='ocrx_word' id='word_1_745' title='bbox 336 4375 478 4444; x_wconf 79' lang='lat' dir='ltr'><strong>Quae</strong></span> <span class='ocrx_word' id='word_1_746' title='bbox 509 4372 799 4429; x_wconf 86' lang='lat' dir='ltr'><strong>varietates</strong></span> <span class='ocrx_word' id='word_1_747' title='bbox 852 4372 1128 4436; x_wconf 85' lang='lat' dir='ltr'><strong>arborum,</strong></span> <span class='ocrx_word' id='word_1_748' title='bbox 1171 4370 1544 4426; x_wconf 77' lang='lat' dir='ltr'><strong>diversitatem</strong></span> <span class='ocrx_word' id='word_1_749' title='bbox 1571 4369 1775 4439; x_wconf 79' lang='lat' dir='ltr'><strong>signili-</strong></span> <span class='ocrx_word' id='word_1_750' title='bbox 1851 4371 1984 4430; x_wconf 55' lang='lat' dir='ltr'><strong>&#39;rite</strong></span> <span class='ocrx_word' id='word_1_751' title='bbox 2005 4373 2258 4440; x_wconf 87' lang='lat' dir='ltr'><strong>consilia,</strong></span> <span class='ocrx_word' id='word_1_752' title='bbox 2278 4389 2385 4444; x_wconf 89' lang='lat' dir='ltr'><strong>qua</strong></span> <span class='ocrx_word' id='word_1_753' title='bbox 2406 4373 2640 4439; x_wconf 89' lang='lat' dir='ltr'><strong>ratione,</strong></span> <span class='ocrx_word' id='word_1_754' title='bbox 2675 4388 2783 4437; x_wconf 88' lang='lat' dir='ltr'><strong>quo</strong></span> <span class='ocrx_word' id='word_1_755' title='bbox 2812 4388 2979 4430; x_wconf 85' lang='lat' dir='ltr'><strong>sensu</strong></span> <span class='ocrx_word' id='word_1_756' title='bbox 3013 4371 3301 4428; x_wconf 83' lang='lat' dir='ltr'><strong>nolueritis</strong></span> <span class='ocrx_word' id='word_1_757' title='bbox 3331 4386 3486 4442; x_wconf 81' lang='lat' dir='ltr'><strong>aper-</strong></span> 
     </span>
    </p>
   </div>
   <div class='ocr_carea' id='block_1_74' title="bbox 167 4462 3489 4540">
    <p class='ocr_par' dir='ltr' id='par_1_74' title="bbox 167 4462 3489 4540">
     <span class='ocr_line' id='line_1_74' title="bbox 167 4462 3489 4540; baseline -0 -18"><span class='ocrx_word' id='word_1_758' title='bbox 167 4479 287 4524; x_wconf 89' lang='lat' dir='ltr'><strong>cant</strong></span> <span class='ocrx_word' id='word_1_759' title='bbox 311 4471 515 4540; x_wconf 82' lang='lat' dir='ltr'><strong>gratiae</strong></span> <span class='ocrx_word' id='word_1_760' title='bbox 533 4466 850 4537; x_wconf 74' lang='lat' dir='ltr'><strong>spiritualis.</strong></span> <span class='ocrx_word' id='word_1_761' title='bbox 887 4465 949 4521; x_wconf 84' lang='lat' dir='ltr'><strong>Et</strong></span> <span class='ocrx_word' id='word_1_762' title='bbox 970 4462 1566 4536; x_wconf 86' lang='lat' dir='ltr'><strong>quiaomnibusuatura</strong></span> <span class='ocrx_word' id='word_1_763' title='bbox 1587 4475 1774 4518; x_wconf 89' lang='lat' dir='ltr'><strong>earum</strong></span> <span class='ocrx_word' id='word_1_764' title='bbox 1880 4476 1991 4522; x_wconf 89' lang='lat' dir='ltr'><strong>tam</strong></span> <span class='ocrx_word' id='word_1_765' title='bbox 2033 4468 2318 4534; x_wconf 86' lang='lat' dir='ltr'><strong>suscipere</strong></span> <span class='ocrx_word' id='word_1_766' title='bbox 2361 4466 2665 4524; x_wconf 87' lang='lat' dir='ltr'><strong>veritatem.</strong></span> <span class='ocrx_word' id='word_1_767' title='bbox 2712 4467 3000 4538; x_wconf 86' lang='lat' dir='ltr'><strong>Simulque</strong></span> <span class='ocrx_word' id='word_1_768' title='bbox 3061 4467 3121 4523; x_wconf 86' lang='lat' dir='ltr'><strong>fit</strong></span> <span class='ocrx_word' id='word_1_769' title='bbox 3155 4467 3489 4538; x_wconf 82' lang='lat' dir='ltr'><strong>apostropha</strong></span> 
     </span>
    </p>
   </div>
   <div class='ocr_carea' id='block_1_75' title="bbox 168 4553 3489 4633">
    <p class='ocr_par' dir='ltr' id='par_1_75' title="bbox 168 4553 3489 4633">
     <span class='ocr_line' id='line_1_75' title="bbox 168 4553 3489 4633; baseline -0.001 -18"><span class='ocrx_word' id='word_1_770' title='bbox 168 4570 289 4618; x_wconf 86' lang='lat' dir='ltr'><strong>nota</strong></span> <span class='ocrx_word' id='word_1_771' title='bbox 311 4574 420 4628; x_wconf 75' lang='lat' dir='ltr'><strong>eet,</strong></span> <span class='ocrx_word' id='word_1_772' title='bbox 451 4561 528 4616; x_wconf 85' lang='lat' dir='ltr'><strong>de</strong></span> <span class='ocrx_word' id='word_1_773' title='bbox 555 4559 734 4616; x_wconf 65' lang='lat' dir='ltr'><strong>Sarra</strong></span> <span class='ocrx_word' id='word_1_774' title='bbox 766 4556 950 4633; x_wconf 60' lang='grc' dir='ltr'><strong>(πυ)</strong></span> <span class='ocrx_word' id='word_1_775' title='bbox 986 4569 1190 4612; x_wconf 88' lang='lat' dir='ltr'><strong>tantum</strong></span> <span class='ocrx_word' id='word_1_776' title='bbox 1215 4555 1480 4612; x_wconf 83' lang='lat' dir='ltr'><strong>Hebraico</strong></span> <span class='ocrx_word' id='word_1_777' title='bbox 1506 4553 1778 4611; x_wconf 83' lang='lat' dir='ltr'><strong>edissera-</strong></span> <span class='ocrx_word' id='word_1_778' title='bbox 1881 4557 1950 4613; x_wconf 90' lang='lat' dir='ltr'><strong>ad</strong></span> <span class='ocrx_word' id='word_1_779' title='bbox 1981 4558 2095 4628; x_wconf 87' lang='lat' dir='ltr'><strong>ipsa</strong></span> <span class='ocrx_word' id='word_1_780' title='bbox 2125 4557 2292 4624; x_wconf 88' lang='lat' dir='ltr'><strong>idola,</strong></span> <span class='ocrx_word' id='word_1_781' title='bbox 2315 4574 2434 4626; x_wconf 73' lang='lat' dir='ltr'><strong>qua:</strong></span> <span class='ocrx_word' id='word_1_782' title='bbox 2457 4558 2794 4616; x_wconf 88' lang='lat' dir='ltr'><strong>insensibilia</strong></span> <span class='ocrx_word' id='word_1_783' title='bbox 2818 4570 2967 4628; x_wconf 87' lang='lat' dir='ltr'><strong>sunt,</strong></span> <span class='ocrx_word' id='word_1_784' title='bbox 2997 4568 3055 4616; x_wconf 85' lang='lat' dir='ltr'><strong>et</strong></span> <span class='ocrx_word' id='word_1_785' title='bbox 3083 4575 3183 4617; x_wconf 90' lang='lat' dir='ltr'><strong>nec</strong></span> <span class='ocrx_word' id='word_1_786' title='bbox 3208 4557 3489 4626; x_wconf 87' lang='lat' dir='ltr'><strong>audiendi,</strong></span> 
     </span>
    </p>
   </div>
   <div class='ocr_carea' id='block_1_76' title="bbox 173 4646 3489 4725">
    <p class='ocr_par' dir='ltr' id='par_1_76' title="bbox 173 4646 3489 4725">
     <span class='ocr_line' id='line_1_76' title="bbox 173 4646 3489 4725; baseline -0.001 -17"><span class='ocrx_word' id='word_1_787' title='bbox 173 4669 313 4721; x_wconf 89' lang='lat' dir='ltr'><strong>mus,</strong></span> <span class='ocrx_word' id='word_1_788' title='bbox 341 4669 514 4725; x_wconf 86' lang='lat' dir='ltr'><strong>quam</strong></span> <span class='ocrx_word' id='word_1_789' title='bbox 543 4652 748 4724; x_wconf 83' lang='lat' dir='ltr'><strong>spinam</strong></span> <span class='ocrx_word' id='word_1_790' title='bbox 789 4649 1093 4706; x_wconf 84' lang='lat' dir='ltr'><strong>Tlieodotio</strong></span> <span class='ocrx_word' id='word_1_791' title='bbox 1140 4649 1430 4706; x_wconf 83' lang='lat' dir='ltr'><strong>transwlit.</strong></span> <span class='ocrx_word' id='word_1_792' title='bbox 1473 4647 1568 4704; x_wconf 71' lang='lat' dir='ltr'><strong>Est</strong></span> <span class='ocrx_word' id='word_1_793' title='bbox 1597 4657 1778 4702; x_wconf 90' lang='lat' dir='ltr'><strong>autem</strong></span> <span class='ocrx_word' id='word_1_794' title='bbox 1805 4646 1860 4709; x_wconf 92' lang='lat' dir='ltr'><strong>D</strong></span> <span class='ocrx_word' id='word_1_795' title='bbox 1885 4666 1987 4707; x_wconf 89' lang='lat' dir='ltr'><strong>nec</strong></span> <span class='ocrx_word' id='word_1_796' title='bbox 2015 4649 2384 4721; x_wconf 88' lang='lat' dir='ltr'><strong>respondendi</strong></span> <span class='ocrx_word' id='word_1_797' title='bbox 2413 4651 2698 4719; x_wconf 82' lang='lat' dir='ltr'><strong>possident</strong></span> <span class='ocrx_word' id='word_1_798' title='bbox 2722 4651 3056 4708; x_wconf 88' lang='lat' dir='ltr'><strong>facultatem.</strong></span> <span class='ocrx_word' id='word_1_799' title='bbox 3079 4653 3489 4720; x_wconf 83' lang='lat' dir='ltr'><strong>Dicite,inquit,</strong></span> 
     </span>
    </p>
   </div>
   <div class='ocr_carea' id='block_1_77' title="bbox 175 4741 3495 4818">
    <p class='ocr_par' dir='ltr' id='par_1_77' title="bbox 175 4741 3495 4818">
     <span class='ocr_line' id='line_1_77' title="bbox 175 4741 3495 4818; baseline -0.002 -15"><span class='ocrx_word' id='word_1_800' title='bbox 175 4761 342 4818; x_wconf 81' lang='lat' dir='ltr'><strong>genus</strong></span> <span class='ocrx_word' id='word_1_801' title='bbox 371 4747 591 4804; x_wconf 84' lang='lat' dir='ltr'><strong>arboris</strong></span> <span class='ocrx_word' id='word_1_802' title='bbox 610 4741 884 4800; x_wconf 87' lang='lat' dir='ltr'><strong>nascentis</strong></span> <span class='ocrx_word' id='word_1_803' title='bbox 906 4743 959 4798; x_wconf 93' lang='lat' dir='ltr'><strong>in</strong></span> <span class='ocrx_word' id='word_1_804' title='bbox 989 4757 1195 4811; x_wconf 86' lang='lat' dir='ltr'><strong>eremo,</strong></span> <span class='ocrx_word' id='word_1_805' title='bbox 1215 4743 1386 4812; x_wconf 75' lang='lat' dir='ltr'><strong>spina:</strong></span> <span class='ocrx_word' id='word_1_806' title='bbox 1413 4741 1552 4798; x_wconf 65' lang='lat' dir='ltr'><strong>alba:</strong></span> <span class='ocrx_word' id='word_1_807' title='bbox 1575 4741 1781 4797; x_wconf 90' lang='lat' dir='ltr'><strong>habens</strong></span> <span class='ocrx_word' id='word_1_808' title='bbox 1882 4745 2042 4801; x_wconf 90' lang='lat' dir='ltr'><strong>nobis</strong></span> <span class='ocrx_word' id='word_1_809' title='bbox 2068 4745 2152 4800; x_wconf 92' lang='lat' dir='ltr'><strong>vel</strong></span> <span class='ocrx_word' id='word_1_810' title='bbox 2183 4745 2493 4815; x_wconf 64' lang='lat' dir='ltr'><strong>praeterita.</strong></span> <span class='ocrx_word' id='word_1_811' title='bbox 2517 4743 2603 4800; x_wconf 90' lang='lat' dir='ltr'><strong>vel</strong></span> <span class='ocrx_word' id='word_1_812' title='bbox 2637 4744 2846 4813; x_wconf 80' lang='lat' dir='ltr'><strong>futura,</strong></span> <span class='ocrx_word' id='word_1_813' title='bbox 2879 4755 2936 4802; x_wconf 88' lang='lat' dir='ltr'><strong>et</strong></span> <span class='ocrx_word' id='word_1_814' title='bbox 2965 4761 3033 4802; x_wconf 80' lang='lat' dir='ltr'><strong>ex</strong></span> <span class='ocrx_word' id='word_1_815' title='bbox 3067 4761 3252 4801; x_wconf 88' lang='lat' dir='ltr'><strong>rerum</strong></span> <span class='ocrx_word' id='word_1_816' title='bbox 3282 4745 3495 4801; x_wconf 85' lang='lat' dir='ltr'><strong>eventi-</strong></span> 
     </span>
    </p>
   </div>
   <div class='ocr_carea' id='block_1_78' title="bbox 178 4835 3495 4908">
    <p class='ocr_par' dir='ltr' id='par_1_78' title="bbox 178 4835 3495 4908">
     <span class='ocr_line' id='line_1_78' title="bbox 178 4835 3495 4908; baseline 0 -16"><span class='ocrx_word' id='word_1_817' title='bbox 178 4836 968 4905; x_wconf 88' lang='lat' dir='ltr'><strong>similitudinem;uudeomuia</strong></span> <span class='ocrx_word' id='word_1_818' title='bbox 992 4836 1420 4906; x_wconf 63' lang='lat' dir='ltr'><strong>Iigtianarcae,et</strong></span> <span class='ocrx_word' id='word_1_819' title='bbox 1442 4835 1782 4893; x_wconf 89' lang='lat' dir='ltr'><strong>tabernaculi</strong></span> <span class='ocrx_word' id='word_1_820' title='bbox 1874 4837 1978 4894; x_wconf 88' lang='lat' dir='ltr'><strong>bus</strong></span> <span class='ocrx_word' id='word_1_821' title='bbox 2007 4847 2245 4894; x_wconf 85' lang='lat' dir='ltr'><strong>vestram</strong></span> <span class='ocrx_word' id='word_1_822' title='bbox 2280 4837 2574 4908; x_wconf 88' lang='lat' dir='ltr'><strong>potentiam</strong></span> <span class='ocrx_word' id='word_1_823' title='bbox 2604 4837 3002 4894; x_wconf 87' lang='lat' dir='ltr'><strong>demonstrate.</strong></span> <span class='ocrx_word' id='word_1_824' title='bbox 3034 4836 3147 4893; x_wconf 87' lang='lat' dir='ltr'><strong>Hoc</strong></span> <span class='ocrx_word' id='word_1_825' title='bbox 3178 4846 3366 4894; x_wconf 88' lang='lat' dir='ltr'><strong>autem</strong></span> <span class='ocrx_word' id='word_1_826' title='bbox 3415 4837 3495 4894; x_wconf 83' lang='lat' dir='ltr'><strong>si-</strong></span> 
     </span>
    </p>
   </div>
   <div class='ocr_carea' id='block_1_79' title="bbox 180 4928 1778 5002">
    <p class='ocr_par' dir='ltr' id='par_1_79' title="bbox 180 4928 1778 5002">
     <span class='ocr_line' id='line_1_79' title="bbox 180 4928 1778 5002; baseline 0.001 -18"><span class='ocrx_word' id='word_1_827' title='bbox 180 4929 314 4987; x_wconf 84' lang='lat' dir='ltr'><strong>facta</strong></span> <span class='ocrx_word' id='word_1_828' title='bbox 335 4935 861 4994; x_wconf 85' lang='lat' dir='ltr'><strong>suntinstrumenta,</strong></span> <span class='ocrx_word' id='word_1_829' title='bbox 875 4943 999 5000; x_wconf 62' lang='lat' dir='ltr'><strong>quae</strong></span> <span class='ocrx_word' id='word_1_830' title='bbox 1021 4929 1361 4998; x_wconf 86' lang='lat' dir='ltr'><strong>appellantur</strong></span> <span class='ocrx_word' id='word_1_831' title='bbox 1373 4929 1555 4986; x_wconf 85' lang='lat' dir='ltr'><strong>Settim</strong></span> <span class='ocrx_word' id='word_1_832' title='bbox 1578 4928 1778 5002; x_wconf 74' lang='lat' dir='ltr'><strong>(Exod.</strong></span> 
     </span>
    </p>
   </div>
   <div class='ocr_carea' id='block_1_80' title="bbox 183 5019 1784 5097">
    <p class='ocr_par' dir='ltr' id='par_1_80' title="bbox 183 5019 1784 5097">
     <span class='ocr_line' id='line_1_80' title="bbox 183 5019 1784 5097; baseline 0 -19"><span class='ocrx_word' id='word_1_833' title='bbox 183 5029 384 5095; x_wconf 79' lang='lat' dir='ltr'><strong>xxxvn)</strong></span> <span class='ocrx_word' id='word_1_834' title='bbox 419 5044 433 5080; x_wconf 87' lang='lat'>:</span> <span class='ocrx_word' id='word_1_835' title='bbox 472 5024 618 5097; x_wconf 87' lang='lat' dir='ltr'><strong>quod</strong></span> <span class='ocrx_word' id='word_1_836' title='bbox 678 5024 883 5095; x_wconf 85' lang='lat' dir='ltr'><strong>lignum</strong></span> <span class='ocrx_word' id='word_1_837' title='bbox 938 5019 1276 5092; x_wconf 89' lang='lat' dir='ltr'><strong>imputribile</strong></span> <span class='ocrx_word' id='word_1_838' title='bbox 1330 5034 1386 5078; x_wconf 91' lang='lat' dir='ltr'><strong>et</strong></span> <span class='ocrx_word' id='word_1_839' title='bbox 1430 5023 1784 5090; x_wconf 86' lang='lat' dir='ltr'><strong>levissimum,</strong></span> 
     </span>
    </p>
   </div>
   <div class='ocr_carea' id='block_1_81' title="bbox 186 5114 1784 5190">
    <p class='ocr_par' dir='ltr' id='par_1_81' title="bbox 186 5114 1784 5190">
     <span class='ocr_line' id='line_1_81' title="bbox 186 5114 1784 5190; baseline -0.001 -18"><span class='ocrx_word' id='word_1_840' title='bbox 186 5120 424 5174; x_wconf 88' lang='lat' dir='ltr'><strong>omnium</strong></span> <span class='ocrx_word' id='word_1_841' title='bbox 453 5119 747 5190; x_wconf 87' lang='lat' dir='ltr'><strong>lignorum,</strong></span> <span class='ocrx_word' id='word_1_842' title='bbox 774 5126 882 5172; x_wconf 86' lang='lat' dir='ltr'><strong>tam</strong></span> <span class='ocrx_word' id='word_1_843' title='bbox 911 5116 964 5171; x_wconf 91' lang='lat' dir='ltr'><strong>in</strong></span> <span class='ocrx_word' id='word_1_844' title='bbox 989 5114 1307 5170; x_wconf 91' lang='lat' dir='ltr'><strong>fortitudine</strong></span> <span class='ocrx_word' id='word_1_845' title='bbox 1324 5131 1482 5185; x_wconf 87' lang='lat' dir='ltr'><strong>quam</strong></span> <span class='ocrx_word' id='word_1_846' title='bbox 1508 5117 1559 5171; x_wconf 94' lang='lat' dir='ltr'><strong>in</strong></span> <span class='ocrx_word' id='word_1_847' title='bbox 1587 5117 1784 5182; x_wconf 85' lang='lat' dir='ltr'><strong>nitore,</strong></span> 
     </span>
    </p>
   </div>
   <div class='ocr_carea' id='block_1_82' title="bbox 186 5206 1787 5282">
    <p class='ocr_par' dir='ltr' id='par_1_82' title="bbox 186 5206 1787 5282">
     <span class='ocr_line' id='line_1_82' title="bbox 186 5206 1787 5282; baseline -0.001 -18"><span class='ocrx_word' id='word_1_848' title='bbox 186 5210 519 5267; x_wconf 85' lang='lat' dir='ltr'><strong>soliditatem</strong></span> <span class='ocrx_word' id='word_1_849' title='bbox 546 5220 770 5282; x_wconf 86' lang='lat' dir='ltr'><strong>superat</strong></span> <span class='ocrx_word' id='word_1_850' title='bbox 797 5219 853 5265; x_wconf 89' lang='lat' dir='ltr'><strong>et</strong></span> <span class='ocrx_word' id='word_1_851' title='bbox 884 5209 1358 5280; x_wconf 86' lang='lat' dir='ltr'><strong>pulchritudinem.</strong></span> <span class='ocrx_word' id='word_1_852' title='bbox 1382 5206 1586 5262; x_wconf 86' lang='lat' dir='ltr'><strong>Cedrus</strong></span> <span class='ocrx_word' id='word_1_853' title='bbox 1605 5217 1787 5264; x_wconf 89' lang='lat' dir='ltr'><strong>autem</strong></span> 
     </span>
    </p>
   </div>
   <div class='ocr_carea' id='block_1_83' title="bbox 189 5300 1792 5380">
    <p class='ocr_par' dir='ltr' id='par_1_83' title="bbox 189 5300 1792 5380">
     <span class='ocr_line' id='line_1_83' title="bbox 189 5300 1792 5380; baseline -0.002 -20"><span class='ocrx_word' id='word_1_854' title='bbox 189 5309 589 5380; x_wconf 83' lang='lat' dir='ltr'><strong>etcyparissus,</strong></span> <span class='ocrx_word' id='word_1_855' title='bbox 607 5317 661 5364; x_wconf 87' lang='lat' dir='ltr'><strong>et</strong></span> <span class='ocrx_word' id='word_1_856' title='bbox 689 5316 918 5378; x_wconf 81' lang='lat' dir='ltr'><strong>myrtus,</strong></span> <span class='ocrx_word' id='word_1_857' title='bbox 959 5303 1141 5361; x_wconf 90' lang='lat' dir='ltr'><strong>odoris</strong></span> <span class='ocrx_word' id='word_1_858' title='bbox 1169 5303 1354 5373; x_wconf 89' lang='lat' dir='ltr'><strong>optimi</strong></span> <span class='ocrx_word' id='word_1_859' title='bbox 1408 5313 1562 5366; x_wconf 90' lang='lat' dir='ltr'><strong>sunt,</strong></span> <span class='ocrx_word' id='word_1_860' title='bbox 1597 5311 1650 5357; x_wconf 92' lang='lat' dir='ltr'><strong>et</strong></span> <span class='ocrx_word' id='word_1_861' title='bbox 1693 5300 1792 5356; x_wconf 79' lang='lat' dir='ltr'><strong>im-</strong></span> 
     </span>
    </p>
   </div>
   <div class='ocr_carea' id='block_1_84' title="bbox 191 5393 1790 5470">
    <p class='ocr_par' dir='ltr' id='par_1_84' title="bbox 191 5393 1790 5470">
     <span class='ocr_line' id='line_1_84' title="bbox 191 5393 1790 5470; baseline -0.003 -17"><span class='ocrx_word' id='word_1_862' title='bbox 191 5399 496 5468; x_wconf 82' lang='lat' dir='ltr'><strong>putrihiles.</strong></span> <span class='ocrx_word' id='word_1_863' title='bbox 538 5398 728 5456; x_wconf 89' lang='lat' dir='ltr'><strong>Ulmus</strong></span> <span class='ocrx_word' id='word_1_864' title='bbox 749 5413 965 5470; x_wconf 87' lang='lat' dir='ltr'><strong>quoque</strong></span> <span class='ocrx_word' id='word_1_865' title='bbox 981 5410 1036 5454; x_wconf 88' lang='lat' dir='ltr'><strong>et</strong></span> <span class='ocrx_word' id='word_1_866' title='bbox 1063 5397 1309 5468; x_wconf 89' lang='lat' dir='ltr'><strong>populus,</strong></span> <span class='ocrx_word' id='word_1_867' title='bbox 1337 5393 1452 5452; x_wconf 84' lang='lat' dir='ltr'><strong>sive</strong></span> <span class='ocrx_word' id='word_1_868' title='bbox 1481 5395 1675 5463; x_wconf 83' lang='lat' dir='ltr'><strong>buxus,</strong></span> <span class='ocrx_word' id='word_1_869' title='bbox 1706 5393 1790 5452; x_wconf 82' lang='lat' dir='ltr'><strong>vel</strong></span> 
     </span>
    </p>
   </div>
   <div class='ocr_carea' id='block_1_85' title="bbox 195 5491 1790 5565">
    <p class='ocr_par' dir='ltr' id='par_1_85' title="bbox 195 5491 1790 5565">
     <span class='ocr_line' id='line_1_85' title="bbox 195 5491 1790 5565; baseline -0.002 -16"><span class='ocrx_word' id='word_1_870' title='bbox 195 5494 521 5552; x_wconf 82' lang='lat' dir='ltr'><strong>maritandis</strong></span> <span class='ocrx_word' id='word_1_871' title='bbox 545 5497 743 5552; x_wconf 81' lang='lat' dir='ltr'><strong>vitibus</strong></span> <span class='ocrx_word' id='word_1_872' title='bbox 770 5495 1088 5565; x_wconf 89' lang='lat' dir='ltr'><strong>junguntur,</strong></span> <span class='ocrx_word' id='word_1_873' title='bbox 1140 5492 1224 5547; x_wconf 90' lang='lat' dir='ltr'><strong>vel</strong></span> <span class='ocrx_word' id='word_1_874' title='bbox 1278 5491 1344 5546; x_wconf 85' lang='lat' dir='ltr'><strong>ad</strong></span> <span class='ocrx_word' id='word_1_875' title='bbox 1375 5491 1587 5546; x_wconf 89' lang='lat' dir='ltr'><strong>diversa</strong></span> <span class='ocrx_word' id='word_1_876' title='bbox 1625 5505 1790 5560; x_wconf 89' lang='lat' dir='ltr'><strong>opera</strong></span> 
     </span>
    </p>
   </div>
   <div class='ocr_carea' id='block_1_86' title="bbox 196 5584 1792 5658">
    <p class='ocr_par' dir='ltr' id='par_1_86' title="bbox 196 5584 1792 5658">
     <span class='ocr_line' id='line_1_86' title="bbox 196 5584 1792 5658; baseline -0.001 -18"><span class='ocrx_word' id='word_1_877' title='bbox 196 5589 496 5658; x_wconf 69' lang='lat' dir='ltr'><strong>aptissima:</strong></span> <span class='ocrx_word' id='word_1_878' title='bbox 525 5597 667 5644; x_wconf 88' lang='lat' dir='ltr'><strong>sunt.</strong></span> <span class='ocrx_word' id='word_1_879' title='bbox 705 5587 833 5643; x_wconf 67' lang='lat' dir='ltr'><strong>Haec</strong></span> <span class='ocrx_word' id='word_1_880' title='bbox 860 5594 1037 5642; x_wconf 88' lang='lat' dir='ltr'><strong>autem</strong></span> <span class='ocrx_word' id='word_1_881' title='bbox 1083 5585 1268 5641; x_wconf 91' lang='lat' dir='ltr'><strong>omnia</strong></span> <span class='ocrx_word' id='word_1_882' title='bbox 1292 5584 1496 5656; x_wconf 86' lang='lat' dir='ltr'><strong>pariter</strong></span> <span class='ocrx_word' id='word_1_883' title='bbox 1518 5592 1792 5654; x_wconf 90' lang='lat' dir='ltr'><strong>ponuntur</strong></span> 
     </span>
    </p>
   </div>
   <div class='ocr_carea' id='block_1_87' title="bbox 273 5769 1804 5846">
    <p class='ocr_par' dir='ltr' id='par_1_87' title="bbox 273 5769 1804 5846">
     <span class='ocr_line' id='line_1_87' title="bbox 273 5769 1804 5846; baseline -0.007 -11"><span class='ocrx_word' id='word_1_884' title='bbox 273 5787 297 5813; x_wconf 73' lang='grc' dir='ltr'><strong>τι</strong></span> <span class='ocrx_word' id='word_1_885' title='bbox 329 5776 510 5842; x_wconf 83' lang='lat' dir='ltr'><strong>Alias,</strong></span> <span class='ocrx_word' id='word_1_886' title='bbox 537 5791 660 5833; x_wconf 75' lang='lat' dir='ltr'><strong>arte.</strong></span> <span class='ocrx_word' id='word_1_887' title='bbox 687 5774 963 5846; x_wconf 63' lang='lat' dir='ltr'><strong>Ambros,</strong></span> <span class='ocrx_word' id='word_1_888' title='bbox 991 5775 1164 5832; x_wconf 86' lang='lat' dir='ltr'><strong>omnia</strong></span> <span class='ocrx_word' id='word_1_889' title='bbox 1183 5775 1237 5830; x_wconf 87' lang='lat' dir='ltr'><strong>in</strong></span> <span class='ocrx_word' id='word_1_890' title='bbox 1262 5788 1398 5830; x_wconf 75' lang='lat' dir='ltr'><strong>arca:</strong></span> <span class='ocrx_word' id='word_1_891' title='bbox 1417 5779 1462 5830; x_wconf 83' lang='lat' dir='ltr'><strong>et</strong></span> <span class='ocrx_word' id='word_1_892' title='bbox 1489 5769 1804 5828; x_wconf 84' lang='lat' dir='ltr'><strong>tabernaculi</strong></span> 
     </span>
    </p>
   </div>
   <div class='ocr_carea' id='block_1_88' title="bbox 205 5847 871 5917">
    <p class='ocr_par' dir='ltr' id='par_1_88' title="bbox 205 5847 871 5917">
     <span class='ocr_line' id='line_1_88' title="bbox 205 5847 871 5917; baseline -0.006 -14"><span class='ocrx_word' id='word_1_893' title='bbox 205 5851 344 5917; x_wconf 77' lang='lat' dir='ltr'><strong>facta</strong></span> <span class='ocrx_word' id='word_1_894' title='bbox 363 5856 489 5902; x_wconf 84' lang='lat' dir='ltr'><strong>sunt</strong></span> <span class='ocrx_word' id='word_1_895' title='bbox 518 5847 871 5904; x_wconf 78' lang='lat' dir='ltr'><strong>instrumento.</strong></span> 
     </span>
    </p>
   </div>
   <div class='ocr_carea' id='block_1_89' title="bbox 1885 4927 3497 5003">
    <p class='ocr_par' dir='ltr' id='par_1_89' title="bbox 1885 4927 3497 5003">
     <span class='ocr_line' id='line_1_89' title="bbox 1885 4927 3497 5003; baseline -0.001 -16"><span class='ocrx_word' id='word_1_896' title='bbox 1885 4931 2131 5003; x_wconf 80' lang='lat' dir='ltr'><strong>gniﬁcat,</strong></span> <span class='ocrx_word' id='word_1_897' title='bbox 2169 4930 2312 5003; x_wconf 90' lang='lat' dir='ltr'><strong>quod</strong></span> <span class='ocrx_word' id='word_1_898' title='bbox 2344 4940 2469 5002; x_wconf 88' lang='lat' dir='ltr'><strong>post</strong></span> <span class='ocrx_word' id='word_1_899' title='bbox 2514 4930 2813 4986; x_wconf 87' lang='lat' dir='ltr'><strong>adventum</strong></span> <span class='ocrx_word' id='word_1_900' title='bbox 2855 4928 3060 4986; x_wconf 87' lang='lat' dir='ltr'><strong>Christi</strong></span> <span class='ocrx_word' id='word_1_901' title='bbox 3112 4930 3293 4985; x_wconf 89' lang='lat' dir='ltr'><strong>omnia</strong></span> <span class='ocrx_word' id='word_1_902' title='bbox 3349 4927 3497 4985; x_wconf 88' lang='lat' dir='ltr'><strong>idola</strong></span> 
     </span>
    </p>
   </div>
   <div class='ocr_carea' id='block_1_90' title="bbox 1889 5021 3499 5093">
    <p class='ocr_par' dir='ltr' id='par_1_90' title="bbox 1889 5021 3499 5093">
     <span class='ocr_line' id='line_1_90' title="bbox 1889 5021 3499 5093; baseline 0 -13"><span class='ocrx_word' id='word_1_903' title='bbox 1889 5023 2256 5081; x_wconf 86' lang='lat' dir='ltr'><strong>conticuetiut</strong></span> <span class='ocrx_word' id='word_1_904' title='bbox 2285 5042 2298 5078; x_wconf 91' lang='lat'><strong>:</strong></span> <span class='ocrx_word' id='word_1_905' title='bbox 2331 5023 2422 5079; x_wconf 92' lang='lat' dir='ltr'><strong>ubi</strong></span> <span class='ocrx_word' id='word_1_906' title='bbox 2453 5023 2651 5093; x_wconf 76' lang='lat' dir='ltr'><strong>Apollo</strong></span> <span class='ocrx_word' id='word_1_907' title='bbox 2682 5022 3008 5093; x_wconf 85' lang='lat' dir='ltr'><strong>Delphicus,</strong></span> <span class='ocrx_word' id='word_1_908' title='bbox 3039 5032 3096 5079; x_wconf 89' lang='lat' dir='ltr'><strong>et</strong></span> <span class='ocrx_word' id='word_1_909' title='bbox 3129 5021 3361 5092; x_wconf 80' lang='lat' dir='ltr'><strong>Loxias,</strong></span> <span class='ocrx_word' id='word_1_910' title='bbox 3394 5023 3499 5080; x_wconf 84' lang='lat' dir='ltr'><strong>De-</strong></span> 
     </span>
    </p>
   </div>
   <div class='ocr_carea' id='block_1_91' title="bbox 1895 5113 3499 5188">
    <p class='ocr_par' dir='ltr' id='par_1_91' title="bbox 1895 5113 3499 5188">
     <span class='ocr_line' id='line_1_91' title="bbox 1895 5113 3499 5188; baseline 0.002 -17"><span class='ocrx_word' id='word_1_911' title='bbox 1895 5117 2129 5188; x_wconf 88' lang='lat' dir='ltr'><strong>liusque.</strong></span> <span class='ocrx_word' id='word_1_912' title='bbox 2154 5125 2210 5171; x_wconf 91' lang='lat' dir='ltr'><strong>et</strong></span> <span class='ocrx_word' id='word_1_913' title='bbox 2229 5113 2463 5183; x_wconf 86' lang='lat' dir='ltr'><strong>Clarius,</strong></span> <span class='ocrx_word' id='word_1_914' title='bbox 2490 5123 2544 5172; x_wconf 86' lang='lat' dir='ltr'><strong>et</strong></span> <span class='ocrx_word' id='word_1_915' title='bbox 2571 5123 2768 5172; x_wconf 75' lang='lat' dir='ltr'><strong>caetera</strong></span> <span class='ocrx_word' id='word_1_916' title='bbox 2793 5115 2959 5185; x_wconf 88' lang='lat' dir='ltr'><strong>idola,</strong></span> <span class='ocrx_word' id='word_1_917' title='bbox 2989 5118 3298 5174; x_wconf 89' lang='lat' dir='ltr'><strong>futurorum</strong></span> <span class='ocrx_word' id='word_1_918' title='bbox 3322 5118 3499 5174; x_wconf 89' lang='lat' dir='ltr'><strong>scien-</strong></span> 
     </span>
    </p>
   </div>
   <div class='ocr_carea' id='block_1_92' title="bbox 1898 5211 3504 5284">
    <p class='ocr_par' dir='ltr' id='par_1_92' title="bbox 1898 5211 3504 5284">
     <span class='ocr_line' id='line_1_92' title="bbox 1898 5211 3504 5284; baseline -0.001 -14"><span class='ocrx_word' id='word_1_919' title='bbox 1898 5214 2029 5270; x_wconf 86' lang='lat' dir='ltr'><strong>tiam</strong></span> <span class='ocrx_word' id='word_1_920' title='bbox 2077 5211 2422 5281; x_wconf 86' lang='lat' dir='ltr'><strong>pollicentia,</strong></span> <span class='ocrx_word' id='word_1_921' title='bbox 2449 5226 2570 5280; x_wconf 64' lang='lat' dir='ltr'><strong>qua)</strong></span> <span class='ocrx_word' id='word_1_922' title='bbox 2602 5226 2762 5283; x_wconf 75' lang='lat' dir='ltr'><strong>reges</strong></span> <span class='ocrx_word' id='word_1_923' title='bbox 2806 5213 3222 5284; x_wconf 85' lang='lat' dir='ltr'><strong>potentissimos</strong></span> <span class='ocrx_word' id='word_1_924' title='bbox 3265 5214 3504 5283; x_wconf 84' lang='lat' dir='ltr'><strong>decepe-</strong></span> 
     </span>
    </p>
   </div>
   <div class='ocr_carea' id='block_1_93' title="bbox 1897 5301 3502 5377">
    <p class='ocr_par' dir='ltr' id='par_1_93' title="bbox 1897 5301 3502 5377">
     <span class='ocr_line' id='line_1_93' title="bbox 1897 5301 3502 5377; baseline -0.002 -14"><span class='ocrx_word' id='word_1_925' title='bbox 1897 5306 2060 5363; x_wconf 89' lang='lat' dir='ltr'><strong>ruut?</strong></span> <span class='ocrx_word' id='word_1_926' title='bbox 2085 5305 2196 5360; x_wconf 86' lang='lat' dir='ltr'><strong>Cur</strong></span> <span class='ocrx_word' id='word_1_927' title='bbox 2224 5303 2294 5359; x_wconf 91' lang='lat' dir='ltr'><strong>de</strong></span> <span class='ocrx_word' id='word_1_928' title='bbox 2321 5301 2538 5360; x_wconf 59' lang='lat' dir='ltr'><strong>Christo</strong></span> <span class='ocrx_word' id='word_1_929' title='bbox 2560 5304 2696 5362; x_wconf 91' lang='lat' dir='ltr'><strong>nihil</strong></span> <span class='ocrx_word' id='word_1_930' title='bbox 2728 5316 2955 5376; x_wconf 86' lang='lat' dir='ltr'><strong>potuere</strong></span> <span class='ocrx_word' id='word_1_931' title='bbox 2993 5307 3328 5377; x_wconf 69' lang='lat' dir='ltr'><strong>praedicere;</strong></span> <span class='ocrx_word' id='word_1_932' title='bbox 3366 5305 3502 5360; x_wconf 89' lang='lat' dir='ltr'><strong>nihil</strong></span> 
     </span>
    </p>
   </div>
   <div class='ocr_carea' id='block_1_94' title="bbox 1896 5397 3494 5466">
    <p class='ocr_par' dir='ltr' id='par_1_94' title="bbox 1896 5397 3494 5466">
     <span class='ocr_line' id='line_1_94' title="bbox 1896 5397 3494 5466; baseline -0.001 -11"><span class='ocrx_word' id='word_1_933' title='bbox 1896 5400 1964 5455; x_wconf 89' lang='lat' dir='ltr'><strong>de</strong></span> <span class='ocrx_word' id='word_1_934' title='bbox 1989 5397 2268 5466; x_wconf 85' lang='lat' dir='ltr'><strong>Apostolis</strong></span> <span class='ocrx_word' id='word_1_935' title='bbox 2294 5399 2453 5466; x_wconf 88' lang='lat' dir='ltr'><strong>ejus;</strong></span> <span class='ocrx_word' id='word_1_936' title='bbox 2488 5400 2620 5454; x_wconf 87' lang='lat' dir='ltr'><strong>nihil</strong></span> <span class='ocrx_word' id='word_1_937' title='bbox 2649 5399 2717 5454; x_wconf 89' lang='lat' dir='ltr'><strong>de</strong></span> <span class='ocrx_word' id='word_1_938' title='bbox 2738 5400 2914 5455; x_wconf 89' lang='lat' dir='ltr'><strong>ruinis</strong></span> <span class='ocrx_word' id='word_1_939' title='bbox 2944 5411 3000 5456; x_wconf 89' lang='lat' dir='ltr'><strong>et</strong></span> <span class='ocrx_word' id='word_1_940' title='bbox 3030 5397 3328 5454; x_wconf 77' lang='lat' dir='ltr'><strong>abolitione</strong></span> <span class='ocrx_word' id='word_1_941' title='bbox 3357 5406 3494 5453; x_wconf 88' lang='lat' dir='ltr'><strong>tem-</strong></span> 
     </span>
    </p>
   </div>
   <div class='ocr_carea' id='block_1_95' title="bbox 1896 5488 3506 5562">
    <p class='ocr_par' dir='ltr' id='par_1_95' title="bbox 1896 5488 3506 5562">
     <span class='ocr_line' id='line_1_95' title="bbox 1896 5488 3506 5562; baseline 0.001 -18"><span class='ocrx_word' id='word_1_942' title='bbox 1896 5492 2110 5562; x_wconf 90' lang='lat' dir='ltr'><strong>plorum</strong></span> <span class='ocrx_word' id='word_1_943' title='bbox 2128 5489 2151 5542; x_wconf 71' lang='grc' dir='ltr'><strong>’ἔ</strong></span> <span class='ocrx_word' id='word_1_944' title='bbox 2172 5488 2229 5545; x_wconf 90' lang='lat' dir='ltr'><strong>Si</strong></span> <span class='ocrx_word' id='word_1_945' title='bbox 2253 5504 2387 5561; x_wconf 89' lang='lat' dir='ltr'><strong>ergo</strong></span> <span class='ocrx_word' id='word_1_946' title='bbox 2408 5505 2565 5545; x_wconf 87' lang='lat' dir='ltr'><strong>suum</strong></span> <span class='ocrx_word' id='word_1_947' title='bbox 2593 5492 2874 5545; x_wconf 88' lang='lat' dir='ltr'><strong>interitqu</strong></span> <span class='ocrx_word' id='word_1_948' title='bbox 2905 5506 3013 5544; x_wconf 92' lang='lat' dir='ltr'><strong>nou</strong></span> <span class='ocrx_word' id='word_1_949' title='bbox 3047 5497 3274 5556; x_wconf 83' lang='lat' dir='ltr'><strong>potuere</strong></span> <span class='ocrx_word' id='word_1_950' title='bbox 3304 5490 3506 5558; x_wconf 65' lang='lat' dir='ltr'><strong>praedi-</strong></span> 
     </span>
    </p>
   </div>
   <div class='ocr_carea' id='block_1_96' title="bbox 1895 5579 3507 5654">
    <p class='ocr_par' dir='ltr' id='par_1_96' title="bbox 1895 5579 3507 5654">
     <span class='ocr_line' id='line_1_96' title="bbox 1895 5579 3507 5654; baseline 0.002 -16"><span class='ocrx_word' id='word_1_951' title='bbox 1895 5598 2046 5652; x_wconf 88' lang='lat' dir='ltr'><strong>cere,</strong></span> <span class='ocrx_word' id='word_1_952' title='bbox 2076 5580 2354 5653; x_wconf 87' lang='lat' dir='ltr'><strong>quomodo</strong></span> <span class='ocrx_word' id='word_1_953' title='bbox 2384 5579 2550 5654; x_wconf 58' lang='lat'><strong>505</strong></span> <span class='ocrx_word' id='word_1_954' title='bbox 2593 5581 2814 5648; x_wconf 88' lang='lat' dir='ltr'><strong>aliena,</strong></span> <span class='ocrx_word' id='word_1_955' title='bbox 2869 5581 2959 5637; x_wconf 77' lang='lat' dir='ltr'><strong>vel</strong></span> <span class='ocrx_word' id='word_1_956' title='bbox 3006 5580 3189 5648; x_wconf 85' lang='lat' dir='ltr'><strong>mala,</strong></span> <span class='ocrx_word' id='word_1_957' title='bbox 3227 5581 3316 5638; x_wconf 87' lang='lat' dir='ltr'><strong>vel</strong></span> <span class='ocrx_word' id='word_1_958' title='bbox 3363 5582 3507 5642; x_wconf 81' lang='lat' dir='ltr'><strong>bona</strong></span> 
     </span>
    </p>
   </div>
   <div class='ocr_carea' id='block_1_97' title="bbox 1982 5765 3005 5839">
    <p class='ocr_par' dir='ltr' id='par_1_97' title="bbox 1982 5765 3005 5839">
     <span class='ocr_line' id='line_1_97' title="bbox 1982 5765 3005 5839; baseline 0.001 -16"><span class='ocrx_word' id='word_1_959' title='bbox 1982 5765 2010 5807; x_wconf 69' lang='grc' dir='ltr'><strong>ι)</strong></span> <span class='ocrx_word' id='word_1_960' title='bbox 2043 5765 2341 5839; x_wconf 86' lang='lat' dir='ltr'><strong>Perperam</strong></span> <span class='ocrx_word' id='word_1_961' title='bbox 2367 5775 2527 5826; x_wconf 86' lang='lat' dir='ltr'><strong>antea</strong></span> <span class='ocrx_word' id='word_1_962' title='bbox 2555 5776 2678 5827; x_wconf 88' lang='lat' dir='ltr'><strong>erat</strong></span> <span class='ocrx_word' id='word_1_963' title='bbox 2692 5767 3005 5826; x_wconf 79' lang='lat' dir='ltr'><strong>Accendaiit.</strong></span> 
     </span>
    </p>
   </div>
  </div>
