3932 6390
142 365 233 420 ιὲι

675 337 1323 416 conutsN'rAutoiiuu
1363 353 1428 412 tu
1473 335 1707 412 lSAiAM
1749 339 2173 414 rnornsrau
2213 354 2342 413 LIB.
2389 355 2502 418 xu.
2547 358 2699 416 car.
2743 347 2903 420 xui.

3309 357 3418 428 4!!

135 476 202 531 rit
227 488 344 530 esse
369 479 674 537 venturum,
706 473 812 528 nisi
841 472 988 528 solus
1017 473 1297 539 Dominus,
1331 470 1419 544 qui
1453 471 1598 527 ultus
1626 481 1709 528 est
1734 480 1784 540 Α
1812 485 1906 526 sus
1938 473 2008 526 sit
2035 473 2314 528 civitates.
2344 473 2615 530 Calamam
2663 486 2987 548 mtassatum,
3032 481 3146 536 sive
3173 484 3415 553 confrac-

135 583 226 623 eos
267 582 362 636 pro
390 563 619 635 peccatis
654 565 790 618 suis.

206 661 222 726 (
247 659 369 725 Cap.
394 654 782 712 ηιμ-νοτε.
816 656 840 710 1
873 656 1029 728 seq.)
1056 656 1188 711 Ecce
1209 671 1383 710 servus
1406 671 1569 721 meus,
1598 672 1712 709 sus-

134 756 316 827 cipiam
327 770 438 808 cum
453 769 472 806 :
490 751 678 806 electus
701 768 865 817 meus,
889 753 1206 824 complacuit
1228 753 1328 806 sibi
1343 752 1396 805 in
1420 752 1513 805 illo
1535 752 1710 805 anima

134 864 258 901 mea.
294 844 420 898 Dedi
447 844 685 911 spiritum
716 859 886 897 meum
913 862 1069 916 super
1087 861 1205 901 eum
1229 861 1248 899 :
1263 846 1524 917 judicium
1546 845 1712 918 genti-

134 941 218 995 bus
243 943 476 1011 proferet.
509 937 635 992 Non
663 938 927 1006 clamabit,
957 956 1120 1009 neque
1149 941 1364 1010 accipiet
1394 956 1669 1010 personam
1694 955 1711 994 :

133 1049 218 1088 nec
254 1031 488 1085 audietur
515 1031 646 1101 foris
679 1046 778 1084 vox
801 1034 931 1103 ejus.
964 1029 1234 1085 Calamam
1279 1043 1578 1102 quassatum
1609 1049 1712 1086 non

133 1132 376 1179 conteret:
396 1132 442 1175 et
465 1122 631 1174 linum
655 1123 919 1195 [umigatus
941 1139 1044 1176 non
1061 1125 1350 1194 exstinguet
1372 1139 1391 1176 :
1421 1125 1474 1177 in
1503 1125 1715 1178 veritate

134 1218 304 1273 educet
340 1215 617 1288 judicium.
652 1214 774 1268 Non
821 1219 922 1269 erit
972 1216 1130 1271 tristis
1155 1233 1316 1288 neque
1362 1217 1709 1284 turbulentus,

131 1313 284 1365 donec
313 1321 463 1380 ponat
489 1310 546 1363 in
581 1317 717 1363 terra
755 1309 1020 1382 judicium
1058 1325 1077 1364 .°
1107 1319 1152 1364 et
1181 1309 1344 1382 legem
1388 1314 1503 1384 ejus
1530 1310 1715 1364 insula!

130 1403 498 1475 exspectabant.
543 1401 724 1457 LXX:
774 1411 802 1440 ο
829 1401 996 1458 Jacob
1043 1420 1174 1475 puer
1221 1420 1364 1457 meus
1392 1445 1406 1468 ,
1453 1418 1715 1457 assumam

128 1513 274 1552 eum:
301 1495 466 1551 Israel
509 1497 703 1553 electus
740 1512 904 1560 meus,
947 1498 1174 1569 suscepit
1204 1512 1317 1550 eum
1357 1495 1533 1549 mima
1581 1511 1711 1549 mea.

127 1586 252 1642 Dedi
294 1589 531 1660 spiritum
569 1605 736 1642 meum
781 1604 934 1659 super
979 1605 1136 1642 eum:
1175 1589 1436 1659 judicium
1480 1587 1715 1660 gentibus

126 1679 294 1734 educet
314 1695 333 1734 :
362 1695 462 1733 non
499 1679 765 1745 clamabit,
792 1697 954 1751 neque
974 1682 1235 1736 dimittet:
1264 1697 1358 1735 nec
1375 1681 1617 1735 audietur
1635 1681 1716 1750 fo-

124 1775 190 1826 ris
217 1790 306 1827 vox
327 1777 458 1845 ejus.
489 1773 766 1829 Calamam
794 1776 1018 1844 fractum
1045 1791 1148 1828 non
1175 1784 1418 1838 conteret,
1453 1783 1502 1828 et
1547 1771 1714 1827 linum

1815 574 1923 618 tum
1975 581 2075 619 non
2115 576 2374 650 .conleret.
2408 566 2630 624 Cunctis
2682 573 2828 626 enim
2881 574 3166 644 placabilis
3205 576 3331 640 erit,
3364 586 3420 632 et

1815 659 2040 712 veniam
2073 659 2220 713 dabit
2273 663 2672 728 peccatoribus,
2703 665 2891 723 dicens
2935 668 3008 724 ad
3039 681 3062 708 ε
3093 671 3376 726 mulierem
3405 690 3416 726 :

1814 747 2048 817 Con/ide,
2083 751 2214 818 ﬁlia,
2249 752 2583 806 dimittuntur
2606 755 2698 809 tibi
2726 769 2937 824 peccata
2967 759 3130 827 (Luc.
3164 777 3259 830 vn,
3288 761 3416 831 48).

1812 839 1884 894 Et
1905 842 2068 895 linunt
2099 845 2386 916 ['untigans,
2410 846 2528 900 sive
2558 857 2615 902 ut
2644 852 2832 906 caeteri
2876 857 3295 923 transtulerunt,
3330 859 3421 912 ob-

1813 949 2020 987 scurum
2051 945 2215 1003 atque
2246 936 2594 1004 tenebrosum,
2629 957 2732 994 non
2757 945 3048 1017 exstinguet
3071 963 3092 1001 :
3117 952 3209 1020 qui
3258 953 3420 1007 vicini

1814 1026 2388 1094 erantexstinctioni,
2436 1027 2652 1084 Dnmini
2711 1033 3003 1091 clementia
3057 1041 3424 1098 servabantur

1814 1118 1970 1189 (qua:
1993 1134 2155 1189 super
2181 1120 2386 1176 Jud.eis
2407 1133 2459 1177 et
2483 1124 2792 1180 nationibus
2823 1128 2878 1180 iu
2905 1131 3235 1198 supradictis
3257 1151 3418 1206 opus-

1813 1211 1952 1265 culis
1973 1212 2382 1282 disseruimns);
2404 1216 2499 1270 sed
2526 1233 2646 1270 cum
2665 1219 2895 1274 veritate
2925 1222 3104 1276 omnia
3125 1223 3421 1295 judicabit;

1814 1318 2156 1376 nequaquam
2218 1317 2466 1363 tuetuens
2515 1310 2735 1366 Scribas
2782 1323 2835 1367 et
2891 1313 3230 1381 Pharisaeos,
3282 1334 3420 1387 quos

1813 1397 2158 1454 coalidenter
2181 1399 2827 1474 hypocritasappellabat
2849 1405 3018 1478 (Mat.
3044 1424 3140 1474 vn,
3165 1425 3252 1478 xv,
3286 1428 3416 1480 xm,

1815 1503 1951 1542 XXIII
1986 1507 2077 1558 per
2099 1501 2282 1557 totum,
2313 1503 2360 1546 et
2390 1493 2516 1548 Luc.
2564 1511 2637 1563 γι,
2675 1498 2794 1566 xu).
2827 1498 2985 1566 Quod
3009 1510 3192 1557 autem
3237 1506 3423 1572 sequi-

1817 1591 1933 1637 tur:
1961 1583 2283 1654 Splendebit.
2315 1599 2363 1640 et
2403 1605 2504 1641 non
2533 1599 2842 1655 conteretur,
2879 1593 3042 1647 donec
3080 1607 3238 1667 ponat
3269 1615 3423 1667 super

1815 1685 2008 1729 terram
2044 1679 2325 1750 judicium,
2378 1681 2665 1738 Matthzeus
2705 1682 3050 1757 Evangelista
3081 1706 3186 1744 non
3240 1693 3423 1762 posuit

1817 1766 1984 1836 (Mat.
2020 1774 2164 1839 xu):
2208 1773 2324 1826 sive
2361 1774 2500 1827 inter
2533 1775 2801 1843 judicium
2830 1789 2882 1832 et
2910 1779 3174 1847 judicium
3215 1785 3418 1852 media,

126 1867 1712 1941 fumigansuonexstinguet:sedinreritnteeducetiudicium:
1744 1862 2102 1936 Bscriploris
2159 1880 2370 1933 errore,
2441 1868 2648 1921 sublata
2703 1879 2848 1924 sunt.
2903 1872 3186 1943 Signiﬁcat
3235 1888 3415 1932 autem

121 1962 409 2031 splendebit,
442 1970 490 2016 et
544 1979 645 2015 non
674 1971 986 2028 conteretur,
1031 1962 1192 2016 donec
1232 1969 1387 2032 portat
1431 1977 1584 2032 super
1613 1970 1714 2014 ter—

123 2070 225 2107 ram
251 2055 555 2127 judicium:
600 2067 648 2110 et
690 2057 743 2108 in
797 2057 1006 2110 nomine
1052 2059 1162 2128 ejus
1191 2067 1368 2128 gentes
1414 2054 1710 2126 sperabunt.

123 2143 277 2201 Jaeob
301 2163 352 2203 et
394 2147 569 2202 Israel
599 2149 650 2202 in
683 2149 937 2218 praesenti
991 2149 1230 2218 capitulo
1273 2165 1379 2202 non
1415 2147 1711 2212 habentur,

1813 1955 1960 2023 quod
1993 1971 2287 2027 resurgens
2314 1975 2380 2014 ex
2411 1963 2666 2025 mortuis,
2701 1975 2931 2019 cunctos
2960 1965 3124 2040 508
3151 1967 3425 2024 illumina-

1815 2048 1974 2113 verit,
2005 2065 2105 2104 nec
2134 2061 2310 2106 morte
2335 2055 2610 2108 contritus
2639 2057 2728 2122 sit,
2776 2057 2948 2112 donec
2993 2071 3224 2129 poneret
3253 2078 3420 2131 super

1813 2144 2015 2194 terram
2066 2141 2328 2210 judicium
2361 2162 2372 2197 τ
2405 2148 2493 2215 qui
2546 2147 2874 2216 loquebatur
2903 2151 2954 2205 in
2997 2152 3317 2224 Evangelio:
3354 2155 3419 2210 In

123 2239 253 2308 quod
280 2253 377 2294 nec
407 2240 704 2294 Mattbteus
737 2239 1086 2309 Enngelista
1118 2241 1313 2309 posuit,
1345 2252 1565 2296 secutus
1596 2239 1715 2294 lle-
1805 2234 2068 2304 judicium
2093 2253 2188 2310 ego
2209 2240 2318 2292 caui
2354 2243 2406 2293 in
2427 2241 2685 2294 .ntundunt
2726 2243 2879 2297 istum
2906 2259 2926 2298 :
2961 2255 3015 2298 ut
3046 2264 3146 2300 non
3190 2248 3419 2303 ridentes

123 2332 342 2390 hraicam
375 2336 694 2390 veritatem.
745 2334 859 2391 Hoc
898 2335 1133 2390 dicimus
1179 2337 1234 2388 in
1266 2334 1711 2404 suggillationem

123 2439 318 2494 eorum,
367 2429 460 2500 qui
495 2439 684 2483 nostra
731 2438 1110 2484 contemnunt.
1170 2429 1244 2482 De
1271 2442 1378 2498 quo
1413 2426 1626 2496 plenius
1660 2427 1711 2480 in

124 2518 344 2578 Matth-uti
370 2522 880 2592 Commentariolis,
915 2536 972 2582 et
1003 2527 1053 2580 in
1089 2525 1226 2579 libro
1267 2541 1426 2596 quem
1456 2524 1523 2578 ad
1550 2524 1713 2594 Alga-

126 2617 249 2670 siam
269 2618 294 2656 b
325 2634 501 2689 nuper
526 2619 871 2690 scripsimus,
901 2619 1236 2690 disputatum
1263 2629 1366 2674 est.
1399 2618 1468 2673 Et
1495 2617 1711 2674 interim

125 2710 436 2776 notandum,
471 2706 623 2781 quod
653 2712 740 2767 ubi
768 2711 837 2766 de
866 2713 1257 2780 Apostolorum
1300 2713 1557 2767 scribitur
1585 2712 1717 2766 cho-

126 2812 203 2866 ro,
231 2813 282 2857 et
323 2803 496 2858 Jacob
529 2814 584 2858 ct
624 2804 828 2870 Israel,
871 2814 926 2860 et
954 2821 1145 2860 semen
1176 2805 1335 2876 507
1367 2805 1716 2874 appellantur

125 2893 380 2951 Abraham
410 2915 422 2950 :
452 2898 658 2968 quibus
689 2902 840 2966 quasi
875 2897 1193 2952 hominibus
1219 2912 1282 2950 ac
1313 2898 1490 2952 servis
1521 2911 1716 2952 conse-

125 2999 342 3056 quenter
369 2989 575 3044 dicitur
598 3006 611 3042 :
646 2990 773 3043 Noli
800 2992 982 3044 timere
1021 2991 1210 3043 vermis
1234 2987 1416 3055 Iacob,
1446 2999 1494 3043 et
1521 3004 1714 3059 parra-

127 3078 197 3132 lus
225 3097 438 3138 numero
471 3083 664 3138 Israel.
698 3083 800 3138 Ubi
830 3094 1012 3137 autem
1055 3083 1124 3138 de
1153 3083 1373 3137 Christo
1404 3093 1486 3136 est
1518 3081 1711 3135 vatici-

127 3171 280 3239 nium,
316 3175 530 3247 absque
572 3175 744 3231 Jacob
775 3186 830 3232 et
877 3176 1048 3231 Israel
1096 3177 1328 3247 legitur:
1360 3175 1494 3229 Ecce
1542 3190 1719 3230 servus

1815 2326 2042 2393 videant,
2071 2337 2120 2380 et
2159 2329 2386 2384 videntes
2435 2333 2554 2385 ca’ci
2598 2333 2727 2402 ﬁant
2768 2335 2959 2406 (Joan.
3010 2352 3085 2403 ut,
3138 2338 3259 2411 59).
3316 2341 3421 2395 Pro

1814 2433 1922 2487 quo
1949 2433 2048 2473 nos
2080 2419 2429 2490 interpretati
2463 2439 2682 2478 smnus:
2714 2425 2835 2480 Non
2881 2428 2976 2482 erit
3029 2430 3212 2497 tristis,
3259 2449 3422 2499 neque

1816 2513 2181 2579 turbulentus;
2214 2516 2311 2569 sed
2342 2518 2713 2584 inqualitatem
2754 2522 2934 2576 vultus
2973 2528 3122 2577 omni
3177 2532 3421 2596 tempore

1816 2607 2204 2662 conservabit:
2239 2609 2386 2679 quod
2419 2610 2560 2665 falso
2592 2612 2659 2666 de
2685 2614 2911 2669 Socrate
2946 2616 3264 2688 Philosophi
3305 2621 3423 2689 glo-

1816 2699 2048 2768 riantur,
2070 2717 2348 2772 nunquam
2371 2720 2517 2770 eum,
2548 2705 2668 2773 plus
2696 2707 2889 2772 solito,
2923 2723 3024 2764 nec
3052 2708 3264 2766 tristem
3293 2711 3423 2766 luis-

1817 2806 1897 2860 se,
1927 2809 2028 2848 nec
2058 2795 2262 2850 ianum.
2297 2796 2406 2852 Pro
2448 2813 2555 2868 quo
2584 2801 2775 2869 Aquila
2821 2807 2877 2856 et
2916 2799 3220 2858 'I’heodotio
3248 2805 3424 2860 inter-

1819 2887 2018 2954 pretati
2049 2899 2205 2942 sunt:
2240 2889 2361 2944 Non
2393 2890 2701 2958 obscurabit,
2733 2903 2778 2945 et
2802 2909 2903 2947 non
2934 2904 3124 2962 curret,
3144 2896 3306 2948 donec
3333 2914 3426 2966 po-

1818 2992 1904 3037 nat
1934 2986 1985 3038 in
2015 2995 2150 3039 terra
2178 2987 2462 3058 judicium.
2493 2989 2557 3043 Et
2590 2999 2673 3044 est
2704 3005 2900 3045 sensus
2941 3011 2951 3045 :
3000 2993 3208 3047 nullum
3241 2993 3423 3049 Vultus

1820 3077 2043 3131 tristitia
2095 3080 2422 3145 deterrebit,
2465 3097 2564 3136 nec
2614 3083 2893 3137 lestinabit
2933 3083 2996 3138 ad
3054 3087 3422 3157 pinnam,’qui

1816 3167 2006 3236 judicii
2060 3172 2341 3224 veritatem
2382 3171 2579 3226 ultimo
2627 3174 2860 3242 tempori
2891 3176 3207 3229 reservavit.
3243 3177 3424 3244 Quod-

124 3282 272 3332 meus,
308 3271 594 3340 suscipiam
622 3287 734 3324 eum
761 3287 778 3335 ;
802 3272 987 3325 electus
1013 3288 1174 3336 meas.
1200 3270 1514 3341 complacuit
1543 3270 1637 3324 sibi
1667 3271 1720 3324 ἰη
1745 3255 1790 3318 (Ι
1826 3278 1929 3330 que
1959 3262 2238 3334 sequitur:
2269 3273 2318 3315 et
2343 3264 2504 3334 legem
2521 3265 2662 3318 illius
2689 3265 2878 3319 iusqu
2898 3268 3284 3336 exspectabant,
3313 3286 3426 3324 ma-

125 3357 206 3414 illo
248 3363 433 3415 anima
471 3377 606 3415 mea.
661 3363 724 3417 Et
768 3365 822 3417 in
854 3365 1362 3434 consequentibus:
1397 3362 1530 3418 Dedi
1579 3375 1625 3417 te
1665 3365 1716 3417 in

127 3459 484 3507 testamentum
507 3455 728 3527 generis,
762 3456 814 3508 iu
846 3455 1009 3509 lucem
1035 3456 1306 3509 nationum
1331 3471 1349 3509 :
1377 3457 1580 3526 aperire
1599 3473 1723 3509 ocu-

128 3541 194 3597 los
218 3561 504 3609 cwcorum,
552 3556 600 3600 et
640 3547 856 3601 educere
898 3549 967 3602 de
1006 3547 1224 3602 vinculis
1253 3551 1515 3621 alligatos,
1564 3559 1612 3601 et
1659 3548 1721 3602 de

127 3637 266 3693 domo
287 3641 518 3694 carceris
540 3639 830 3696 habitantes
850 3643 1156 3698 intenebris.
1180 3642 1290 3698 Nec
1313 3647 1507 3698 mirum
1531 3644 1574 3697 si
1601 3659 1716 3698 ser-

129 3744 216 3786 vus
241 3742 496 3797 vocetur,
533 3733 713 3790 factus
739 3751 808 3790 ex
861 3736 1110 3803 muliere,
1146 3737 1426 3805 iactusque
1467 3736 1568 3790 sub
1602 3737 1720 3806 lege

131 3821 323 3892 (Galat.
367 3841 458 3892 tv;
511 3827 604 3898 qui
654 3843 770 3880 cum
819 3828 872 3880 in
903 3829 1072 3897 forma
1100 3827 1194 3882 Dei
1244 3841 1392 3892 esset,
1428 3830 1717 3882 lmmiliavit

129 3929 195 3977 se,
223 3921 440 3988 formam
483 3921 617 3974 servi
643 3923 920 3989 accipiens,
953 3931 1000 3976 et
1031 3923 1208 3975 habitu
1234 3923 1470 3976 inventus
1489 3931 1542 3975 ut
1565 3922 1719 3975 homo

134 4007 380 4083 (Philipp.
412 4014 516 4085 ιι).
544 4011 599 4066 1η
627 4029 736 4082 quo
756 4015 1087 4084 coluplacuit
1109 4015 1210 4069 sibi
1238 4017 1416 4069 anima
1451 4013 1572 4080 Dei,
1601 4031 1721 4070 cer-

133 4115 256 4158 nens
284 4107 336 4159 in
363 4107 462 4161 illo
491 4122 686 4163 omnes
731 4121 855 4163 esse
897 4109 1164 4163 virtutes:
1197 4109 1364 4163 immo
1392 4111 1568 4178 ipsum
1594 4123 1720 4164 esse

133 4193 222 4252 Dei
249 4200 508 4256 virtutem
557 4212 722 4271 atque
761 4201 1106 4271 sapientiam.
1138 4199 1292 4264 Dedi,
1324 4202 1520 4268 inquit,
1563 4203 1718 4274 spiri-

136 4296 234 4343 tum
259 4308 426 4347 meum
451 4309 608 4365 super
631 4309 744 4349 cum
765 4311 784 4348 :
811 4297 900 4364 qui
925 4294 1209 4349 descendit
1224 4294 1282 4348 in
1304 4294 1488 4361 Specie
1511 4294 1719 4347 colum-

137 4381 230 4439 bae.
262 4385 535 4442 Iudicium
571 4389 808 4460 gentibus
850 4389 1098 4460 proferet,
1146 4387 1290 4457 quod
1330 4396 1486 4444 antea
1517 4386 1724 4441 nescie-

137 4472 274 4530 bant.
308 4479 426 4533 Non
457 4479 750 4534 clamabit:
781 4482 886 4535 erit
923 4482 1072 4534 enim
1105 4481 1251 4535 mitis
1277 4490 1439 4551 atque
1471 4495 1724 4534 mansne-

141 4573 252 4634 tus;
283 4579 326 4624 et
353 4589 460 4626 non
489 4575 709 4642 accipiet
742 4589 1016 4642 personam
1033 4576 1085 4627 in
1099 4574 1324 4640 judicio,
1349 4575 1470 4628 sive
1501 4589 1606 4626 non
1642 4574 1720 4626 le-

1824 3356 2076 3412 nil'estius
2127 3372 2362 3428 posuere
2390 3357 2533 3412 LXX
2563 3360 2616 3411 in
2649 3359 2854 3412 nomine
2884 3361 2995 3425 eius
3031 3373 3205 3430 gentes
3245 3379 3423 3432 spera-

1824 3453 1948 3506 bunt
1971 3470 1989 3505 :
2015 3466 2135 3522 qua:
2169 3456 2218 3506 in
2250 3452 2551 3522 Scripturis
2580 3452 2924 3522 appellantur
2948 3453 3160 3521 insulae,
3188 3456 3312 3525 quia
3356 3470 3423 3511 ex

1821 3545 1968 3601 omni
2001 3555 2151 3614 parte
2197 3556 2608 3617 persecutorum
2641 3545 3047 3602 incursionibus
3082 3556 3285 3616 patent.
3320 3547 3423 3602 Le—

1821 3653 1942 3709 gem
1975 3647 2157 3694 autem
2189 3639 2330 3708 eius,
2363 3655 2468 3694 non
2514 3656 2634 3710 qum
2659 3655 2756 3710 per
2795 3639 3014 3712 Moysen
3045 3627 3166 3694 data
3195 3651 3297 3706 est,
3327 3640 3424 3697 sed

1825 3733 2497 3803 Evangeliumsentiamns
2524 3751 2534 3787 :
2568 3732 2789 3789 DeSion
2817 3736 2961 3789 enim
2994 3735 3288 3806 egredietur
3315 3735 3420 3802 lex,

1822 3836 1866 3880 et
1893 3827 2093 3881 verbum
2124 3826 2336 3882 Domini
2365 3827 2427 3881 de
2462 3825 2758 3882 Jerusalem
2794 3827 3027 3899 (Supra,
3071 3829 3162 3898 tt).
3197 3827 3272 3882 De
3317 3843 3422 3898 qua

1819 3918 1938 3990 lege
1968 3930 2021 3974 et
2047 3921 2312 3975 Jeremias
2337 3921 2663 3975 vaticinatur
2690 3939 2701 3973 :
2741 3919 2871 3974 Ecce
2897 3921 3006 3974 dies
3037 3922 3266 3983 vernum,
3302 3921 3427 3974 dicit

1822 4012 2082 4070 Dbrninus
2103 4031 2121 4068 :
2143 4023 2195 4068 et
2212 4031 2402 4087 ponam
2419 4025 2773 4068 testamentum
2794 4029 2999 4076 novum,
3027 4031 3129 4067 non
3149 4015 3304 4084 juxta
3326 4024 3418 4069 tes-

1825 4110 2123 4172 tamentum,
2154 4109 2293 4176 quod
2320 4107 2440 4159 olim
2465 4107 2639 4178 pepigi
2664 4121 2780 4160 cum
2816 4107 3055 4173 patribus
3081 4119 3256 4158 eorum
3290 4103 3422 4177 (Je-

1824 4214 1950 4254 rem.
1976 4215 2126 4262 xxxt,
2153 4201 2240 4267 51,
2276 4199 2391 4271 52).

1896 4291 2081 4361 (Vers.
2115 4293 2168 4359 5,
2205 4293 2237 4348 6
2259 4290 2403 4363 seq.)
2437 4292 2566 4347 Iltcc
2589 4292 2712 4345 dicit
2739 4289 2998 4345 Dominus
3032 4290 3207 4346 Deus:
3233 4290 3428 4348 Cream

1823 4385 2001 4449 caelos,
2035 4395 2081 4438 et
2110 4385 2388 4439 extendens
2435 4400 2562 4440 eos:
2606 4386 2822 4453 ﬁrmans
2854 4396 3068 4451 terram,
3099 4395 3146 4440 et
3166 4401 3284 4456 qua!
3311 4403 3430 4459 ger-

1825 4479 2086 4531 minantur
2111 4494 2175 4531 ex
2194 4494 2252 4530 ea
2268 4494 2286 4531 :
2318 4478 2448 4532 dans
2476 4481 2664 4548 flatum
2688 4481 2880 4552 p0pulo
2905 4481 2994 4548 qui
3016 4489 3095 4535 est
3114 4497 3271 4551 super
3291 4499 3425 4548 eam,

1825 4579 1876 4623 et
1907 4569 2146 4640 spiritum
2176 4569 2495 4623 calcantibus
2527 4572 2693 4624 illam.
2731 4572 2845 4643 Ego
2876 4571 3131 4628 Dominus
3175 4576 3349 4629 vocavi
3381 4586 3427 4629 te

141 4659 294 4728 vahit,
322 4665 672 4732 subauditur,
707 4667 758 4719 in
791 4667 960 4719 altqu
1003 4679 1194 4720 vocem
1237 4681 1413 4721 suam.
1442 4665 1541 4722 Vel
1568 4668 1720 4734 juxta
1751 4646 1800 4706 Ῑ)
1827 4663 1878 4714 in
1894 4659 2122 4734 justitia,
2149 4670 2196 4714 et
2223 4660 2537 4732 apprehendi
2566 4680 2774 4716 manum
2804 4674 2970 4729 tuam,
3016 4678 3061 4718 et
3104 4667 3300 4720 servavi
3325 4677 3375 4719 te
3406 4681 3424 4720 :

146 4749 537 4825 Symmachum,
564 4776 666 4812 non
704 4759 1020 4829 decipiemr;
1047 4774 1238 4827 omnes
1268 4760 1496 4815 insidias
1521 4757 1724 4813 diaboli

146 4842 470 4919 intelligens:
502 4851 616 4917 aut,
648 4853 948 4906 secundum
980 4850 1144 4916 LXX,
1176 4868 1280 4906 non
1324 4854 1598 4923 relinquet,
1632 4867 1726 4921 po-

148 4937 316 5003 pulum
343 4944 554 4998 scilicet
581 4943 927 4999 induam-um:
978 4958 1181 5000 Vocans
1207 4959 1332 5000 eum
1359 4945 1426 4999 ad
1463 4946 1728 5013 pteniten-

149 5025 286 5084 tiam.
312 5031 428 5088 Nec
449 5037 692 5090 audietur
716 5038 844 5106 foris
865 5052 968 5090 vox
1009 5040 1142 5109 ejus,
1179 5053 1354 5108 neque
1379 5041 1522 5093 enim
1575 5052 1728 5095 extra

152 5119 412 5182 Galilaam
439 5141 602 5200 atque
640 5131 884 5186 burim-am
929 5131 984 5184 in
1035 5131 1156 5184 aliis
1196 5133 1450 5200 genti-bus
1481 5132 1730 5204 Evange-

151 5211 268 5271 lium
299 5223 632 5288 praedicavit.
659 5222 818 5290 Quod
847 5223 892 5276 si
924 5222 1158 5291 legimus
1189 5221 1354 5276 fuisse
1381 5237 1506 5276 eum
1540 5225 1594 5276 in
1622 5233 1730 5278 ter-

154 5309 303 5364 minis
338 5313 466 5386 Tyri
516 5325 569 5369 ct
603 5316 824 5372 Sidonis
869 5315 1058 5387 (Matt.
1096 5315 1222 5387 xv),
1256 5317 1376 5370 sive
1408 5317 1460 5369 in
1491 5315 1729 5372 conﬁnio

155 5398 401 5461 Caesareae
447 5409 704 5480 Philippi,
753 5425 873 5479 qum
904 5425 1048 5465 nunc
1096 5419 1324 5464 vocatur
1373 5409 1621 5465 Paucas:
1654 5420 1731 5465 ta-

156 5506 268 5551 men
291 5501 570 5558 sciendum
592 5521 700 5559 non
721 5518 841 5559 esse
863 5507 1147 5574 scriptum,
1178 5504 1322 5575 queui
1352 5503 1497 5574 ipsas
1520 5504 1730 5574 ingres-

223 5663 247 5690 ⁸
278 5655 579 5730 Ριιωμοευίι
600 5661 850 5718 Martiae.
885 5678 1025 5729 ecce,
1043 5662 1195 5732 quod
1217 5676 1394 5732 neque
1423 5661 1480 5720 in
1523 5662 1726 5720 nostris

159 5736 413 5801 mssLest,
447 5747 620 5801 neque
654 5734 704 5785 in
730 5732 920 5787 Graeco
953 5741 1120 5788 textu.
1638 5737 1640 5739 ’

220 5793 247 5832 δ
274 5797 516 5869 Epistula
539 5793 597 5856 in
626 5814 810 5857 austra
840 5807 1158 5861 recensione
1190 5805 1286 5860 l2!
1312 5846 1325 5869 ,
1357 5803 1499 5859 circa
1526 5818 1728 5859 annum

158 5861 276 5922 dats
294 5861 846 5944 q'uadrigeutssinmm
876 5884 1114 5932 sutum.

1827 4761 1876 4806 et
1892 4751 2014 4806 dedi
2041 4761 2090 4807 te
2118 4753 2168 4805 in
2197 4756 2363 4823 [tedas
2393 4755 2577 4823 papuli
2593 4797 2608 4822 ,
2642 4756 2695 4807 in
2724 4757 2888 4808 lucent
2919 4759 3167 4828 gentium.
3206 4756 3274 4811 Ut
3304 4773 3431 4826 ape-

1826 4845 1956 4898 rires
1987 4844 2162 4900 oculos
2191 4862 2462 4915 ctecorum,
2497 4855 2544 4900 et
2568 4847 2808 4902 educeres
2843 4849 2903 4902 de
2935 4847 3268 4904 conclusione
3292 4852 3431 4904 vinc-

1827 4948 1956 5004 tam,
1985 4940 2050 4992 de
2069 4941 2222 4995 domo
2249 4945 2468 4996 carceris
2488 4941 2722 4997 sedentes
2750 4943 2803 4996 in
2832 4943 3067 5000 tenebris.
3112 4943 3223 5019 Ego
3250 4943 3435 5000 Domio

1831 5048 1946 5095 nus,
1989 5031 2085 5086 ltoc
2101 5045 2176 5088 est
2206 5051 2388 5090 nomen
2439 5052 2604 5090 meum
2631 5054 2650 5103 ;
2675 5037 2898 5109 gloriam
2929 5054 3092 5094 meam
3134 5042 3283 5096 alteri
3327 5057 3431 5096 non

1831 5127 1982 5192 dabo,
2017 5137 2064 5182 et
2092 5129 2302 5183 laudem
2351 5146 2516 5184 meam
2545 5130 2899 5202 sculptilibus.
2934 5135 3065 5204 Qua:
3105 5138 3273 5208 prima
3317 5139 3435 5210 fuc-

1829 5232 1970 5287 rant,
2006 5237 2119 5276 ecce
2141 5233 2408 5287 venerunt,
2443 5240 2574 5280 nova
2609 5243 2814 5298 quoque
2835 5245 2929 5302 ego
2967 5235 3259 5288 annuntio:
3289 5243 3435 5288 ante-

1829 5333 1985 5387 quam
2025 5317 2277 5384 oriantur,
2325 5318 2506 5373 audita
2552 5320 2691 5376 vobis
2741 5323 3274 5394 faciam:lucvrtum
3318 5333 3438 5380 erat

1827 5413 1950 5482 quis
1972 5420 2106 5466 ante
2121 5412 2352 5467 dixisset
2374 5431 2390 5467 :
2415 5413 2554 5470 Ecce
2575 5433 2750 5471 servus
2779 5435 2946 5484 meus,
2978 5421 3260 5489 suscipiam
3283 5434 3398 5471 eum
3418 5433 3437 5471 :

1832 5505 2022 5560 electus
2046 5519 2210 5571 meus,
2244 5505 2559 5574 complacuit
2589 5509 2688 5561 sibi
2722 5511 2774 5562 in
2799 5510 2894 5563 illo
2925 5511 3100 5562 anima
3138 5527 3272 5565 mea.
3305 5510 3435 5564 Dedi

1909 5674 1928 5703 α
1958 5663 2135 5720 Voces
2156 5663 2220 5718 ad
2243 5665 2515 5720 mulierem
2549 5667 2625 5722 ab
2648 5667 2912 5731 imperito.
2936 5669 3168 5726 libraria
3197 5673 3440 5731 intrusas

1841 5733 2112 5809 Vicmrius
2139 5736 2444 5800 contendit,
2469 5739 2558 5808 qui
2581 5739 2693 5794 bare
2727 5733 2937 5794 Domini
2962 5741 3150 5806 verba,
3182 5743 3340 5803 Matt.
3363 5763 3436 5809 ut,

1840 5806 1906 5860 ad
1940 5809 2303 5881 paralyticum
2338 5809 2447 5864 dici
2481 5806 2766 5876 autumat,
2802 5821 2967 5873 atque
3013 5811 3173 5881 adeo,
3208 5815 3314 5874 illis
3340 5806 3437 5873 ex;

1842 5880 2079 5946 ptent-sis,
2113 5878 2190 5946 ﬁli
2220 5880 2507 5939 substitit“
2533 5897 2640 5954 pro
2658 5883 2790 5952 ﬁlia.
2823 5881 2950 5938 Mss.
2978 5878 3179 5940 tacent.
