3932 6322
599 237 707 292 425

1855 227 1916 285 S.
1959 225 2231 285 EUSEBII
2271 222 2658 282 lllERONYMl
3763 222 3836 280 lii

594 347 841 417 spiritum
867 359 1034 400 meum
1053 356 1208 410 super
1231 355 1378 397 eum:
1396 339 1659 414 judicium
1687 337 1922 411 gentibus
1945 341 2189 409 proferet.
2221 350 2269 406 Α
2297 345 2352 392 et
2404 352 2467 390 ea
2515 351 2638 407 quae
2688 345 2832 390 nunc
2868 331 3157 404 polliceor,
3190 329 3434 387 credatis
3479 341 3597 387 esse
3639 341 3836 417 venlurq.

601 439 727 494 Post
752 438 1262 492 condemnationem
1289 433 1436 489 enim
1473 433 1740 488 idolorum
1771 429 1986 485 subitus
2015 442 2200 484 sermo

599 536 963 601 proruperat.
993 523 1127 580 Ecce
1165 541 1342 581 servus
1372 541 1534 589 meus,
1589 532 1648 580 et
1674 523 1905 593 reliqua,
1937 537 2058 590 qua:
2100 534 2201 574 nos

595 641 660 681 ex
693 639 925 693 persona
962 623 1142 677 Patris
1167 638 1335 692 super
1360 620 1583 677 Christo
1616 619 1964 688 interpretati
1990 631 2200 671 smnus.

595 716 782 786 Itaque
811 730 879 771 ne
903 715 1243 782 relinqueret
1271 716 1612 783 ambiguum,
1641 713 1766 782 quis
1793 710 2076 776 superiora
2120 705 2204 761 di-

601 809 790 872 xisset,
837 807 1082 878 adjungit
1117 817 1174 862 et
1217 805 1390 860 dicit:
1425 803 1552 858 Haec
1581 803 1706 857 dicit
1745 799 2002 856 Dominus
2034 798 2201 863 Deus,

599 917 781 956 creans
808 900 984 965 ctelos,
1035 909 1084 952 et
1134 896 1412 953 extendens
1453 896 1616 968 509
1645 911 1753 950 eos.
1796 894 1928 950 Sive
1969 903 2026 946 ut
2060 890 2206 947 LXX

598 991 1045 1046 transtulerunt:
1097 989 1202 1056 Qui
1263 988 1384 1058 fecit
1442 989 1630 1041 cretum
1659 1027 1674 1048 .
1720 995 1769 1040 et
1817 984 2001 1054 deﬁxit
2045 983 2199 1037 illud.

600 1082 986 1141 Universitatis
1011 1085 1176 1153 igitur
1193 1079 1428 1138 Creator
1453 1091 1510 1135 et
1538 1078 1825 1144 Dominus,
1851 1079 1968 1147 ipse
1999 1075 2204 1130 ‘Lhristi

594 1181 677 1231 sui
712 1176 966 1248 promisit
995 1176 1313 1237 adventum.
1342 1175 1431 1244 qui
1465 1189 1570 1227 non
1605 1173 1784 1227 solum
1817 1169 2063 1225 extendit
2090 1183 2203 1225 caa-

597 1268 682 1324 los
707 1278 872 1340 atque
899 1267 1129 1334 deﬁxit;
1171 1267 1266 1323 sed
1299 1276 1501 1323 terram
1542 1281 1762 1338 quoque
1791 1267 1897 1319 alta
1931 1263 2077 1318 mole
2107 1262 2206 1317 lir-

604 1366 794 1429 mavit,
826 1375 880 1420 et
908 1365 1091 1418 omnia
1120 1379 1240 1432 qua:
1282 1372 1581 1416 nascuntur
1620 1374 1686 1414 ex
1716 1373 1779 1414 ea
1807 1375 1821 1412 :
1853 1367 1910 1412 ut
1936 1369 1989 1412 et
2019 1356 2208 1410 invisi-

604 1457 733 1524 bilia
777 1459 896 1529 ejus
918 1474 990 1513 ex
1020 1458 1103 1512 his
1134 1473 1258 1527 qua:
1307 1457 1446 1512 facta
1475 1462 1626 1520 sttnt,
1660 1454 1938 1510 intellecta
1987 1452 2206 1521 conspi-

602 1553 820 1608 ciantur
863 1552 1052 1621 (Rom.
1084 1549 1176 1623 t);
1223 1550 1558 1618 sempiterna
1604 1565 1821 1620 quoque
1859 1548 2030 1602 virtus
2061 1547 2206 1601 illius

601 1660 654 1703 et
682 1647 960 1702 divinitas.
991 1646 1096 1715 Qui
1122 1649 1397 1716 spiramen
1413 1643 1673 1698 omnibus
1693 1641 1949 1710 deditqui
1979 1654 2204 1695 versan-

2379 403 2560 500 (Vers'.
2585 427 2674 492 10,
2697 427 2757 481 11
2780 403 2924 496 seq.)
2951 423 3132 479 Canite
3159 421 3268 477 Deo
3301 422 3482 495 [Vulg.
3513 421 3736 496 Domino]
3755 403 3839 479 tati-

2306 525 2462 578 ticum
2491 537 2679 576 novum
2701 535 2720 574 :
2749 520 2862 575 laus
2884 519 2997 589 ejus
3019 523 3082 572 ab
3101 518 3339 572 extremis
3373 526 3523 572 terra:
3540 530 3559 570 :
3575 518 3656 586 qui
3679 518 3837 571 descen-

2306 617 2430 672 ditis
2459 618 2512 672 in
2535 632 2676 670 mare
2694 657 2709 682 ,
2734 625 2780 670 et
2808 613 3079 688 plenitudo
3107 615 3259 686 ejus;
3295 611 3484 666 insula:
3509 619 3556 665 et
3583 609 3836 668 habitatores

2304 726 2502 764 earum.
2536 707 2687 764 Levet
2718 706 2895 782 [Vulg
2946 704 3260 778 sublevetur]
3308 705 3568 760 desertum
3597 719 3638 758 et
3662 708 3836 761 civitates

2304 804 2420 869 ejus
2452 819 2470 857 :
2493 804 2547 857 in
2574 803 2810 856 domibus
2834 801 3084 856 habitabit
3113 800 3314 867 Cedar,
3348 800 3561 856 laudate
3589 799 3838 856 habitatores

2307 893 2511 960 Petrte,
2539 895 2604 949 de
2645 895 2830 949 vertice
2872 897 3121 948 montium
3175 891 3499 948 clamabunt.
3556 891 3736 946 Pouent
3760 891 3839 946 Do-

2308 988 2447 1042 mino
2483 989 2742 1061 gloriam,
2774 997 2823 1042 et
2851 988 3060 1042 laudem
3099 990 3211 1057 eius
3256 987 3309 1040 in
3355 986 3547 1041 insulis
3575 986 3838 1041 nuntiabunt.

2309 1079 2566 1136 Dominus
2617 1083 2749 1136 sicut
2797 1082 2948 1152 fortis
3001 1083 3319 1154 egredietur,
3351 1081 3487 1134 sicut
3531 1080 3606 1134 vir
3635 1080 3839 1151 prwliutor

2306 1175 2574 1229 suscitabit
2605 1175 2772 1228 zelum
2796 1190 2815 1228 :
2840 1175 3204 1244 vociferabttur
3233 1183 3281 1228 et
3300 1173 3548 1228 clamabit
3573 1189 3591 1227 .'
3618 1189 3753 1243 super
3771 1174 3840 1226 ini-

2307 1268 2472 1320 micos
2499 1283 2622 1321 suos
2647 1266 3046 1338 confortabitur.
3084 1265 3244 1322 Tacui
3283 1282 3508 1338 semper,
3536 1266 3667 1332 silui,
3693 1268 3840 1338 patiens

2307 1362 2390 1432 fui
2413 1377 2432 1414 .'
2454 1363 2589 1416 sicut
2617 1363 2825 1433 pariens
2856 1360 3036 1434 [Vu|g.
3063 1359 3384 1434 parturiens]
3411 1361 3840 1431 loquar:dissipabo

2308 1463 2356 1507 et
2381 1453 2660 1509 absorbebo
2685 1453 2860 1509 simul.
2886 1453 3135 1511 Desertos
3159 1456 3354 1527 faciam
3395 1466 3592 1510 montes
3621 1466 3666 1510 et
3702 1457 3840 1522 colles,

2308 1556 2353 1598 et
2379 1561 2530 1598 omne
2555 1561 2769 1618 gramen
2812 1562 2992 1601 eorum
3043 1549 3354 1612 exsiccabo,
3387 1560 3436 1603 et
3465 1565 3648 1613 ponam
3675 1550 3840 1619 ﬂumina

2306 1636 2361 1690 in
2385 1637 2606 1696 insulas.
2639 1648 2690 1693 et
2712 1647 2901 1710 stagna
2927 1642 3237 1710 arefaciam.
3263 1639 3334 1694 Et
3363 1641 3576 1695 educam
3599 1640 3754 1714 [Vulg.
3773 1641 3844 1694 ds-

604 1747 691 1795 tur
720 1741 772 1795 in
803 1747 970 1804 terra,
1004 1745 1122 1808 lege
1149 1738 1320 1808 prima
1359 1735 1694 1791 mortalium.
1731 1732 1916 1788 lnsulﬂ
1953 1732 2030 1787 vit
2057 1733 2203 1786 enim
2234 1733 2282 1794 B
2307 1727 2443 1800 cam]
2474 1745 2636 1784 arcos
2667 1731 2723 1782 in
2751 1731 2886 1784 viam
2911 1749 3067 1803 quam
3093 1733 3331 1788 nesciunt
3351 1777 3367 1802 ,
3401 1745 3450 1788 et
3480 1736 3533 1788 in
3560 1736 3732 1790 semitis
3751 1749 3841 1804 quas

603 1833 746 1890 Deus
776 1834 826 1887 in
855 1832 1050 1887 faciem
1072 1832 1266 1894 Adam,
1298 1831 1548 1902 spiritum
1573 1829 1722 1891 vitae,
1756 1835 1813 1884 et
1841 1827 2019 1881 factus
2045 1839 2125 1882 est
2153 1826 2204 1882 in

597 1927 837 1980 animam
893 1927 1167 1978 viventem
1210 1921 1432 1996 (Genes.
1463 1919 1556 1991 tt).
1591 1920 1861 1990 Spiritum
1908 1929 2091 1974 autem
2125 1919 2208 1974 bis

606 2018 828 2086 proprie
855 2015 946 2086 qui
989 2015 1203 2068 calcant
1245 2023 1446 2068 terram
1481 2028 1496 2076 ;
1537 2023 1592 2067 et
1638 2009 1964 2080 Sapientiam
2002 2012 2206 2075 carnis,

603 2121 719 2162 sua:
747 2105 1048 2175 subjiciunt
1081 2103 1359 2171 potestati.
1386 2102 1482 2157 llte
1514 2103 1677 2173 igitur
1707 2102 1865 2170 cujus
1893 2112 2039 2156 tanta
2071 2116 2208 2170 prae-

603 2201 762 2256 conia
786 2208 936 2266 sunt,
971 2197 1089 2254 hcc
1116 2197 1183 2252 ad
1212 2212 1338 2252 eum
1369 2197 1582 2252 locutus
1612 2205 1718 2263 est,
1747 2195 1903 2266 cujus
1929 2195 2100 2264 legem
2125 2196 2207 2249 in-

602 2292 738 2347 sulae
761 2285 1146 2360 pra-Stolantur
1172 2301 1228 2346 et
1254 2303 1448 2364 gentes
1475 2309 1484 2344 :
1521 2288 1636 2362 Ego
1662 2288 1916 2344 Dominus
1958 2289 2130 2342 vocavi
2161 2300 2207 2341 te

599 2384 653 2438 in
667 2384 875 2453 justitia
897 2400 916 2439 :
943 2385 1012 2439 de
1037 2400 1146 2455 quo
1182 2383 1298 2454 ipse
1334 2384 1573 2452 loquitur
1602 2384 1654 2438 in
1699 2382 2018 2451 Evattgelio,
2049 2380 2206 2436 Pater

593 2476 754 2545 iuste,
805 2475 1028 2531 mundus
1076 2488 1123 2532 te
1164 2478 1367 2549 ignorat
1401 2473 1593 2546 (Joan.
1625 2491 1759 2539 xvtt,
1791 2475 1919 2545 25);
1952 2484 2011 2528 ut
2061 2483 2208 2529 esset

600 2583 711 2624 non
737 2570 916 2626 solum
946 2568 1283 2634 Iudaeorum,
1317 2573 1415 2622 sed
1448 2577 1506 2623 et
1534 2566 1776 2637 gentium
1809 2567 1972 2622 Deus.
2005 2565 2074 2619 Et
2113 2583 2205 2635 ap-

601 2659 855 2732 prehendi
883 2675 1096 2716 manum
1115 2672 1281 2724 tuam,
1298 2660 1422 2730 quia
1447 2659 1709 2729 quidquid
1734 2669 1998 2729 operatur
2011 2657 2052 2712 F
2059 2659 2203 2723 ilius,

601 2769 865 2826 Operatur
919 2756 1101 2809 Pater.
1136 2753 1203 2808 Et
1243 2755 1438 2807 servavi
1471 2764 1538 2820 te,
1570 2755 1660 2825 qui
1694 2754 1874 2808 omnia
1908 2757 2024 2822 ipse
2069 2768 2203 2808 con-

601 2863 811 2904 servas.
840 2845 910 2902 Et
935 2847 1054 2902 dedi
1083 2855 1132 2901 te
1153 2849 1208 2901 in
1238 2850 1408 2920 ftedus
1427 2846 1607 2920 populi
1639 2845 1832 2913 Israel,
1863 2848 1948 2902 t-ui
1992 2857 2044 2900 te
2076 2861 2207 2900 ven-

594 2950 781 2997 turum
809 2951 935 2998 ante
981 2943 1363 3011 promiseram.
1399 2942 1464 2996 Et
1508 2943 1562 2996 in
1595 2942 1760 2996 lucem
1796 2942 2048 3015 gentium,
2083 2955 2203 3005 qua:

597 3035 867 3091 sedebant
895 3038 946 3090 in
974 3037 1225 3093 tenebris
1251 3045 1308 3091 et
1335 3037 1388 3091 iu
1422 3037 1612 3092 umbra
1641 3039 1858 3102 mortis,
1890 3049 1945 3090 ut
1975 3038 2202 3105 aperires

2310 1821 2551 1892 ignorant
2595 1821 2773 1894 [ναις.
2804 1826 3196 1900 ignoraverunt]
3247 1829 3515 1884 ambulare
3563 1847 3641 1884 eos
3681 1829 3838 1900 [etiam

2310 1911 2514 1968 Ponant
2543 1916 2781 1970 tenebras
2806 1935 2981 1972 coram
3002 1921 3074 1974 eis
3106 1921 3159 1973 in
3183 1923 3375 1988 lucem,
3409 1932 3456 1977 et
3477 1939 3626 1993 prava
3649 1923 3695 1976 in
3717 1935 3840 1976 recte:

2307 2005 2416 2061 Istuc
2442 2008 2591 2062 verba
2615 2010 2714 2078 feci
2745 2012 2841 2076 eis,
2874 2022 2922 2065 et
2953 2028 3056 2066 non
3085 2011 3342 2078 dereliqui
3363 2031 3474 2070 eos.
3503 2017 3723 2072 Conversi
3756 2024 3841 2070 sunt

2308 2110 2593 2155 retrorsum
2621 2119 2640 2157 :
2662 2107 3052 2175 confundantur
3077 2109 3412 2180 confusione,
3441 2112 3529 2182 qui
3553 2113 3785 2181 conﬁdunt
3805 2112 3841 2164 in

2305 2197 2536 2266 sculptili
2557 2237 2574 2264 ,
2602 2200 2691 2266 qui
2737 2199 2918 2254 dicunt
2945 2203 3198 2272 conflatili
3229 2219 3249 2257 :
3281 2220 3372 2260 vos
3399 2207 3476 2260 dii
3501 2209 3668 2261 nostri.
3695 2205 3838 2262 LXX:

2307 2288 2525 2346 Cantate
2572 2291 2798 2349 Domino
2843 2297 3100 2350 canticum
3149 2312 3341 2352 novum
3371 2315 3391 2353 :
3422 2300 3716 2371 principatus
3756 2300 3841 2370 ejus

2307 2384 2656 2456 gloriﬁcatur,
2682 2395 2729 2440 et
2758 2404 2942 2442 nomen
2972 2387 3118 2444 illius
3171 2407 3204 2444 α
3253 2392 3547 2446 summitate
3590 2403 3721 2448 terra!
3745 2389 3840 2458 :qtti

2307 2475 2625 2533 descendunt
2649 2479 2703 2534 in
2733 2496 2876 2535 mare
2902 2493 2948 2536 et
2979 2483 3224 2556 navigant
3271 2483 3432 2550 illud,
3460 2487 3630 2539 insqu
3659 2493 3701 2536 et
3725 2481 3840 2535 [tubi-

2308 2580 2498 2624 tutores
2530 2588 2709 2627 eorum
2739 2589 2757 2626 :
2783 2574 2960 2628 laetare
2999 2577 3258 2630 desertum
3294 2588 3345 2631 et
3393 2579 3490 2632 vici
3515 2580 3614 2650 ejus
3634 2593 3649 2630 :
3668 2576 3784 2629 villis
3805 2582 3839 2628 et

2307 2661 2623 2717 habitatores
2651 2662 2840 2720 Cedar.
2867 2665 3204 2722 La’tabuntur
3233 2671 3328 2740 qui
3354 2669 3580 2725 habitant
3603 2671 3651 2722 in
3674 2666 3838 2721 Petra:

2306 2756 2370 2812 de
2397 2760 2692 2812 summitate
2721 2761 2973 2816 montium
3010 2763 3340 2819 clamabunt.
3395 2765 3592 2820 Dabunt
3623 2763 3718 2819 Deo
3753 2762 3838 2832 glo-

2305 2851 2467 2918 riam,
2517 2853 2732 2910 virtutes
2777 2856 2890 2926 ejus
2940 2856 2997 2910 in
3031 2859 3218 2912 insulis
3263 2861 3592 2915 nuntiabunt.
3639 2857 3837 2910 bonum»

2305 2941 2444 2997 Deus
2477 2947 2724 3000 virtutum
2751 2949 3044 3018 egredietur
3090 2959 3138 3004 et
3181 2963 3320 3005 cont:
3339 2964 3411 3006 ret
3439 2952 3642 3014 bellum,
3667 2947 3832 3003 suscita-

2303 3037 2374 3091 bit
2406 3039 2595 3096 zelum.
2625 3051 2674 3094 et
2703 3043 2944 3098 clamabit
2966 3061 3123 3115 super
3145 3046 3388 3101 inimicos
3414 3063 3529 3102 suos
3547 3063 3652 3101 cum
3673 3047 3834 3114 fortuit-

600 3132 778 3186 oculos
827 3147 1082 3187 cwcorum
1122 3133 1210 3202 qui
1263 3133 1430 3187 Deum
1474 3141 1631 3188 antea
1679 3147 1787 3186 non
1826 3132 2100 3187 videbant.
2131 3127 2198 3183 Et
2228 3116 2274 3181 C
2306 3134 2447 3186 dine.
2486 3132 2645 3189 Tacui
2667 3151 2699 3188 a
2731 3136 3026 3206 principio,
3058 3154 3183 3192 num
3212 3155 3416 3210 semper
3445 3139 3610 3194 tacebo
3654 3148 3694 3192 et
3717 3131 3833 3188 sutil-

595 3223 839 3280 educeres
859 3225 924 3280 de
940 3225 1271 3280 conclusione
1289 3229 1512 3279 vinctum
1535 3224 1646 3298 [ΑΙ.
1665 3223 1882 3297 vinctos]
1907 3223 2092 3295 (Prov.
2113 3223 2164 3293 ν)
2182 3239 2195 3288 ;

587 3315 810 3372 funibus
841 3316 987 3372 enim
1016 3326 1369 3384 peccatorum
1393 3332 1617 3372 suorum
1663 3319 2044 3386 unusquisque
2066 3329 2200 3369 eon-

595 3411 897 3482 stringitur.
939 3410 1008 3466 Et
1038 3413 1089 3466 iu
1121 3411 1422 3481 Evangelio
1452 3424 1612 3481 quem
1653 3411 1883 3466 Satanas
1927 3411 2196 3475 vinxerat,

593 3505 758 3559 solvit
791 3505 1051 3560 Dominus
1087 3504 1254 3576 (Mat.
1290 3504 1436 3576 ml).
1478 3503 1554 3558 De
1576 3505 1728 3558 domo
1761 3503 1983 3558 carceris
2017 3503 2200 3558 seden-

595 3606 666 3651 tes
693 3599 747 3651 in
775 3599 1011 3663 tenebris,
1043 3601 1134 3669 qui
1166 3600 1220 3654 in
1249 3615 1456 3654 erroris
1484 3608 1644 3654 nocte
1667 3609 1724 3654 et
1749 3598 1982 3667 ealigine
2010 3611 2199 3651 versa-

597 3690 815 3745 bantur.
843 3691 1108 3758 Quodque
1137 3690 1332 3746 infert:
1366 3689 1476 3759 Ego
1499 3689 1778 3755 Dominus,
1799 3689 1898 3742 hoc
1917 3697 1990 3742 est
2012 3703 2195 3741 nomen

601 3797 804 3843 meum;
839 3781 1060 3853 gloriam
1090 3798 1252 3836 meam
1291 3783 1446 3836 alteri
1485 3799 1588 3836 non
1622 3781 1788 3855 dabo.
1823 3795 1929 3836 n0n
1958 3779 2199 3835 excludit

594 3874 822 3943 Filium,
877 3880 964 3931 cui
995 3875 1200 3932 dicenti
1242 3877 1294 3931 in
1344 3875 1687 3948 Evangelia:
1733 3873 1926 3938 Pater,
1958 3873 2196 3944 gloriﬁca

597 3983 676 4022 me
703 3969 868 4043 gloria
894 3984 1045 4040 quam
1072 3968 1215 4040 apud
1247 3979 1294 4022 te
1320 3967 1482 4021 habui
1525 3967 1824 4039 priusquam
1863 3965 2086 4019 mundus
2116 3982 2197 4018 es-

591 4072 666 4119 set
691 4061 881 4132 (Joan.
908 4078 1039 4129 xvtt,
1073 4061 1169 4134 5).
1205 4063 1322 4132 ipse
1366 4060 1646 4130 respondit
1671 4078 1685 4116 ε
1715 4059 1783 4114 Et
1813 4060 2121 4132 gloriﬁcavi,
2149 4067 2196 4113 et

593 4153 918 4227 glori/icabo.
967 4154 1158 4224 Neque
1186 4155 1332 4210 enim
1363 4153 1501 4209 dixit
1527 4161 1540 4208 Ξ
1570 4152 1812 4209 Gloriam
1853 4139 2029 4208 meam
2062 4153 2193 4208 nulli

595 4245 759 4307 dabo.
789 4246 937 4317 quod
988 4247 1034 4302 si
1087 4246 1337 4312 (ιιχιεεει,
1384 4245 1716 4302 exclusisset
1745 4256 1799 4300 et
1845 4244 2066 4307 Filium.
2099 4245 2194 4301 sed

595 4339 818 4410 gloriam
865 4356 1028 4395 meam
1077 4341 1226 4394 atteri
1262 4355 1366 4394 non
1396 4339 1550 4406 dabo,
1586 4349 1788 4408 praeter
1817 4350 1890 4405 te,
1926 4338 2013 4394 cui
2042 4338 2191 4406 dedi,

593 4433 681 4488 cui
709 4432 938 4488 daturus
977 4447 1119 4489 sum.
1158 4431 1320 4490 Unde
1357 4434 1744 4504 proprietatem
1774 4444 1979 4490 sancta-
2008 4433 2195 4502 Scrip-

2305 3226 2437 3280 nebo
2455 3228 2478 3280 ?
2494 3229 2627 3282 sicut
2651 3233 2856 3298 pariens
2876 3241 3131 3300 patienter
3141 3234 3243 3301 egi,
3260 3249 3406 3286 erum
3412 3250 3527 3301 pani
3540 3244 3584 3286 et
3609 3233 3831 3299 arefactum

2303 3321 2478 3386 simul,
2508 3323 2717 3376 vastabo
2739 3333 2936 3378 montes
2965 3334 3014 3378 et
3041 3325 3202 3380 colles
3221 3365 3238 3390 ,
3267 3336 3319 3380 et
3345 3343 3495 3381 omne
3516 3329 3675 3395 fenum
3699 3331 3830 3374 eorum

2302 3417 2607 3484 arefactum.
2645 3415 2717 3472 Et
2766 3434 2959 3486 ponam
3007 3419 3227 3489 flumina
3258 3421 3313 3473 iu
3346 3419 3569 3487 insulas,
3600 3428 3643 3474 et
3665 3415 3830 3486 paludes

2300 3510 2522 3565 siccabo.
2556 3510 2622 3564 Et
2648 3511 2915 3567 adducam
2947 3529 3112 3568 cruces
3141 3531 3234 3585 per
3259 3516 3398 3568 viam
3437 3530 3585 3585 quam
3622 3510 3826 3569 nesciant,

2300 3610 2348 3654 et
2376 3603 2588 3657 semitas
2616 3620 2745 3673 quas
2774 3606 3163 3677 ignoraverunt,
3193 3606 3398 3661 calcare
3425 3623 3510 3661 eos
3562 3604 3750 3674 faciam;
3770 3599 3829 3665 β’

2300 3699 2433 3752 ciam
2479 3701 2554 3754 eis
2603 3701 2835 3756 tenebras
2877 3707 2931 3756 in
2967 3703 3160 3764 lucem,
3207 3713 3255 3754 et
3282 3719 3445 3771 prava
3483 3700 3537 3756 in
3573 3707 3709 3754 recte.
3735 3691 3826 3745 Ηωε

2299 3791 2452 3846 verba
2482 3796 2671 3863 faciant
2695 3794 2804 3850 illis
2828 3835 2842 3860 ,
2871 3807 2920 3850 et
2957 3813 3060 3850 non
3103 3796 3464 3867 derelinquam
3503 3811 3606 3858 eos,
3636 3792 3722 3860 ipsi
3743 3799 3826 3839 vero

2301 3889 2531 3943 conversi
2571 3897 2690 3943 sunt
2729 3899 3048 3957 retrorsum;
3093 3889 3493 3961 confundamini
3522 3879 3824 3961 511nm“

2298 3980 2467 4042 sione,
2491 3981 2580 4049 qui
2600 3981 2864 4051 confiditis
2886 3999 3040 4055 super
3063 3983 3389 4054 sculptilibus
3411 4025 3425 4046 ,
3449 3997 3535 4053 qui
3569 3977 3718 4032 dicitis
3734 3985 3823 4025 cott-

2297 4074 2458 4144 flatis,
2495 4090 2579 4130 vos
2609 4079 2732 4131 estis
2758 4077 2829 4130 dii
2859 4077 3042 4132 nostri.
3065 4077 3167 4146 Qui
3192 4077 3344 4147 prius
3361 4077 3567 4133 dixerat
3592 4092 3604 4127 :
3629 4083 3725 4143 quae
3746 4063 3822 4136 pri-

2299 4184 2382 4221 ma
2412 4171 2644 4238 fuerant,
2667 4186 2784 4225 ecce
2811 4179 3093 4236 venerunt;
3133 4186 3264 4225 nova
3283 4187 3485 4243 quoque
3503 4183 3588 4241 ego
3605 4159 3821 4220 annuntio:

2297 4270 2574 4332 antequam
2613 4267 2872 4326 oriantur.
2917 4263 3099 4317 audita
3150 4263 3346 4332 faciam
3401 4263 3822 4328 vobis;et5€P’°‘

2300 4359 2551 4424 miserat,
2581 4358 2723 4428 quod
2767 4357 3090 4428 ignorabant
3119 4372 3244 4414 esse
3282 4358 3548 4414 dicturum
3583 4364 3715 4422 :qttae
3742 4345 3821 4398 sit“

2299 4449 2390 4505 illa
2417 4466 2556 4506 nova
2574 4490 2590 4518 ,
2617 4451 2865 4520 sequenti
2893 4465 3152 4508 sermone
3174 4461 3426 4516 testatur,
3447 4445 3699 4520 Aposfolis
3714 4449 3820 4509 μηθ’

592 4536 734 4582 tura:
755 4525 1112 4584 vehementer
1141 4525 1406 4595 admiror,
1437 4526 1583 4598 quod
1612 4525 1838 4584 verbum
1861 4543 2007 4582 sum
2032 4524 2192 4600 mnu)

2301 4543 2526 4613 cipicns,
2559 4553 2613 4598 et
2637 4518 2964 4613 Apostolicis
2991 4543 3143 4608 vitis.
3180 4555 3237 4600 ut
3265 4553 3463 4601 canant
3487 4518 3723 4598 canticum
3743 4540 3818 4582 no-

590 4635 783 4677 omnes
812 4619 1142 4690 Interpretes
1174 4635 1309 4676 voce
1339 4634 1582 4676 consona
1617 4622 2036 4686 transtulerunt,
2059 4618 2187 4675 alte-

589 4729 705 4768 rum
728 4756 744 4781 ,
773 4712 864 4782 qui
889 4711 945 4768 in
976 4713 1164 4769 multis
1184 4713 1311 4768 aliis
1334 4713 1483 4767 soliti
1506 4713 1986 4782 suntdiscrepare.
2015 4713 2190 4770 Utau-

585 4813 697 4860 tem
718 4807 954 4861 sciamus
967 4821 1064 4878 per
1079 4806 1217 4861 hanc
1237 4806 1569 4861 sententiam
1595 4820 1701 4860 non
1723 4805 1940 4860 excludi
1961 4804 2184 4873 Filium,

591 4898 690 4955 sed
739 4899 921 4962 idola.
972 4902 1257 4971 sequentia
1311 4899 1476 4955 verba
1511 4907 1817 4953 testantur:
1858 4897 1925 4952 Et
1981 4899 2186 4954 laudem

591 5014 757 5054 meum
797 5000 1145 5068 sculptilibus.
1176 5000 1282 5055 Pro
1311 5016 1420 5072 quo
1449 4997 1630 5055 LXX:
1673 5015 1766 5054 nec
1804 5000 2011 5054 virtutes
2047 5015 2185 5054 meas

591 5090 756 5165 διο
779 5091 1091 5146 simulacris.
1127 5093 1262 5146 Cum
1301 5093 1448 5148 enim
1475 5092 1730 5148 Christus
1764 5091 1858 5147 Dei
1886 5092 2060 5146 virtus
2085 5092 2185 5158 sit,

589 5185 797 5258 Deique
841 5183 1131 5256 sapientia,
1163 5186 1434 5241 amnesin
1465 5200 1525 5242 se
1553 5186 1782 5243 virtutes
1809 5187 2058 5242 continet
2087 5186 2186 5241 Pa-

587 5289 706 5344 tris.
749 5288 1029 5359 Sequitur,
1063 5287 1194 5355 Qua
1223 5289 1393 5357 prima
1422 5292 1652 5360 fuerunt,
1681 5305 1797 5345 ecce
1825 5299 2090 5345 venerunt.
2121 5289 2187 5344 Et

584 5392 670 5439 est
712 5399 908 5441 sensus
951 5402 963 5438 :
1013 5383 1144 5454 Quae
1192 5387 1404 5440 locutus
1455 5399 1598 5452 sum,
1656 5401 1778 5457 qum
1801 5403 1896 5457 per
1937 5385 2177 5458 Moysen,

583 5477 993 5552 Protsheta~que
1044 5480 1324 5550 pollicitus
1377 5494 1537 5542 sum.
1599 5481 1852 5536 universa
1904 5480 2175 5549 completa

579 5582 726 5628 sunt.
758 5573 914 5630 Nunc
950 5586 1133 5629 autem
1168 5573 1436 5630 annuntio
1464 5573 1622 5628 vobis
1665 5573 2044 5645 Evangelium,
2077 5587 2176 5626 vo-

582 5667 852 5724 cationem
905 5669 1171 5739 gentium,
1227 5667 1537 5738 passionem
1593 5665 1836 5738 Christi,
1880 5668 2174 5723 novitatem

580 5755 736 5817 ﬁdei:
762 5772 822 5817 ut
843 5761 1118 5831 quomodo
1147 5761 1332 5833 priora
1371 5761 1597 5820 cernitis
1628 5761 1792 5820 rebus
1813 5763 2064 5835 expleta,
2092 5763 2176 5820 sic

2300 4651 2425 4691 "um
2444 4675 2460 4702 ο
2489 4650 2830 4706 nequaquam
2863 4636 2920 4692 in
2950 4647 3217 4694 vetustate
3257 4638 3485 4702 litteras;
3513 4632 3602 4690 sed
3629 4631 3675 4684 in
3699 4617 3818 4680 novi-

2299 4737 2408 4784 tate
2433 4729 2675 4797 spiritus.
2703 4728 2815 4784 Nec
2851 4734 3028 4786 solum
3051 4730 3106 4786 in
3135 4733 3303 4788 veteri
3348 4730 3704 4787 Instrumenta,
3743 4709 3816 4768 sed

2295 4825 2350 4878 in
2397 4837 2566 4887 novo;
2613 4831 2670 4880 et
2713 4823 2829 4879 laus
2869 4824 2988 4896 ejus
3035 4833 3280 4896 penetret
3319 4838 3485 4896 usque
3527 4819 3589 4875 ad
3621 4819 3815 4872 estrei"!

2298 4927 2476 4974 terrae.
2520 4915 2567 4972 Α
2597 4933 2816 4974 summo
2851 4919 2999 4974 enim
3021 4920 3161 4976 coelo
3200 4934 3454 4991 egressus
3483 4915 3594 4986 ejus
3614 4919 3664 4966 et
3682 4912 3813 4970 usque

2297 5009 2366 5064 ad
2435 5023 2706 5066 summum
2766 5011 2911 5067 illius
2964 5027 3225 5069 occursus
3282 5015 3398 5081 ejus
3447 5007 3618 5084 (Psal.
3668 4997 3811 5061 “illis

2297 5103 2353 5159 In
2415 5118 2633 5160 onmem
2688 5116 2894 5161 terram
2939 5105 3073 5162 exiit
3123 5107 3502 5176 Apostolorum
3548 5111 3726 5156 somn.
3771 5091 3812 5139 εί

2289 5195 2342 5252 in
2392 5199 2662 5254 terminos
2692 5200 2845 5256 orbis
2879 5199 3043 5256 verba
3096 5216 3308 5256 eorum.
3353 5197 3631 5266 Sivelum
3655 5178 3807 5280 Lxx,:

2291 5288 2591 5362 Glorificate
2618 5309 2803 5348 nomen
2835 5297 2949 5366 ejus
2977 5295 3032 5348 in
3065 5294 3296 5350 terminis
3330 5301 3478 5347 terras
3496 5304 3516 5344 :
3543 5294 3598 5341 ut
3628 5282 3675 5337 in
3718 5285 3808 5328 0""

2288 5401 2452 5441 verso
2483 5387 2683 5440 mundo
2711 5386 2915 5442 Citriin
2970 5400 3166 5444 nomen
3204 5385 3545 5442 aununtietur
3580 5366 3804 5447 gentibus.

2285 5477 2387 5546 Qui
2413 5483 2516 5536 sint
2545 5489 2728 5536 autem
2752 5481 2841 5536 isti
2864 5481 2955 5551 qui
2982 5495 3184 5538 canere
3213 5482 3444 5536 debeant
3471 5473 3707 5530 canticum
3733 5469 3804 5511 na-

2283 5589 2434 5642 vum,
2458 5577 2737 5647 sequentia
2763 5578 2927 5632 verba
2963 5585 3226 5631 testantur
3259 5593 3270 5628 :
3302 5573 3407 5642 Qui
3425 5559 3715 5626 descenditis,

2280 5671 2418 5740 quit.
2447 5671 2501 5726 in
2527 5686 2688 5738 mare,
2714 5680 2768 5726 et
2799 5669 3063 5740 navigatis
3083 5668 3234 5736 illud,
3257 5669 3371 5724 sive
3393 5656 3638 5734 plenitudo
3658 5660 3799 5707 mans-

2281 5764 2577 5838 ΑΡοειοιοδ
2607 5765 2754 5823 enim
2773 5764 2967 5823 videns
2991 5765 3151 5822 Jesus
3198 5763 3252 5822 in
3283 5763 3465 5820 littore
3499 5757 3642 5828 juxta
3681 5747 3802 5802 mare
