  <div class='ocr_page' id='page_1' title='image "/cluster/home/n/w/nwhite01/storage/ocr_20150623/24/uva.x000826571/220.png"; bbox 0 0 3932 6362; ppageno 0'>
   <div class='ocr_carea' id='block_1_1' title="bbox 73 368 178 425">
    <p class='ocr_par' dir='ltr' id='par_1_1' title="bbox 73 368 178 425">
     <span class='ocr_line' id='line_1_1' title="bbox 73 368 178 425; baseline 0.029 -3"><span class='ocrx_word' id='word_1_1' title='bbox 73 368 178 425; x_wconf 64' lang='grc'><strong>425</strong></span> 
     </span>
    </p>
   </div>
   <div class='ocr_carea' id='block_1_2' title="bbox 617 363 2839 433">
    <p class='ocr_par' dir='ltr' id='par_1_2' title="bbox 617 363 2839 433">
     <span class='ocr_line' id='line_1_2' title="bbox 617 363 2839 433; baseline 0.004 -9"><span class='ocrx_word' id='word_1_2' title='bbox 617 363 1270 424; x_wconf 74' lang='lat' dir='ltr'><strong>COMMENTARIORUM</strong></span> <span class='ocrx_word' id='word_1_3' title='bbox 1310 365 1378 423; x_wconf 83' lang='lat' dir='ltr'><strong>IN</strong></span> <span class='ocrx_word' id='word_1_4' title='bbox 1419 365 1655 426; x_wconf 72' lang='lat' dir='ltr'><strong>ISAIAM</strong></span> <span class='ocrx_word' id='word_1_5' title='bbox 1686 365 2112 431; x_wconf 80' lang='lat' dir='ltr'><strong>PROPHETAM</strong></span> <span class='ocrx_word' id='word_1_6' title='bbox 2147 373 2279 430; x_wconf 85' lang='lat' dir='ltr'><strong>LIB.</strong></span> <span class='ocrx_word' id='word_1_7' title='bbox 2323 372 2439 431; x_wconf 83' lang='lat' dir='ltr'><strong>XII.</strong></span> <span class='ocrx_word' id='word_1_8' title='bbox 2481 375 2635 433; x_wconf 87' lang='lat' dir='ltr'><strong>CAP.</strong></span> <span class='ocrx_word' id='word_1_9' title='bbox 2678 374 2839 433; x_wconf 75' lang='lat' dir='ltr'><strong>XLII.</strong></span> 
     </span>
    </p>
   </div>
   <div class='ocr_carea' id='block_1_3' title="bbox 3270 379 3380 439">
    <p class='ocr_par' dir='ltr' id='par_1_3' title="bbox 3270 379 3380 439">
     <span class='ocr_line' id='line_1_3' title="bbox 3270 379 3380 439; baseline 0.018 -2"><span class='ocrx_word' id='word_1_10' title='bbox 3270 379 3380 439; x_wconf 66' lang='grc' dir='ltr'>ηδ</span> 
     </span>
    </p>
   </div>
   <div class='ocr_carea' id='block_1_4' title="bbox 71 481 3386 562">
    <p class='ocr_par' dir='ltr' id='par_1_4' title="bbox 71 481 3386 562">
     <span class='ocr_line' id='line_1_4' title="bbox 71 481 3386 562; baseline 0.002 -20"><span class='ocrx_word' id='word_1_11' title='bbox 71 485 367 542; x_wconf 73' lang='lat' dir='ltr'><strong>Genesaret</strong></span> <span class='ocrx_word' id='word_1_12' title='bbox 407 481 737 541; x_wconf 68' lang='lat' dir='ltr'><strong>reﬁcientes</strong></span> <span class='ocrx_word' id='word_1_13' title='bbox 765 481 896 537; x_wconf 90' lang='lat' dir='ltr'><strong>retia</strong></span> <span class='ocrx_word' id='word_1_14' title='bbox 936 495 1057 545; x_wconf 84' lang='lat' dir='ltr'><strong>sua,</strong></span> <span class='ocrx_word' id='word_1_15' title='bbox 1088 481 1302 537; x_wconf 87' lang='lat' dir='ltr'><strong>vocavit</strong></span> <span class='ocrx_word' id='word_1_16' title='bbox 1333 491 1388 537; x_wconf 88' lang='lat' dir='ltr'><strong>et</strong></span> <span class='ocrx_word' id='word_1_17' title='bbox 1429 483 1580 539; x_wconf 98' lang='lat' dir='ltr'><strong>misit</strong></span> <span class='ocrx_word' id='word_1_18' title='bbox 1622 483 1676 538; x_wconf 92' lang='lat' dir='ltr'><strong>in</strong></span> <span class='ocrx_word' id='word_1_19' title='bbox 1703 485 1754 544; x_wconf 82' lang='lat' dir='ltr'><strong>A</strong></span> <span class='ocrx_word' id='word_1_20' title='bbox 1782 501 1890 555; x_wconf 90' lang='lat' dir='ltr'><strong>que</strong></span> <span class='ocrx_word' id='word_1_21' title='bbox 1909 503 2007 542; x_wconf 86' lang='lat' dir='ltr'><strong>vos</strong></span> <span class='ocrx_word' id='word_1_22' title='bbox 2026 504 2057 543; x_wconf 90' lang='lat' dir='ltr'><strong>a</strong></span> <span class='ocrx_word' id='word_1_23' title='bbox 2081 489 2258 554; x_wconf 78' lang='lat' dir='ltr'><strong>capite</strong></span> <span class='ocrx_word' id='word_1_24' title='bbox 2275 491 2522 559; x_wconf 83' lang='lat' dir='ltr'><strong>usquead</strong></span> <span class='ocrx_word' id='word_1_25' title='bbox 2553 492 2715 560; x_wconf 84' lang='lat' dir='ltr'><strong>pedes</strong></span> <span class='ocrx_word' id='word_1_26' title='bbox 2735 494 3084 550; x_wconf 77' lang='lat' dir='ltr'><strong>exsiccavero</strong></span> <span class='ocrx_word' id='word_1_27' title='bbox 3101 503 3264 562; x_wconf 87' lang='lat' dir='ltr'><strong>atque</strong></span> <span class='ocrx_word' id='word_1_28' title='bbox 3285 495 3386 548; x_wconf 91' lang='lat' dir='ltr'><strong>de-</strong></span> 
     </span>
    </p>
   </div>
   <div class='ocr_carea' id='block_1_5' title="bbox 71 573 1681 650">
    <p class='ocr_par' dir='ltr' id='par_1_5' title="bbox 71 573 1681 650">
     <span class='ocr_line' id='line_1_5' title="bbox 71 573 1681 650; baseline -0.001 -18"><span class='ocrx_word' id='word_1_29' title='bbox 71 593 326 650; x_wconf 86' lang='lat' dir='ltr'><strong>magnum</strong></span> <span class='ocrx_word' id='word_1_30' title='bbox 348 592 518 634; x_wconf 70' lang='lat' dir='ltr'><strong>mrtre</strong></span> <span class='ocrx_word' id='word_1_31' title='bbox 550 574 703 644; x_wconf 87' lang='lat' dir='ltr'><strong>(Luc.</strong></span> <span class='ocrx_word' id='word_1_32' title='bbox 735 573 825 644; x_wconf 91' lang='lat' dir='ltr'><strong>v);</strong></span> <span class='ocrx_word' id='word_1_33' title='bbox 859 585 917 627; x_wconf 93' lang='lat' dir='ltr'><strong>ut</strong></span> <span class='ocrx_word' id='word_1_34' title='bbox 943 573 1011 629; x_wconf 90' lang='lat' dir='ltr'><strong>de</strong></span> <span class='ocrx_word' id='word_1_35' title='bbox 1050 574 1418 646; x_wconf 60' lang='lat' dir='ltr'><strong>piscatoribus</strong></span> <span class='ocrx_word' id='word_1_36' title='bbox 1455 576 1681 645; x_wconf 82' lang='lat' dir='ltr'><strong>piscium</strong></span> 
     </span>
    </p>
   </div>
   <div class='ocr_carea' id='block_1_6' title="bbox 75 666 1679 736">
    <p class='ocr_par' dir='ltr' id='par_1_6' title="bbox 75 666 1679 736">
     <span class='ocr_line' id='line_1_6' title="bbox 75 666 1679 736; baseline 0 -11"><span class='ocrx_word' id='word_1_37' title='bbox 75 669 275 728; x_wconf 83' lang='lat' dir='ltr'><strong>faceret</strong></span> <span class='ocrx_word' id='word_1_38' title='bbox 304 669 592 726; x_wconf 79' lang='lat' dir='ltr'><strong>hominum</strong></span> <span class='ocrx_word' id='word_1_39' title='bbox 635 666 957 736; x_wconf 85' lang='lat' dir='ltr'><strong>piscatores.</strong></span> <span class='ocrx_word' id='word_1_40' title='bbox 989 667 1081 736; x_wconf 85' lang='lat' dir='ltr'><strong>qui</strong></span> <span class='ocrx_word' id='word_1_41' title='bbox 1119 666 1188 724; x_wconf 91' lang='lat' dir='ltr'><strong>de</strong></span> <span class='ocrx_word' id='word_1_42' title='bbox 1217 668 1527 724; x_wconf 83' lang='lat' dir='ltr'><strong>Jerusalem</strong></span> <span class='ocrx_word' id='word_1_43' title='bbox 1583 685 1679 725; x_wconf 86' lang='lat' dir='ltr'><strong>us-</strong></span> 
     </span>
    </p>
   </div>
   <div class='ocr_carea' id='block_1_7' title="bbox 77 759 1683 836">
    <p class='ocr_par' dir='ltr' id='par_1_7' title="bbox 77 759 1683 836">
     <span class='ocr_line' id='line_1_7' title="bbox 77 759 1683 836; baseline -0.001 -17"><span class='ocrx_word' id='word_1_44' title='bbox 77 779 188 836; x_wconf 86' lang='lat' dir='ltr'><strong>que</strong></span> <span class='ocrx_word' id='word_1_45' title='bbox 217 764 282 818; x_wconf 85' lang='lat' dir='ltr'><strong>ad</strong></span> <span class='ocrx_word' id='word_1_46' title='bbox 315 759 592 835; x_wconf 83' lang='lat' dir='ltr'><strong>Illyricum</strong></span> <span class='ocrx_word' id='word_1_47' title='bbox 627 770 683 816; x_wconf 89' lang='lat' dir='ltr'><strong>et</strong></span> <span class='ocrx_word' id='word_1_48' title='bbox 712 759 1001 828; x_wconf 79' lang='lat' dir='ltr'><strong>Hispanias</strong></span> <span class='ocrx_word' id='word_1_49' title='bbox 1034 761 1385 830; x_wconf 83' lang='lat' dir='ltr'><strong>Evangelium</strong></span> <span class='ocrx_word' id='word_1_50' title='bbox 1416 761 1683 832; x_wconf 57' lang='lat' dir='ltr'><strong>pradica-</strong></span> 
     </span>
    </p>
   </div>
   <div class='ocr_carea' id='block_1_8' title="bbox 80 852 1684 926">
    <p class='ocr_par' dir='ltr' id='par_1_8' title="bbox 80 852 1684 926">
     <span class='ocr_line' id='line_1_8' title="bbox 80 852 1684 926; baseline 0.001 -16"><span class='ocrx_word' id='word_1_51' title='bbox 80 865 239 910; x_wconf 91' lang='lat' dir='ltr'><strong>runt:</strong></span> <span class='ocrx_word' id='word_1_52' title='bbox 269 856 555 925; x_wconf 90' lang='lat' dir='ltr'><strong>capientes</strong></span> <span class='ocrx_word' id='word_1_53' title='bbox 587 855 642 908; x_wconf 91' lang='lat' dir='ltr'><strong>in</strong></span> <span class='ocrx_word' id='word_1_54' title='bbox 673 852 822 910; x_wconf 80' lang='lat' dir='ltr'><strong>brevi</strong></span> <span class='ocrx_word' id='word_1_55' title='bbox 852 864 1097 924; x_wconf 90' lang='lat' dir='ltr'><strong>tempore</strong></span> <span class='ocrx_word' id='word_1_56' title='bbox 1122 855 1294 926; x_wconf 84' lang='lat' dir='ltr'><strong>ipsam</strong></span> <span class='ocrx_word' id='word_1_57' title='bbox 1322 869 1543 924; x_wconf 89' lang='lat' dir='ltr'><strong>quoque</strong></span> <span class='ocrx_word' id='word_1_58' title='bbox 1572 853 1684 911; x_wconf 81' lang='lat' dir='ltr'><strong>Ro-</strong></span> 
     </span>
    </p>
   </div>
   <div class='ocr_carea' id='block_1_9' title="bbox 80 945 1682 1013">
    <p class='ocr_par' dir='ltr' id='par_1_9' title="bbox 80 945 1682 1013">
     <span class='ocr_line' id='line_1_9' title="bbox 80 945 1682 1013; baseline 0.002 -12"><span class='ocrx_word' id='word_1_59' title='bbox 80 961 252 1002; x_wconf 69' lang='lat' dir='ltr'><strong>manae</strong></span> <span class='ocrx_word' id='word_1_60' title='bbox 279 945 432 1002; x_wconf 90' lang='lat' dir='ltr'><strong>urbis</strong></span> <span class='ocrx_word' id='word_1_61' title='bbox 467 945 792 1013; x_wconf 71' lang='lat' dir='ltr'><strong>potentiam.</strong></span> <span class='ocrx_word' id='word_1_62' title='bbox 849 945 943 999; x_wconf 81' lang='lat' dir='ltr'><strong>Vel</strong></span> <span class='ocrx_word' id='word_1_63' title='bbox 989 954 1142 1002; x_wconf 89' lang='lat' dir='ltr'><strong>certe</strong></span> <span class='ocrx_word' id='word_1_64' title='bbox 1180 946 1583 1004; x_wconf 87' lang='lat' dir='ltr'><strong>descenderunt</strong></span> <span class='ocrx_word' id='word_1_65' title='bbox 1627 947 1682 1004; x_wconf 91' lang='lat' dir='ltr'><strong>iu</strong></span> 
     </span>
    </p>
   </div>
   <div class='ocr_carea' id='block_1_10' title="bbox 85 1036 1684 1111">
    <p class='ocr_par' dir='ltr' id='par_1_10' title="bbox 85 1036 1684 1111">
     <span class='ocr_line' id='line_1_10' title="bbox 85 1036 1684 1111; baseline 0.001 -16"><span class='ocrx_word' id='word_1_66' title='bbox 85 1055 228 1095; x_wconf 75' lang='lat' dir='ltr'><strong>mare</strong></span> <span class='ocrx_word' id='word_1_67' title='bbox 254 1047 310 1095; x_wconf 91' lang='lat' dir='ltr'><strong>et</strong></span> <span class='ocrx_word' id='word_1_68' title='bbox 347 1038 748 1108; x_wconf 81' lang='lat' dir='ltr'><strong>navigaverunt</strong></span> <span class='ocrx_word' id='word_1_69' title='bbox 767 1036 1312 1106; x_wconf 82' lang='lat' dir='ltr'><strong>illud;tempestates</strong></span> <span class='ocrx_word' id='word_1_70' title='bbox 1341 1049 1397 1096; x_wconf 90' lang='lat' dir='ltr'><strong>et</strong></span> <span class='ocrx_word' id='word_1_71' title='bbox 1428 1055 1684 1111; x_wconf 80' lang='lat' dir='ltr'><strong>persecu-</strong></span> 
     </span>
    </p>
   </div>
   <div class='ocr_carea' id='block_1_11' title="bbox 87 1127 1686 1202">
    <p class='ocr_par' dir='ltr' id='par_1_11' title="bbox 87 1127 1686 1202">
     <span class='ocr_line' id='line_1_11' title="bbox 87 1127 1686 1202; baseline 0.003 -20"><span class='ocrx_word' id='word_1_72' title='bbox 87 1129 258 1185; x_wconf 82' lang='lat' dir='ltr'><strong>tiones</strong></span> <span class='ocrx_word' id='word_1_73' title='bbox 283 1128 442 1184; x_wconf 84' lang='lat' dir='ltr'><strong>istius</strong></span> <span class='ocrx_word' id='word_1_74' title='bbox 459 1127 648 1184; x_wconf 66' lang='lat' dir='ltr'><strong>smculi</strong></span> <span class='ocrx_word' id='word_1_75' title='bbox 667 1129 1023 1184; x_wconf 84' lang='lat' dir='ltr'><strong>sustinentes.</strong></span> <span class='ocrx_word' id='word_1_76' title='bbox 1045 1129 1260 1186; x_wconf 86' lang='lat' dir='ltr'><strong>Insulas</strong></span> <span class='ocrx_word' id='word_1_77' title='bbox 1277 1145 1493 1202; x_wconf 89' lang='lat' dir='ltr'><strong>quoque</strong></span> <span class='ocrx_word' id='word_1_78' title='bbox 1514 1143 1570 1188; x_wconf 91' lang='lat' dir='ltr'><strong>et</strong></span> <span class='ocrx_word' id='word_1_79' title='bbox 1591 1132 1686 1187; x_wconf 81' lang='lat' dir='ltr'><strong>ha-</strong></span> 
     </span>
    </p>
   </div>
   <div class='ocr_carea' id='block_1_12' title="bbox 84 1218 1684 1294">
    <p class='ocr_par' dir='ltr' id='par_1_12' title="bbox 84 1218 1684 1294">
     <span class='ocr_line' id='line_1_12' title="bbox 84 1218 1684 1294; baseline 0.002 -17"><span class='ocrx_word' id='word_1_80' title='bbox 84 1219 342 1277; x_wconf 86' lang='lat' dir='ltr'><strong>bi:atores</strong></span> <span class='ocrx_word' id='word_1_81' title='bbox 371 1233 582 1288; x_wconf 88' lang='lat' dir='ltr'><strong>earum,</strong></span> <span class='ocrx_word' id='word_1_82' title='bbox 614 1218 700 1274; x_wconf 91' lang='lat' dir='ltr'><strong>vel</strong></span> <span class='ocrx_word' id='word_1_83' title='bbox 733 1218 1110 1275; x_wconf 80' lang='lat' dir='ltr'><strong>diversitatem</strong></span> <span class='ocrx_word' id='word_1_84' title='bbox 1139 1220 1386 1291; x_wconf 89' lang='lat' dir='ltr'><strong>gentium</strong></span> <span class='ocrx_word' id='word_1_85' title='bbox 1415 1221 1684 1294; x_wconf 77' lang='lat' dir='ltr'><strong>intelligo,</strong></span> 
     </span>
    </p>
   </div>
   <div class='ocr_carea' id='block_1_13' title="bbox 85 1311 1685 1388">
    <p class='ocr_par' dir='ltr' id='par_1_13' title="bbox 85 1311 1685 1388">
     <span class='ocr_line' id='line_1_13' title="bbox 85 1311 1685 1388; baseline 0.002 -20"><span class='ocrx_word' id='word_1_86' title='bbox 85 1313 168 1369; x_wconf 89' lang='lat' dir='ltr'><strong>vel</strong></span> <span class='ocrx_word' id='word_1_87' title='bbox 197 1311 561 1370; x_wconf 85' lang='lat' dir='ltr'><strong>Ecclesiarum</strong></span> <span class='ocrx_word' id='word_1_88' title='bbox 611 1312 1036 1368; x_wconf 84' lang='lat' dir='ltr'><strong>multitudinem.</strong></span> <span class='ocrx_word' id='word_1_89' title='bbox 1086 1312 1240 1369; x_wconf 79' lang='lat' dir='ltr'><strong>Levet</strong></span> <span class='ocrx_word' id='word_1_90' title='bbox 1280 1313 1392 1386; x_wconf 83' lang='grc' dir='ltr'><strong>[ΑΙ.</strong></span> <span class='ocrx_word' id='word_1_91' title='bbox 1436 1314 1638 1388; x_wconf 83' lang='lat' dir='ltr'><strong>Elevet]</strong></span> <span class='ocrx_word' id='word_1_92' title='bbox 1668 1357 1685 1383; x_wconf 94' lang='lat'><strong>,</strong></span> 
     </span>
    </p>
   </div>
   <div class='ocr_carea' id='block_1_14' title="bbox 85 1404 1689 1476">
    <p class='ocr_par' dir='ltr' id='par_1_14' title="bbox 85 1404 1689 1476">
     <span class='ocr_line' id='line_1_14' title="bbox 85 1404 1689 1476; baseline 0.001 -14"><span class='ocrx_word' id='word_1_93' title='bbox 85 1406 286 1476; x_wconf 82' lang='lat' dir='ltr'><strong>inquit,</strong></span> <span class='ocrx_word' id='word_1_94' title='bbox 335 1404 595 1460; x_wconf 86' lang='lat' dir='ltr'><strong>desertum</strong></span> <span class='ocrx_word' id='word_1_95' title='bbox 631 1414 683 1460; x_wconf 89' lang='lat' dir='ltr'><strong>et</strong></span> <span class='ocrx_word' id='word_1_96' title='bbox 722 1405 953 1460; x_wconf 80' lang='lat' dir='ltr'><strong>civitates</strong></span> <span class='ocrx_word' id='word_1_97' title='bbox 991 1407 1106 1468; x_wconf 88' lang='lat' dir='ltr'><strong>eius</strong></span> <span class='ocrx_word' id='word_1_98' title='bbox 1158 1419 1350 1460; x_wconf 79' lang='lat' dir='ltr'><strong>vocem</strong></span> <span class='ocrx_word' id='word_1_99' title='bbox 1382 1421 1534 1462; x_wconf 86' lang='lat' dir='ltr'><strong>suam</strong></span> <span class='ocrx_word' id='word_1_100' title='bbox 1557 1447 1572 1470; x_wconf 91' lang='lat'><strong>,</strong></span> <span class='ocrx_word' id='word_1_101' title='bbox 1620 1408 1689 1464; x_wconf 85' lang='lat' dir='ltr'><strong>de</strong></span> 
     </span>
    </p>
   </div>
   <div class='ocr_carea' id='block_1_15' title="bbox 82 1495 1690 1570">
    <p class='ocr_par' dir='ltr' id='par_1_15' title="bbox 82 1495 1690 1570">
     <span class='ocr_line' id='line_1_15' title="bbox 82 1495 1690 1570; baseline 0.003 -21"><span class='ocrx_word' id='word_1_102' title='bbox 82 1512 179 1570; x_wconf 79' lang='lat' dir='ltr'><strong>qua</strong></span> <span class='ocrx_word' id='word_1_103' title='bbox 210 1505 266 1553; x_wconf 86' lang='lat' dir='ltr'><strong>et</strong></span> <span class='ocrx_word' id='word_1_104' title='bbox 295 1510 463 1566; x_wconf 89' lang='lat' dir='ltr'><strong>supra</strong></span> <span class='ocrx_word' id='word_1_105' title='bbox 489 1496 752 1550; x_wconf 72' lang='lat' dir='ltr'><strong>diximus.</strong></span> <span class='ocrx_word' id='word_1_106' title='bbox 783 1495 914 1552; x_wconf 79' lang='lat' dir='ltr'><strong>Sive</strong></span> <span class='ocrx_word' id='word_1_107' title='bbox 942 1496 1160 1550; x_wconf 73' lang='lat' dir='ltr'><strong>Itetetttr</strong></span> <span class='ocrx_word' id='word_1_108' title='bbox 1189 1497 1467 1553; x_wconf 87' lang='lat' dir='ltr'><strong>desertum</strong></span> <span class='ocrx_word' id='word_1_109' title='bbox 1497 1507 1555 1555; x_wconf 87' lang='lat' dir='ltr'><strong>et</strong></span> <span class='ocrx_word' id='word_1_110' title='bbox 1584 1499 1690 1554; x_wconf 92' lang='lat' dir='ltr'><strong>vici</strong></span> 
     </span>
    </p>
   </div>
   <div class='ocr_carea' id='block_1_16' title="bbox 81 1585 1692 1662">
    <p class='ocr_par' dir='ltr' id='par_1_16' title="bbox 81 1585 1692 1662">
     <span class='ocr_line' id='line_1_16' title="bbox 81 1585 1692 1662; baseline 0.001 -17"><span class='ocrx_word' id='word_1_111' title='bbox 81 1588 215 1659; x_wconf 71' lang='lat' dir='ltr'><strong>ejus,</strong></span> <span class='ocrx_word' id='word_1_112' title='bbox 245 1599 298 1644; x_wconf 90' lang='lat' dir='ltr'><strong>et</strong></span> <span class='ocrx_word' id='word_1_113' title='bbox 320 1585 526 1652; x_wconf 88' lang='lat' dir='ltr'><strong>Cedar,</strong></span> <span class='ocrx_word' id='word_1_114' title='bbox 559 1603 680 1660; x_wconf 75' lang='lat' dir='ltr'><strong>qua:</strong></span> <span class='ocrx_word' id='word_1_115' title='bbox 709 1587 983 1659; x_wconf 84' lang='lat' dir='ltr'><strong>quondam</strong></span> <span class='ocrx_word' id='word_1_116' title='bbox 1014 1588 1388 1645; x_wconf 84' lang='lat' dir='ltr'><strong>inhabitabilis</strong></span> <span class='ocrx_word' id='word_1_117' title='bbox 1409 1589 1504 1646; x_wconf 82' lang='lat' dir='ltr'><strong>fuit</strong></span> <span class='ocrx_word' id='word_1_118' title='bbox 1542 1591 1692 1662; x_wconf 83' lang='lat' dir='ltr'><strong>regio</strong></span> 
     </span>
    </p>
   </div>
   <div class='ocr_carea' id='block_1_17' title="bbox 84 1681 1688 1750">
    <p class='ocr_par' dir='ltr' id='par_1_17' title="bbox 84 1681 1688 1750">
     <span class='ocr_line' id='line_1_17' title="bbox 84 1681 1688 1750; baseline 0.001 -13"><span class='ocrx_word' id='word_1_119' title='bbox 84 1690 228 1738; x_wconf 83' lang='lat' dir='ltr'><strong>trans</strong></span> <span class='ocrx_word' id='word_1_120' title='bbox 254 1681 518 1738; x_wconf 82' lang='lat' dir='ltr'><strong>Arabiam</strong></span> <span class='ocrx_word' id='word_1_121' title='bbox 549 1681 975 1738; x_wconf 84' lang='lat' dir='ltr'><strong>Saracenorum.</strong></span> <span class='ocrx_word' id='word_1_122' title='bbox 1021 1683 1086 1737; x_wconf 83' lang='lat' dir='ltr'><strong>Et</strong></span> <span class='ocrx_word' id='word_1_123' title='bbox 1116 1682 1455 1738; x_wconf 84' lang='lat' dir='ltr'><strong>habitatores</strong></span> <span class='ocrx_word' id='word_1_124' title='bbox 1484 1682 1688 1750; x_wconf 75' lang='lat' dir='ltr'><strong>Petrtn,</strong></span> 
     </span>
    </p>
   </div>
   <div class='ocr_carea' id='block_1_18' title="bbox 81 1773 1689 1846">
    <p class='ocr_par' dir='ltr' id='par_1_18' title="bbox 81 1773 1689 1846">
     <span class='ocr_line' id='line_1_18' title="bbox 81 1773 1689 1846; baseline 0.001 -18"><span class='ocrx_word' id='word_1_125' title='bbox 81 1790 195 1846; x_wconf 72' lang='lat' dir='ltr'><strong>quae</strong></span> <span class='ocrx_word' id='word_1_126' title='bbox 217 1784 271 1830; x_wconf 88' lang='lat' dir='ltr'><strong>et</strong></span> <span class='ocrx_word' id='word_1_127' title='bbox 294 1775 410 1844; x_wconf 85' lang='lat' dir='ltr'><strong>ipsa</strong></span> <span class='ocrx_word' id='word_1_128' title='bbox 437 1775 575 1829; x_wconf 87' lang='lat' dir='ltr'><strong>urbs</strong></span> <span class='ocrx_word' id='word_1_129' title='bbox 597 1773 902 1830; x_wconf 62' lang='lat' dir='ltr'><strong>Palaestinae</strong></span> <span class='ocrx_word' id='word_1_130' title='bbox 918 1783 1024 1830; x_wconf 82' lang='lat' dir='ltr'><strong>est.</strong></span> <span class='ocrx_word' id='word_1_131' title='bbox 1053 1773 1166 1829; x_wconf 88' lang='lat' dir='ltr'><strong>lloc</strong></span> <span class='ocrx_word' id='word_1_132' title='bbox 1185 1782 1366 1830; x_wconf 88' lang='lat' dir='ltr'><strong>autem</strong></span> <span class='ocrx_word' id='word_1_133' title='bbox 1396 1773 1689 1843; x_wconf 79' lang='lat' dir='ltr'><strong>signiﬁcat,</strong></span> 
     </span>
    </p>
   </div>
   <div class='ocr_carea' id='block_1_19' title="bbox 1787 575 3387 656">
    <p class='ocr_par' dir='ltr' id='par_1_19' title="bbox 1787 575 3387 656">
     <span class='ocr_line' id='line_1_19' title="bbox 1787 575 3387 656; baseline 0.009 -27"><span class='ocrx_word' id='word_1_134' title='bbox 1787 575 1994 645; x_wconf 87' lang='lat' dir='ltr'><strong>Ievero,</strong></span> <span class='ocrx_word' id='word_1_135' title='bbox 2023 588 2148 634; x_wconf 91' lang='lat' dir='ltr'><strong>tunc</strong></span> <span class='ocrx_word' id='word_1_136' title='bbox 2169 577 2388 634; x_wconf 80' lang='lat' dir='ltr'><strong>ﬂumina</strong></span> <span class='ocrx_word' id='word_1_137' title='bbox 2409 581 2558 636; x_wconf 70' lang='lat' dir='ltr'><strong>doc-tt</strong></span> <span class='ocrx_word' id='word_1_138' title='bbox 2573 584 2674 638; x_wconf 72' lang='lat' dir='ltr'><strong>inae</strong></span> <span class='ocrx_word' id='word_1_139' title='bbox 2695 599 2828 640; x_wconf 77' lang='lat' dir='ltr'><strong>mete</strong></span> <span class='ocrx_word' id='word_1_140' title='bbox 2857 585 2910 639; x_wconf 94' lang='lat' dir='ltr'><strong>in</strong></span> <span class='ocrx_word' id='word_1_141' title='bbox 2937 586 3128 641; x_wconf 90' lang='lat' dir='ltr'><strong>insulis</strong></span> <span class='ocrx_word' id='word_1_142' title='bbox 3144 591 3387 656; x_wconf 68' lang='lat' dir='ltr'><strong>gentium</strong></span> 
     </span>
    </p>
   </div>
   <div class='ocr_carea' id='block_1_20' title="bbox 1785 671 3385 747">
    <p class='ocr_par' dir='ltr' id='par_1_20' title="bbox 1785 671 3385 747">
     <span class='ocr_line' id='line_1_20' title="bbox 1785 671 3385 747; baseline 0.007 -23"><span class='ocrx_word' id='word_1_143' title='bbox 1785 684 2006 727; x_wconf 90' lang='lat' dir='ltr'><strong>currere</strong></span> <span class='ocrx_word' id='word_1_144' title='bbox 2037 671 2230 726; x_wconf 52' lang='lat' dir='ltr'><strong>iaciam</strong></span> <span class='ocrx_word' id='word_1_145' title='bbox 2256 713 2272 736; x_wconf 89' lang='lat'><strong>,</strong></span> <span class='ocrx_word' id='word_1_146' title='bbox 2301 681 2355 728; x_wconf 89' lang='lat' dir='ltr'><strong>et</strong></span> <span class='ocrx_word' id='word_1_147' title='bbox 2386 683 2579 743; x_wconf 78' lang='lat' dir='ltr'><strong>stagna</strong></span> <span class='ocrx_word' id='word_1_148' title='bbox 2623 685 2806 731; x_wconf 86' lang='lat' dir='ltr'><strong>vestra</strong></span> <span class='ocrx_word' id='word_1_149' title='bbox 2856 679 2971 733; x_wconf 87' lang='lat' dir='ltr'><strong>sive</strong></span> <span class='ocrx_word' id='word_1_150' title='bbox 3017 678 3246 747; x_wconf 85' lang='lat' dir='ltr'><strong>paludes</strong></span> <span class='ocrx_word' id='word_1_151' title='bbox 3293 694 3385 735; x_wconf 89' lang='lat' dir='ltr'><strong>re-</strong></span> 
     </span>
    </p>
   </div>
   <div class='ocr_carea' id='block_1_21' title="bbox 1785 763 3392 837">
    <p class='ocr_par' dir='ltr' id='par_1_21' title="bbox 1785 763 3392 837">
     <span class='ocr_line' id='line_1_21' title="bbox 1785 763 3392 837; baseline 0.007 -19"><span class='ocrx_word' id='word_1_152' title='bbox 1785 763 1966 835; x_wconf 89' lang='lat' dir='ltr'><strong>digam</strong></span> <span class='ocrx_word' id='word_1_153' title='bbox 1991 765 2044 820; x_wconf 93' lang='lat' dir='ltr'><strong>in</strong></span> <span class='ocrx_word' id='word_1_154' title='bbox 2067 766 2396 832; x_wconf 88' lang='lat' dir='ltr'><strong>ariditatem,</strong></span> <span class='ocrx_word' id='word_1_155' title='bbox 2420 776 2479 823; x_wconf 92' lang='lat' dir='ltr'><strong>nt</strong></span> <span class='ocrx_word' id='word_1_156' title='bbox 2507 769 2558 823; x_wconf 94' lang='lat' dir='ltr'><strong>in</strong></span> <span class='ocrx_word' id='word_1_157' title='bbox 2583 771 2834 837; x_wconf 85' lang='lat' dir='ltr'><strong>gentibus</strong></span> <span class='ocrx_word' id='word_1_158' title='bbox 2867 773 2940 827; x_wconf 91' lang='lat' dir='ltr'><strong>sit</strong></span> <span class='ocrx_word' id='word_1_159' title='bbox 2966 776 3196 830; x_wconf 88' lang='lat' dir='ltr'><strong>scientia</strong></span> <span class='ocrx_word' id='word_1_160' title='bbox 3242 773 3392 831; x_wconf 83' lang='lat' dir='ltr'><strong>Scri-</strong></span> 
     </span>
    </p>
   </div>
   <div class='ocr_carea' id='block_1_22' title="bbox 1789 858 3392 936">
    <p class='ocr_par' dir='ltr' id='par_1_22' title="bbox 1789 858 3392 936">
     <span class='ocr_line' id='line_1_22' title="bbox 1789 858 3392 936; baseline 0.009 -28"><span class='ocrx_word' id='word_1_161' title='bbox 1789 865 2068 924; x_wconf 86' lang='lat' dir='ltr'><strong>pturarum</strong></span> <span class='ocrx_word' id='word_1_162' title='bbox 2089 897 2106 924; x_wconf 91' lang='lat'><strong>,</strong></span> <span class='ocrx_word' id='word_1_163' title='bbox 2135 868 2187 912; x_wconf 93' lang='lat' dir='ltr'><strong>et</strong></span> <span class='ocrx_word' id='word_1_164' title='bbox 2217 858 2273 913; x_wconf 92' lang='lat' dir='ltr'><strong>in</strong></span> <span class='ocrx_word' id='word_1_165' title='bbox 2300 859 2460 914; x_wconf 86' lang='lat' dir='ltr'><strong>vobis</strong></span> <span class='ocrx_word' id='word_1_166' title='bbox 2487 859 2755 917; x_wconf 73' lang='lat' dir='ltr'><strong>doctrinae</strong></span> <span class='ocrx_word' id='word_1_167' title='bbox 2801 865 3048 921; x_wconf 89' lang='lat' dir='ltr'><strong>ariditas.</strong></span> <span class='ocrx_word' id='word_1_168' title='bbox 3079 865 3392 936; x_wconf 86' lang='lat' dir='ltr'><strong>Ducamque</strong></span> 
     </span>
    </p>
   </div>
   <div class='ocr_carea' id='block_1_23' title="bbox 1786 949 3394 1028">
    <p class='ocr_par' dir='ltr' id='par_1_23' title="bbox 1786 949 3394 1028">
     <span class='ocr_line' id='line_1_23' title="bbox 1786 949 3394 1028; baseline 0.009 -25"><span class='ocrx_word' id='word_1_169' title='bbox 1786 961 1964 1003; x_wconf 60' lang='lat' dir='ltr'><strong>cacus</strong></span> <span class='ocrx_word' id='word_1_170' title='bbox 1995 964 2092 1019; x_wconf 91' lang='lat' dir='ltr'><strong>per</strong></span> <span class='ocrx_word' id='word_1_171' title='bbox 2121 949 2262 1006; x_wconf 88' lang='lat' dir='ltr'><strong>viam</strong></span> <span class='ocrx_word' id='word_1_172' title='bbox 2288 993 2304 1018; x_wconf 91' lang='lat'><strong>,</strong></span> <span class='ocrx_word' id='word_1_173' title='bbox 2345 967 2508 1022; x_wconf 89' lang='lat' dir='ltr'><strong>quam</strong></span> <span class='ocrx_word' id='word_1_174' title='bbox 2540 964 2667 1009; x_wconf 87' lang='lat' dir='ltr'><strong>ante</strong></span> <span class='ocrx_word' id='word_1_175' title='bbox 2698 956 3052 1019; x_wconf 78' lang='lat' dir='ltr'><strong>nesciebant,</strong></span> <span class='ocrx_word' id='word_1_176' title='bbox 3081 958 3150 1014; x_wconf 91' lang='lat' dir='ltr'><strong>de</strong></span> <span class='ocrx_word' id='word_1_177' title='bbox 3195 960 3394 1028; x_wconf 82' lang='lat' dir='ltr'><strong>quibus</strong></span> 
     </span>
    </p>
   </div>
   <div class='ocr_carea' id='block_1_24' title="bbox 1788 1039 3395 1118">
    <p class='ocr_par' dir='ltr' id='par_1_24' title="bbox 1788 1039 3395 1118">
     <span class='ocr_line' id='line_1_24' title="bbox 1788 1039 3395 1118; baseline 0.008 -25"><span class='ocrx_word' id='word_1_178' title='bbox 1788 1047 1844 1094; x_wconf 88' lang='lat' dir='ltr'><strong>et</strong></span> <span class='ocrx_word' id='word_1_179' title='bbox 1871 1053 2037 1106; x_wconf 85' lang='lat' dir='ltr'><strong>supra</strong></span> <span class='ocrx_word' id='word_1_180' title='bbox 2070 1039 2302 1112; x_wconf 78' lang='lat' dir='ltr'><strong>legimus</strong></span> <span class='ocrx_word' id='word_1_181' title='bbox 2335 1059 2349 1096; x_wconf 89' lang='lat'><strong>:</strong></span> <span class='ocrx_word' id='word_1_182' title='bbox 2383 1040 2522 1096; x_wconf 96' lang='lat' dir='ltr'><strong>Dedi</strong></span> <span class='ocrx_word' id='word_1_183' title='bbox 2548 1053 2596 1098; x_wconf 88' lang='lat' dir='ltr'><strong>te</strong></span> <span class='ocrx_word' id='word_1_184' title='bbox 2626 1046 2680 1098; x_wconf 87' lang='lat' dir='ltr'><strong>in</strong></span> <span class='ocrx_word' id='word_1_185' title='bbox 2713 1046 2879 1116; x_wconf 76' lang='lat' dir='ltr'><strong>[tedas</strong></span> <span class='ocrx_word' id='word_1_186' title='bbox 2907 1049 3108 1118; x_wconf 84' lang='lat' dir='ltr'><strong>populi,</strong></span> <span class='ocrx_word' id='word_1_187' title='bbox 3135 1049 3188 1103; x_wconf 94' lang='lat' dir='ltr'><strong>in</strong></span> <span class='ocrx_word' id='word_1_188' title='bbox 3229 1051 3395 1106; x_wconf 82' lang='lat' dir='ltr'><strong>lucem</strong></span> 
     </span>
    </p>
   </div>
   <div class='ocr_carea' id='block_1_25' title="bbox 1787 1133 3420 1205">
    <p class='ocr_par' dir='ltr' id='par_1_25' title="bbox 1787 1133 3420 1205">
     <span class='ocr_line' id='line_1_25' title="bbox 1787 1133 3420 1205; baseline 0.007 -17"><span class='ocrx_word' id='word_1_189' title='bbox 1787 1133 2040 1205; x_wconf 85' lang='lat' dir='ltr'><strong>gentium,</strong></span> <span class='ocrx_word' id='word_1_190' title='bbox 2075 1145 2131 1188; x_wconf 89' lang='lat' dir='ltr'><strong>ut</strong></span> <span class='ocrx_word' id='word_1_191' title='bbox 2177 1134 2407 1203; x_wconf 78' lang='lat' dir='ltr'><strong>aperires</strong></span> <span class='ocrx_word' id='word_1_192' title='bbox 2463 1135 2641 1191; x_wconf 87' lang='lat' dir='ltr'><strong>oculos</strong></span> <span class='ocrx_word' id='word_1_193' title='bbox 2685 1153 2957 1193; x_wconf 60' lang='lat' dir='ltr'><strong>caecorum.</strong></span> <span class='ocrx_word' id='word_1_194' title='bbox 3008 1138 3071 1194; x_wconf 81' lang='lat' dir='ltr'><strong>Ili</strong></span> <span class='ocrx_word' id='word_1_195' title='bbox 3121 1141 3420 1200; x_wconf 79' lang='lat' dir='ltr'><strong>ducentur&quot;</strong></span> 
     </span>
    </p>
   </div>
   <div class='ocr_carea' id='block_1_26' title="bbox 1789 1226 3389 1306">
    <p class='ocr_par' dir='ltr' id='par_1_26' title="bbox 1789 1226 3389 1306">
     <span class='ocr_line' id='line_1_26' title="bbox 1789 1226 3389 1306; baseline 0.007 -26"><span class='ocrx_word' id='word_1_196' title='bbox 1789 1239 1889 1296; x_wconf 89' lang='lat' dir='ltr'><strong>per</strong></span> <span class='ocrx_word' id='word_1_197' title='bbox 1901 1226 2151 1293; x_wconf 87' lang='lat' dir='ltr'><strong>viam,de</strong></span> <span class='ocrx_word' id='word_1_198' title='bbox 2175 1241 2282 1298; x_wconf 89' lang='lat' dir='ltr'><strong>qua</strong></span> <span class='ocrx_word' id='word_1_199' title='bbox 2303 1227 2554 1285; x_wconf 90' lang='lat' dir='ltr'><strong>Christus</strong></span> <span class='ocrx_word' id='word_1_200' title='bbox 2577 1230 2819 1300; x_wconf 88' lang='lat' dir='ltr'><strong>loquitur</strong></span> <span class='ocrx_word' id='word_1_201' title='bbox 2835 1275 2847 1285; x_wconf 91' lang='lat'><strong>.</strong></span> <span class='ocrx_word' id='word_1_202' title='bbox 2869 1230 2984 1306; x_wconf 87' lang='lat' dir='ltr'><strong>Ego</strong></span> <span class='ocrx_word' id='word_1_203' title='bbox 3010 1249 3125 1287; x_wconf 88' lang='lat' dir='ltr'><strong>sum</strong></span> <span class='ocrx_word' id='word_1_204' title='bbox 3145 1234 3250 1300; x_wconf 83' lang='lat' dir='ltr'><strong>via,</strong></span> <span class='ocrx_word' id='word_1_205' title='bbox 3270 1236 3389 1292; x_wconf 86' lang='lat' dir='ltr'><strong>sive</strong></span> 
     </span>
    </p>
   </div>
   <div class='ocr_carea' id='block_1_27' title="bbox 1791 1318 3391 1395">
    <p class='ocr_par' dir='ltr' id='par_1_27' title="bbox 1791 1318 3391 1395">
     <span class='ocr_line' id='line_1_27' title="bbox 1791 1318 3391 1395; baseline 0.006 -23"><span class='ocrx_word' id='word_1_206' title='bbox 1791 1319 1872 1373; x_wconf 87' lang='lat' dir='ltr'><strong>via</strong></span> <span class='ocrx_word' id='word_1_207' title='bbox 1889 1318 2052 1392; x_wconf 79' lang='lat'><strong>513</strong></span> <span class='ocrx_word' id='word_1_208' title='bbox 2065 1321 2306 1376; x_wconf 77' lang='lat' dir='ltr'><strong>scientizv</strong></span> <span class='ocrx_word' id='word_1_209' title='bbox 2322 1321 2441 1388; x_wconf 82' lang='lat' dir='ltr'><strong>Dei,</strong></span> <span class='ocrx_word' id='word_1_210' title='bbox 2459 1331 2516 1377; x_wconf 89' lang='lat' dir='ltr'><strong>et</strong></span> <span class='ocrx_word' id='word_1_211' title='bbox 2541 1338 2634 1389; x_wconf 85' lang='lat' dir='ltr'><strong>per</strong></span> <span class='ocrx_word' id='word_1_212' title='bbox 2652 1324 2881 1380; x_wconf 89' lang='lat' dir='ltr'><strong>semitas</strong></span> <span class='ocrx_word' id='word_1_213' title='bbox 2906 1325 3254 1395; x_wconf 78' lang='lat' dir='ltr'><strong>prophetales</strong></span> <span class='ocrx_word' id='word_1_214' title='bbox 3273 1341 3391 1382; x_wconf 84' lang='lat' dir='ltr'><strong>am-</strong></span> 
     </span>
    </p>
   </div>
   <div class='ocr_carea' id='block_1_28' title="bbox 1793 1412 3394 1476">
    <p class='ocr_par' dir='ltr' id='par_1_28' title="bbox 1793 1412 3394 1476">
     <span class='ocr_line' id='line_1_28' title="bbox 1793 1412 3394 1476; baseline 0.006 -9"><span class='ocrx_word' id='word_1_215' title='bbox 1793 1412 1982 1468; x_wconf 88' lang='lat' dir='ltr'><strong>bulare</strong></span> <span class='ocrx_word' id='word_1_216' title='bbox 2003 1429 2099 1469; x_wconf 84' lang='lat' dir='ltr'><strong>eos</strong></span> <span class='ocrx_word' id='word_1_217' title='bbox 2129 1415 2344 1468; x_wconf 81' lang='lat' dir='ltr'><strong>faciam.</strong></span> <span class='ocrx_word' id='word_1_218' title='bbox 2369 1413 2524 1471; x_wconf 84' lang='lat' dir='ltr'><strong>Tunc</strong></span> <span class='ocrx_word' id='word_1_219' title='bbox 2549 1417 2788 1472; x_wconf 75' lang='lat' dir='ltr'><strong>tenebrze</strong></span> <span class='ocrx_word' id='word_1_220' title='bbox 2816 1431 3005 1473; x_wconf 87' lang='lat' dir='ltr'><strong>eorum</strong></span> <span class='ocrx_word' id='word_1_221' title='bbox 3038 1418 3394 1476; x_wconf 88' lang='lat' dir='ltr'><strong>mutabuntur</strong></span> 
     </span>
    </p>
   </div>
   <div class='ocr_carea' id='block_1_29' title="bbox 1796 1504 3395 1582">
    <p class='ocr_par' dir='ltr' id='par_1_29' title="bbox 1796 1504 3395 1582">
     <span class='ocr_line' id='line_1_29' title="bbox 1796 1504 3395 1582; baseline 0.008 -24"><span class='ocrx_word' id='word_1_222' title='bbox 1796 1504 1850 1558; x_wconf 92' lang='lat' dir='ltr'><strong>in</strong></span> <span class='ocrx_word' id='word_1_223' title='bbox 1891 1505 2094 1568; x_wconf 87' lang='lat' dir='ltr'><strong>lucem.</strong></span> <span class='ocrx_word' id='word_1_224' title='bbox 2121 1517 2174 1562; x_wconf 89' lang='lat' dir='ltr'><strong>et</strong></span> <span class='ocrx_word' id='word_1_225' title='bbox 2201 1521 2362 1576; x_wconf 89' lang='lat' dir='ltr'><strong>prava</strong></span> <span class='ocrx_word' id='word_1_226' title='bbox 2386 1517 2674 1563; x_wconf 82' lang='lat' dir='ltr'><strong>vertentur</strong></span> <span class='ocrx_word' id='word_1_227' title='bbox 2702 1510 2754 1564; x_wconf 93' lang='lat' dir='ltr'><strong>in</strong></span> <span class='ocrx_word' id='word_1_228' title='bbox 2787 1519 2958 1578; x_wconf 86' lang='lat' dir='ltr'><strong>recta,</strong></span> <span class='ocrx_word' id='word_1_229' title='bbox 2987 1521 3045 1565; x_wconf 93' lang='lat' dir='ltr'><strong>ut</strong></span> <span class='ocrx_word' id='word_1_230' title='bbox 3086 1512 3395 1582; x_wconf 82' lang='lat' dir='ltr'><strong>intelligant</strong></span> 
     </span>
    </p>
   </div>
   <div class='ocr_carea' id='block_1_30' title="bbox 1795 1595 3396 1666">
    <p class='ocr_par' dir='ltr' id='par_1_30' title="bbox 1795 1595 3396 1666">
     <span class='ocr_line' id='line_1_30' title="bbox 1795 1595 3396 1666; baseline 0.005 -17"><span class='ocrx_word' id='word_1_231' title='bbox 1795 1610 1916 1664; x_wconf 63' lang='lat' dir='ltr'><strong>quae</strong></span> <span class='ocrx_word' id='word_1_232' title='bbox 1945 1595 2154 1666; x_wconf 89' lang='lat' dir='ltr'><strong>legunt,</strong></span> <span class='ocrx_word' id='word_1_233' title='bbox 2202 1605 2258 1650; x_wconf 91' lang='lat' dir='ltr'><strong>et</strong></span> <span class='ocrx_word' id='word_1_234' title='bbox 2281 1597 2462 1654; x_wconf 87' lang='lat' dir='ltr'><strong>cordis</strong></span> <span class='ocrx_word' id='word_1_235' title='bbox 2484 1599 2656 1654; x_wconf 85' lang='lat' dir='ltr'><strong>oculis</strong></span> <span class='ocrx_word' id='word_1_236' title='bbox 2685 1600 2894 1656; x_wconf 87' lang='lat' dir='ltr'><strong>clarum</strong></span> <span class='ocrx_word' id='word_1_237' title='bbox 2923 1601 2974 1654; x_wconf 92' lang='lat' dir='ltr'><strong>in</strong></span> <span class='ocrx_word' id='word_1_238' title='bbox 3005 1601 3180 1657; x_wconf 88' lang='lat' dir='ltr'><strong>veteri</strong></span> <span class='ocrx_word' id='word_1_239' title='bbox 3201 1601 3396 1658; x_wconf 81' lang='lat' dir='ltr'><strong>Testa-</strong></span> 
     </span>
    </p>
   </div>
   <div class='ocr_carea' id='block_1_31' title="bbox 1797 1685 3392 1763">
    <p class='ocr_par' dir='ltr' id='par_1_31' title="bbox 1797 1685 3392 1763">
     <span class='ocr_line' id='line_1_31' title="bbox 1797 1685 3392 1763; baseline 0.005 -21"><span class='ocrx_word' id='word_1_240' title='bbox 1797 1696 1986 1743; x_wconf 90' lang='lat' dir='ltr'><strong>mento</strong></span> <span class='ocrx_word' id='word_1_241' title='bbox 2027 1685 2228 1743; x_wconf 87' lang='lat' dir='ltr'><strong>Christi</strong></span> <span class='ocrx_word' id='word_1_242' title='bbox 2282 1690 2466 1746; x_wconf 91' lang='lat' dir='ltr'><strong>lumen</strong></span> <span class='ocrx_word' id='word_1_243' title='bbox 2519 1693 2806 1763; x_wconf 79' lang='lat' dir='ltr'><strong>aspiciant.</strong></span> <span class='ocrx_word' id='word_1_244' title='bbox 2857 1694 3141 1762; x_wconf 84' lang='lat' dir='ltr'><strong>Simulque</strong></span> <span class='ocrx_word' id='word_1_245' title='bbox 3189 1695 3392 1752; x_wconf 75' lang='lat' dir='ltr'><strong>inicit:</strong></span> 
     </span>
    </p>
   </div>
   <div class='ocr_carea' id='block_1_32' title="bbox 1803 1779 3399 1856">
    <p class='ocr_par' dir='ltr' id='par_1_32' title="bbox 1803 1779 3399 1856">
     <span class='ocr_line' id='line_1_32' title="bbox 1803 1779 3399 1856; baseline 0.006 -22"><span class='ocrx_word' id='word_1_246' title='bbox 1803 1779 1929 1836; x_wconf 74' lang='lat' dir='ltr'><strong>Hice</strong></span> <span class='ocrx_word' id='word_1_247' title='bbox 1955 1787 2109 1836; x_wconf 84' lang='lat' dir='ltr'><strong>verba</strong></span> <span class='ocrx_word' id='word_1_248' title='bbox 2134 1797 2250 1854; x_wconf 72' lang='lat' dir='ltr'><strong>quis</strong></span> <span class='ocrx_word' id='word_1_249' title='bbox 2271 1783 2390 1850; x_wconf 78' lang='lat' dir='ltr'><strong>feci,</strong></span> <span class='ocrx_word' id='word_1_250' title='bbox 2424 1784 2544 1838; x_wconf 88' lang='lat' dir='ltr'><strong>sive</strong></span> <span class='ocrx_word' id='word_1_251' title='bbox 2576 1786 2767 1852; x_wconf 74' lang='lat' dir='ltr'><strong>faciam</strong></span> <span class='ocrx_word' id='word_1_252' title='bbox 2795 1786 2890 1850; x_wconf 86' lang='lat' dir='ltr'><strong>eis,</strong></span> <span class='ocrx_word' id='word_1_253' title='bbox 2937 1801 3277 1856; x_wconf 85' lang='lat' dir='ltr'><strong>nequaquam</strong></span> <span class='ocrx_word' id='word_1_254' title='bbox 3315 1787 3399 1843; x_wconf 85' lang='lat' dir='ltr'><strong>ul-</strong></span> 
     </span>
    </p>
   </div>
   <div class='ocr_carea' id='block_1_33' title="bbox 81 1864 3398 1950">
    <p class='ocr_par' dir='ltr' id='par_1_33' title="bbox 81 1864 3398 1950">
     <span class='ocr_line' id='line_1_33' title="bbox 81 1864 3398 1950; baseline 0.006 -35"><span class='ocrx_word' id='word_1_255' title='bbox 81 1865 218 1938; x_wconf 84' lang='lat' dir='ltr'><strong>quod</strong></span> <span class='ocrx_word' id='word_1_256' title='bbox 248 1867 503 1936; x_wconf 82' lang='lat' dir='ltr'><strong>gentium</strong></span> <span class='ocrx_word' id='word_1_257' title='bbox 539 1867 772 1934; x_wconf 85' lang='lat' dir='ltr'><strong>p0pu|us</strong></span> <span class='ocrx_word' id='word_1_258' title='bbox 807 1864 1062 1921; x_wconf 84' lang='lat' dir='ltr'><strong>desertus</strong></span> <span class='ocrx_word' id='word_1_259' title='bbox 1093 1865 1244 1936; x_wconf 87' lang='lat' dir='ltr'><strong>prius</strong></span> <span class='ocrx_word' id='word_1_260' title='bbox 1267 1867 1457 1921; x_wconf 89' lang='lat' dir='ltr'><strong>notitia</strong></span> <span class='ocrx_word' id='word_1_261' title='bbox 1487 1866 1603 1933; x_wconf 89' lang='lat' dir='ltr'><strong>Dei,</strong></span> <span class='ocrx_word' id='word_1_262' title='bbox 1635 1877 1692 1922; x_wconf 88' lang='lat' dir='ltr'><strong>et</strong></span> <span class='ocrx_word' id='word_1_263' title='bbox 1723 1873 1768 1934; x_wconf 81' lang='lat' dir='ltr'><strong>B</strong></span> <span class='ocrx_word' id='word_1_264' title='bbox 1797 1883 1879 1930; x_wconf 72' lang='lat' dir='ltr'><strong>ira</strong></span> <span class='ocrx_word' id='word_1_265' title='bbox 1921 1875 2100 1931; x_wconf 83' lang='lat' dir='ltr'><strong>futura</strong></span> <span class='ocrx_word' id='word_1_266' title='bbox 2125 1878 2482 1946; x_wconf 82' lang='lat' dir='ltr'><strong>promittens;</strong></span> <span class='ocrx_word' id='word_1_267' title='bbox 2525 1878 2621 1934; x_wconf 76' lang='lat' dir='ltr'><strong>sed</strong></span> <span class='ocrx_word' id='word_1_268' title='bbox 2667 1895 2790 1947; x_wconf 72' lang='lat' dir='ltr'><strong>qua:</strong></span> <span class='ocrx_word' id='word_1_269' title='bbox 2837 1889 2962 1936; x_wconf 87' lang='lat' dir='ltr'><strong>ante</strong></span> <span class='ocrx_word' id='word_1_270' title='bbox 3015 1883 3398 1950; x_wconf 85' lang='lat' dir='ltr'><strong>promiseram,</strong></span> 
     </span>
    </p>
   </div>
   <div class='ocr_carea' id='block_1_34' title="bbox 87 1957 1692 2029">
    <p class='ocr_par' dir='ltr' id='par_1_34' title="bbox 87 1957 1692 2029">
     <span class='ocr_line' id='line_1_34' title="bbox 87 1957 1692 2029; baseline -0.001 -14"><span class='ocrx_word' id='word_1_271' title='bbox 87 1959 407 2016; x_wconf 71' lang='lat' dir='ltr'><strong>idololatria:</strong></span> <span class='ocrx_word' id='word_1_272' title='bbox 462 1957 754 2015; x_wconf 84' lang='lat' dir='ltr'><strong>erroribus</strong></span> <span class='ocrx_word' id='word_1_273' title='bbox 801 1957 1100 2029; x_wconf 85' lang='lat' dir='ltr'><strong>oh&#39;igatus,</strong></span> <span class='ocrx_word' id='word_1_274' title='bbox 1136 1959 1204 2012; x_wconf 89' lang='lat' dir='ltr'><strong>ad</strong></span> <span class='ocrx_word' id='word_1_275' title='bbox 1256 1959 1444 2014; x_wconf 84' lang='lat' dir='ltr'><strong>laudes</strong></span> <span class='ocrx_word' id='word_1_276' title='bbox 1476 1957 1692 2013; x_wconf 86' lang='lat' dir='ltr'><strong>Domini</strong></span> 
     </span>
    </p>
   </div>
   <div class='ocr_carea' id='block_1_35' title="bbox 83 2049 1688 2122">
    <p class='ocr_par' dir='ltr' id='par_1_35' title="bbox 83 2049 1688 2122">
     <span class='ocr_line' id='line_1_35' title="bbox 83 2049 1688 2122; baseline -0.002 -12"><span class='ocrx_word' id='word_1_277' title='bbox 83 2062 449 2110; x_wconf 82' lang='lat' dir='ltr'><strong>convertatur.</strong></span> <span class='ocrx_word' id='word_1_278' title='bbox 485 2051 618 2109; x_wconf 84' lang='lat' dir='ltr'><strong>Sive</strong></span> <span class='ocrx_word' id='word_1_279' title='bbox 647 2051 770 2119; x_wconf 83' lang='lat' dir='ltr'><strong>quia</strong></span> <span class='ocrx_word' id='word_1_280' title='bbox 804 2049 972 2106; x_wconf 88' lang='lat' dir='ltr'><strong>Cedar</strong></span> <span class='ocrx_word' id='word_1_281' title='bbox 999 2052 1400 2122; x_wconf 87' lang='lat' dir='ltr'><strong>interpretatur</strong></span> <span class='ocrx_word' id='word_1_282' title='bbox 1429 2051 1651 2106; x_wconf 82' lang='lat' dir='ltr'><strong>tenebrte</strong></span> <span class='ocrx_word' id='word_1_283' title='bbox 1672 2092 1688 2116; x_wconf 90' lang='lat'><strong>,</strong></span> 
     </span>
    </p>
   </div>
   <div class='ocr_carea' id='block_1_36' title="bbox 85 2143 1692 2216">
    <p class='ocr_par' dir='ltr' id='par_1_36' title="bbox 85 2143 1692 2216">
     <span class='ocr_line' id='line_1_36' title="bbox 85 2143 1692 2216; baseline -0.001 -14"><span class='ocrx_word' id='word_1_284' title='bbox 85 2155 136 2202; x_wconf 87' lang='lat' dir='ltr'><strong>et</strong></span> <span class='ocrx_word' id='word_1_285' title='bbox 158 2144 310 2215; x_wconf 80' lang='lat' dir='ltr'><strong>juxta</strong></span> <span class='ocrx_word' id='word_1_286' title='bbox 345 2145 680 2216; x_wconf 78' lang='lat' dir='ltr'><strong>Apostolum</strong></span> <span class='ocrx_word' id='word_1_287' title='bbox 728 2143 773 2215; x_wconf 87' lang='grc' dir='ltr'><strong>(Ι</strong></span> <span class='ocrx_word' id='word_1_288' title='bbox 799 2143 920 2198; x_wconf 87' lang='lat' dir='ltr'><strong>Cor.</strong></span> <span class='ocrx_word' id='word_1_289' title='bbox 954 2143 1011 2215; x_wconf 70' lang='grc' dir='ltr'><strong>ι)</strong></span> <span class='ocrx_word' id='word_1_290' title='bbox 1056 2155 1208 2215; x_wconf 87' lang='lat' dir='ltr'><strong>petra</strong></span> <span class='ocrx_word' id='word_1_291' title='bbox 1239 2143 1516 2210; x_wconf 86' lang='lat' dir='ltr'><strong>Christus,</strong></span> <span class='ocrx_word' id='word_1_292' title='bbox 1552 2159 1692 2216; x_wconf 73' lang='lat' dir='ltr'><strong>prie-</strong></span> 
     </span>
    </p>
   </div>
   <div class='ocr_carea' id='block_1_37' title="bbox 86 2239 1693 2312">
    <p class='ocr_par' dir='ltr' id='par_1_37' title="bbox 86 2239 1693 2312">
     <span class='ocr_line' id='line_1_37' title="bbox 86 2239 1693 2312; baseline -0.001 -16"><span class='ocrx_word' id='word_1_293' title='bbox 86 2241 278 2312; x_wconf 90' lang='lat' dir='ltr'><strong>cipitur</strong></span> <span class='ocrx_word' id='word_1_294' title='bbox 302 2239 535 2296; x_wconf 87' lang='lat' dir='ltr'><strong>cunctis</strong></span> <span class='ocrx_word' id='word_1_295' title='bbox 560 2239 945 2304; x_wconf 87' lang='lat' dir='ltr'><strong>credentibus,</strong></span> <span class='ocrx_word' id='word_1_296' title='bbox 982 2239 1157 2308; x_wconf 88' lang='lat' dir='ltr'><strong>utqui</strong></span> <span class='ocrx_word' id='word_1_297' title='bbox 1182 2247 1311 2294; x_wconf 88' lang='lat' dir='ltr'><strong>ante</strong></span> <span class='ocrx_word' id='word_1_298' title='bbox 1339 2249 1496 2294; x_wconf 82' lang='lat' dir='ltr'><strong>erant</strong></span> <span class='ocrx_word' id='word_1_299' title='bbox 1523 2240 1576 2294; x_wconf 92' lang='lat' dir='ltr'><strong>in</strong></span> <span class='ocrx_word' id='word_1_300' title='bbox 1610 2249 1693 2295; x_wconf 80' lang='lat' dir='ltr'><strong>te-</strong></span> 
     </span>
    </p>
   </div>
   <div class='ocr_carea' id='block_1_38' title="bbox 87 2329 1697 2398">
    <p class='ocr_par' dir='ltr' id='par_1_38' title="bbox 87 2329 1697 2398">
     <span class='ocr_line' id='line_1_38' title="bbox 87 2329 1697 2398; baseline -0.001 -11"><span class='ocrx_word' id='word_1_301' title='bbox 87 2331 281 2398; x_wconf 89' lang='lat' dir='ltr'><strong>nebrts,</strong></span> <span class='ocrx_word' id='word_1_302' title='bbox 311 2339 369 2386; x_wconf 82' lang='lat' dir='ltr'><strong>et.</strong></span> <span class='ocrx_word' id='word_1_303' title='bbox 393 2345 551 2386; x_wconf 91' lang='lat' dir='ltr'><strong>nunc</strong></span> <span class='ocrx_word' id='word_1_304' title='bbox 571 2329 806 2385; x_wconf 86' lang='lat' dir='ltr'><strong>credunt</strong></span> <span class='ocrx_word' id='word_1_305' title='bbox 832 2329 885 2383; x_wconf 93' lang='lat' dir='ltr'><strong>in</strong></span> <span class='ocrx_word' id='word_1_306' title='bbox 912 2329 1200 2384; x_wconf 88' lang='lat' dir='ltr'><strong>Dominum</strong></span> <span class='ocrx_word' id='word_1_307' title='bbox 1224 2329 1570 2386; x_wconf 81' lang='lat' dir='ltr'><strong>Salvatorem</strong></span> <span class='ocrx_word' id='word_1_308' title='bbox 1586 2371 1602 2394; x_wconf 83' lang='lat'><strong>,</strong></span> <span class='ocrx_word' id='word_1_309' title='bbox 1626 2331 1697 2386; x_wconf 89' lang='lat' dir='ltr'><strong>de</strong></span> 
     </span>
    </p>
   </div>
   <div class='ocr_carea' id='block_1_39' title="bbox 87 2425 1697 2494">
    <p class='ocr_par' dir='ltr' id='par_1_39' title="bbox 87 2425 1697 2494">
     <span class='ocr_line' id='line_1_39' title="bbox 87 2425 1697 2494; baseline 0.001 -14"><span class='ocrx_word' id='word_1_310' title='bbox 87 2425 278 2482; x_wconf 89' lang='lat' dir='ltr'><strong>vertice</strong></span> <span class='ocrx_word' id='word_1_311' title='bbox 327 2425 608 2482; x_wconf 81' lang='lat' dir='ltr'><strong>mcutinm</strong></span> <span class='ocrx_word' id='word_1_312' title='bbox 661 2425 984 2491; x_wconf 84' lang='lat' dir='ltr'><strong>clamitent,</strong></span> <span class='ocrx_word' id='word_1_313' title='bbox 1044 2433 1100 2480; x_wconf 90' lang='lat' dir='ltr'><strong>et</strong></span> <span class='ocrx_word' id='word_1_314' title='bbox 1155 2433 1347 2494; x_wconf 88' lang='lat' dir='ltr'><strong>aperte</strong></span> <span class='ocrx_word' id='word_1_315' title='bbox 1399 2426 1697 2494; x_wconf 78' lang='lat' dir='ltr'><strong>pra-dicent</strong></span> 
     </span>
    </p>
   </div>
   <div class='ocr_carea' id='block_1_40' title="bbox 87 2515 1696 2591">
    <p class='ocr_par' dir='ltr' id='par_1_40' title="bbox 87 2515 1696 2591">
     <span class='ocr_line' id='line_1_40' title="bbox 87 2515 1696 2591; baseline 0.001 -18"><span class='ocrx_word' id='word_1_316' title='bbox 87 2517 356 2574; x_wconf 87' lang='lat' dir='ltr'><strong>Christum</strong></span> <span class='ocrx_word' id='word_1_317' title='bbox 375 2560 391 2582; x_wconf 87' lang='lat'><strong>,</strong></span> <span class='ocrx_word' id='word_1_318' title='bbox 415 2517 589 2591; x_wconf 69' lang='lat'><strong>512</strong></span> <span class='ocrx_word' id='word_1_319' title='bbox 620 2515 818 2584; x_wconf 78' lang='lat' dir='ltr'><strong>quibus</strong></span> <span class='ocrx_word' id='word_1_320' title='bbox 839 2525 896 2572; x_wconf 89' lang='lat' dir='ltr'><strong>et</strong></span> <span class='ocrx_word' id='word_1_321' title='bbox 922 2531 1085 2586; x_wconf 87' lang='lat' dir='ltr'><strong>supra</strong></span> <span class='ocrx_word' id='word_1_322' title='bbox 1120 2517 1227 2588; x_wconf 82' lang='lat' dir='ltr'><strong>(Ad</strong></span> <span class='ocrx_word' id='word_1_323' title='bbox 1247 2535 1366 2591; x_wconf 86' lang='lat' dir='ltr'><strong>cap.</strong></span> <span class='ocrx_word' id='word_1_324' title='bbox 1397 2517 1554 2589; x_wconf 74' lang='lat' dir='ltr'><strong>n,9)</strong></span> <span class='ocrx_word' id='word_1_325' title='bbox 1580 2519 1696 2575; x_wconf 88' lang='lat' dir='ltr'><strong>dic-</strong></span> 
     </span>
    </p>
   </div>
   <div class='ocr_carea' id='block_1_41' title="bbox 94 2613 1697 2688">
    <p class='ocr_par' dir='ltr' id='par_1_41' title="bbox 94 2613 1697 2688">
     <span class='ocr_line' id='line_1_41' title="bbox 94 2613 1697 2688; baseline 0.002 -20"><span class='ocrx_word' id='word_1_326' title='bbox 94 2623 196 2670; x_wconf 91' lang='lat' dir='ltr'><strong>tum</strong></span> <span class='ocrx_word' id='word_1_327' title='bbox 217 2623 340 2672; x_wconf 89' lang='lat' dir='ltr'><strong>est:</strong></span> <span class='ocrx_word' id='word_1_328' title='bbox 368 2613 438 2670; x_wconf 89' lang='lat' dir='ltr'><strong>In</strong></span> <span class='ocrx_word' id='word_1_329' title='bbox 467 2623 701 2669; x_wconf 78' lang='lat' dir='ltr'><strong>montem</strong></span> <span class='ocrx_word' id='word_1_330' title='bbox 717 2613 977 2670; x_wconf 69' lang='lat' dir='ltr'><strong>eacelsum</strong></span> <span class='ocrx_word' id='word_1_331' title='bbox 999 2615 1240 2676; x_wconf 79' lang='lat' dir='ltr'><strong>ascende.</strong></span> <span class='ocrx_word' id='word_1_332' title='bbox 1261 2618 1348 2688; x_wconf 92' lang='lat' dir='ltr'><strong>qui</strong></span> <span class='ocrx_word' id='word_1_333' title='bbox 1376 2616 1697 2688; x_wconf 78' lang='lat' dir='ltr'><strong>evangelisas</strong></span> 
     </span>
    </p>
   </div>
   <div class='ocr_carea' id='block_1_42' title="bbox 94 2705 1697 2784">
    <p class='ocr_par' dir='ltr' id='par_1_42' title="bbox 94 2705 1697 2784">
     <span class='ocr_line' id='line_1_42' title="bbox 94 2705 1697 2784; baseline 0.002 -22"><span class='ocrx_word' id='word_1_334' title='bbox 94 2705 231 2762; x_wconf 84' lang='lat' dir='ltr'><strong>Sion.</strong></span> <span class='ocrx_word' id='word_1_335' title='bbox 275 2706 440 2763; x_wconf 78' lang='lat' dir='ltr'><strong>Elera</strong></span> <span class='ocrx_word' id='word_1_336' title='bbox 474 2707 535 2761; x_wconf 90' lang='lat' dir='ltr'><strong>in</strong></span> <span class='ocrx_word' id='word_1_337' title='bbox 566 2707 877 2778; x_wconf 76' lang='lat' dir='ltr'><strong>fortitudine</strong></span> <span class='ocrx_word' id='word_1_338' title='bbox 908 2722 1084 2762; x_wconf 80' lang='lat' dir='ltr'><strong>vocem</strong></span> <span class='ocrx_word' id='word_1_339' title='bbox 1118 2718 1261 2762; x_wconf 89' lang='lat' dir='ltr'><strong>tuam</strong></span> <span class='ocrx_word' id='word_1_340' title='bbox 1283 2749 1301 2774; x_wconf 91' lang='lat'><strong>,</strong></span> <span class='ocrx_word' id='word_1_341' title='bbox 1341 2711 1434 2779; x_wconf 86' lang='lat' dir='ltr'><strong>qui</strong></span> <span class='ocrx_word' id='word_1_342' title='bbox 1477 2724 1697 2784; x_wconf 78' lang='lat' dir='ltr'><strong>evange-</strong></span> 
     </span>
    </p>
   </div>
   <div class='ocr_carea' id='block_1_43' title="bbox 91 2796 1694 2870">
    <p class='ocr_par' dir='ltr' id='par_1_43' title="bbox 91 2796 1694 2870">
     <span class='ocr_line' id='line_1_43' title="bbox 91 2796 1694 2870; baseline 0.002 -17"><span class='ocrx_word' id='word_1_343' title='bbox 91 2798 211 2854; x_wconf 87' lang='lat' dir='ltr'><strong>lisas</strong></span> <span class='ocrx_word' id='word_1_344' title='bbox 234 2796 561 2854; x_wconf 78' lang='lat' dir='ltr'><strong>Jerusalem.</strong></span> <span class='ocrx_word' id='word_1_345' title='bbox 611 2797 678 2854; x_wconf 84' lang='lat' dir='ltr'><strong>Et</strong></span> <span class='ocrx_word' id='word_1_346' title='bbox 710 2814 910 2869; x_wconf 85' lang='lat' dir='ltr'><strong>ponam</strong></span> <span class='ocrx_word' id='word_1_347' title='bbox 939 2797 1168 2869; x_wconf 75' lang='lat' dir='ltr'><strong>gloriam</strong></span> <span class='ocrx_word' id='word_1_348' title='bbox 1199 2799 1318 2869; x_wconf 86' lang='lat' dir='ltr'><strong>ejus</strong></span> <span class='ocrx_word' id='word_1_349' title='bbox 1364 2802 1418 2855; x_wconf 91' lang='lat' dir='ltr'><strong>in</strong></span> <span class='ocrx_word' id='word_1_350' title='bbox 1463 2800 1657 2856; x_wconf 83' lang='lat' dir='ltr'><strong>insulis</strong></span> <span class='ocrx_word' id='word_1_351' title='bbox 1678 2843 1694 2870; x_wconf 90' lang='lat'><strong>,</strong></span> 
     </span>
    </p>
   </div>
   <div class='ocr_carea' id='block_1_44' title="bbox 91 2887 1698 2961">
    <p class='ocr_par' dir='ltr' id='par_1_44' title="bbox 91 2887 1698 2961">
     <span class='ocr_line' id='line_1_44' title="bbox 91 2887 1698 2961; baseline 0.001 -17"><span class='ocrx_word' id='word_1_352' title='bbox 91 2887 152 2944; x_wconf 87' lang='lat' dir='ltr'><strong>de</strong></span> <span class='ocrx_word' id='word_1_353' title='bbox 172 2890 370 2961; x_wconf 77' lang='lat' dir='ltr'><strong>quibus</strong></span> <span class='ocrx_word' id='word_1_354' title='bbox 396 2889 554 2961; x_wconf 86' lang='lat' dir='ltr'><strong>prius</strong></span> <span class='ocrx_word' id='word_1_355' title='bbox 573 2889 837 2944; x_wconf 82' lang='lat' dir='ltr'><strong>diximus.</strong></span> <span class='ocrx_word' id='word_1_356' title='bbox 865 2888 1244 2959; x_wconf 84' lang='lat' dir='ltr'><strong>Dcscribitque</strong></span> <span class='ocrx_word' id='word_1_357' title='bbox 1259 2903 1446 2944; x_wconf 85' lang='lat' dir='ltr'><strong>sermo</strong></span> <span class='ocrx_word' id='word_1_358' title='bbox 1464 2889 1698 2957; x_wconf 79' lang='lat' dir='ltr'><strong>prophe-</strong></span> 
     </span>
    </p>
   </div>
   <div class='ocr_carea' id='block_1_45' title="bbox 93 2981 1700 3055">
    <p class='ocr_par' dir='ltr' id='par_1_45' title="bbox 93 2981 1700 3055">
     <span class='ocr_line' id='line_1_45' title="bbox 93 2981 1700 3055; baseline 0.001 -19"><span class='ocrx_word' id='word_1_359' title='bbox 93 2985 222 3040; x_wconf 86' lang='lat' dir='ltr'><strong>ticus</strong></span> <span class='ocrx_word' id='word_1_360' title='bbox 245 2983 552 3055; x_wconf 86' lang='lat' dir='ltr'><strong>gloriosum</strong></span> <span class='ocrx_word' id='word_1_361' title='bbox 579 2982 883 3040; x_wconf 88' lang='lat' dir='ltr'><strong>Salvatoris</strong></span> <span class='ocrx_word' id='word_1_362' title='bbox 903 2983 1220 3049; x_wconf 90' lang='lat' dir='ltr'><strong>adventum,</strong></span> <span class='ocrx_word' id='word_1_363' title='bbox 1246 2982 1314 3038; x_wconf 91' lang='lat' dir='ltr'><strong>de</strong></span> <span class='ocrx_word' id='word_1_364' title='bbox 1333 2996 1446 3054; x_wconf 91' lang='lat' dir='ltr'><strong>quo</strong></span> <span class='ocrx_word' id='word_1_365' title='bbox 1474 2991 1532 3037; x_wconf 90' lang='lat' dir='ltr'><strong>et</strong></span> <span class='ocrx_word' id='word_1_366' title='bbox 1561 2981 1700 3038; x_wconf 89' lang='lat' dir='ltr'><strong>Pau-</strong></span> 
     </span>
    </p>
   </div>
   <div class='ocr_carea' id='block_1_46' title="bbox 95 3076 1700 3150">
    <p class='ocr_par' dir='ltr' id='par_1_46' title="bbox 95 3076 1700 3150">
     <span class='ocr_line' id='line_1_46' title="bbox 95 3076 1700 3150; baseline 0.001 -18"><span class='ocrx_word' id='word_1_367' title='bbox 95 3078 168 3135; x_wconf 85' lang='lat' dir='ltr'><strong>lus</strong></span> <span class='ocrx_word' id='word_1_368' title='bbox 217 3080 527 3150; x_wconf 86' lang='lat' dir='ltr'><strong>Apostolus</strong></span> <span class='ocrx_word' id='word_1_369' title='bbox 574 3078 816 3148; x_wconf 90' lang='lat' dir='ltr'><strong>loquitur</strong></span> <span class='ocrx_word' id='word_1_370' title='bbox 859 3095 872 3132; x_wconf 85' lang='lat'><strong>:</strong></span> <span class='ocrx_word' id='word_1_371' title='bbox 920 3076 1223 3134; x_wconf 87' lang='lat' dir='ltr'><strong>Secundum</strong></span> <span class='ocrx_word' id='word_1_372' title='bbox 1265 3078 1700 3133; x_wconf 88' lang='lat' dir='ltr'><strong>illuminationem</strong></span> 
     </span>
    </p>
   </div>
   <div class='ocr_carea' id='block_1_47' title="bbox 94 3171 1698 3248">
    <p class='ocr_par' dir='ltr' id='par_1_47' title="bbox 94 3171 1698 3248">
     <span class='ocr_line' id='line_1_47' title="bbox 94 3171 1698 3248; baseline -0.001 -20"><span class='ocrx_word' id='word_1_373' title='bbox 94 3174 263 3248; x_wconf 84' lang='lat' dir='ltr'><strong>glorite</strong></span> <span class='ocrx_word' id='word_1_374' title='bbox 307 3176 490 3248; x_wconf 83' lang='lat' dir='ltr'><strong>magni</strong></span> <span class='ocrx_word' id='word_1_375' title='bbox 543 3173 637 3230; x_wconf 85' lang='lat' dir='ltr'><strong>Dei</strong></span> <span class='ocrx_word' id='word_1_376' title='bbox 692 3183 740 3228; x_wconf 90' lang='lat' dir='ltr'><strong>et</strong></span> <span class='ocrx_word' id='word_1_377' title='bbox 786 3173 1077 3230; x_wconf 82' lang='lat' dir='ltr'><strong>Saluatoris</strong></span> <span class='ocrx_word' id='word_1_378' title='bbox 1120 3173 1284 3229; x_wconf 78' lang='lat' dir='ltr'><strong>nostri</strong></span> <span class='ocrx_word' id='word_1_379' title='bbox 1327 3171 1459 3228; x_wconf 90' lang='lat' dir='ltr'><strong>Iesu</strong></span> <span class='ocrx_word' id='word_1_380' title='bbox 1502 3171 1698 3228; x_wconf 82' lang='lat' dir='ltr'><strong>Christi</strong></span> 
     </span>
    </p>
   </div>
   <div class='ocr_carea' id='block_1_48' title="bbox 1801 1966 3402 2039">
    <p class='ocr_par' dir='ltr' id='par_1_48' title="bbox 1801 1966 3402 2039">
     <span class='ocr_line' id='line_1_48' title="bbox 1801 1966 3402 2039; baseline 0.003 -16"><span class='ocrx_word' id='word_1_381' title='bbox 1801 1966 2057 2023; x_wconf 87' lang='lat' dir='ltr'><strong>reddens.</strong></span> <span class='ocrx_word' id='word_1_382' title='bbox 2099 1969 2184 2024; x_wconf 78' lang='lat' dir='ltr'><strong>Me</strong></span> <span class='ocrx_word' id='word_1_383' title='bbox 2231 1979 2411 2024; x_wconf 87' lang='lat' dir='ltr'><strong>autem</strong></span> <span class='ocrx_word' id='word_1_384' title='bbox 2447 1969 2549 2026; x_wconf 90' lang='lat' dir='ltr'><strong>ista</strong></span> <span class='ocrx_word' id='word_1_385' title='bbox 2580 1971 2819 2039; x_wconf 90' lang='lat' dir='ltr'><strong>dicente,</strong></span> <span class='ocrx_word' id='word_1_386' title='bbox 2855 1988 3162 2028; x_wconf 80' lang='lat' dir='ltr'><strong>conversus</strong></span> <span class='ocrx_word' id='word_1_387' title='bbox 3183 1983 3270 2029; x_wconf 88' lang='lat' dir='ltr'><strong>est</strong></span> <span class='ocrx_word' id='word_1_388' title='bbox 3315 1987 3402 2028; x_wconf 88' lang='lat' dir='ltr'><strong>re-</strong></span> 
     </span>
    </p>
   </div>
   <div class='ocr_carea' id='block_1_49' title="bbox 1801 2061 3404 2135">
    <p class='ocr_par' dir='ltr' id='par_1_49' title="bbox 1801 2061 3404 2135">
     <span class='ocr_line' id='line_1_49' title="bbox 1801 2061 3404 2135; baseline 0.003 -21"><span class='ocrx_word' id='word_1_389' title='bbox 1801 2067 2035 2116; x_wconf 88' lang='lat' dir='ltr'><strong>trorsum</strong></span> <span class='ocrx_word' id='word_1_390' title='bbox 2075 2062 2306 2134; x_wconf 88' lang='lat' dir='ltr'><strong>populus</strong></span> <span class='ocrx_word' id='word_1_391' title='bbox 2344 2061 2683 2131; x_wconf 74' lang='lat' dir='ltr'><strong>Jndteorum,</strong></span> <span class='ocrx_word' id='word_1_392' title='bbox 2734 2073 2932 2119; x_wconf 88' lang='lat' dir='ltr'><strong>utnon</strong></span> <span class='ocrx_word' id='word_1_393' title='bbox 2979 2064 3227 2120; x_wconf 90' lang='lat' dir='ltr'><strong>crederet</strong></span> <span class='ocrx_word' id='word_1_394' title='bbox 3277 2079 3404 2135; x_wconf 85' lang='lat' dir='ltr'><strong>pro-</strong></span> 
     </span>
    </p>
   </div>
   <div class='ocr_carea' id='block_1_50' title="bbox 1800 2152 3402 2220">
    <p class='ocr_par' dir='ltr' id='par_1_50' title="bbox 1800 2152 3402 2220">
     <span class='ocr_line' id='line_1_50' title="bbox 1800 2152 3402 2220; baseline 0.003 -12"><span class='ocrx_word' id='word_1_395' title='bbox 1800 2152 2060 2220; x_wconf 88' lang='lat' dir='ltr'><strong>mittenti,</strong></span> <span class='ocrx_word' id='word_1_396' title='bbox 2091 2165 2150 2210; x_wconf 92' lang='lat' dir='ltr'><strong>et</strong></span> <span class='ocrx_word' id='word_1_397' title='bbox 2173 2155 2224 2210; x_wconf 93' lang='lat' dir='ltr'><strong>in</strong></span> <span class='ocrx_word' id='word_1_398' title='bbox 2269 2155 2382 2211; x_wconf 86' lang='lat' dir='ltr'><strong>suis</strong></span> <span class='ocrx_word' id='word_1_399' title='bbox 2408 2157 2837 2214; x_wconf 78' lang='lat' dir='ltr'><strong>confunderetur</strong></span> <span class='ocrx_word' id='word_1_400' title='bbox 2867 2157 3168 2217; x_wconf 89' lang='lat' dir='ltr'><strong>errorilms.</strong></span> <span class='ocrx_word' id='word_1_401' title='bbox 3198 2165 3256 2213; x_wconf 91' lang='lat' dir='ltr'><strong>et</strong></span> <span class='ocrx_word' id='word_1_402' title='bbox 3305 2173 3402 2213; x_wconf 88' lang='lat' dir='ltr'><strong>ne-</strong></span> 
     </span>
    </p>
   </div>
   <div class='ocr_carea' id='block_1_51' title="bbox 1796 2245 3402 2319">
    <p class='ocr_par' dir='ltr' id='par_1_51' title="bbox 1796 2245 3402 2319">
     <span class='ocr_line' id='line_1_51' title="bbox 1796 2245 3402 2319; baseline 0.004 -21"><span class='ocrx_word' id='word_1_403' title='bbox 1796 2245 2028 2318; x_wconf 86' lang='lat' dir='ltr'><strong>gligeret</strong></span> <span class='ocrx_word' id='word_1_404' title='bbox 2055 2249 2408 2318; x_wconf 78' lang='lat' dir='ltr'><strong>sponsionem</strong></span> <span class='ocrx_word' id='word_1_405' title='bbox 2441 2247 2564 2311; x_wconf 88' lang='lat' dir='ltr'><strong>Dei,</strong></span> <span class='ocrx_word' id='word_1_406' title='bbox 2588 2249 2680 2319; x_wconf 92' lang='lat' dir='ltr'><strong>qui</strong></span> <span class='ocrx_word' id='word_1_407' title='bbox 2712 2249 2869 2304; x_wconf 88' lang='lat' dir='ltr'><strong>idolis</strong></span> <span class='ocrx_word' id='word_1_408' title='bbox 2899 2259 3027 2304; x_wconf 88' lang='lat' dir='ltr'><strong>ante</strong></span> <span class='ocrx_word' id='word_1_409' title='bbox 3067 2248 3402 2305; x_wconf 78' lang='lat' dir='ltr'><strong>crediderat.</strong></span> 
     </span>
    </p>
   </div>
   <div class='ocr_carea' id='block_1_52' title="bbox 1799 2339 3405 2412">
    <p class='ocr_par' dir='ltr' id='par_1_52' title="bbox 1799 2339 3405 2412">
     <span class='ocr_line' id='line_1_52' title="bbox 1799 2339 3405 2412; baseline -0.001 -16"><span class='ocrx_word' id='word_1_410' title='bbox 1799 2339 1929 2398; x_wconf 89' lang='lat' dir='ltr'><strong>Sive</strong></span> <span class='ocrx_word' id='word_1_411' title='bbox 1977 2357 2099 2396; x_wconf 85' lang='lat' dir='ltr'><strong>cum</strong></span> <span class='ocrx_word' id='word_1_412' title='bbox 2153 2341 2439 2397; x_wconf 82' lang='lat' dir='ltr'><strong>intraverit</strong></span> <span class='ocrx_word' id='word_1_413' title='bbox 2470 2343 2748 2409; x_wconf 79' lang='lat' dir='ltr'><strong>plenitudo</strong></span> <span class='ocrx_word' id='word_1_414' title='bbox 2776 2343 3044 2412; x_wconf 89' lang='lat' dir='ltr'><strong>gentium,</strong></span> <span class='ocrx_word' id='word_1_415' title='bbox 3074 2353 3201 2396; x_wconf 91' lang='lat' dir='ltr'><strong>tunc</strong></span> <span class='ocrx_word' id='word_1_416' title='bbox 3239 2343 3405 2396; x_wconf 83' lang='lat' dir='ltr'><strong>etiam</strong></span> 
     </span>
    </p>
   </div>
   <div class='ocr_carea' id='block_1_53' title="bbox 1797 2433 3409 2506">
    <p class='ocr_par' dir='ltr' id='par_1_53' title="bbox 1797 2433 3409 2506">
     <span class='ocr_line' id='line_1_53' title="bbox 1797 2433 3409 2506; baseline 0.001 -17"><span class='ocrx_word' id='word_1_417' title='bbox 1797 2433 1969 2490; x_wconf 79' lang='lat' dir='ltr'><strong>Israel</strong></span> <span class='ocrx_word' id='word_1_418' title='bbox 1999 2435 2230 2506; x_wconf 78' lang='lat' dir='ltr'><strong>populus</strong></span> <span class='ocrx_word' id='word_1_419' title='bbox 2276 2437 2832 2505; x_wconf 80' lang='lat' dir='ltr'><strong>converteturUiom.</strong></span> <span class='ocrx_word' id='word_1_420' title='bbox 2867 2436 2972 2505; x_wconf 88' lang='lat' dir='ltr'><strong>tt),</strong></span> <span class='ocrx_word' id='word_1_421' title='bbox 3022 2446 3078 2492; x_wconf 89' lang='lat' dir='ltr'><strong>et</strong></span> <span class='ocrx_word' id='word_1_422' title='bbox 3119 2435 3409 2505; x_wconf 74' lang='lat' dir='ltr'><strong>paenitebit</strong></span> 
     </span>
    </p>
   </div>
   <div class='ocr_carea' id='block_1_54' title="bbox 1799 2527 3410 2598">
    <p class='ocr_par' dir='ltr' id='par_1_54' title="bbox 1799 2527 3410 2598">
     <span class='ocr_line' id='line_1_54' title="bbox 1799 2527 3410 2598; baseline 0 -16"><span class='ocrx_word' id='word_1_423' title='bbox 1799 2541 1922 2582; x_wconf 89' lang='lat' dir='ltr'><strong>eum</strong></span> <span class='ocrx_word' id='word_1_424' title='bbox 1953 2527 2163 2583; x_wconf 89' lang='lat' dir='ltr'><strong>erroris</strong></span> <span class='ocrx_word' id='word_1_425' title='bbox 2192 2527 2300 2594; x_wconf 88' lang='lat' dir='ltr'><strong>sui,</strong></span> <span class='ocrx_word' id='word_1_426' title='bbox 2332 2543 2431 2595; x_wconf 91' lang='lat' dir='ltr'><strong>per</strong></span> <span class='ocrx_word' id='word_1_427' title='bbox 2451 2545 2612 2598; x_wconf 83' lang='lat' dir='ltr'><strong>quem</strong></span> <span class='ocrx_word' id='word_1_428' title='bbox 2645 2529 2806 2584; x_wconf 84' lang='lat' dir='ltr'><strong>idolis</strong></span> <span class='ocrx_word' id='word_1_429' title='bbox 2828 2538 2954 2586; x_wconf 89' lang='lat' dir='ltr'><strong>ante</strong></span> <span class='ocrx_word' id='word_1_430' title='bbox 2979 2529 3266 2585; x_wconf 74' lang='lat' dir='ltr'><strong>servierat.</strong></span> <span class='ocrx_word' id='word_1_431' title='bbox 3301 2531 3410 2583; x_wconf 76' lang='lat' dir='ltr'><strong>Aut</strong></span> 
     </span>
    </p>
   </div>
   <div class='ocr_carea' id='block_1_55' title="bbox 1798 2619 3405 2692">
    <p class='ocr_par' dir='ltr' id='par_1_55' title="bbox 1798 2619 3405 2692">
     <span class='ocr_line' id='line_1_55' title="bbox 1798 2619 3405 2692; baseline 0.003 -17"><span class='ocrx_word' id='word_1_432' title='bbox 1798 2628 1946 2675; x_wconf 88' lang='lat' dir='ltr'><strong>certe</strong></span> <span class='ocrx_word' id='word_1_433' title='bbox 1976 2631 2098 2690; x_wconf 90' lang='lat' dir='ltr'><strong>post</strong></span> <span class='ocrx_word' id='word_1_434' title='bbox 2122 2619 2460 2676; x_wconf 73' lang='lat' dir='ltr'><strong>vocationem</strong></span> <span class='ocrx_word' id='word_1_435' title='bbox 2485 2622 2728 2690; x_wconf 86' lang='lat' dir='ltr'><strong>gentium</strong></span> <span class='ocrx_word' id='word_1_436' title='bbox 2761 2631 3072 2678; x_wconf 87' lang='lat' dir='ltr'><strong>revertetur</strong></span> <span class='ocrx_word' id='word_1_437' title='bbox 3105 2626 3170 2677; x_wconf 86' lang='lat' dir='ltr'><strong>ad</strong></span> <span class='ocrx_word' id='word_1_438' title='bbox 3198 2624 3405 2692; x_wconf 88' lang='lat' dir='ltr'><strong>princi-</strong></span> 
     </span>
    </p>
   </div>
   <div class='ocr_carea' id='block_1_56' title="bbox 1799 2710 3401 2786">
    <p class='ocr_par' dir='ltr' id='par_1_56' title="bbox 1799 2710 3401 2786">
     <span class='ocr_line' id='line_1_56' title="bbox 1799 2710 3401 2786; baseline 0.008 -21"><span class='ocrx_word' id='word_1_439' title='bbox 1799 2710 1947 2780; x_wconf 89' lang='lat' dir='ltr'><strong>pium</strong></span> <span class='ocrx_word' id='word_1_440' title='bbox 1980 2730 1992 2766; x_wconf 89' lang='lat'><strong>:</strong></span> <span class='ocrx_word' id='word_1_441' title='bbox 2023 2723 2080 2766; x_wconf 94' lang='lat' dir='ltr'><strong>ut</strong></span> <span class='ocrx_word' id='word_1_442' title='bbox 2105 2711 2270 2780; x_wconf 78' lang='lat' dir='ltr'><strong>dieat,</strong></span> <span class='ocrx_word' id='word_1_443' title='bbox 2304 2727 2496 2770; x_wconf 85' lang='lat' dir='ltr'><strong>omnes</strong></span> <span class='ocrx_word' id='word_1_444' title='bbox 2533 2725 2747 2784; x_wconf 84' lang='lat' dir='ltr'><strong>gentes,</strong></span> <span class='ocrx_word' id='word_1_445' title='bbox 2800 2729 2922 2786; x_wconf 78' lang='lat' dir='ltr'><strong>qua:</strong></span> <span class='ocrx_word' id='word_1_446' title='bbox 2956 2713 3250 2786; x_wconf 85' lang='lat' dir='ltr'><strong>Evangelio</strong></span> <span class='ocrx_word' id='word_1_447' title='bbox 3281 2733 3401 2778; x_wconf 85' lang='lat' dir='ltr'><strong>cre-</strong></span> 
     </span>
    </p>
   </div>
   <div class='ocr_carea' id='block_1_57' title="bbox 1799 2802 3186 2870">
    <p class='ocr_par' dir='ltr' id='par_1_57' title="bbox 1799 2802 3186 2870">
     <span class='ocr_line' id='line_1_57' title="bbox 1799 2802 3186 2870; baseline 0.003 -11"><span class='ocrx_word' id='word_1_448' title='bbox 1799 2802 1934 2859; x_wconf 87' lang='lat' dir='ltr'><strong>dere</strong></span> <span class='ocrx_word' id='word_1_449' title='bbox 1965 2805 2276 2869; x_wconf 88' lang='lat' dir='ltr'><strong>noluerunt,</strong></span> <span class='ocrx_word' id='word_1_450' title='bbox 2325 2804 2382 2860; x_wconf 94' lang='lat' dir='ltr'><strong>in</strong></span> <span class='ocrx_word' id='word_1_451' title='bbox 2409 2807 2524 2861; x_wconf 85' lang='lat' dir='ltr'><strong>suis</strong></span> <span class='ocrx_word' id='word_1_452' title='bbox 2552 2805 2714 2860; x_wconf 90' lang='lat' dir='ltr'><strong>idolis</strong></span> <span class='ocrx_word' id='word_1_453' title='bbox 2743 2805 3186 2870; x_wconf 79' lang='lat' dir='ltr'><strong>confundendas.</strong></span> 
     </span>
    </p>
   </div>
   <div class='ocr_carea' id='block_1_58' title="bbox 1868 2893 3408 2968">
    <p class='ocr_par' dir='ltr' id='par_1_58' title="bbox 1868 2893 3408 2968">
     <span class='ocr_line' id='line_1_58' title="bbox 1868 2893 3408 2968; baseline 0.005 -21"><span class='ocrx_word' id='word_1_454' title='bbox 1868 2893 2051 2966; x_wconf 87' lang='lat' dir='ltr'><strong>(Vers.</strong></span> <span class='ocrx_word' id='word_1_455' title='bbox 2086 2895 2185 2959; x_wconf 78' lang='grc'><strong>18.</strong></span> <span class='ocrx_word' id='word_1_456' title='bbox 2216 2896 2284 2951; x_wconf 74' lang='lat' dir='ltr'><strong>i9</strong></span> <span class='ocrx_word' id='word_1_457' title='bbox 2312 2897 2498 2968; x_wconf 83' lang='lat' dir='ltr'><strong>seqq.)</strong></span> <span class='ocrx_word' id='word_1_458' title='bbox 2530 2896 2692 2953; x_wconf 87' lang='lat' dir='ltr'><strong>Surdi</strong></span> <span class='ocrx_word' id='word_1_459' title='bbox 2719 2941 2734 2964; x_wconf 93' lang='lat'><strong>,</strong></span> <span class='ocrx_word' id='word_1_460' title='bbox 2760 2898 2960 2965; x_wconf 85' lang='lat' dir='ltr'><strong>audite,</strong></span> <span class='ocrx_word' id='word_1_461' title='bbox 2983 2910 3028 2952; x_wconf 88' lang='lat' dir='ltr'><strong>et</strong></span> <span class='ocrx_word' id='word_1_462' title='bbox 3057 2899 3202 2965; x_wconf 77' lang='lat' dir='ltr'><strong>eieci,</strong></span> <span class='ocrx_word' id='word_1_463' title='bbox 3234 2901 3408 2956; x_wconf 55' lang='lat' dir='ltr'><strong>intucv</strong></span> 
     </span>
    </p>
   </div>
   <div class='ocr_carea' id='block_1_59' title="bbox 1801 2985 3407 3055">
    <p class='ocr_par' dir='ltr' id='par_1_59' title="bbox 1801 2985 3407 3055">
     <span class='ocr_line' id='line_1_59' title="bbox 1801 2985 3407 3055; baseline 0.007 -18"><span class='ocrx_word' id='word_1_464' title='bbox 1801 2986 1929 3039; x_wconf 89' lang='lat' dir='ltr'><strong>mini</strong></span> <span class='ocrx_word' id='word_1_465' title='bbox 1958 2987 2028 3040; x_wconf 89' lang='lat' dir='ltr'><strong>ad</strong></span> <span class='ocrx_word' id='word_1_466' title='bbox 2063 2985 2356 3040; x_wconf 86' lang='lat' dir='ltr'><strong>videndum.</strong></span> <span class='ocrx_word' id='word_1_467' title='bbox 2398 2987 2526 3054; x_wconf 81' lang='lat' dir='ltr'><strong>Quis</strong></span> <span class='ocrx_word' id='word_1_468' title='bbox 2552 3004 2748 3055; x_wconf 68' lang='lat' dir='ltr'><strong>cacus,</strong></span> <span class='ocrx_word' id='word_1_469' title='bbox 2783 2990 2881 3043; x_wconf 85' lang='lat' dir='ltr'><strong>nisi</strong></span> <span class='ocrx_word' id='word_1_470' title='bbox 2919 3006 3097 3044; x_wconf 87' lang='lat' dir='ltr'><strong>servus</strong></span> <span class='ocrx_word' id='word_1_471' title='bbox 3133 2993 3316 3047; x_wconf 83' lang='lat' dir='ltr'><strong>meus?</strong></span> <span class='ocrx_word' id='word_1_472' title='bbox 3357 3004 3407 3048; x_wconf 86' lang='lat' dir='ltr'><strong>et</strong></span> 
     </span>
    </p>
   </div>
   <div class='ocr_carea' id='block_1_60' title="bbox 1802 3076 3409 3152">
    <p class='ocr_par' dir='ltr' id='par_1_60' title="bbox 1802 3076 3409 3152">
     <span class='ocr_line' id='line_1_60' title="bbox 1802 3076 3409 3152; baseline 0.006 -22"><span class='ocrx_word' id='word_1_473' title='bbox 1802 3076 2025 3143; x_wconf 86' lang='lat' dir='ltr'><strong>surdus,</strong></span> <span class='ocrx_word' id='word_1_474' title='bbox 2057 3078 2154 3131; x_wconf 87' lang='lat' dir='ltr'><strong>nisi</strong></span> <span class='ocrx_word' id='word_1_475' title='bbox 2181 3079 2250 3130; x_wconf 89' lang='lat' dir='ltr'><strong>ad</strong></span> <span class='ocrx_word' id='word_1_476' title='bbox 2276 3094 2430 3149; x_wconf 87' lang='lat' dir='ltr'><strong>quem</strong></span> <span class='ocrx_word' id='word_1_477' title='bbox 2459 3081 2665 3133; x_wconf 86' lang='lat' dir='ltr'><strong>nuntios</strong></span> <span class='ocrx_word' id='word_1_478' title='bbox 2694 3095 2833 3134; x_wconf 89' lang='lat' dir='ltr'><strong>meos</strong></span> <span class='ocrx_word' id='word_1_479' title='bbox 2859 3083 3017 3136; x_wconf 83' lang='lat' dir='ltr'><strong>misi?</strong></span> <span class='ocrx_word' id='word_1_480' title='bbox 3055 3083 3186 3150; x_wconf 86' lang='lat' dir='ltr'><strong>Quis</strong></span> <span class='ocrx_word' id='word_1_481' title='bbox 3211 3079 3409 3152; x_wconf 69' lang='lat' dir='ltr'><strong>creetis,</strong></span> 
     </span>
    </p>
   </div>
   <div class='ocr_carea' id='block_1_61' title="bbox 1803 3169 3413 3243">
    <p class='ocr_par' dir='ltr' id='par_1_61' title="bbox 1803 3169 3413 3243">
     <span class='ocr_line' id='line_1_61' title="bbox 1803 3169 3413 3243; baseline 0.004 -18"><span class='ocrx_word' id='word_1_482' title='bbox 1803 3172 1905 3225; x_wconf 85' lang='lat' dir='ltr'><strong>nisi</strong></span> <span class='ocrx_word' id='word_1_483' title='bbox 1925 3172 2014 3243; x_wconf 88' lang='lat' dir='ltr'><strong>qui</strong></span> <span class='ocrx_word' id='word_1_484' title='bbox 2042 3169 2365 3225; x_wconf 88' lang='lat' dir='ltr'><strong>venundatus</strong></span> <span class='ocrx_word' id='word_1_485' title='bbox 2393 3180 2468 3224; x_wconf 88' lang='lat' dir='ltr'><strong>est</strong></span> <span class='ocrx_word' id='word_1_486' title='bbox 2491 3172 2516 3223; x_wconf 91' lang='lat'><strong>?</strong></span> <span class='ocrx_word' id='word_1_487' title='bbox 2542 3181 2589 3225; x_wconf 90' lang='lat' dir='ltr'><strong>et</strong></span> <span class='ocrx_word' id='word_1_488' title='bbox 2615 3173 2730 3242; x_wconf 85' lang='lat' dir='ltr'><strong>quis</strong></span> <span class='ocrx_word' id='word_1_489' title='bbox 2757 3188 2944 3236; x_wconf 71' lang='lat' dir='ltr'><strong>caacus,</strong></span> <span class='ocrx_word' id='word_1_490' title='bbox 2976 3175 3076 3227; x_wconf 87' lang='lat' dir='ltr'><strong>nisi</strong></span> <span class='ocrx_word' id='word_1_491' title='bbox 3102 3191 3277 3231; x_wconf 87' lang='lat' dir='ltr'><strong>servus</strong></span> <span class='ocrx_word' id='word_1_492' title='bbox 3302 3174 3413 3232; x_wconf 90' lang='lat' dir='ltr'><strong>Do-</strong></span> 
     </span>
    </p>
   </div>
   <div class='ocr_carea' id='block_1_62' title="bbox 99 3260 3416 3339">
    <p class='ocr_par' dir='ltr' id='par_1_62' title="bbox 99 3260 3416 3339">
     <span class='ocr_line' id='line_1_62' title="bbox 99 3260 3416 3339; baseline 0.002 -17"><span class='ocrx_word' id='word_1_493' title='bbox 99 3267 154 3338; x_wconf 93' lang='lat' dir='ltr'><strong>(Il</strong></span> <span class='ocrx_word' id='word_1_494' title='bbox 182 3268 303 3324; x_wconf 82' lang='lat' dir='ltr'><strong>Cor.</strong></span> <span class='ocrx_word' id='word_1_495' title='bbox 357 3284 453 3334; x_wconf 83' lang='lat' dir='ltr'><strong>tv;</strong></span> <span class='ocrx_word' id='word_1_496' title='bbox 488 3265 535 3322; x_wconf 91' lang='lat' dir='ltr'><strong>II</strong></span> <span class='ocrx_word' id='word_1_497' title='bbox 567 3264 702 3320; x_wconf 83' lang='lat' dir='ltr'><strong>Tim.</strong></span> <span class='ocrx_word' id='word_1_498' title='bbox 734 3281 785 3329; x_wconf 88' lang='lat' dir='ltr'><strong>t,</strong></span> <span class='ocrx_word' id='word_1_499' title='bbox 826 3265 950 3338; x_wconf 71' lang='lat'><strong>10);</strong></span> <span class='ocrx_word' id='word_1_500' title='bbox 979 3276 1034 3321; x_wconf 90' lang='lat' dir='ltr'><strong>et</strong></span> <span class='ocrx_word' id='word_1_501' title='bbox 1062 3281 1187 3321; x_wconf 91' lang='lat' dir='ltr'><strong>eum</strong></span> <span class='ocrx_word' id='word_1_502' title='bbox 1237 3267 1359 3321; x_wconf 90' lang='lat' dir='ltr'><strong>viro</strong></span> <span class='ocrx_word' id='word_1_503' title='bbox 1389 3263 1694 3321; x_wconf 81' lang='lat' dir='ltr'><strong>fortissimo</strong></span> <span class='ocrx_word' id='word_1_504' title='bbox 1720 3260 1768 3325; x_wconf 91' lang='lat' dir='ltr'><strong>C</strong></span> <span class='ocrx_word' id='word_1_505' title='bbox 1798 3266 1968 3321; x_wconf 88' lang='lat' dir='ltr'><strong>mini?</strong></span> <span class='ocrx_word' id='word_1_506' title='bbox 1999 3264 2104 3334; x_wconf 82' lang='lat' dir='ltr'><strong>Qui</strong></span> <span class='ocrx_word' id='word_1_507' title='bbox 2132 3264 2272 3319; x_wconf 81' lang='lat' dir='ltr'><strong>vides</strong></span> <span class='ocrx_word' id='word_1_508' title='bbox 2302 3263 2466 3319; x_wconf 87' lang='lat' dir='ltr'><strong>multa</strong></span> <span class='ocrx_word' id='word_1_509' title='bbox 2488 3308 2502 3329; x_wconf 90' lang='lat'><strong>,</strong></span> <span class='ocrx_word' id='word_1_510' title='bbox 2571 3281 2740 3319; x_wconf 87' lang='lat' dir='ltr'><strong>nonne</strong></span> <span class='ocrx_word' id='word_1_511' title='bbox 2769 3266 3065 3322; x_wconf 76' lang='lat' dir='ltr'><strong>custodies?</strong></span> <span class='ocrx_word' id='word_1_512' title='bbox 3093 3270 3182 3339; x_wconf 88' lang='lat' dir='ltr'><strong>qui</strong></span> <span class='ocrx_word' id='word_1_513' title='bbox 3209 3282 3416 3339; x_wconf 87' lang='lat' dir='ltr'><strong>apertas</strong></span> 
     </span>
    </p>
   </div>
   <div class='ocr_carea' id='block_1_63' title="bbox 99 3356 1700 3433">
    <p class='ocr_par' dir='ltr' id='par_1_63' title="bbox 99 3356 1700 3433">
     <span class='ocr_line' id='line_1_63' title="bbox 99 3356 1700 3433; baseline -0.002 -19"><span class='ocrx_word' id='word_1_514' title='bbox 99 3368 414 3433; x_wconf 82' lang='lat' dir='ltr'><strong>comparat,</strong></span> <span class='ocrx_word' id='word_1_515' title='bbox 468 3359 563 3428; x_wconf 91' lang='lat' dir='ltr'><strong>qui</strong></span> <span class='ocrx_word' id='word_1_516' title='bbox 608 3365 944 3428; x_wconf 77' lang='lat' dir='ltr'><strong>pugnaturus</strong></span> <span class='ocrx_word' id='word_1_517' title='bbox 994 3357 1065 3414; x_wconf 91' lang='lat' dir='ltr'><strong>sit</strong></span> <span class='ocrx_word' id='word_1_518' title='bbox 1111 3366 1300 3412; x_wconf 88' lang='lat' dir='ltr'><strong>contra</strong></span> <span class='ocrx_word' id='word_1_519' title='bbox 1349 3356 1700 3414; x_wconf 87' lang='lat' dir='ltr'><strong>adversarios</strong></span> 
     </span>
    </p>
   </div>
   <div class='ocr_carea' id='block_1_64' title="bbox 102 3449 1704 3520">
    <p class='ocr_par' dir='ltr' id='par_1_64' title="bbox 102 3449 1704 3520">
     <span class='ocr_line' id='line_1_64' title="bbox 102 3449 1704 3520; baseline -0.001 -14"><span class='ocrx_word' id='word_1_520' title='bbox 102 3467 235 3520; x_wconf 84' lang='lat' dir='ltr'><strong>suos,</strong></span> <span class='ocrx_word' id='word_1_521' title='bbox 261 3451 636 3507; x_wconf 84' lang='lat' dir='ltr'><strong>suscitaturus</strong></span> <span class='ocrx_word' id='word_1_522' title='bbox 663 3452 864 3503; x_wconf 82' lang='lat' dir='ltr'><strong>zelum.</strong></span> <span class='ocrx_word' id='word_1_523' title='bbox 896 3449 971 3504; x_wconf 88' lang='lat' dir='ltr'><strong>De</strong></span> <span class='ocrx_word' id='word_1_524' title='bbox 997 3464 1106 3517; x_wconf 87' lang='lat' dir='ltr'><strong>quo</strong></span> <span class='ocrx_word' id='word_1_525' title='bbox 1136 3457 1192 3503; x_wconf 78' lang='lat' dir='ltr'><strong>et</strong></span> <span class='ocrx_word' id='word_1_526' title='bbox 1226 3451 1278 3503; x_wconf 88' lang='lat' dir='ltr'><strong>in</strong></span> <span class='ocrx_word' id='word_1_527' title='bbox 1311 3450 1538 3505; x_wconf 83' lang='lat' dir='ltr'><strong>Cautico</strong></span> <span class='ocrx_word' id='word_1_528' title='bbox 1562 3449 1704 3504; x_wconf 90' lang='lat' dir='ltr'><strong>Deu-</strong></span> 
     </span>
    </p>
   </div>
   <div class='ocr_carea' id='block_1_65' title="bbox 109 3541 1704 3616">
    <p class='ocr_par' dir='ltr' id='par_1_65' title="bbox 109 3541 1704 3616">
     <span class='ocr_line' id='line_1_65' title="bbox 109 3541 1704 3616; baseline -0.001 -17"><span class='ocrx_word' id='word_1_529' title='bbox 109 3546 389 3603; x_wconf 88' lang='lat' dir='ltr'><strong>teronomii</strong></span> <span class='ocrx_word' id='word_1_530' title='bbox 429 3542 816 3616; x_wconf 85' lang='lat' dir='ltr'><strong>prophetatum</strong></span> <span class='ocrx_word' id='word_1_531' title='bbox 845 3550 969 3598; x_wconf 85' lang='lat' dir='ltr'><strong>est:</strong></span> <span class='ocrx_word' id='word_1_532' title='bbox 999 3541 1025 3595; x_wconf 92' lang='grc' dir='ltr'><strong><em>Ι</em></strong></span> <span class='ocrx_word' id='word_1_533' title='bbox 1035 3543 1118 3610; x_wconf 91' lang='lat' dir='ltr'><strong>psi</strong></span> <span class='ocrx_word' id='word_1_534' title='bbox 1144 3559 1226 3597; x_wconf 87' lang='lat' dir='ltr'><strong>me</strong></span> <span class='ocrx_word' id='word_1_535' title='bbox 1263 3541 1430 3598; x_wconf 78' lang='lat' dir='ltr'><strong>zelarc</strong></span> <span class='ocrx_word' id='word_1_536' title='bbox 1472 3544 1704 3612; x_wconf 80' lang='lat' dir='ltr'><strong>fecerunt</strong></span> 
     </span>
    </p>
   </div>
   <div class='ocr_carea' id='block_1_66' title="bbox 107 3634 1701 3711">
    <p class='ocr_par' dir='ltr' id='par_1_66' title="bbox 107 3634 1701 3711">
     <span class='ocr_line' id='line_1_66' title="bbox 107 3634 1701 3711; baseline 0.001 -22"><span class='ocrx_word' id='word_1_537' title='bbox 107 3638 150 3693; x_wconf 86' lang='lat' dir='ltr'><strong>in</strong></span> <span class='ocrx_word' id='word_1_538' title='bbox 169 3657 224 3696; x_wconf 90' lang='lat' dir='ltr'><strong>eo</strong></span> <span class='ocrx_word' id='word_1_539' title='bbox 247 3639 340 3711; x_wconf 81' lang='lat' dir='ltr'><strong>qui</strong></span> <span class='ocrx_word' id='word_1_540' title='bbox 383 3653 493 3692; x_wconf 86' lang='lat' dir='ltr'><strong>non</strong></span> <span class='ocrx_word' id='word_1_541' title='bbox 533 3645 645 3690; x_wconf 84' lang='lat' dir='ltr'><strong>erat</strong></span> <span class='ocrx_word' id='word_1_542' title='bbox 686 3634 861 3702; x_wconf 86' lang='lat' dir='ltr'><strong>Deus,</strong></span> <span class='ocrx_word' id='word_1_543' title='bbox 889 3645 937 3689; x_wconf 88' lang='lat' dir='ltr'><strong>et</strong></span> <span class='ocrx_word' id='word_1_544' title='bbox 976 3635 1311 3690; x_wconf 80' lang='lat' dir='ltr'><strong>irritaverunt</strong></span> <span class='ocrx_word' id='word_1_545' title='bbox 1343 3652 1423 3690; x_wconf 91' lang='lat' dir='ltr'><strong>me</strong></span> <span class='ocrx_word' id='word_1_546' title='bbox 1467 3637 1520 3690; x_wconf 91' lang='lat' dir='ltr'><strong>in</strong></span> <span class='ocrx_word' id='word_1_547' title='bbox 1546 3636 1701 3692; x_wconf 85' lang='lat' dir='ltr'><strong>idolis</strong></span> 
     </span>
    </p>
   </div>
   <div class='ocr_carea' id='block_1_67' title="bbox 108 3727 1703 3804">
    <p class='ocr_par' dir='ltr' id='par_1_67' title="bbox 108 3727 1703 3804">
     <span class='ocr_line' id='line_1_67' title="bbox 108 3727 1703 3804; baseline -0.001 -21"><span class='ocrx_word' id='word_1_548' title='bbox 108 3732 227 3802; x_wconf 85' lang='lat' dir='ltr'><strong>suis;</strong></span> <span class='ocrx_word' id='word_1_549' title='bbox 246 3741 298 3787; x_wconf 90' lang='lat' dir='ltr'><strong>et</strong></span> <span class='ocrx_word' id='word_1_550' title='bbox 322 3746 424 3804; x_wconf 86' lang='lat' dir='ltr'><strong>ego</strong></span> <span class='ocrx_word' id='word_1_551' title='bbox 453 3727 631 3783; x_wconf 65' lang='lat' dir='ltr'><strong>uelare</strong></span> <span class='ocrx_word' id='word_1_552' title='bbox 654 3743 743 3782; x_wconf 92' lang='lat' dir='ltr'><strong>eos</strong></span> <span class='ocrx_word' id='word_1_553' title='bbox 772 3728 968 3799; x_wconf 83' lang='lat' dir='ltr'><strong>faciam</strong></span> <span class='ocrx_word' id='word_1_554' title='bbox 996 3729 1051 3782; x_wconf 85' lang='lat' dir='ltr'><strong>in</strong></span> <span class='ocrx_word' id='word_1_555' title='bbox 1073 3737 1226 3800; x_wconf 86' lang='lat' dir='ltr'><strong>gente</strong></span> <span class='ocrx_word' id='word_1_556' title='bbox 1253 3744 1370 3797; x_wconf 66' lang='lat' dir='ltr'><strong>quae</strong></span> <span class='ocrx_word' id='word_1_557' title='bbox 1397 3743 1501 3783; x_wconf 90' lang='lat' dir='ltr'><strong>non</strong></span> <span class='ocrx_word' id='word_1_558' title='bbox 1522 3738 1619 3794; x_wconf 88' lang='lat' dir='ltr'><strong>est,</strong></span> <span class='ocrx_word' id='word_1_559' title='bbox 1653 3737 1703 3784; x_wconf 90' lang='lat' dir='ltr'><strong>et</strong></span> 
     </span>
    </p>
   </div>
   <div class='ocr_carea' id='block_1_68' title="bbox 112 3818 1698 3897">
    <p class='ocr_par' dir='ltr' id='par_1_68' title="bbox 112 3818 1698 3897">
     <span class='ocr_line' id='line_1_68' title="bbox 112 3818 1698 3897; baseline 0.001 -24"><span class='ocrx_word' id='word_1_560' title='bbox 112 3822 156 3875; x_wconf 89' lang='lat' dir='ltr'><strong>in</strong></span> <span class='ocrx_word' id='word_1_561' title='bbox 195 3833 340 3897; x_wconf 86' lang='lat' dir='ltr'><strong>gente</strong></span> <span class='ocrx_word' id='word_1_562' title='bbox 386 3818 700 3876; x_wconf 86' lang='lat' dir='ltr'><strong>stultissima</strong></span> <span class='ocrx_word' id='word_1_563' title='bbox 739 3818 955 3874; x_wconf 86' lang='lat' dir='ltr'><strong>irritaba</strong></span> <span class='ocrx_word' id='word_1_564' title='bbox 983 3820 1102 3874; x_wconf 88' lang='lat' dir='ltr'><strong>illos</strong></span> <span class='ocrx_word' id='word_1_565' title='bbox 1127 3818 1310 3892; x_wconf 82' lang='lat' dir='ltr'><strong>(Deut.</strong></span> <span class='ocrx_word' id='word_1_566' title='bbox 1357 3819 1543 3886; x_wconf 69' lang='lat' dir='ltr'><strong>iam,</strong></span> <span class='ocrx_word' id='word_1_567' title='bbox 1580 3819 1698 3892; x_wconf 73' lang='grc'><strong>21).</strong></span> 
     </span>
    </p>
   </div>
   <div class='ocr_carea' id='block_1_69' title="bbox 115 3913 1702 3985">
    <p class='ocr_par' dir='ltr' id='par_1_69' title="bbox 115 3913 1702 3985">
     <span class='ocr_line' id='line_1_69' title="bbox 115 3913 1702 3985; baseline 0.001 -17"><span class='ocrx_word' id='word_1_568' title='bbox 115 3913 502 3973; x_wconf 76' lang='lat' dir='ltr'><strong>Vociferabitur</strong></span> <span class='ocrx_word' id='word_1_569' title='bbox 538 3928 756 3985; x_wconf 88' lang='lat' dir='ltr'><strong>quoque</strong></span> <span class='ocrx_word' id='word_1_570' title='bbox 806 3921 864 3969; x_wconf 82' lang='lat' dir='ltr'><strong>et</strong></span> <span class='ocrx_word' id='word_1_571' title='bbox 909 3913 1169 3970; x_wconf 86' lang='lat' dir='ltr'><strong>clamabit</strong></span> <span class='ocrx_word' id='word_1_572' title='bbox 1214 3924 1408 3970; x_wconf 89' lang='lat' dir='ltr'><strong>contra</strong></span> <span class='ocrx_word' id='word_1_573' title='bbox 1454 3913 1702 3970; x_wconf 89' lang='lat' dir='ltr'><strong>inimicos</strong></span> 
     </span>
    </p>
   </div>
   <div class='ocr_carea' id='block_1_70' title="bbox 117 4010 1701 4085">
    <p class='ocr_par' dir='ltr' id='par_1_70' title="bbox 117 4010 1701 4085">
     <span class='ocr_line' id='line_1_70' title="bbox 117 4010 1701 4085; baseline 0.002 -22"><span class='ocrx_word' id='word_1_574' title='bbox 117 4022 248 4076; x_wconf 88' lang='lat' dir='ltr'><strong>suos,</strong></span> <span class='ocrx_word' id='word_1_575' title='bbox 273 4021 464 4085; x_wconf 89' lang='lat' dir='ltr'><strong>aperte</strong></span> <span class='ocrx_word' id='word_1_576' title='bbox 492 4028 684 4070; x_wconf 88' lang='lat' dir='ltr'><strong>eorum</strong></span> <span class='ocrx_word' id='word_1_577' title='bbox 708 4010 1088 4068; x_wconf 79' lang='lat' dir='ltr'><strong>inﬁdelitatem</strong></span> <span class='ocrx_word' id='word_1_578' title='bbox 1122 4012 1426 4083; x_wconf 88' lang='lat' dir='ltr'><strong>reprobans</strong></span> <span class='ocrx_word' id='word_1_579' title='bbox 1447 4053 1464 4078; x_wconf 91' lang='lat'><strong>,</strong></span> <span class='ocrx_word' id='word_1_580' title='bbox 1494 4020 1550 4068; x_wconf 89' lang='lat' dir='ltr'><strong>et</strong></span> <span class='ocrx_word' id='word_1_581' title='bbox 1577 4027 1701 4068; x_wconf 92' lang='lat' dir='ltr'><strong>cum</strong></span> 
     </span>
    </p>
   </div>
   <div class='ocr_carea' id='block_1_71' title="bbox 119 4103 1704 4178">
    <p class='ocr_par' dir='ltr' id='par_1_71' title="bbox 119 4103 1704 4178">
     <span class='ocr_line' id='line_1_71' title="bbox 119 4103 1704 4178; baseline 0.003 -22"><span class='ocrx_word' id='word_1_582' title='bbox 119 4103 342 4162; x_wconf 88' lang='lat' dir='ltr'><strong>clamore</strong></span> <span class='ocrx_word' id='word_1_583' title='bbox 388 4106 789 4178; x_wconf 86' lang='lat' dir='ltr'><strong>pronuntians:</strong></span> <span class='ocrx_word' id='word_1_584' title='bbox 820 4103 1022 4171; x_wconf 86' lang='lat' dir='ltr'><strong>Tacui,</strong></span> <span class='ocrx_word' id='word_1_585' title='bbox 1068 4120 1268 4171; x_wconf 85' lang='lat' dir='ltr'><strong>semper</strong></span> <span class='ocrx_word' id='word_1_586' title='bbox 1297 4106 1457 4173; x_wconf 89' lang='lat' dir='ltr'><strong>silui,</strong></span> <span class='ocrx_word' id='word_1_587' title='bbox 1501 4106 1704 4176; x_wconf 88' lang='lat' dir='ltr'><strong>patiens</strong></span> 
     </span>
    </p>
   </div>
   <div class='ocr_carea' id='block_1_72' title="bbox 121 4194 1706 4268">
    <p class='ocr_par' dir='ltr' id='par_1_72' title="bbox 121 4194 1706 4268">
     <span class='ocr_line' id='line_1_72' title="bbox 121 4194 1706 4268; baseline 0.002 -20"><span class='ocrx_word' id='word_1_588' title='bbox 121 4195 219 4262; x_wconf 75' lang='lat' dir='ltr'><strong>fui,</strong></span> <span class='ocrx_word' id='word_1_589' title='bbox 262 4200 374 4254; x_wconf 89' lang='lat' dir='ltr'><strong>sive</strong></span> <span class='ocrx_word' id='word_1_590' title='bbox 419 4207 482 4254; x_wconf 92' lang='lat' dir='ltr'><strong>ut</strong></span> <span class='ocrx_word' id='word_1_591' title='bbox 519 4196 668 4253; x_wconf 81' lang='lat' dir='ltr'><strong>LXX</strong></span> <span class='ocrx_word' id='word_1_592' title='bbox 710 4197 1113 4252; x_wconf 73' lang='lat' dir='ltr'><strong>transtulerunt</strong></span> <span class='ocrx_word' id='word_1_593' title='bbox 1143 4215 1156 4250; x_wconf 92' lang='lat'>:</span> <span class='ocrx_word' id='word_1_594' title='bbox 1185 4194 1392 4262; x_wconf 84' lang='lat' dir='ltr'><strong>Tacui,</strong></span> <span class='ocrx_word' id='word_1_595' title='bbox 1453 4197 1706 4268; x_wconf 85' lang='lat' dir='ltr'><strong>numquid</strong></span> 
     </span>
    </p>
   </div>
   <div class='ocr_carea' id='block_1_73' title="bbox 119 4286 1707 4361">
    <p class='ocr_par' dir='ltr' id='par_1_73' title="bbox 119 4286 1707 4361">
     <span class='ocr_line' id='line_1_73' title="bbox 119 4286 1707 4361; baseline 0 -17"><span class='ocrx_word' id='word_1_596' title='bbox 119 4300 296 4356; x_wconf 66' lang='lat' dir='ltr'><strong>semper</strong></span> <span class='ocrx_word' id='word_1_597' title='bbox 314 4290 490 4345; x_wconf 82' lang='lat' dir='ltr'><strong>tacebo</strong></span> <span class='ocrx_word' id='word_1_598' title='bbox 517 4287 745 4361; x_wconf 82' lang='lat' dir='ltr'><strong>(Eccles.</strong></span> <span class='ocrx_word' id='word_1_599' title='bbox 771 4303 854 4354; x_wconf 88' lang='lat' dir='ltr'><strong>tu,</strong></span> <span class='ocrx_word' id='word_1_600' title='bbox 876 4287 975 4359; x_wconf 81' lang='lat'><strong>7)?</strong></span> <span class='ocrx_word' id='word_1_601' title='bbox 999 4287 1069 4344; x_wconf 88' lang='lat' dir='ltr'><strong>Ut</strong></span> <span class='ocrx_word' id='word_1_602' title='bbox 1090 4286 1384 4357; x_wconf 88' lang='lat' dir='ltr'><strong>impleatur</strong></span> <span class='ocrx_word' id='word_1_603' title='bbox 1402 4287 1533 4343; x_wconf 91' lang='lat' dir='ltr'><strong>illud</strong></span> <span class='ocrx_word' id='word_1_604' title='bbox 1558 4287 1707 4358; x_wconf 88' lang='lat' dir='ltr'><strong>quod</strong></span> 
     </span>
    </p>
   </div>
   <div class='ocr_carea' id='block_1_74' title="bbox 121 4379 1708 4454">
    <p class='ocr_par' dir='ltr' id='par_1_74' title="bbox 121 4379 1708 4454">
     <span class='ocr_line' id='line_1_74' title="bbox 121 4379 1708 4454; baseline 0.001 -21"><span class='ocrx_word' id='word_1_605' title='bbox 121 4392 202 4445; x_wconf 83' lang='lat' dir='ltr'><strong>per</strong></span> <span class='ocrx_word' id='word_1_606' title='bbox 239 4379 591 4439; x_wconf 86' lang='lat' dir='ltr'><strong>Salomouem</strong></span> <span class='ocrx_word' id='word_1_607' title='bbox 633 4381 834 4438; x_wconf 88' lang='lat' dir='ltr'><strong>dicitur</strong></span> <span class='ocrx_word' id='word_1_608' title='bbox 865 4400 877 4436; x_wconf 91' lang='lat'>:</span> <span class='ocrx_word' id='word_1_609' title='bbox 911 4379 1136 4454; x_wconf 84' lang='lat' dir='ltr'><strong>Tempus</strong></span> <span class='ocrx_word' id='word_1_610' title='bbox 1181 4380 1408 4446; x_wconf 79' lang='lat' dir='ltr'><strong>tacendi,</strong></span> <span class='ocrx_word' id='word_1_611' title='bbox 1433 4390 1480 4435; x_wconf 92' lang='lat' dir='ltr'><strong>et</strong></span> <span class='ocrx_word' id='word_1_612' title='bbox 1510 4391 1708 4452; x_wconf 85' lang='lat' dir='ltr'><strong>tempus</strong></span> 
     </span>
    </p>
   </div>
   <div class='ocr_carea' id='block_1_75' title="bbox 123 4467 1709 4542">
    <p class='ocr_par' dir='ltr' id='par_1_75' title="bbox 123 4467 1709 4542">
     <span class='ocr_line' id='line_1_75' title="bbox 123 4467 1709 4542; baseline 0.004 -22"><span class='ocrx_word' id='word_1_613' title='bbox 123 4467 360 4537; x_wconf 84' lang='lat' dir='ltr'><strong>loquendi.</strong></span> <span class='ocrx_word' id='word_1_614' title='bbox 396 4474 461 4530; x_wconf 86' lang='lat' dir='ltr'><strong>Et</strong></span> <span class='ocrx_word' id='word_1_615' title='bbox 489 4481 586 4528; x_wconf 79' lang='lat' dir='ltr'><strong>est</strong></span> <span class='ocrx_word' id='word_1_616' title='bbox 611 4486 808 4528; x_wconf 78' lang='lat' dir='ltr'><strong>sensus</strong></span> <span class='ocrx_word' id='word_1_617' title='bbox 840 4491 853 4526; x_wconf 89' lang='lat'>:</span> <span class='ocrx_word' id='word_1_618' title='bbox 889 4471 987 4527; x_wconf 91' lang='lat' dir='ltr'><strong>Diu</strong></span> <span class='ocrx_word' id='word_1_619' title='bbox 1024 4487 1123 4528; x_wconf 80' lang='lat' dir='ltr'><strong>vos</strong></span> <span class='ocrx_word' id='word_1_620' title='bbox 1151 4471 1532 4542; x_wconf 83' lang='lat' dir='ltr'><strong>delinquentes</strong></span> <span class='ocrx_word' id='word_1_621' title='bbox 1562 4487 1709 4540; x_wconf 61' lang='lat' dir='ltr'><strong>saepe</strong></span> 
     </span>
    </p>
   </div>
   <div class='ocr_carea' id='block_1_76' title="bbox 126 4561 1707 4635">
    <p class='ocr_par' dir='ltr' id='par_1_76' title="bbox 126 4561 1707 4635">
     <span class='ocr_line' id='line_1_76' title="bbox 126 4561 1707 4635; baseline -0.001 -19"><span class='ocrx_word' id='word_1_622' title='bbox 126 4566 345 4632; x_wconf 78' lang='lat' dir='ltr'><strong>portavi;</strong></span> <span class='ocrx_word' id='word_1_623' title='bbox 371 4565 468 4622; x_wconf 88' lang='lat' dir='ltr'><strong>sed</strong></span> <span class='ocrx_word' id='word_1_624' title='bbox 498 4565 634 4635; x_wconf 82' lang='lat' dir='ltr'><strong>quia</strong></span> <span class='ocrx_word' id='word_1_625' title='bbox 665 4573 792 4620; x_wconf 84' lang='lat' dir='ltr'><strong>ante</strong></span> <span class='ocrx_word' id='word_1_626' title='bbox 821 4572 1100 4620; x_wconf 84' lang='lat' dir='ltr'><strong>tacueram</strong></span> <span class='ocrx_word' id='word_1_627' title='bbox 1123 4604 1138 4629; x_wconf 91' lang='lat'><strong>,</strong></span> <span class='ocrx_word' id='word_1_628' title='bbox 1186 4577 1528 4634; x_wconf 85' lang='lat' dir='ltr'><strong>nequaquam</strong></span> <span class='ocrx_word' id='word_1_629' title='bbox 1568 4561 1707 4616; x_wconf 91' lang='lat' dir='ltr'><strong>ultra</strong></span> 
     </span>
    </p>
   </div>
   <div class='ocr_carea' id='block_1_77' title="bbox 1801 3354 3412 3421">
    <p class='ocr_par' dir='ltr' id='par_1_77' title="bbox 1801 3354 3412 3421">
     <span class='ocr_line' id='line_1_77' title="bbox 1801 3354 3412 3421; baseline 0.003 -11"><span class='ocrx_word' id='word_1_630' title='bbox 1801 3357 1959 3412; x_wconf 80' lang='lat' dir='ltr'><strong>habes</strong></span> <span class='ocrx_word' id='word_1_631' title='bbox 2009 3372 2200 3421; x_wconf 86' lang='lat' dir='ltr'><strong>aures,</strong></span> <span class='ocrx_word' id='word_1_632' title='bbox 2246 3371 2416 3410; x_wconf 88' lang='lat' dir='ltr'><strong>nonne</strong></span> <span class='ocrx_word' id='word_1_633' title='bbox 2464 3354 2694 3410; x_wconf 83' lang='lat' dir='ltr'><strong>audies?</strong></span> <span class='ocrx_word' id='word_1_634' title='bbox 2746 3356 2814 3411; x_wconf 82' lang='lat' dir='ltr'><strong>Et</strong></span> <span class='ocrx_word' id='word_1_635' title='bbox 2860 3356 3113 3414; x_wconf 87' lang='lat' dir='ltr'><strong>Dominus</strong></span> <span class='ocrx_word' id='word_1_636' title='bbox 3153 3359 3316 3414; x_wconf 88' lang='lat' dir='ltr'><strong>voluit</strong></span> <span class='ocrx_word' id='word_1_637' title='bbox 3353 3371 3412 3415; x_wconf 90' lang='lat' dir='ltr'><strong>ut</strong></span> 
     </span>
    </p>
   </div>
   <div class='ocr_carea' id='block_1_78' title="bbox 1799 3448 3413 3524">
    <p class='ocr_par' dir='ltr' id='par_1_78' title="bbox 1799 3448 3413 3524">
     <span class='ocr_line' id='line_1_78' title="bbox 1799 3448 3413 3524; baseline 0 -18"><span class='ocrx_word' id='word_1_638' title='bbox 1799 3451 2150 3520; x_wconf 77' lang='lat' dir='ltr'><strong>sancti/icore!</strong></span> <span class='ocrx_word' id='word_1_639' title='bbox 2175 3465 2321 3514; x_wconf 88' lang='lat' dir='ltr'><strong>eum,</strong></span> <span class='ocrx_word' id='word_1_640' title='bbox 2353 3461 2399 3504; x_wconf 89' lang='lat' dir='ltr'><strong>et</strong></span> <span class='ocrx_word' id='word_1_641' title='bbox 2429 3449 2788 3520; x_wconf 78' lang='lat' dir='ltr'><strong>magniﬁcaret</strong></span> <span class='ocrx_word' id='word_1_642' title='bbox 2814 3448 2976 3524; x_wconf 70' lang='lat' dir='ltr'><strong>lcgrm</strong></span> <span class='ocrx_word' id='word_1_643' title='bbox 2995 3491 3010 3516; x_wconf 92' lang='lat'><strong>,</strong></span> <span class='ocrx_word' id='word_1_644' title='bbox 3037 3461 3086 3505; x_wconf 93' lang='lat' dir='ltr'><strong>et</strong></span> <span class='ocrx_word' id='word_1_645' title='bbox 3121 3450 3413 3506; x_wconf 76' lang='lat' dir='ltr'><strong>extolleret.</strong></span> 
     </span>
    </p>
   </div>
   <div class='ocr_carea' id='block_1_79' title="bbox 1806 3543 3418 3621">
    <p class='ocr_par' dir='ltr' id='par_1_79' title="bbox 1806 3543 3418 3621">
     <span class='ocr_line' id='line_1_79' title="bbox 1806 3543 3418 3621; baseline -0.001 -19"><span class='ocrx_word' id='word_1_646' title='bbox 1806 3547 1924 3621; x_wconf 78' lang='lat' dir='ltr'><strong>Ipse</strong></span> <span class='ocrx_word' id='word_1_647' title='bbox 1961 3555 2134 3602; x_wconf 89' lang='lat' dir='ltr'><strong>autem</strong></span> <span class='ocrx_word' id='word_1_648' title='bbox 2174 3543 2398 3618; x_wconf 86' lang='lat' dir='ltr'><strong>populus</strong></span> <span class='ocrx_word' id='word_1_649' title='bbox 2436 3545 2671 3615; x_wconf 77' lang='lat' dir='ltr'><strong>direpms</strong></span> <span class='ocrx_word' id='word_1_650' title='bbox 2708 3556 2863 3615; x_wconf 90' lang='lat' dir='ltr'><strong>atque</strong></span> <span class='ocrx_word' id='word_1_651' title='bbox 2900 3554 3165 3599; x_wconf 88' lang='lat' dir='ltr'><strong>vastatus:</strong></span> <span class='ocrx_word' id='word_1_652' title='bbox 3204 3543 3418 3615; x_wconf 86' lang='lat' dir='ltr'><strong>laqueus</strong></span> 
     </span>
    </p>
   </div>
   <div class='ocr_carea' id='block_1_80' title="bbox 1792 3635 3412 3714">
    <p class='ocr_par' dir='ltr' id='par_1_80' title="bbox 1792 3635 3412 3714">
     <span class='ocr_line' id='line_1_80' title="bbox 1792 3635 3412 3714; baseline -0.002 -19"><span class='ocrx_word' id='word_1_653' title='bbox 1792 3644 2046 3714; x_wconf 87' lang='lat' dir='ltr'><strong>juvenum</strong></span> <span class='ocrx_word' id='word_1_654' title='bbox 2094 3655 2269 3693; x_wconf 79' lang='lat' dir='ltr'><strong>omnes</strong></span> <span class='ocrx_word' id='word_1_655' title='bbox 2293 3677 2310 3705; x_wconf 92' lang='lat'><strong>,</strong></span> <span class='ocrx_word' id='word_1_656' title='bbox 2351 3647 2400 3692; x_wconf 86' lang='lat' dir='ltr'><strong>et</strong></span> <span class='ocrx_word' id='word_1_657' title='bbox 2434 3638 2489 3690; x_wconf 91' lang='lat' dir='ltr'><strong>in</strong></span> <span class='ocrx_word' id='word_1_658' title='bbox 2527 3635 2766 3691; x_wconf 85' lang='lat' dir='ltr'><strong>domibus</strong></span> <span class='ocrx_word' id='word_1_659' title='bbox 2803 3653 3070 3692; x_wconf 87' lang='lat' dir='ltr'><strong>carcerum</strong></span> <span class='ocrx_word' id='word_1_660' title='bbox 3117 3637 3412 3692; x_wconf 67' lang='lat' dir='ltr'><strong>abscoiiditi</strong></span> 
     </span>
    </p>
   </div>
   <div class='ocr_carea' id='block_1_81' title="bbox 1803 3730 3413 3804">
    <p class='ocr_par' dir='ltr' id='par_1_81' title="bbox 1803 3730 3413 3804">
     <span class='ocr_line' id='line_1_81' title="bbox 1803 3730 3413 3804; baseline -0.002 -15"><span class='ocrx_word' id='word_1_661' title='bbox 1803 3743 1925 3789; x_wconf 85' lang='lat' dir='ltr'><strong>sunt</strong></span> <span class='ocrx_word' id='word_1_662' title='bbox 1951 3748 1970 3788; x_wconf 84' lang='lat'><strong>.°</strong></span> <span class='ocrx_word' id='word_1_663' title='bbox 1998 3733 2124 3804; x_wconf 79' lang='lat' dir='ltr'><strong>facti</strong></span> <span class='ocrx_word' id='word_1_664' title='bbox 2151 3742 2274 3786; x_wconf 87' lang='lat' dir='ltr'><strong>sunt</strong></span> <span class='ocrx_word' id='word_1_665' title='bbox 2302 3731 2355 3784; x_wconf 89' lang='lat' dir='ltr'><strong>in</strong></span> <span class='ocrx_word' id='word_1_666' title='bbox 2383 3731 2625 3800; x_wconf 87' lang='lat' dir='ltr'><strong>rapinam</strong></span> <span class='ocrx_word' id='word_1_667' title='bbox 2643 3771 2659 3794; x_wconf 83' lang='lat'><strong>,</strong></span> <span class='ocrx_word' id='word_1_668' title='bbox 2691 3746 2784 3783; x_wconf 80' lang='lat' dir='ltr'><strong>nec</strong></span> <span class='ocrx_word' id='word_1_669' title='bbox 2809 3739 2886 3785; x_wconf 90' lang='lat' dir='ltr'><strong>est</strong></span> <span class='ocrx_word' id='word_1_670' title='bbox 2913 3731 3004 3802; x_wconf 88' lang='lat' dir='ltr'><strong>qui</strong></span> <span class='ocrx_word' id='word_1_671' title='bbox 3034 3739 3179 3784; x_wconf 85' lang='lat' dir='ltr'><strong>eruat</strong></span> <span class='ocrx_word' id='word_1_672' title='bbox 3197 3744 3217 3784; x_wconf 87' lang='lat'><strong><em>:</em></strong></span> <span class='ocrx_word' id='word_1_673' title='bbox 3247 3730 3302 3784; x_wconf 89' lang='lat' dir='ltr'><strong>in</strong></span> <span class='ocrx_word' id='word_1_674' title='bbox 3329 3730 3413 3785; x_wconf 84' lang='lat' dir='ltr'><strong>di-</strong></span> 
     </span>
    </p>
   </div>
   <div class='ocr_carea' id='block_1_82' title="bbox 1802 3820 3412 3892">
    <p class='ocr_par' dir='ltr' id='par_1_82' title="bbox 1802 3820 3412 3892">
     <span class='ocr_line' id='line_1_82' title="bbox 1802 3820 3412 3892; baseline 0.001 -14"><span class='ocrx_word' id='word_1_675' title='bbox 1802 3823 2086 3892; x_wconf 87' lang='lat' dir='ltr'><strong>reptionem</strong></span> <span class='ocrx_word' id='word_1_676' title='bbox 2111 3865 2127 3889; x_wconf 93' lang='lat'><strong>,</strong></span> <span class='ocrx_word' id='word_1_677' title='bbox 2151 3833 2202 3878; x_wconf 90' lang='lat' dir='ltr'><strong>et</strong></span> <span class='ocrx_word' id='word_1_678' title='bbox 2242 3833 2440 3878; x_wconf 85' lang='lat' dir='ltr'><strong>nonest</strong></span> <span class='ocrx_word' id='word_1_679' title='bbox 2469 3822 2561 3887; x_wconf 85' lang='lat' dir='ltr'><strong>qui</strong></span> <span class='ocrx_word' id='word_1_680' title='bbox 2607 3820 2792 3877; x_wconf 90' lang='lat' dir='ltr'><strong>dicat:</strong></span> <span class='ocrx_word' id='word_1_681' title='bbox 2836 3820 3040 3878; x_wconf 82' lang='lat' dir='ltr'><strong>Redde.</strong></span> <span class='ocrx_word' id='word_1_682' title='bbox 3085 3821 3214 3889; x_wconf 84' lang='lat' dir='ltr'><strong>Quis</strong></span> <span class='ocrx_word' id='word_1_683' title='bbox 3254 3834 3329 3878; x_wconf 92' lang='lat' dir='ltr'><strong>est</strong></span> <span class='ocrx_word' id='word_1_684' title='bbox 3354 3823 3412 3878; x_wconf 87' lang='lat' dir='ltr'><strong>in</strong></span> 
     </span>
    </p>
   </div>
   <div class='ocr_carea' id='block_1_83' title="bbox 1806 3913 3414 3986">
    <p class='ocr_par' dir='ltr' id='par_1_83' title="bbox 1806 3913 3414 3986">
     <span class='ocr_line' id='line_1_83' title="bbox 1806 3913 3414 3986; baseline 0.001 -18"><span class='ocrx_word' id='word_1_685' title='bbox 1806 3914 1941 3969; x_wconf 86' lang='lat' dir='ltr'><strong>vobis</strong></span> <span class='ocrx_word' id='word_1_686' title='bbox 1965 3916 2052 3986; x_wconf 89' lang='lat' dir='ltr'><strong>qui</strong></span> <span class='ocrx_word' id='word_1_687' title='bbox 2077 3914 2255 3969; x_wconf 86' lang='lat' dir='ltr'><strong>audiat</strong></span> <span class='ocrx_word' id='word_1_688' title='bbox 2275 3913 2394 3980; x_wconf 79' lang='lat' dir='ltr'><strong>hoc,</strong></span> <span class='ocrx_word' id='word_1_689' title='bbox 2422 3913 2654 3967; x_wconf 87' lang='lat' dir='ltr'><strong>attendat</strong></span> <span class='ocrx_word' id='word_1_690' title='bbox 2680 3924 2726 3966; x_wconf 91' lang='lat' dir='ltr'><strong>et</strong></span> <span class='ocrx_word' id='word_1_691' title='bbox 2751 3913 3011 3969; x_wconf 70' lang='lat' dir='ltr'><strong>auscultet</strong></span> <span class='ocrx_word' id='word_1_692' title='bbox 3038 3915 3218 3984; x_wconf 79' lang='lat' dir='ltr'><strong>futura</strong></span> <span class='ocrx_word' id='word_1_693' title='bbox 3238 3916 3263 3968; x_wconf 93' lang='lat'><strong>?</strong></span> <span class='ocrx_word' id='word_1_694' title='bbox 3286 3916 3414 3980; x_wconf 90' lang='lat' dir='ltr'><strong>Quis</strong></span> 
     </span>
    </p>
   </div>
   <div class='ocr_carea' id='block_1_84' title="bbox 1803 4005 3412 4079">
    <p class='ocr_par' dir='ltr' id='par_1_84' title="bbox 1803 4005 3412 4079">
     <span class='ocr_line' id='line_1_84' title="bbox 1803 4005 3412 4079; baseline 0 -18"><span class='ocrx_word' id='word_1_695' title='bbox 1803 4007 1948 4062; x_wconf 88' lang='lat' dir='ltr'><strong>dedit</strong></span> <span class='ocrx_word' id='word_1_696' title='bbox 1967 4009 2022 4063; x_wconf 90' lang='lat' dir='ltr'><strong>in</strong></span> <span class='ocrx_word' id='word_1_697' title='bbox 2043 4009 2383 4079; x_wconf 79' lang='lat' dir='ltr'><strong>direptionmt</strong></span> <span class='ocrx_word' id='word_1_698' title='bbox 2401 4005 2586 4073; x_wconf 89' lang='lat' dir='ltr'><strong>Iacob,</strong></span> <span class='ocrx_word' id='word_1_699' title='bbox 2613 4017 2660 4062; x_wconf 91' lang='lat' dir='ltr'><strong>et</strong></span> <span class='ocrx_word' id='word_1_700' title='bbox 2686 4006 2857 4062; x_wconf 71' lang='lat' dir='ltr'><strong>Israel</strong></span> <span class='ocrx_word' id='word_1_701' title='bbox 2882 4008 3202 4063; x_wconf 85' lang='lat' dir='ltr'><strong>vastantibus</strong></span> <span class='ocrx_word' id='word_1_702' title='bbox 3215 4010 3240 4062; x_wconf 90' lang='lat'><strong>?</strong></span> <span class='ocrx_word' id='word_1_703' title='bbox 3259 4006 3412 4062; x_wconf 78' lang='lat' dir='ltr'><strong>Non-</strong></span> 
     </span>
    </p>
   </div>
   <div class='ocr_carea' id='block_1_85' title="bbox 1805 4096 3413 4173">
    <p class='ocr_par' dir='ltr' id='par_1_85' title="bbox 1805 4096 3413 4173">
     <span class='ocr_line' id='line_1_85' title="bbox 1805 4096 3413 4173; baseline 0 -19"><span class='ocrx_word' id='word_1_704' title='bbox 1805 4116 1869 4155; x_wconf 87' lang='lat' dir='ltr'><strong>ne</strong></span> <span class='ocrx_word' id='word_1_705' title='bbox 1922 4099 2175 4155; x_wconf 87' lang='lat' dir='ltr'><strong>Dominus</strong></span> <span class='ocrx_word' id='word_1_706' title='bbox 2244 4101 2393 4173; x_wconf 88' lang='lat' dir='ltr'><strong>ipse,</strong></span> <span class='ocrx_word' id='word_1_707' title='bbox 2451 4101 2536 4154; x_wconf 88' lang='lat' dir='ltr'><strong>cui</strong></span> <span class='ocrx_word' id='word_1_708' title='bbox 2596 4100 2956 4169; x_wconf 82' lang='lat' dir='ltr'><strong>peccavimus?</strong></span> <span class='ocrx_word' id='word_1_709' title='bbox 3006 4096 3075 4153; x_wconf 86' lang='lat' dir='ltr'><strong>Et</strong></span> <span class='ocrx_word' id='word_1_710' title='bbox 3134 4096 3413 4153; x_wconf 82' lang='lat' dir='ltr'><strong>noluerunt</strong></span> 
     </span>
    </p>
   </div>
   <div class='ocr_carea' id='block_1_86' title="bbox 1805 4188 3407 4264">
    <p class='ocr_par' dir='ltr' id='par_1_86' title="bbox 1805 4188 3407 4264">
     <span class='ocr_line' id='line_1_86' title="bbox 1805 4188 3407 4264; baseline 0.001 -20"><span class='ocrx_word' id='word_1_711' title='bbox 1805 4191 1860 4245; x_wconf 88' lang='lat' dir='ltr'><strong>in</strong></span> <span class='ocrx_word' id='word_1_712' title='bbox 1916 4193 2012 4246; x_wconf 83' lang='lat' dir='ltr'><strong>uiis</strong></span> <span class='ocrx_word' id='word_1_713' title='bbox 2076 4195 2190 4264; x_wconf 86' lang='lat' dir='ltr'><strong>ejus</strong></span> <span class='ocrx_word' id='word_1_714' title='bbox 2256 4193 2568 4258; x_wconf 89' lang='lat' dir='ltr'><strong>ambulare,</strong></span> <span class='ocrx_word' id='word_1_715' title='bbox 2618 4201 2666 4244; x_wconf 92' lang='lat' dir='ltr'><strong>et</strong></span> <span class='ocrx_word' id='word_1_716' title='bbox 2728 4207 2832 4244; x_wconf 89' lang='lat' dir='ltr'><strong>non</strong></span> <span class='ocrx_word' id='word_1_717' title='bbox 2909 4190 3194 4245; x_wconf 85' lang='lat' dir='ltr'><strong>audierunt</strong></span> <span class='ocrx_word' id='word_1_718' title='bbox 3243 4188 3407 4263; x_wconf 77' lang='lat' dir='ltr'><strong>legem</strong></span> 
     </span>
    </p>
   </div>
   <div class='ocr_carea' id='block_1_87' title="bbox 1806 4281 3410 4355">
    <p class='ocr_par' dir='ltr' id='par_1_87' title="bbox 1806 4281 3410 4355">
     <span class='ocr_line' id='line_1_87' title="bbox 1806 4281 3410 4355; baseline 0.001 -19"><span class='ocrx_word' id='word_1_719' title='bbox 1806 4285 1940 4355; x_wconf 88' lang='lat' dir='ltr'><strong>ejus.</strong></span> <span class='ocrx_word' id='word_1_720' title='bbox 1966 4281 2033 4337; x_wconf 82' lang='lat' dir='ltr'><strong>Et</strong></span> <span class='ocrx_word' id='word_1_721' title='bbox 2058 4282 2243 4349; x_wconf 78' lang='lat' dir='ltr'><strong>effudit</strong></span> <span class='ocrx_word' id='word_1_722' title='bbox 2267 4299 2423 4354; x_wconf 86' lang='lat' dir='ltr'><strong>super</strong></span> <span class='ocrx_word' id='word_1_723' title='bbox 2447 4299 2563 4337; x_wconf 89' lang='lat' dir='ltr'><strong>eum</strong></span> <span class='ocrx_word' id='word_1_724' title='bbox 2587 4281 2995 4354; x_wconf 84' lang='lat' dir='ltr'><strong>indignationem</strong></span> <span class='ocrx_word' id='word_1_725' title='bbox 3011 4283 3208 4354; x_wconf 78' lang='lat' dir='ltr'><strong>furoris</strong></span> <span class='ocrx_word' id='word_1_726' title='bbox 3231 4285 3330 4348; x_wconf 90' lang='lat' dir='ltr'><strong>sui,</strong></span> <span class='ocrx_word' id='word_1_727' title='bbox 3363 4292 3410 4338; x_wconf 87' lang='lat' dir='ltr'><strong>et</strong></span> 
     </span>
    </p>
   </div>
   <div class='ocr_carea' id='block_1_88' title="bbox 1809 4373 3408 4442">
    <p class='ocr_par' dir='ltr' id='par_1_88' title="bbox 1809 4373 3408 4442">
     <span class='ocr_line' id='line_1_88' title="bbox 1809 4373 3408 4442; baseline 0.003 -14"><span class='ocrx_word' id='word_1_728' title='bbox 1809 4373 1942 4442; x_wconf 83' lang='lat' dir='ltr'><strong>forte</strong></span> <span class='ocrx_word' id='word_1_729' title='bbox 1969 4373 2158 4429; x_wconf 89' lang='lat' dir='ltr'><strong>bellum</strong></span> <span class='ocrx_word' id='word_1_730' title='bbox 2181 4390 2200 4428; x_wconf 93' lang='lat'><strong><em>:</em></strong></span> <span class='ocrx_word' id='word_1_731' title='bbox 2227 4385 2273 4428; x_wconf 86' lang='lat' dir='ltr'><strong>et</strong></span> <span class='ocrx_word' id='word_1_732' title='bbox 2299 4374 2577 4429; x_wconf 86' lang='lat' dir='ltr'><strong>combussit</strong></span> <span class='ocrx_word' id='word_1_733' title='bbox 2606 4391 2722 4430; x_wconf 89' lang='lat' dir='ltr'><strong>eum</strong></span> <span class='ocrx_word' id='word_1_734' title='bbox 2751 4375 2807 4429; x_wconf 82' lang='lat' dir='ltr'><strong>in</strong></span> <span class='ocrx_word' id='word_1_735' title='bbox 2830 4377 3080 4442; x_wconf 88' lang='lat' dir='ltr'><strong>circuitu,</strong></span> <span class='ocrx_word' id='word_1_736' title='bbox 3113 4388 3158 4432; x_wconf 87' lang='lat' dir='ltr'><strong>et</strong></span> <span class='ocrx_word' id='word_1_737' title='bbox 3188 4395 3290 4431; x_wconf 90' lang='lat' dir='ltr'><strong>non</strong></span> <span class='ocrx_word' id='word_1_738' title='bbox 3321 4393 3408 4433; x_wconf 62' lang='lat' dir='ltr'><strong>co-</strong></span> 
     </span>
    </p>
   </div>
   <div class='ocr_carea' id='block_1_89' title="bbox 1810 4451 3406 4538">
    <p class='ocr_par' dir='ltr' id='par_1_89' title="bbox 1810 4451 3406 4538">
     <span class='ocr_line' id='line_1_89' title="bbox 1810 4451 3406 4538; baseline 0.007 -21"><span class='ocrx_word' id='word_1_739' title='bbox 1810 4465 2024 4538; x_wconf 85' lang='lat' dir='ltr'><strong>gnovit:</strong></span> <span class='ocrx_word' id='word_1_740' title='bbox 2062 4476 2110 4519; x_wconf 89' lang='lat' dir='ltr'><strong>et</strong></span> <span class='ocrx_word' id='word_1_741' title='bbox 2148 4469 2411 4520; x_wconf 88' lang='lat' dir='ltr'><strong>succendit</strong></span> <span class='ocrx_word' id='word_1_742' title='bbox 2450 4484 2598 4530; x_wconf 89' lang='lat' dir='ltr'><strong>eum.</strong></span> <span class='ocrx_word' id='word_1_743' title='bbox 2639 4479 2688 4523; x_wconf 91' lang='lat' dir='ltr'><strong>et</strong></span> <span class='ocrx_word' id='word_1_744' title='bbox 2735 4485 2839 4524; x_wconf 91' lang='lat' dir='ltr'><strong>non</strong></span> <span class='ocrx_word' id='word_1_745' title='bbox 2887 4471 3168 4526; x_wconf 70' lang='lat' dir='ltr'><strong>intellexit.</strong></span> <span class='ocrx_word' id='word_1_746' title='bbox 3221 4451 3406 4528; x_wconf 76' lang='lat' dir='ltr'><strong>LXX:</strong></span> 
     </span>
    </p>
   </div>
   <div class='ocr_carea' id='block_1_90' title="bbox 1813 4555 3415 4630">
    <p class='ocr_par' dir='ltr' id='par_1_90' title="bbox 1813 4555 3415 4630">
     <span class='ocr_line' id='line_1_90' title="bbox 1813 4555 3415 4630; baseline 0.004 -18"><span class='ocrx_word' id='word_1_747' title='bbox 1813 4555 2000 4618; x_wconf 81' lang='lat' dir='ltr'><strong>Sardi,</strong></span> <span class='ocrx_word' id='word_1_748' title='bbox 2033 4558 2238 4622; x_wconf 86' lang='lat' dir='ltr'><strong>audite,</strong></span> <span class='ocrx_word' id='word_1_749' title='bbox 2260 4569 2310 4612; x_wconf 91' lang='lat' dir='ltr'><strong>et</strong></span> <span class='ocrx_word' id='word_1_750' title='bbox 2345 4560 2488 4624; x_wconf 75' lang='lat' dir='ltr'><strong>eieci,</strong></span> <span class='ocrx_word' id='word_1_751' title='bbox 2515 4561 2765 4628; x_wconf 88' lang='lat' dir='ltr'><strong>suspicite</strong></span> <span class='ocrx_word' id='word_1_752' title='bbox 2787 4603 2800 4620; x_wconf 83' lang='grc'>,</span> <span class='ocrx_word' id='word_1_753' title='bbox 2832 4572 2887 4615; x_wconf 92' lang='lat' dir='ltr'><strong>ut</strong></span> <span class='ocrx_word' id='word_1_754' title='bbox 2913 4565 3152 4618; x_wconf 85' lang='lat' dir='ltr'><strong>videatis.</strong></span> <span class='ocrx_word' id='word_1_755' title='bbox 3182 4565 3310 4630; x_wconf 45' lang='lat' dir='ltr'><strong>Qui.»</strong></span> <span class='ocrx_word' id='word_1_756' title='bbox 3338 4575 3415 4619; x_wconf 88' lang='lat' dir='ltr'><strong>est</strong></span> 
     </span>
    </p>
   </div>
   <div class='ocr_carea' id='block_1_91' title="bbox 131 4637 3414 4727">
    <p class='ocr_par' dir='ltr' id='par_1_91' title="bbox 131 4637 3414 4727">
     <span class='ocr_line' id='line_1_91' title="bbox 131 4637 3414 4727; baseline 0.001 -23"><span class='ocrx_word' id='word_1_757' title='bbox 131 4655 368 4712; x_wconf 86' lang='lat' dir='ltr'><strong>reticebo.</strong></span> <span class='ocrx_word' id='word_1_758' title='bbox 398 4659 462 4714; x_wconf 84' lang='lat' dir='ltr'><strong>Et</strong></span> <span class='ocrx_word' id='word_1_759' title='bbox 492 4656 776 4727; x_wconf 84' lang='lat' dir='ltr'><strong>quomodo</strong></span> <span class='ocrx_word' id='word_1_760' title='bbox 797 4655 1017 4726; x_wconf 86' lang='lat' dir='ltr'><strong>pariens</strong></span> <span class='ocrx_word' id='word_1_761' title='bbox 1041 4656 1093 4710; x_wconf 91' lang='lat' dir='ltr'><strong>in</strong></span> <span class='ocrx_word' id='word_1_762' title='bbox 1117 4655 1294 4710; x_wconf 82' lang='lat' dir='ltr'><strong>lucem</strong></span> <span class='ocrx_word' id='word_1_763' title='bbox 1323 4652 1600 4724; x_wconf 80' lang='lat' dir='ltr'><strong>profundit</strong></span> <span class='ocrx_word' id='word_1_764' title='bbox 1619 4652 1701 4708; x_wconf 87' lang='lat' dir='ltr'><strong>iu-</strong></span> <span class='ocrx_word' id='word_1_765' title='bbox 1730 4637 1784 4700; x_wconf 85' lang='lat' dir='ltr'><strong>D</strong></span> <span class='ocrx_word' id='word_1_766' title='bbox 1809 4665 2007 4710; x_wconf 62' lang='lat' dir='ltr'><strong>caicus.</strong></span> <span class='ocrx_word' id='word_1_767' title='bbox 2037 4651 2137 4704; x_wconf 87' lang='lat' dir='ltr'><strong>nisi</strong></span> <span class='ocrx_word' id='word_1_768' title='bbox 2173 4652 2318 4722; x_wconf 87' lang='lat' dir='ltr'><strong>pueri</strong></span> <span class='ocrx_word' id='word_1_769' title='bbox 2359 4651 2458 4704; x_wconf 88' lang='lat' dir='ltr'><strong>mei</strong></span> <span class='ocrx_word' id='word_1_770' title='bbox 2479 4666 2498 4703; x_wconf 90' lang='lat'><strong><em>:</em></strong></span> <span class='ocrx_word' id='word_1_771' title='bbox 2536 4662 2584 4704; x_wconf 89' lang='lat' dir='ltr'><strong>et</strong></span> <span class='ocrx_word' id='word_1_772' title='bbox 2617 4652 2764 4704; x_wconf 91' lang='lat' dir='ltr'><strong>surdi</strong></span> <span class='ocrx_word' id='word_1_773' title='bbox 2783 4692 2797 4713; x_wconf 87' lang='lat'><strong>.</strong></span> <span class='ocrx_word' id='word_1_774' title='bbox 2827 4653 2927 4706; x_wconf 92' lang='lat' dir='ltr'><strong>nisi</strong></span> <span class='ocrx_word' id='word_1_775' title='bbox 2954 4657 3044 4724; x_wconf 88' lang='lat' dir='ltr'><strong>qui</strong></span> <span class='ocrx_word' id='word_1_776' title='bbox 3073 4655 3414 4712; x_wconf 83' lang='lat' dir='ltr'><strong>dominantur</strong></span> 
     </span>
    </p>
   </div>
   <div class='ocr_carea' id='block_1_92' title="bbox 133 4741 1702 4819">
    <p class='ocr_par' dir='ltr' id='par_1_92' title="bbox 133 4741 1702 4819">
     <span class='ocr_line' id='line_1_92' title="bbox 133 4741 1702 4819; baseline 0.004 -24"><span class='ocrx_word' id='word_1_777' title='bbox 133 4741 330 4816; x_wconf 81' lang='lat' dir='ltr'><strong>laniem,</strong></span> <span class='ocrx_word' id='word_1_778' title='bbox 377 4757 432 4805; x_wconf 90' lang='lat' dir='ltr'><strong>et</strong></span> <span class='ocrx_word' id='word_1_779' title='bbox 468 4758 724 4819; x_wconf 85' lang='lat' dir='ltr'><strong>apertum</strong></span> <span class='ocrx_word' id='word_1_780' title='bbox 755 4748 885 4803; x_wconf 78' lang='lat' dir='ltr'><strong>facit</strong></span> <span class='ocrx_word' id='word_1_781' title='bbox 921 4761 1046 4804; x_wconf 74' lang='lat' dir='ltr'><strong>esse</strong></span> <span class='ocrx_word' id='word_1_782' title='bbox 1075 4746 1220 4817; x_wconf 87' lang='lat' dir='ltr'><strong>quod</strong></span> <span class='ocrx_word' id='word_1_783' title='bbox 1269 4747 1419 4818; x_wconf 81' lang='lat' dir='ltr'><strong>prius</strong></span> <span class='ocrx_word' id='word_1_784' title='bbox 1451 4745 1702 4802; x_wconf 82' lang='lat' dir='ltr'><strong>clausum</strong></span> 
     </span>
    </p>
   </div>
   <div class='ocr_carea' id='block_1_93' title="bbox 138 4833 1707 4911">
    <p class='ocr_par' dir='ltr' id='par_1_93' title="bbox 138 4833 1707 4911">
     <span class='ocr_line' id='line_1_93' title="bbox 138 4833 1707 4911; baseline 0.005 -24"><span class='ocrx_word' id='word_1_785' title='bbox 138 4833 183 4889; x_wconf 89' lang='lat' dir='ltr'><strong>in</strong></span> <span class='ocrx_word' id='word_1_786' title='bbox 217 4841 502 4898; x_wconf 79' lang='lat' dir='ltr'><strong>visceribus</strong></span> <span class='ocrx_word' id='word_1_787' title='bbox 548 4841 841 4897; x_wconf 86' lang='lat' dir='ltr'><strong>tenebatur</strong></span> <span class='ocrx_word' id='word_1_788' title='bbox 874 4859 886 4894; x_wconf 90' lang='lat'><strong>:</strong></span> <span class='ocrx_word' id='word_1_789' title='bbox 916 4841 996 4895; x_wconf 89' lang='lat' dir='ltr'><strong>sic</strong></span> <span class='ocrx_word' id='word_1_790' title='bbox 1036 4853 1139 4911; x_wconf 91' lang='lat' dir='ltr'><strong>ego</strong></span> <span class='ocrx_word' id='word_1_791' title='bbox 1163 4839 1407 4895; x_wconf 88' lang='lat' dir='ltr'><strong>dolorem</strong></span> <span class='ocrx_word' id='word_1_792' title='bbox 1438 4854 1619 4896; x_wconf 89' lang='lat' dir='ltr'><strong>meum</strong></span> <span class='ocrx_word' id='word_1_793' title='bbox 1651 4847 1707 4895; x_wconf 90' lang='lat' dir='ltr'><strong>et</strong></span> 
     </span>
    </p>
   </div>
   <div class='ocr_carea' id='block_1_94' title="bbox 142 4927 1704 5008">
    <p class='ocr_par' dir='ltr' id='par_1_94' title="bbox 142 4927 1704 5008">
     <span class='ocr_line' id='line_1_94' title="bbox 142 4927 1704 5008; baseline 0.003 -25"><span class='ocrx_word' id='word_1_794' title='bbox 142 4927 600 4992; x_wconf 83' lang='lat' dir='ltr'><strong>dissimulationem</strong></span> <span class='ocrx_word' id='word_1_795' title='bbox 631 4949 792 5008; x_wconf 89' lang='lat' dir='ltr'><strong>quam</strong></span> <span class='ocrx_word' id='word_1_796' title='bbox 826 4949 1046 5005; x_wconf 88' lang='lat' dir='ltr'><strong>semper</strong></span> <span class='ocrx_word' id='word_1_797' title='bbox 1077 4933 1239 4989; x_wconf 88' lang='lat' dir='ltr'><strong>habui</strong></span> <span class='ocrx_word' id='word_1_798' title='bbox 1276 4948 1441 5000; x_wconf 89' lang='lat' dir='ltr'><strong>super</strong></span> <span class='ocrx_word' id='word_1_799' title='bbox 1477 4931 1704 4990; x_wconf 76' lang='lat' dir='ltr'><strong>sceleri-</strong></span> 
     </span>
    </p>
   </div>
   <div class='ocr_carea' id='block_1_95' title="bbox 144 5020 1707 5098">
    <p class='ocr_par' dir='ltr' id='par_1_95' title="bbox 144 5020 1707 5098">
     <span class='ocr_line' id='line_1_95' title="bbox 144 5020 1707 5098; baseline 0.004 -22"><span class='ocrx_word' id='word_1_800' title='bbox 144 5020 231 5078; x_wconf 81' lang='lat' dir='ltr'><strong>bus</strong></span> <span class='ocrx_word' id='word_1_801' title='bbox 255 5029 461 5095; x_wconf 87' lang='lat' dir='ltr'><strong>vestris,</strong></span> <span class='ocrx_word' id='word_1_802' title='bbox 491 5044 638 5086; x_wconf 90' lang='lat' dir='ltr'><strong>nunc</strong></span> <span class='ocrx_word' id='word_1_803' title='bbox 661 5027 955 5098; x_wconf 79' lang='lat' dir='ltr'><strong>proferam,</strong></span> <span class='ocrx_word' id='word_1_804' title='bbox 987 5037 1040 5083; x_wconf 90' lang='lat' dir='ltr'><strong>et</strong></span> <span class='ocrx_word' id='word_1_805' title='bbox 1062 5025 1338 5097; x_wconf 57' lang='lat' dir='ltr'><strong>dissipabo</strong></span> <span class='ocrx_word' id='word_1_806' title='bbox 1366 5033 1547 5081; x_wconf 88' lang='lat' dir='ltr'><strong>vestra</strong></span> <span class='ocrx_word' id='word_1_807' title='bbox 1576 5041 1707 5083; x_wconf 90' lang='lat' dir='ltr'><strong>con-</strong></span> 
     </span>
    </p>
   </div>
   <div class='ocr_carea' id='block_1_96' title="bbox 147 5116 1706 5193">
    <p class='ocr_par' dir='ltr' id='par_1_96' title="bbox 147 5116 1706 5193">
     <span class='ocr_line' id='line_1_96' title="bbox 147 5116 1706 5193; baseline 0.004 -24"><span class='ocrx_word' id='word_1_808' title='bbox 147 5116 252 5174; x_wconf 83' lang='lat' dir='ltr'><strong>silia</strong></span> <span class='ocrx_word' id='word_1_809' title='bbox 275 5138 288 5176; x_wconf 86' lang='lat'><strong>:</strong></span> <span class='ocrx_word' id='word_1_810' title='bbox 314 5131 337 5158; x_wconf 79' lang='grc' dir='ltr'>ι</span> <span class='ocrx_word' id='word_1_811' title='bbox 357 5138 571 5193; x_wconf 87' lang='lat' dir='ltr'><strong>unoque</strong></span> <span class='ocrx_word' id='word_1_812' title='bbox 611 5132 860 5193; x_wconf 88' lang='lat' dir='ltr'><strong>tempore</strong></span> <span class='ocrx_word' id='word_1_813' title='bbox 886 5121 1202 5178; x_wconf 87' lang='lat' dir='ltr'><strong>absorbebo</strong></span> <span class='ocrx_word' id='word_1_814' title='bbox 1236 5122 1550 5177; x_wconf 89' lang='lat' dir='ltr'><strong>universam</strong></span> <span class='ocrx_word' id='word_1_815' title='bbox 1571 5136 1706 5191; x_wconf 88' lang='lat' dir='ltr'><strong>gen-</strong></span> 
     </span>
    </p>
   </div>
   <div class='ocr_carea' id='block_1_97' title="bbox 150 5214 1710 5286">
    <p class='ocr_par' dir='ltr' id='par_1_97' title="bbox 150 5214 1710 5286">
     <span class='ocr_line' id='line_1_97' title="bbox 150 5214 1710 5286; baseline 0.003 -22"><span class='ocrx_word' id='word_1_816' title='bbox 150 5215 260 5277; x_wconf 81' lang='lat' dir='ltr'><strong>tem,</strong></span> <span class='ocrx_word' id='word_1_817' title='bbox 300 5223 351 5269; x_wconf 88' lang='lat' dir='ltr'><strong>et</strong></span> <span class='ocrx_word' id='word_1_818' title='bbox 394 5230 611 5272; x_wconf 87' lang='lat' dir='ltr'><strong>omnem</strong></span> <span class='ocrx_word' id='word_1_819' title='bbox 657 5214 972 5286; x_wconf 85' lang='lat' dir='ltr'><strong>superbiam</strong></span> <span class='ocrx_word' id='word_1_820' title='bbox 1021 5215 1288 5270; x_wconf 78' lang='lat' dir='ltr'><strong>amntium</strong></span> <span class='ocrx_word' id='word_1_821' title='bbox 1330 5225 1710 5284; x_wconf 85' lang='lat' dir='ltr'><strong>tumoremque</strong></span> 
     </span>
    </p>
   </div>
   <div class='ocr_carea' id='block_1_98' title="bbox 150 5301 1708 5380">
    <p class='ocr_par' dir='ltr' id='par_1_98' title="bbox 150 5301 1708 5380">
     <span class='ocr_line' id='line_1_98' title="bbox 150 5301 1708 5380; baseline 0.004 -25"><span class='ocrx_word' id='word_1_822' title='bbox 150 5301 340 5360; x_wconf 80' lang='lat' dir='ltr'><strong>cnllium</strong></span> <span class='ocrx_word' id='word_1_823' title='bbox 368 5320 693 5365; x_wconf 81' lang='lat' dir='ltr'><strong>vestrorum.</strong></span> <span class='ocrx_word' id='word_1_824' title='bbox 722 5309 790 5364; x_wconf 84' lang='lat' dir='ltr'><strong>Et</strong></span> <span class='ocrx_word' id='word_1_825' title='bbox 832 5309 1042 5377; x_wconf 81' lang='lat' dir='ltr'><strong>fenum,</strong></span> <span class='ocrx_word' id='word_1_826' title='bbox 1074 5309 1144 5365; x_wconf 89' lang='lat' dir='ltr'><strong>de</strong></span> <span class='ocrx_word' id='word_1_827' title='bbox 1170 5323 1280 5379; x_wconf 85' lang='lat' dir='ltr'><strong>quo</strong></span> <span class='ocrx_word' id='word_1_828' title='bbox 1315 5323 1476 5380; x_wconf 88' lang='lat' dir='ltr'><strong>supra</strong></span> <span class='ocrx_word' id='word_1_829' title='bbox 1506 5307 1708 5363; x_wconf 89' lang='lat' dir='ltr'><strong>dictum</strong></span> 
     </span>
    </p>
   </div>
   <div class='ocr_carea' id='block_1_99' title="bbox 153 5396 1715 5472">
    <p class='ocr_par' dir='ltr' id='par_1_99' title="bbox 153 5396 1715 5472">
     <span class='ocr_line' id='line_1_99' title="bbox 153 5396 1715 5472; baseline 0.003 -23"><span class='ocrx_word' id='word_1_830' title='bbox 153 5405 218 5445; x_wconf 79' lang='lat' dir='ltr'><strong>est</strong></span> <span class='ocrx_word' id='word_1_831' title='bbox 249 5413 259 5447; x_wconf 90' lang='lat'><strong>:</strong></span> <span class='ocrx_word' id='word_1_832' title='bbox 296 5396 413 5454; x_wconf 82' lang='lat' dir='ltr'><strong>Vere</strong></span> <span class='ocrx_word' id='word_1_833' title='bbox 439 5405 613 5471; x_wconf 76' lang='lat' dir='ltr'><strong>fenum</strong></span> <span class='ocrx_word' id='word_1_834' title='bbox 641 5411 714 5456; x_wconf 86' lang='lat' dir='ltr'><strong>est</strong></span> <span class='ocrx_word' id='word_1_835' title='bbox 742 5399 1000 5472; x_wconf 85' lang='lat' dir='ltr'><strong>populus.</strong></span> <span class='ocrx_word' id='word_1_836' title='bbox 1040 5399 1091 5455; x_wconf 90' lang='lat' dir='ltr'><strong>id</strong></span> <span class='ocrx_word' id='word_1_837' title='bbox 1141 5409 1260 5463; x_wconf 85' lang='lat' dir='ltr'><strong>est.</strong></span> <span class='ocrx_word' id='word_1_838' title='bbox 1301 5413 1407 5454; x_wconf 89' lang='lat' dir='ltr'><strong>tam</strong></span> <span class='ocrx_word' id='word_1_839' title='bbox 1439 5398 1715 5471; x_wconf 78' lang='lat' dir='ltr'><strong>principes</strong></span> 
     </span>
    </p>
   </div>
   <div class='ocr_carea' id='block_1_100' title="bbox 155 5491 1712 5563">
    <p class='ocr_par' dir='ltr' id='par_1_100' title="bbox 155 5491 1712 5563">
     <span class='ocr_line' id='line_1_100' title="bbox 155 5491 1712 5563; baseline -0.001 -15"><span class='ocrx_word' id='word_1_840' title='bbox 155 5494 289 5548; x_wconf 69' lang='lat' dir='ltr'><strong>Quam</strong></span> <span class='ocrx_word' id='word_1_841' title='bbox 337 5491 522 5561; x_wconf 85' lang='lat' dir='ltr'><strong>vulgus</strong></span> <span class='ocrx_word' id='word_1_842' title='bbox 551 5493 816 5563; x_wconf 89' lang='lat' dir='ltr'><strong>ignobile,</strong></span> <span class='ocrx_word' id='word_1_843' title='bbox 858 5493 912 5546; x_wconf 89' lang='lat' dir='ltr'><strong>iu</strong></span> <span class='ocrx_word' id='word_1_844' title='bbox 938 5492 1215 5548; x_wconf 85' lang='lat' dir='ltr'><strong>desertum</strong></span> <span class='ocrx_word' id='word_1_845' title='bbox 1262 5493 1525 5563; x_wconf 77' lang='lat' dir='ltr'><strong>redigam.</strong></span> <span class='ocrx_word' id='word_1_846' title='bbox 1558 5491 1712 5561; x_wconf 75' lang='lat' dir='ltr'><strong>Quod</strong></span> 
     </span>
    </p>
   </div>
   <div class='ocr_carea' id='block_1_101' title="bbox 159 5570 1713 5664">
    <p class='ocr_par' dir='ltr' id='par_1_101' title="bbox 159 5570 1713 5664">
     <span class='ocr_line' id='line_1_101' title="bbox 159 5570 1713 5664; baseline 0.008 -34"><span class='ocrx_word' id='word_1_847' title='bbox 159 5570 201 5664; x_wconf 60' lang='lat' dir='ltr'><strong>in</strong></span> <span class='ocrx_word' id='word_1_848' title='bbox 227 5575 357 5635; x_wconf 74' lang='lat' dir='ltr'><strong>LXX</strong></span> <span class='ocrx_word' id='word_1_849' title='bbox 383 5583 450 5638; x_wconf 85' lang='lat' dir='ltr'><strong>de</strong></span> <span class='ocrx_word' id='word_1_850' title='bbox 473 5583 867 5664; x_wconf 78' lang='lat' dir='ltr'><strong>Theodotionis</strong></span> <span class='ocrx_word' id='word_1_851' title='bbox 908 5586 1148 5642; x_wconf 73' lang='lat' dir='ltr'><strong>editione</strong></span> <span class='ocrx_word' id='word_1_852' title='bbox 1187 5585 1429 5641; x_wconf 79' lang='lat' dir='ltr'><strong>additum</strong></span> <span class='ocrx_word' id='word_1_853' title='bbox 1469 5598 1549 5642; x_wconf 89' lang='lat' dir='ltr'><strong>cst</strong></span> <span class='ocrx_word' id='word_1_854' title='bbox 1575 5627 1592 5653; x_wconf 94' lang='lat'><strong>,</strong></span> <span class='ocrx_word' id='word_1_855' title='bbox 1623 5587 1713 5656; x_wconf 89' lang='lat' dir='ltr'><strong>qui</strong></span> 
     </span>
    </p>
   </div>
   <div class='ocr_carea' id='block_1_102' title="bbox 160 5659 1718 5750">
    <p class='ocr_par' dir='ltr' id='par_1_102' title="bbox 160 5659 1718 5750">
     <span class='ocr_line' id='line_1_102' title="bbox 160 5659 1718 5750; baseline 0.008 -28"><span class='ocrx_word' id='word_1_856' title='bbox 160 5659 256 5723; x_wconf 75' lang='lat' dir='ltr'><strong>ha-c</strong></span> <span class='ocrx_word' id='word_1_857' title='bbox 294 5674 446 5729; x_wconf 77' lang='lat' dir='ltr'><strong>verba</strong></span> <span class='ocrx_word' id='word_1_858' title='bbox 478 5659 720 5733; x_wconf 76' lang='lat' dir='ltr'><strong>tacuerat</strong></span> <span class='ocrx_word' id='word_1_859' title='bbox 751 5676 913 5750; x_wconf 89' lang='lat' dir='ltr'><strong>(Vide</strong></span> <span class='ocrx_word' id='word_1_860' title='bbox 940 5694 1128 5749; x_wconf 87' lang='lat' dir='ltr'><strong>supra,</strong></span> <span class='ocrx_word' id='word_1_861' title='bbox 1161 5693 1277 5750; x_wconf 91' lang='lat' dir='ltr'><strong>cap.</strong></span> <span class='ocrx_word' id='word_1_862' title='bbox 1316 5692 1394 5746; x_wconf 89' lang='lat' dir='ltr'><strong>tv,</strong></span> <span class='ocrx_word' id='word_1_863' title='bbox 1430 5677 1511 5749; x_wconf 87' lang='lat'><strong>7).</strong></span> <span class='ocrx_word' id='word_1_864' title='bbox 1553 5677 1718 5734; x_wconf 88' lang='lat' dir='ltr'><strong>Cum-</strong></span> 
     </span>
    </p>
   </div>
   <div class='ocr_carea' id='block_1_103' title="bbox 219 5826 1404 5912">
    <p class='ocr_par' dir='ltr' id='par_1_103' title="bbox 219 5826 1404 5912">
     <span class='ocr_line' id='line_1_103' title="bbox 219 5826 1404 5912; baseline 0.01 -29"><span class='ocrx_word' id='word_1_865' title='bbox 219 5834 241 5863; x_wconf 78' lang='grc'><strong><em>⁸</em></strong></span> <span class='ocrx_word' id='word_1_866' title='bbox 265 5826 428 5888; x_wconf 74' lang='lat' dir='ltr'><strong>Antea</strong></span> <span class='ocrx_word' id='word_1_867' title='bbox 458 5845 608 5893; x_wconf 86' lang='lat' dir='ltr'><strong>erat:</strong></span> <span class='ocrx_word' id='word_1_868' title='bbox 650 5837 768 5895; x_wconf 90' lang='lat' dir='ltr'><strong>Uno</strong></span> <span class='ocrx_word' id='word_1_869' title='bbox 793 5854 992 5909; x_wconf 86' lang='lat' dir='ltr'><strong>quoque</strong></span> <span class='ocrx_word' id='word_1_870' title='bbox 1020 5851 1272 5912; x_wconf 83' lang='lat' dir='ltr'><strong>tempore,</strong></span> <span class='ocrx_word' id='word_1_871' title='bbox 1295 5848 1404 5896; x_wconf 87' lang='lat' dir='ltr'><strong>etc.</strong></span> 
     </span>
    </p>
   </div>
   <div class='ocr_carea' id='block_1_104' title="bbox 421 5925 996 5996">
    <p class='ocr_par' dir='ltr' id='par_1_104' title="bbox 421 5925 996 5996">
     <span class='ocr_line' id='line_1_104' title="bbox 421 5925 996 5996; baseline 0.005 -6"><span class='ocrx_word' id='word_1_872' title='bbox 421 5925 696 5993; x_wconf 69' lang='lat' dir='ltr'><strong>Panos.</strong></span> <span class='ocrx_word' id='word_1_873' title='bbox 759 5929 996 5996; x_wconf 74' lang='lat' dir='ltr'><strong>XXIV.</strong></span> 
     </span>
    </p>
   </div>
   <div class='ocr_carea' id='block_1_105' title="bbox 1806 4741 3412 4819">
    <p class='ocr_par' dir='ltr' id='par_1_105' title="bbox 1806 4741 3412 4819">
     <span class='ocr_line' id='line_1_105' title="bbox 1806 4741 3412 4819; baseline 0.001 -18"><span class='ocrx_word' id='word_1_874' title='bbox 1806 4743 2168 4810; x_wconf 83' lang='lat' dir='ltr'><strong>eorum?Qtlis</strong></span> <span class='ocrx_word' id='word_1_875' title='bbox 2187 4741 2550 4816; x_wconf 71' lang='lat' dir='ltr'><strong>cwcus(quta</strong></span> <span class='ocrx_word' id='word_1_876' title='bbox 2567 4742 2826 4817; x_wconf 81' lang='lat' dir='ltr'><strong>Complut.</strong></span> <span class='ocrx_word' id='word_1_877' title='bbox 2858 4746 3072 4800; x_wconf 87' lang='lat' dir='ltr'><strong>edition.</strong></span> <span class='ocrx_word' id='word_1_878' title='bbox 3105 4755 3206 4805; x_wconf 84' lang='grc' dir='ltr'><strong>τῶν</strong></span> <span class='ocrx_word' id='word_1_879' title='bbox 3240 4746 3412 4819; x_wconf 80' lang='lat' dir='ltr'><strong>LXX)</strong></span> 
     </span>
    </p>
   </div>
   <div class='ocr_carea' id='block_1_106' title="bbox 1806 4837 3408 4908">
    <p class='ocr_par' dir='ltr' id='par_1_106' title="bbox 1806 4837 3408 4908">
     <span class='ocr_line' id='line_1_106' title="bbox 1806 4837 3408 4908; baseline 0.004 -16"><span class='ocrx_word' id='word_1_880' title='bbox 1806 4837 1908 4892; x_wconf 87' lang='lat' dir='ltr'><strong>nisi</strong></span> <span class='ocrx_word' id='word_1_881' title='bbox 1943 4837 2036 4908; x_wconf 87' lang='lat' dir='ltr'><strong>qui</strong></span> <span class='ocrx_word' id='word_1_882' title='bbox 2077 4837 2305 4907; x_wconf 85' lang='lat' dir='ltr'><strong>recepit:</strong></span> <span class='ocrx_word' id='word_1_883' title='bbox 2335 4847 2381 4892; x_wconf 91' lang='lat' dir='ltr'><strong>et</strong></span> <span class='ocrx_word' id='word_1_884' title='bbox 2417 4837 2658 4891; x_wconf 72' lang='lat' dir='ltr'><strong>excwcati</strong></span> <span class='ocrx_word' id='word_1_885' title='bbox 2703 4847 2824 4891; x_wconf 91' lang='lat' dir='ltr'><strong>sunt</strong></span> <span class='ocrx_word' id='word_1_886' title='bbox 2867 4840 2998 4891; x_wconf 89' lang='lat' dir='ltr'><strong>servi</strong></span> <span class='ocrx_word' id='word_1_887' title='bbox 3041 4838 3159 4892; x_wconf 88' lang='lat' dir='ltr'><strong>Dei.</strong></span> <span class='ocrx_word' id='word_1_888' title='bbox 3194 4839 3408 4899; x_wconf 85' lang='lat' dir='ltr'><strong>Vidistis</strong></span> 
     </span>
    </p>
   </div>
   <div class='ocr_carea' id='block_1_107' title="bbox 1779 4930 3408 5001">
    <p class='ocr_par' dir='ltr' id='par_1_107' title="bbox 1779 4930 3408 5001">
     <span class='ocr_line' id='line_1_107' title="bbox 1779 4930 3408 5001; baseline 0.006 -20"><span class='ocrx_word' id='word_1_889' title='bbox 1779 4945 1972 5001; x_wconf 62' lang='lat' dir='ltr'><strong>~stcpe,</strong></span> <span class='ocrx_word' id='word_1_890' title='bbox 2015 4938 2064 4984; x_wconf 78' lang='lat' dir='ltr'><strong>et</strong></span> <span class='ocrx_word' id='word_1_891' title='bbox 2101 4946 2204 4984; x_wconf 89' lang='lat' dir='ltr'><strong>non</strong></span> <span class='ocrx_word' id='word_1_892' title='bbox 2242 4930 2539 4985; x_wconf 89' lang='lat' dir='ltr'><strong>custodistis</strong></span> <span class='ocrx_word' id='word_1_893' title='bbox 2563 4945 2584 4985; x_wconf 88' lang='lat'><strong><em>:</em></strong></span> <span class='ocrx_word' id='word_1_894' title='bbox 2611 4941 2806 5000; x_wconf 78' lang='lat' dir='ltr'><strong>aperta:</strong></span> <span class='ocrx_word' id='word_1_895' title='bbox 2841 4944 2959 4984; x_wconf 88' lang='lat' dir='ltr'><strong>sunt</strong></span> <span class='ocrx_word' id='word_1_896' title='bbox 2998 4948 3170 4998; x_wconf 87' lang='lat' dir='ltr'><strong>aures,</strong></span> <span class='ocrx_word' id='word_1_897' title='bbox 3211 4945 3262 4987; x_wconf 89' lang='lat' dir='ltr'><strong>et</strong></span> <span class='ocrx_word' id='word_1_898' title='bbox 3302 4951 3408 4991; x_wconf 87' lang='lat' dir='ltr'><strong>non</strong></span> 
     </span>
    </p>
   </div>
   <div class='ocr_carea' id='block_1_108' title="bbox 1809 5021 3413 5096">
    <p class='ocr_par' dir='ltr' id='par_1_108' title="bbox 1809 5021 3413 5096">
     <span class='ocr_line' id='line_1_108' title="bbox 1809 5021 3413 5096; baseline 0.008 -22"><span class='ocrx_word' id='word_1_899' title='bbox 1809 5022 2048 5077; x_wconf 87' lang='lat' dir='ltr'><strong>audistis.</strong></span> <span class='ocrx_word' id='word_1_900' title='bbox 2094 5022 2347 5078; x_wconf 86' lang='lat' dir='ltr'><strong>Dominus</strong></span> <span class='ocrx_word' id='word_1_901' title='bbox 2378 5021 2515 5076; x_wconf 82' lang='lat' dir='ltr'><strong>Deus</strong></span> <span class='ocrx_word' id='word_1_902' title='bbox 2541 5021 2702 5078; x_wconf 88' lang='lat' dir='ltr'><strong>voluit</strong></span> <span class='ocrx_word' id='word_1_903' title='bbox 2727 5033 2782 5077; x_wconf 89' lang='lat' dir='ltr'><strong>ut</strong></span> <span class='ocrx_word' id='word_1_904' title='bbox 2801 5024 3200 5096; x_wconf 79' lang='lat' dir='ltr'><strong>justiﬁcaretur,</strong></span> <span class='ocrx_word' id='word_1_905' title='bbox 3228 5038 3278 5083; x_wconf 89' lang='lat' dir='ltr'><strong>et</strong></span> <span class='ocrx_word' id='word_1_906' title='bbox 3303 5046 3413 5087; x_wconf 85' lang='lat' dir='ltr'><strong>ma-</strong></span> 
     </span>
    </p>
   </div>
   <div class='ocr_carea' id='block_1_109' title="bbox 1809 5114 3416 5191">
    <p class='ocr_par' dir='ltr' id='par_1_109' title="bbox 1809 5114 3416 5191">
     <span class='ocr_line' id='line_1_109' title="bbox 1809 5114 3416 5191; baseline 0.007 -22"><span class='ocrx_word' id='word_1_907' title='bbox 1809 5115 2078 5188; x_wconf 79' lang='lat' dir='ltr'><strong>gniﬁcam</strong></span> <span class='ocrx_word' id='word_1_908' title='bbox 2117 5115 2346 5170; x_wconf 87' lang='lat' dir='ltr'><strong>laudem.</strong></span> <span class='ocrx_word' id='word_1_909' title='bbox 2389 5114 2459 5169; x_wconf 89' lang='lat' dir='ltr'><strong>Et</strong></span> <span class='ocrx_word' id='word_1_910' title='bbox 2496 5116 2641 5182; x_wconf 81' lang='lat' dir='ltr'><strong>vidi,</strong></span> <span class='ocrx_word' id='word_1_911' title='bbox 2682 5129 2729 5172; x_wconf 87' lang='lat' dir='ltr'><strong>et</strong></span> <span class='ocrx_word' id='word_1_912' title='bbox 2768 5128 2879 5174; x_wconf 90' lang='lat' dir='ltr'><strong>erat</strong></span> <span class='ocrx_word' id='word_1_913' title='bbox 2905 5118 3134 5191; x_wconf 78' lang='lat' dir='ltr'><strong>papulas</strong></span> <span class='ocrx_word' id='word_1_914' title='bbox 3185 5135 3416 5182; x_wconf 80' lang='lat' dir='ltr'><strong>vastatus</strong></span> 
     </span>
    </p>
   </div>
   <div class='ocr_carea' id='block_1_110' title="bbox 1811 5209 3419 5291">
    <p class='ocr_par' dir='ltr' id='par_1_110' title="bbox 1811 5209 3419 5291">
     <span class='ocr_line' id='line_1_110' title="bbox 1811 5209 3419 5291; baseline 0.006 -26"><span class='ocrx_word' id='word_1_915' title='bbox 1811 5221 1966 5282; x_wconf 88' lang='lat' dir='ltr'><strong>atque</strong></span> <span class='ocrx_word' id='word_1_916' title='bbox 2001 5211 2250 5283; x_wconf 73' lang='lat' dir='ltr'><strong>direptus.</strong></span> <span class='ocrx_word' id='word_1_917' title='bbox 2293 5209 2527 5282; x_wconf 86' lang='lat' dir='ltr'><strong>Laqueus</strong></span> <span class='ocrx_word' id='word_1_918' title='bbox 2563 5213 2697 5268; x_wconf 90' lang='lat' dir='ltr'><strong>enim</strong></span> <span class='ocrx_word' id='word_1_919' title='bbox 2736 5215 2788 5269; x_wconf 90' lang='lat' dir='ltr'><strong>in</strong></span> <span class='ocrx_word' id='word_1_920' title='bbox 2825 5216 3081 5270; x_wconf 84' lang='lat' dir='ltr'><strong>cubilibus</strong></span> <span class='ocrx_word' id='word_1_921' title='bbox 3121 5219 3337 5291; x_wconf 88' lang='lat' dir='ltr'><strong>ubique.</strong></span> <span class='ocrx_word' id='word_1_922' title='bbox 3367 5231 3419 5276; x_wconf 90' lang='lat' dir='ltr'><strong>et</strong></span> 
     </span>
    </p>
   </div>
   <div class='ocr_carea' id='block_1_111' title="bbox 1813 5305 3417 5377">
    <p class='ocr_par' dir='ltr' id='par_1_111' title="bbox 1813 5305 3417 5377">
     <span class='ocr_line' id='line_1_111' title="bbox 1813 5305 3417 5377; baseline 0.002 -17"><span class='ocrx_word' id='word_1_923' title='bbox 1813 5305 1869 5360; x_wconf 89' lang='lat' dir='ltr'><strong>in</strong></span> <span class='ocrx_word' id='word_1_924' title='bbox 1905 5305 2144 5368; x_wconf 86' lang='lat' dir='ltr'><strong>domibus</strong></span> <span class='ocrx_word' id='word_1_925' title='bbox 2174 5306 2330 5359; x_wconf 89' lang='lat' dir='ltr'><strong>simul</strong></span> <span class='ocrx_word' id='word_1_926' title='bbox 2355 5345 2371 5371; x_wconf 90' lang='lat'><strong>,</strong></span> <span class='ocrx_word' id='word_1_927' title='bbox 2401 5307 2665 5377; x_wconf 84' lang='lat' dir='ltr'><strong>inquibus</strong></span> <span class='ocrx_word' id='word_1_928' title='bbox 2693 5311 3068 5364; x_wconf 73' lang='lat' dir='ltr'><strong>abscondrrunt</strong></span> <span class='ocrx_word' id='word_1_929' title='bbox 3109 5329 3218 5364; x_wconf 90' lang='lat' dir='ltr'><strong>eos.</strong></span> <span class='ocrx_word' id='word_1_930' title='bbox 3263 5311 3417 5365; x_wconf 82' lang='lat' dir='ltr'><strong>Facti</strong></span> 
     </span>
    </p>
   </div>
   <div class='ocr_carea' id='block_1_112' title="bbox 1816 5399 3420 5472">
    <p class='ocr_par' dir='ltr' id='par_1_112' title="bbox 1816 5399 3420 5472">
     <span class='ocr_line' id='line_1_112' title="bbox 1816 5399 3420 5472; baseline 0.004 -20"><span class='ocrx_word' id='word_1_931' title='bbox 1816 5409 1935 5452; x_wconf 87' lang='lat' dir='ltr'><strong>sunt</strong></span> <span class='ocrx_word' id='word_1_932' title='bbox 1962 5399 2017 5452; x_wconf 85' lang='lat' dir='ltr'><strong>in</strong></span> <span class='ocrx_word' id='word_1_933' title='bbox 2042 5400 2426 5468; x_wconf 80' lang='lat' dir='ltr'><strong>direptionem:</strong></span> <span class='ocrx_word' id='word_1_934' title='bbox 2456 5412 2503 5453; x_wconf 89' lang='lat' dir='ltr'><strong>et</strong></span> <span class='ocrx_word' id='word_1_935' title='bbox 2535 5417 2636 5453; x_wconf 88' lang='lat' dir='ltr'><strong>non</strong></span> <span class='ocrx_word' id='word_1_936' title='bbox 2664 5414 2773 5454; x_wconf 87' lang='lat' dir='ltr'><strong>erat</strong></span> <span class='ocrx_word' id='word_1_937' title='bbox 2795 5403 2884 5472; x_wconf 89' lang='lat' dir='ltr'><strong>qui</strong></span> <span class='ocrx_word' id='word_1_938' title='bbox 2911 5413 3110 5455; x_wconf 74' lang='lat' dir='ltr'><strong>erueret</strong></span> <span class='ocrx_word' id='word_1_939' title='bbox 3141 5405 3371 5470; x_wconf 69' lang='lat' dir='ltr'><strong>prwdam</strong></span> <span class='ocrx_word' id='word_1_940' title='bbox 3399 5419 3420 5459; x_wconf 91' lang='lat'><strong><em>:</em></strong></span> 
     </span>
    </p>
   </div>
   <div class='ocr_carea' id='block_1_113' title="bbox 1819 5491 3422 5566">
    <p class='ocr_par' dir='ltr' id='par_1_113' title="bbox 1819 5491 3422 5566">
     <span class='ocr_line' id='line_1_113' title="bbox 1819 5491 3422 5566; baseline 0.002 -19"><span class='ocrx_word' id='word_1_941' title='bbox 1819 5501 1867 5547; x_wconf 90' lang='lat' dir='ltr'><strong>et</strong></span> <span class='ocrx_word' id='word_1_942' title='bbox 1906 5509 2011 5544; x_wconf 90' lang='lat' dir='ltr'><strong>non</strong></span> <span class='ocrx_word' id='word_1_943' title='bbox 2047 5502 2156 5546; x_wconf 90' lang='lat' dir='ltr'><strong>erat</strong></span> <span class='ocrx_word' id='word_1_944' title='bbox 2182 5493 2270 5563; x_wconf 89' lang='lat' dir='ltr'><strong>qui</strong></span> <span class='ocrx_word' id='word_1_945' title='bbox 2297 5494 2534 5546; x_wconf 86' lang='lat' dir='ltr'><strong>diceret:</strong></span> <span class='ocrx_word' id='word_1_946' title='bbox 2574 5491 2772 5546; x_wconf 82' lang='lat' dir='ltr'><strong>Redde.</strong></span> <span class='ocrx_word' id='word_1_947' title='bbox 2819 5495 2949 5558; x_wconf 85' lang='lat' dir='ltr'><strong>Quis</strong></span> <span class='ocrx_word' id='word_1_948' title='bbox 2978 5505 3049 5546; x_wconf 86' lang='lat' dir='ltr'><strong>est</strong></span> <span class='ocrx_word' id='word_1_949' title='bbox 3078 5493 3130 5545; x_wconf 89' lang='lat' dir='ltr'><strong>in</strong></span> <span class='ocrx_word' id='word_1_950' title='bbox 3160 5511 3207 5546; x_wconf 75' lang='lat' dir='ltr'><strong>vi</strong></span> <span class='ocrx_word' id='word_1_951' title='bbox 3225 5494 3302 5550; x_wconf 83' lang='lat' dir='ltr'><strong>bis</strong></span> <span class='ocrx_word' id='word_1_952' title='bbox 3331 5497 3422 5566; x_wconf 85' lang='lat' dir='ltr'><strong>qui</strong></span> 
     </span>
    </p>
   </div>
   <div class='ocr_carea' id='block_1_114' title="bbox 1821 5583 3422 5660">
    <p class='ocr_par' dir='ltr' id='par_1_114' title="bbox 1821 5583 3422 5660">
     <span class='ocr_line' id='line_1_114' title="bbox 1821 5583 3422 5660; baseline 0.001 -19"><span class='ocrx_word' id='word_1_953' title='bbox 1821 5587 1932 5643; x_wconf 68' lang='lat' dir='ltr'><strong>haec</strong></span> <span class='ocrx_word' id='word_1_954' title='bbox 1956 5586 2139 5641; x_wconf 83' lang='lat' dir='ltr'><strong>audiat</strong></span> <span class='ocrx_word' id='word_1_955' title='bbox 2164 5629 2178 5652; x_wconf 93' lang='lat'><strong>,</strong></span> <span class='ocrx_word' id='word_1_956' title='bbox 2209 5596 2258 5642; x_wconf 89' lang='lat' dir='ltr'><strong>et</strong></span> <span class='ocrx_word' id='word_1_957' title='bbox 2285 5586 2467 5656; x_wconf 75' lang='lat' dir='ltr'><strong>futura</strong></span> <span class='ocrx_word' id='word_1_958' title='bbox 2496 5587 2815 5660; x_wconf 87' lang='lat' dir='ltr'><strong>cognoscat?</strong></span> <span class='ocrx_word' id='word_1_959' title='bbox 2854 5586 2981 5651; x_wconf 90' lang='lat' dir='ltr'><strong>Quis</strong></span> <span class='ocrx_word' id='word_1_960' title='bbox 3008 5583 3151 5637; x_wconf 77' lang='lat' dir='ltr'><strong>dedit</strong></span> <span class='ocrx_word' id='word_1_961' title='bbox 3188 5587 3242 5640; x_wconf 91' lang='lat' dir='ltr'><strong>in</strong></span> <span class='ocrx_word' id='word_1_962' title='bbox 3281 5589 3422 5643; x_wconf 82' lang='lat' dir='ltr'><strong>dire-</strong></span> 
     </span>
    </p>
   </div>
   <div class='ocr_carea' id='block_1_115' title="bbox 1824 5676 3427 5754">
    <p class='ocr_par' dir='ltr' id='par_1_115' title="bbox 1824 5676 3427 5754">
     <span class='ocr_line' id='line_1_115' title="bbox 1824 5676 3427 5754; baseline -0.001 -18"><span class='ocrx_word' id='word_1_963' title='bbox 1824 5683 2050 5754; x_wconf 87' lang='lat' dir='ltr'><strong>ptionem</strong></span> <span class='ocrx_word' id='word_1_964' title='bbox 2083 5679 2250 5736; x_wconf 89' lang='lat' dir='ltr'><strong>Iacob</strong></span> <span class='ocrx_word' id='word_1_965' title='bbox 2279 5721 2298 5750; x_wconf 94' lang='lat'><strong>,</strong></span> <span class='ocrx_word' id='word_1_966' title='bbox 2337 5689 2385 5735; x_wconf 92' lang='lat' dir='ltr'><strong>et</strong></span> <span class='ocrx_word' id='word_1_967' title='bbox 2423 5676 2595 5736; x_wconf 84' lang='lat' dir='ltr'><strong>Israel</strong></span> <span class='ocrx_word' id='word_1_968' title='bbox 2625 5677 2790 5752; x_wconf 59' lang='lat'><strong>515</strong></span> <span class='ocrx_word' id='word_1_969' title='bbox 2824 5676 3195 5734; x_wconf 82' lang='lat' dir='ltr'><strong>uastantibus?</strong></span> <span class='ocrx_word' id='word_1_970' title='bbox 3233 5679 3427 5738; x_wconf 80' lang='lat' dir='ltr'><strong>Nonne</strong></span> 
     </span>
    </p>
   </div>
   <div class='ocr_carea' id='block_1_116' title="bbox 2797 5923 2876 5989">
    <p class='ocr_par' dir='ltr' id='par_1_116' title="bbox 2797 5923 2876 5989">
     <span class='ocr_line' id='line_1_116' title="bbox 2797 5923 2876 5989; baseline -0.013 0"><span class='ocrx_word' id='word_1_971' title='bbox 2797 5923 2876 5989; x_wconf 73' lang='grc' dir='ltr'><strong>ιι</strong></span> 
     </span>
    </p>
   </div>
  </div>
