3932 6318
571 279 677 337 451

1831 256 1889 316 S.
1932 253 2208 314 EUSEBII
2245 245 2624 311 HIERONYMI
3731 253 3806 314 ιδ,

580 391 769 454 Israel,
801 389 918 442 haec
941 383 1009 439 ad
1035 396 1132 438 eos
1169 384 1385 438 locutus
1412 377 1521 433 sit:
1547 376 1780 447 Propter
1811 388 1906 427 vos
1941 373 2034 443 qui
2066 386 2180 424 me-
2206 373 2254 433 Α
2283 380 2467 440 petno.
2487 363 2721 421 Contriti
2751 371 2952 419 suntet
2983 362 3421 432 exstincti,quasi
3441 364 3603 420 linum
3629 367 3676 422 in
3690 369 3808 428 brevi

581 501 704 540 cutn
738 477 1090 547 Evangeliutn
1121 468 1666 544 prtedicatismuibus
1689 481 1849 535 supra
1874 465 1986 518 dixi
2010 479 2024 516 :
2053 461 2181 516 Noli

579 577 778 637 timere,
805 570 1053 641 quoniam
1085 582 1179 638 ego
1206 576 1375 619 tecum
1420 578 1557 627 sum,
1587 559 1678 631 qui
1729 560 1863 614 estis
1892 566 2056 612 testes
2087 569 2182 607 vo-

575 667 804 723 luntatis
860 679 1020 726 mete,
1055 675 1108 716 et
1154 675 1382 730 puerum
1433 673 1612 712 meum
1665 656 1905 708 alterum
1980 658 2179 705 testem

577 761 782 816 mundo
828 757 1118 812 iucredulo
1175 751 1464 814 nuntiatis,
1515 748 1639 804 misi
1691 747 1886 802 Fdium
1920 760 2096 798 meutn
2126 741 2180 796 in

573 850 916 922 Babylonem
940 861 996 901 et
1016 844 1400 902 conlusiOuem
1445 841 1606 912 hujus
1629 841 1840 896 saeculi.
1873 839 1939 892 Et
1969 835 2181 892 detraxi

575 961 770 1001 omnes
801 955 989 998 vectes
1009 940 1150 1008 ejus,
1176 939 1269 1005 qui
1303 936 1570 991 tlebraice
1591 935 1941 1002 appellantur
1961 945 2180 986 ιιΑιιιιιιιι

577 1010 690 1112 [Αιξ
721 1033 998 1106 barichim]
1028 1041 1294 1093 tamtam.
1322 1037 1379 1084 et
1417 1044 1557 1099 quos
1584 1027 1894 1083 Tlieodotio
1916 1029 2076 1096 fortes
2109 1021 2184 1076 iu-

576 1140 913 1199 terpretatus
943 1137 1046 1183 est.
1075 1128 1140 1181 Et
1169 1127 1478 1188 Chaldaeos,
1511 1123 1708 1191 inquit,
1737 1122 2056 1176 subauditur
2076 1121 2181 1176 ἀπὸ

574 1234 763 1288 κοινοῦ.
788 1225 1013 1288 detraxi,
1047 1223 1138 1294 qui
1169 1223 1224 1276 in
1257 1221 1371 1276 suis
1419 1219 1798 1287 gloriabantur
1825 1215 2054 1270 navibus
2088 1213 2181 1268 :iu

580 1318 669 1374 his
701 1319 977 1380 videlicet,
1011 1315 1102 1385 qui
1127 1316 1300 1368 instar
1341 1313 1563 1366 navium
1613 1311 1756 1364 inter
1784 1307 1925 1362 idola
1951 1306 2181 1360 ﬂuctua-

577 1413 734 1470 bant.
773 1411 846 1466 lle
881 1407 1158 1464 Chaldaeis
1197 1406 1378 1460 nullus
1405 1405 1653 1474 ambigit,
1686 1411 1712 1440 ⁸
1736 1404 1866 1472 quin
1924 1401 2182 1456 dtemoues

577 1513 798 1559 sonent.
829 1501 942 1571 Ego
971 1499 1227 1554 Dominus
1255 1497 1370 1552 inec
1420 1495 1600 1550 futura
1636 1495 1883 1563 prtedixi,
1927 1493 2018 1559 qui
2061 1508 2179 1546 sum

581 1595 811 1652 Creator
832 1603 1017 1648 vester
1033 1602 1088 1646 et
1119 1605 1213 1645 rex
1236 1588 1423 1644 Israel.
1449 1587 1622 1642 Porro
1655 1587 1807 1656 juxta
1842 1583 1983 1640 LXX
2011 1585 2184 1638 multo

577 1688 720 1742 alter
749 1695 830 1738 est
853 1699 1046 1739 sensus
1073 1701 1085 1736 :
1109 1683 1220 1752 ligo
1255 1681 1519 1735 Dominus
1548 1681 1640 1750 qui
1668 1691 1718 1734 te
1735 1680 1803 1734 de
1836 1678 2092 1749 periculis
2118 1678 2182 1731 li-

2283 461 2554 528 temporis
2580 459 2780 528 Spatia,
2832 466 2890 513 et
2919 459 2972 512 in
3029 467 3231 528 puncto
3261 469 3418 522 atque
3455 472 3722 515 momento.
3743 464 3808 518 Li.

2283 572 2412 610 num
2445 557 2591 611 enitn
2640 554 2874 609 necdum
2925 552 3050 622 igne
3091 559 3440 622 correptum,
3495 569 3590 623 pro
3639 554 3810 613 levitate

2281 650 2600 706 substantia:
2625 649 2806 704 statim
2836 647 3191 712 exstinctum,
3208 648 3260 701 in
3281 648 3806 706 favillamdissolvitur.

2283 743 2451 815 Igitur
2481 744 2583 798 hoc
2605 743 2868 812 pra~cipio
2890 743 3064 804 vobis,
3097 751 3156 795 ut
3194 742 3340 796 inter
3365 743 3514 811 signa
3555 758 3662 798 mea
3687 754 3808 814 atque

2283 836 2567 899 miracula,
2597 833 2797 904 quibus
2831 833 3072 905 Babylon
3101 833 3236 886 urbs
3261 833 3629 902 potentissima
3673 835 3808 891 tlirttla

2284 942 2384 996 eSI,
2412 941 2463 984 et
2495 929 2692 999 quibus
2736 929 2787 981 iu
2814 932 2950 982 mari
2981 928 3169 982 Rubro
3219 937 3379 999 atque
3408 928 3634 984 .lordane
3661 932 3809 998 pupulo

2283 1036 2406 1076 meo
2437 1030 2628 1091 aperta
2661 1029 2747 1077 est
2776 1021 2882 1082 via.
2917 1037 3266 1090 nequaquam
3318 1022 3662 1076 memineritis
3696 1036 3810 1078 Vele-

2284 1134 2426 1183 ruui,
2461 1118 2718 1185 quoniam
2751 1117 2804 1168 in
2863 1115 3166 1186 Evangelin
3213 1117 3386 1169 multo
3411 1130 3526 1168 sum
3559 1117 3734 1185 majora
3757 1117 3810 1172 la-

2283 1222 2469 1265 cturus
2494 1227 2508 1276 ;
2533 1225 2764 1278 quorum
2795 1211 3230 1277 comparatione,
3267 1209 3545 1278 prieterita
3593 1211 3722 1264 sileri
3745 1210 3814 1264 de-

2284 1302 2470 1358 beant.
2498 1303 2848 1373 Nequaquam
2872 1304 3016 1357 enitn
3042 1303 3182 1356 ultra
3219 1305 3270 1357 in
3304 1303 3441 1357 mari
3470 1303 3656 1363 Rubro.
3677 1303 3751 1356 sed
3775 1303 3813 1358 in

2282 1395 2505 1450 deserto
2535 1398 2700 1449 totius
2742 1395 2930 1449 mundi
2981 1394 3253 1465 reperiam
3282 1396 3450 1450 viam.
3481 1395 3584 1451 Nec
3610 1410 3726 1449 unus
3742 1395 3816 1450 llu-

2283 1490 2424 1558 vius,
2449 1491 2564 1545 sive
2586 1490 2708 1544 lous
2730 1498 2984 1557 erumpet
3010 1489 3080 1545 de
3105 1499 3282 1559 petra,
3315 1489 3408 1546 sed
3433 1491 3594 1544 multa
3621 1489 3816 1556 ﬂumiua,

2283 1599 2405 1654 quae
2434 1600 2540 1638 non
2569 1598 2802 1650 corpora
2829 1593 2886 1638 ut
2925 1585 3104 1654 pritts,
3148 1584 3242 1638 sed
3273 1583 3484 1638 animas
3511 1582 3734 1638 sitientes
3756 1600 3820 1638 re-

2287 1676 2873 1745 lit-iant,etiinpleatur
2901 1676 3034 1730 iilttd
3065 1679 3212 1745 quod
3241 1692 3406 1746 Supra
3435 1677 3650 1747 legimus
3671 1693 3682 1728 :
3701 1675 3818 1730 Bibe-

575 1778 787 1839 beravi,
831 1786 887 1832 et
941 1784 1164 1830 sanctus
1215 1774 1378 1828 Israel
1413 1791 1427 1826 :
1461 1787 1682 1842 prapter
1727 1787 1827 1826 vos
1881 1772 2091 1826 mittam
2126 1771 2179 1824 in
2212 1774 2257 1834 Β
2288 1772 2354 1825 tis
2383 1787 2544 1841 aquas
2573 1771 2640 1824 de
2666 1771 2896 1837 fontibus
2915 1769 3204 1827 Saluatoris
3235 1771 3339 1841 (Ad
3368 1788 3487 1835 cap.
3519 1787 3606 1828 xit.
3631 1768 3818 1840 5).’l‘ttnc

575 1870 912 1941 Babylonem
949 1884 1130 1936 regem
1161 1867 1439 1922 Medorum
1481 1874 1645 1934 atque
1669 1865 1984 1929 Persarum,
2008 1862 2180 1918 etha-

576 1963 843 2019 bitatores
866 1962 986 2031 ejus
1008 1960 1199 2029 fugere
1228 1959 1422 2014 faciam
1449 1973 1463 2010 :
1487 1968 1543 2012 et
1561 1956 1804 2010 Chaldaei
1828 1956 1922 2026 qui
1969 1972 2064 2010 vos
2090 1970 2182 2011 ce-

577 2065 792 2128 perant.
824 2055 990 2110 vincti
1043 2069 1138 2122 per
1169 2067 1320 2106 mare
1368 2051 1626 2118 Caspium
1685 2049 1750 2103 ad
1807 2058 1997 2117 gentes
2045 2049 2180 2102 alias

579 2146 1005 2202 tran~lerentur.
1044 2145 1155 2214 Ego
1177 2141 1444 2198 Dominus
1475 2143 1590 2195 haec
1625 2140 1805 2194 futura
1825 2139 2068 2207 decrevi,
2089 2139 2180 2209 qui

578 2238 794 2298 ostendi
823 2239 990 2293 Israel
1024 2253 1204 2305 regem
1239 2236 1581 2291 credentium
1614 2234 1750 2289 fore.

649 2333 831 2404 (νει-ε.
863 2331 949 2389 16.
987 2332 1050 2385 l7
1083 2328 1266 2401 seqq.)
1301 2329 1427 2384 Ηιεσ
1458 2330 1581 2383 a’icit
1621 2327 1898 2394 Dominus,
1926 2328 2013 2398 qui
2038 2326 2180 2382 dedit

573 2444 630 2481 tn
674 2427 807 2481 mari
853 2427 1010 2490 viam,
1051 2434 1097 2478 et
1151 2425 1208 2478 in
1249 2425 1402 2494 aquis
1434 2413 1743 2478 torrentibus
1785 2423 2040 2477 semitam.
2079 2423 2181 2490 Qui

577 2519 756 2574 edux‘t
783 2518 1090 2589 quadrigam
1109 2526 1156 2568 et
1186 2531 1396 2585 equum,
1423 2531 1609 2587 agmen
1635 2525 1680 2568 et
1698 2515 1963 2567 robustum
1988 2530 2006 2567 :
2027 2515 2184 2568 simul

576 2613 990 2672 obdormierunt,
1023 2626 1116 2664 nec
1157 2620 1470 2678 resurgent;
1515 2607 1726 2661 contriti
1755 2617 1898 2670 sunt,
1939 2607 2090 2676 quasi
2117 2607 2182 2660 li-

578 2723 729 2771 num,
762 2703 1007 2759 exstincti
1036 2711 1178 2756 sunt.
1206 2700 1284 2754 Ne
1313 2700 1652 2753 memineritis
1680 2701 1931 2767 priorum,
1961 2708 2012 2753 et
2040 2700 2180 2754 anti—

575 2815 680 2870 qua
701 2815 761 2852 ne
783 2797 1110 2851 intueamini.
1136 2793 1271 2848 Ecce
1299 2811 1392 2866 ego
1419 2796 1557 2866 facio
1588 2810 1742 2859 nova,
1768 2811 1905 2848 nunc
1925 2800 2182 2861 orientur;

579 2894 756 2960 utique
799 2892 1120 2961 cognoscetis
1156 2905 1236 2944 ea.
1291 2886 1492 2942 Panum
1528 2888 1582 2941 in
1629 2887 1829 2942 deserto
1873 2889 2026 2948 viam.
2051 2899 2101 2942 et
2129 2889 2184 2942 in

574 2985 718 3040 invio
743 2983 990 3054 ﬂumina.
1028 2981 1353 3052 Gloriﬁcabit
1383 2997 1463 3034 me
1507 2981 1667 3035 bestia
1696 2982 1831 3052 agri,
1864 2982 2115 3036 dracones
2135 2990 2182 3036 et

575 3080 897 3135 strutlttones
915 3095 934 3145 ;
955 3079 1076 3148 quia
1105 3078 1228 3132 dedi
1258 3079 1312 3131 in
1335 3078 1539 3132 deserto
1563 3094 1746 3143 aquas,
1777 3078 1992 3146 ﬂumina
2019 3078 2076 3131 in
2097 3077 2180 3130 in-

2282 1864 2425 1934 quod
2457 1878 2756 1934 numquam
2793 1863 2994 1918 factum
3021 1873 3125 1926 est,
3162 1864 3276 1929 (iet,
3305 1877 3356 1917 ut
3389 1881 3579 1921 omnes
3604 1866 3764 1920 lie-tia:
3783 1872 3823 1918 et

2291 1957 2586 2022 dracones,
2619 1970 2673 2010 et
2701 1959 3046 2012 strutliioues
3071 1959 3161 2027 qui
3198 1961 3253 2012 in
3297 1961 3592 2014 solitudine
3630 1961 3820 2032 gentium

2279 2051 2656 2116 morabantur,
2685 2060 2739 2104 et
2760 2051 3088 2106 idololatriae
3113 2053 3401 2120 sanguine,
3439 2068 3730 2120 mortuoque
3763 2051 3821 2105 le-

2280 2141 2442 2198 ritate
2477 2144 2768 2198 bestiarum
2816 2144 3025 2198 siiniles
3055 2155 3231 2207 erant,
3262 2145 3566 2216 gloriﬁcent
3599 2161 3674 2198 me
3699 2144 3822 2215 521

2279 2247 2449 2305 atque
2473 2238 2808 2293 eollaudent.
2833 2237 2940 2291 Pro
2961 2237 3291 2301 draconibus,
3318 2255 3452 2307 quos
3466 2238 3607 2292 solus
3619 2237 3656 2292 Τ
3661 2237 3824 2291 [tendo-

2281 2328 2379 2393 tio,
2409 2338 2467 2382 ut
2516 2330 2566 2383 in
2594 2329 2860 2384 Hebraico
2889 2333 3151 2402 seriptum
3189 2341 3292 2396 est,
3323 2333 3606 2401 appellavit
3632 2344 3824 2387 TBANNII

2284 2419 2884 2494 [Al.'rttsn1tiu](t:un),
2908 2426 3102 2495 reliqui
3127 2425 3345 2479 Sirenas
3366 2425 3681 2497 interpretati
3708 2432 3826 2486 sunt,

2286 2517 2543 2568 animalia
2579 2526 2768 2584 porten
2797 2532 2917 2584 osa,
2946 2533 3066 2588 quin
3085 2518 3226 2573 dulci
3254 2521 3496 2574 carmine
3531 2530 3671 2590 atque
3705 2532 3826 2571 mur-

2291 2606 2450 2662 tifero
2490 2611 2802 2680 navigantes
2852 2610 3096 2680 Scylla-is
3124 2612 3350 2666 canibus
3385 2612 3674 2668 lacerandos
3714 2622 3830 2675 prte-

2288 2699 2604 2767 cipitabant.
2635 2701 2854 2772 Hocque
2881 2702 3328 2775 sigiiilic.tt,quod
3366 2703 3614 2772 voluptati
3641 2701 3766 2774 prius
3785 2707 3827 2753 et

2285 2791 2514 2848 luxutize
2547 2793 2736 2860 dediti,
2764 2795 2830 2848 ad
2855 2797 3170 2851 servitutem
3209 2798 3423 2853 Domini
3453 2804 3826 2852 contestantur?

2285 2887 2414 2942 lit-et
2454 2889 2652 2945 melius
2679 2892 2748 2943 sit
2783 2891 3054 2946 dracones
3077 2891 3328 2962 iulelligi,
3361 2895 3486 2964 quia
3511 2901 3774 2960 junguntur
3792 2893 3832 2941 et

2280 2983 2642 3050 struthioncs,
2678 2992 2735 3038 ut
2762 2985 2886 3054 quia
2917 2987 3087 3041 semel
3131 2986 3200 3042 de
3231 2986 3428 3042 bestiis
3449 2985 3728 3041 snliludinis
3762 2982 3824 3035 lo-

2282 3075 2578 3144 quebatur,
2600 3078 2716 3131 lucc
2736 3078 3034 3133 animantia
3057 3089 3308 3149 poneret,
3331 3096 3460 3151 quae
3485 3081 3691 3134 deserto
3708 3073 3830 3129 lami-

572 3173 676 3240 vio,
706 3182 760 3227 ut
801 3173 979 3226 darem
1029 3181 1210 3244 potum
1267 3174 1480 3244 populo,
1525 3170 1684 3226 electo
1733 3188 1862 3226 tneo.
1917 3169 2183 3239 Populum
2211 3159 2256 3224 C
2289 3166 2446 3222 liaria
2478 3179 2628 3222 sunt.
2661 3168 2980 3226 Laudabunt
3011 3183 3218 3238 autem,
3251 3173 3452 3243 inquit,
3486 3181 3650 3237 me,i-t
3676 3165 3833 3240 gloriﬁ-

572 3270 735 3321 istum
766 3267 990 3338 formari
1020 3266 1147 3320 milii
1175 3266 1421 3332 ;laudem
1453 3282 1619 3319 meam
1647 3266 1960 3320 narrabunt.
1989 3263 2130 3320 LXX
2164 3283 2177 3320 :

580 3362 722 3430 Quia
749 3363 826 3416 sic
855 3362 980 3415 dicit
1013 3359 1284 3423 Dominus,
1319 3359 1408 3430 qui
1437 3361 1527 3412 dat
1575 3361 1630 3413 in
1681 3360 1816 3413 mari
1865 3363 2024 3426 viam,
2055 3369 2101 3414 et
2128 3362 2180 3414 in

579 3474 716 3528 aqua
755 3455 1043 3510 vehementi
1069 3456 1328 3508 semitam.
1376 3453 1540 3524 520
1569 3453 1672 3519 Qui
1703 3455 1875 3508 educit
1899 3470 2107 3519 currus,
2134 3463 2181 3509 et

579 3568 759 3620 equos,
783 3560 831 3603 et
854 3549 1236 3603 multitudinem
1259 3547 1690 3602 robustissimum.
1709 3547 1815 3602 Sed
1836 3549 2180 3615 dormierunt,

583 3653 630 3696 et
649 3659 752 3696 non
773 3651 1044 3714 resurgent
1058 3658 1076 3694 :
1096 3641 1335 3694 exstincti
1356 3647 1477 3692 sunt
1496 3641 1647 3710 quasi
1668 3639 1832 3693 linum
1849 3643 2179 3697 exstinctum.

582 3732 767 3788 Nolite
811 3733 1104 3785 meminisse
1143 3731 1375 3800 priorum
1401 3771 1417 3795 ,
1459 3739 1507 3783 et
1550 3740 1722 3785 vetera
1761 3749 1825 3786 ne
1871 3735 2180 3803 recogitetis.

581 3823 722 3880 Ecce
750 3840 844 3895 ego
872 3824 1065 3894 faciam
1089 3838 1240 3880 nova.
1265 3838 1381 3891 qua:
1407 3839 1547 3877 nunc
1567 3826 1824 3888 orientur,
1843 3834 1889 3878 et
1911 3841 2187 3897 cognosce-

578 3918 648 3973 tis
674 3933 756 3982 ea,
788 3925 838 3970 et
867 3915 1058 3984 ficium
1099 3914 1150 3968 in
1173 3914 1377 3968 deserto
1441 3915 1599 3980 viam,
1626 3926 1675 3969 et
1725 3917 1776 3969 in
1807 3918 2055 3981 inaquoso
2084 3919 2186 3989 ﬁu-

581 4011 745 4066 mina.
773 4007 1089 4064 Bencdicmt
1112 4024 1190 4060 me
1219 4009 1398 4062 bestia:
1425 4009 1565 4082 agri,
1594 4009 1789 4063 sireues
1819 4019 1865 4063 et
1895 4009 2022 4080 ﬁlice
2047 4026 2186 4065 stru-

584 4107 848 4170 thionum,
878 4103 999 4172 quia
1045 4100 1168 4154 dedi
1212 4104 1265 4154 in
1311 4103 1510 4155 deserto
1566 4118 1773 4171 aquam.
1807 4115 1855 4158 et
1885 4105 2187 4172 ﬂuminain

520 4199 526 4206 ’
580 4201 858 4261 ἰηαίιιιοεο,
879 4206 934 4250 ut
965 4197 1134 4250 bibere
1154 4195 1344 4258 faciam
1369 4211 1532 4264 genus
1561 4211 1728 4249 meum
1759 4197 1995 4257 electum.
2019 4216 2188 4267 popu-

584 4292 694 4346 lum
726 4305 913 4343 meum.
943 4305 1093 4360 quem
1125 4289 1399 4358 acquisivi,
1453 4299 1510 4342 ut
1560 4289 1772 4343 virtutes
1820 4307 1959 4345 mea:
1991 4303 2186 4346 narret.

593 4383 862 4438 Dominus
891 4380 988 4450 qtti
1016 4381 1295 4435 destruxit
1321 4388 1378 4434 et
1400 4379 1602 4449 abjecit
1625 4380 2051 4454 Babyloni-met
2080 4387 2188 4440 for-

591 4477 837 4532 tissimos
863 4473 1012 4529 iuius
1041 4475 1286 4529 delram
1312 4474 1380 4529 de
1413 4473 1658 4542 potentia
1691 4491 1991 4547 omnesque
2022 4477 2184 4532 Chal-

2285 3263 2490 3316 cabunt
2524 3264 2942 3332 bestiteagri,ct
2965 3265 3256 3326 dracones,
3286 3278 3338 3319 et
3377 3264 3716 3328 strothioui-s,
3734 3258 3830 3330 quia

2283 3353 2408 3408 dedi
2463 3355 2515 3408 in
2540 3355 2759 3411 deserto
2787 3361 3030 3426 gentium
3080 3372 3269 3428 aquas,
3315 3370 3373 3413 et
3409 3359 3458 3412 in
3489 3357 3718 3412 ariditate
3758 3367 3830 3404 iia-

2285 3447 2495 3502 tionuni
2545 3447 2811 3513 ﬂumina,
2867 3458 2926 3503 ul.
2973 3449 3188 3505 biberet
3246 3452 3480 3519 pupultts
3520 3463 3678 3510 meus,
3706 3457 3830 3514 quem

2285 3539 2430 3609 elegi
2463 3540 2620 3601 tnilti,
2671 3541 2788 3595 sive
2817 3555 2991 3611 genus
3048 3557 3228 3595 meum
3283 3544 3544 3605 electum,
3569 3552 3620 3596 et
3645 3537 3831 3609 populus

2285 3648 2444 3703 quem
2473 3634 2736 3702 acquisivi
2764 3637 3030 3707 sanguine
3052 3653 3196 3705 meo,
3229 3648 3288 3693 ut
3316 3638 3516 3694 laudes
3538 3651 3673 3694 meas
3699 3643 3830 3688 ιιι-ιιι-

2287 3740 2482 3795 leSqtle
2507 3745 2622 3784 nari
2640 3741 2778 3785 aret.

2355 3820 2733 3890 (Vers.‘22,23
2759 3824 2943 3894 seqq.)
2979 3823 3101 3879 Non
3146 3841 3227 3879 me
3255 3827 3536 3893 invocasti,
3561 3823 3709 3878 Iacob
3729 3837 3745 3875 :
3765 3832 3831 3870 nec

2285 3912 2534 3966 laborasti
2558 3915 2611 3968 in
2636 3932 2736 3980 me,
2762 3915 2954 3972 Israel.
2992 3917 3114 3972 Non
3141 3920 3375 3974 obtulisti
3407 3921 3533 3975 mihi
3559 3919 3742 3972 arietem
3765 3913 3834 3964 Ita—

2289 4007 2515 4060 locausti
2546 4012 2642 4073 tui,
2675 4019 2722 4062 et
2750 4009 2974 4064 uictimis
2999 4013 3103 4065 tuis
3120 4028 3221 4066 non
3242 4013 3556 4084 glori/icasti
3575 4027 3662 4064 me.
3688 4005 3781 4060 Non
3798 4012 3832 4054 lc

2286 4104 2477 4158 servire
2507 4105 2609 4169 feci
2655 4106 2708 4158 in
2739 4106 3018 4169 oblatione,
3062 4122 3154 4161 nec
3199 4108 3434 4161 laborem
3464 4107 3552 4160 tibi
3596 4099 3765 4177 pra‘bui
3794 4096 3832 4147 in

2288 4195 2462 4252 thure.
2498 4195 2618 4251 Non
2646 4197 2814 4251 emisti
2838 4196 2964 4251 mihi
2987 4208 3200 4268 argento
3223 4199 3509 4260 calamum,
3534 4206 3578 4250 et
3599 4195 3733 4264 adipe
3756 4190 3833 4238 ric-

2288 4292 2535 4345 timarum
2564 4302 2777 4345 tuorum
2820 4307 2926 4346 non
2956 4291 3227 4345 inebriasti
3256 4308 3354 4344 me.
3392 4290 3731 4346 Verumtamen
3752 4295 3836 4334 ser-

2291 4385 2398 4439 vire
2417 4402 2497 4438 me
2519 4385 2689 4454 fecisti
2710 4387 2766 4439 in
2798 4387 3025 4455 peccatis
3053 4387 3192 4440 tuis:
3225 4385 3495 4456 praebuisti
3520 4381 3638 4438 milii
3656 4377 3834 4457 laborem

2290 4479 2344 4533 in
2369 4479 2728 4546 iniquitatibus
2753 4481 2875 4532 tuis.
2904 4477 3076 4533 LXX:
3112 4479 3232 4534 Non
3257 4496 3400 4533 nunc
3421 4479 3664 4540 vocazvite,
3683 4465 3834 4530 Iacob.

590 4570 744 4626 dicos
771 4569 862 4638 qui
892 4568 944 4622 itt
977 4566 1239 4622 ﬂuctibus
1277 4567 1436 4636 ltujus
1465 4569 1647 4622 szeettli
1695 4567 1938 4624 feliciter
1963 4572 2186 4641 naviga-
2213 4559 2266 4622 D
2291 4589 2451 4641 neque
2476 4574 2712 4627 laborare
2742 4583 2788 4625 te
2814 4573 2937 4642 feci,
2979 4571 3170 4630 Israel.
3207 4573 3329 4627 Non
3361 4575 3575 4629 attulisti
3603 4568 3717 4621 milli
3745 4575 3834 4616 om

591 4659 746 4726 bant,
777 4660 910 4716 fecit
935 4674 1060 4714 esse
1079 4658 1326 4729 c.-ptiv0s
1361 4674 1376 4712 ε
1407 4659 1524 4727 ipse
1570 4660 1624 4712 in
1648 4661 1810 4728 aquis
1847 4664 2186 4719 torrentibus

587 4761 758 4812 maris
780 4755 950 4810 Rubri
985 4753 1188 4824 reperit
1210 4754 1379 4816 viam,
1423 4764 1484 4806 ut
1512 4753 1777 4808 transiret
1807 4755 2041 4824 populos
2065 4757 2184 4826 ejus

586 4850 657 4906 de
684 4849 926 4921 Egypto
959 4849 1242 4902 liberatus.
1273 4844 1402 4901 Sive
1434 4846 1522 4913 qui
1556 4845 1708 4900 dedit
1731 4847 1782 4900 in
1830 4849 1966 4902 mari
1996 4849 2182 4905 Rubro

589 4945 758 5002 viain,
788 4942 904 5007 ipse
930 4950 984 4992 et
1012 4939 1066 4992 in
1093 4939 1257 5005 aquis
1286 4936 1620 5018 torrentibus
1642 4935 1900 4992 Jordanis
1927 4939 2076 4995 ﬂuvii
2099 4958 2185 4997 re-

588 5036 736 5100 perit
761 5029 1038 5089 semitam,
1063 5037 1119 5080 ut
1139 5037 1196 5083 et
1215 5027 1463 5096 egressio
1487 5043 1551 5081 ex
1567 5025 1832 5098 Empta,
1849 5038 1906 5084 et
1929 5030 2188 5086 introitus

586 5127 643 5182 in
666 5135 869 5180 ιρι-ηις,
919 5119 1366 5190 νεριοιιιὶεείοιιίε
1425 5121 1654 5176 haberet
1686 5123 2032 5180 miraculum.
2066 5126 2186 5196 Ipse

585 5231 784 5277 currus
811 5223 868 5270 et
895 5228 1065 5282 equos
1089 5221 1146 5267 et
1165 5226 1384 5265 omnem
1415 5213 1724 5268 exercitum
1757 5215 2054 5273 Pharaonis
2085 5219 2183 5274 de-

585 5310 782 5369 mersit
811 5309 867 5365 in
897 5303 1252 5378 proluudutn,
1304 5303 1396 5372 qui
1443 5302 1784 5362 dormierunt
1811 5322 2010 5364 somno
2064 5326 2186 5381 per-

659 5502 684 5529 n
711 5484 983 5545 Nonnulla
1009 5484 1112 5539 hac
1135 5483 1207 5540 de
1234 5483 1566 5554 etymologia
1593 5487 1831 5542 diximus
1882 5492 1949 5545 ad
1976 5492 2176 5547 librum

580 5564 878 5620 Notiiinum
903 5572 967 5610 σοι
997 5555 1198 5630 Genesi
1229 5572 1241 5608 :
1279 5565 1336 5609 ut
1371 5571 1506 5630 Verp
1559 5560 1690 5613 nibil
1738 5561 2172 5630 dissitnnlenttts,

580 5635 693 5689 falli
727 5631 976 5686 videntur
1004 5627 1182 5690 Philo,
1211 5630 1409 5693 alitque
1441 5627 1829 5685 Heliraicaruin
1860 5649 2052 5688 vocum
2077 5627 2173 5689 ve;

578 5713 728 5759 ιρι-«ιδ
753 5701 1168 5771 ειςιιιοιυείὶρχ
1199 5702 1806 5771 quorunt_auctoritate
1837 5704 2064 5762 Hieron.
2095 5709 2174 5760 lo-

571 5782 785 5852 quitur,
810 5767 1058 5841 putantes
1076 5769 1408 5826 Hebraicum
1421 5767 1668 5828 Chasdim
1685 5777 1936 5848 componi
1951 5791 2019 5835 ex
2038 5778 2173 5852 capit

2291 4668 2580 4721 holocausti
2605 4668 2714 4720 tui:
2746 4685 2911 4735 neque
2935 4669 2991 4722 in
3020 4669 3242 4723 victimis
3270 4671 3375 4724 tuis
3407 4662 3836 4742 magni/icastime:

2289 4775 2382 4812 nec
2402 4760 2595 4813 seruire
2616 4770 2662 4814 te
2685 4761 2784 4831 feci
2799 4761 2861 4816 in
2891 4761 3093 4827 hostiis,
3118 4778 3210 4816 nec
3241 4762 3470 4816 laborem
3497 4762 3586 4814 tibi
3610 4753 3777 4829 pra'but'
3796 4749 3835 4800 in

2287 4853 2452 4916 thure,
2488 4868 2581 4904 nec
2609 4854 2779 4908 emisti
2819 4852 2946 4908 mihi
2970 4863 3182 4925 argento
3221 4855 3533 4925 thymiama,
3558 4865 3643 4905 nec
3667 4845 3838 4909 adipem

2291 4943 2583 4998 hostiarum
2609 4957 2816 4999 tuarum
2853 4947 3142 5018 concupiui,
3188 4949 3280 5000 sed
3309 4947 3365 5001 in
3409 4945 3625 5017 peccatis
3659 4941 3747 4995 tuis
3767 4937 3835 4988 de-

2290 5035 2433 5106 [ενιάό
2465 5046 2535 5101 te,
2565 5047 2613 5092 et
2644 5039 2696 5090 in
2739 5038 3098 5108 iniquitatibus
3121 5039 3245 5092 tuis.
3283 5039 3480 5093 Bestiis
3519 5036 3651 5106 agri.
3679 5033 3836 5085 draco-

2291 5129 2453 5184 nibus
2501 5140 2558 5184 et
2603 5131 3002 5187 strutliiouibus
3045 5133 3392 5187 laudantibus
3440 5147 3549 5190 me,
3590 5138 3642 5182 tu
3677 5121 3834 5182 incol).

2291 5237 2633 5294 nequaquam
2675 5223 2760 5279 me
2810 5226 3065 5280 invocare
3096 5226 3336 5289 voluisti,
3370 5239 3470 5280 nec
3513 5230 3688 5295 postea
3713 5214 3833 5271 labo-

2291 5331 2437 5384 ι’ίηθ,
2472 5326 2530 5372 ut
2569 5329 2854 5388 peccatum
2878 5319 3203 5376 emendares
3231 5319 3571 5391 pinnitentia.
3600 5309 3735 5383 Quod
3755 5319 3832 5359 att-

2284 5493 2469 5551 littera
2500 5497 2908 5564 similitudinis,
2967 5511 3020 5556 et
3054 5516 3188 5557 voce
3236 5502 3416 5562 sedim,
3445 5513 3566 5566 quat
3617 5496 3832 5568 άιειηοηα

2283 5579 2463 5620 sonat.
2498 5570 2743 5624 Cbalda-i
2791 5572 2934 5627 enim
2965 5589 2993 5626 a
3019 5573 3231 5629 ClieSed
3291 5575 3399 5628 lilio
3445 5571 3526 5626 Na
3549 5569 3674 5630 hor,
3703 5569 3831 5625 ωιιηε

2283 5639 2488 5712 mentio
2534 5656 2615 5696 εει
2665 5642 2870 5699 Cenes.
2904 5659 3032 5700 χχιιι
3065 5685 3080 5706 ,
3130 5645 3242 5707 20,
3295 5643 3447 5712 quasi
3496 5639 3829 5712 L‘liasdtetlll'

2279 5711 2466 5781 pellnti
2500 5723 2650 5780 sunt,
2679 5729 2704 5767 s
2733 5716 2912 5772 littera
2972 5717 3027 5772 iu
3059 5713 3079 5768 l
3105 5716 3172 5769 ad
3213 5716 3407 5787 linguae
3438 5713 3555 5784 ejus
3583 5712 3824 5780 ingenium

2277 5791 2606 5853 permutata.
