3932 6342
78 331 178 387 455

591 319 1238 381 COMMENTARIORUM
1278 321 1344 379 IN
1382 319 1621 380 ISAIAM
1655 320 2256 395 PROPHETAMLIB.
2298 328 2418 388 XII.
2459 326 2619 390 CAP.
2659 326 2849 394 XLIV,

3237 331 3346 391 ιδι
3379 348 3384 354 ’

79 457 180 502 tem
210 441 490 499 arbitraris
526 440 788 494 obtulisse
816 448 866 494 te
901 438 1036 494 mibi
1067 441 1343 505 victimas,
1377 449 1432 495 et
1457 440 1660 496 arietes
1687 444 1734 504 Α
1765 459 1896 514 ergo
1925 446 1969 500 si
2021 446 2150 516 quid
2186 447 2377 514 habes,
2422 463 2473 504 ιιι
2515 454 2862 524 justiticeris.
2899 459 2965 515 Et
2992 472 3074 520 est
3120 477 3362 525 sensus;

80 542 396 598 immolasse.
428 538 567 590 scias
587 548 683 588 eos
713 549 742 587 a
771 549 855 588 me
882 549 990 588 non
1032 549 1155 589 esse
1181 549 1496 604 susceptos.
1532 537 1656 605 quia

78 634 204 690 mihi
232 645 276 687 et
303 629 456 685 idolis
479 642 796 682 communes
822 637 1000 681 erant.
1031 627 1298 698 lllumque
1319 643 1540 682 sensum
1575 645 1659 684 re-

78 730 224 802 petit,
253 727 318 779 de
343 735 448 791 quo
475 735 640 788 supra
688 719 936 776 dixerat:
977 719 1046 774 Ut
1089 722 1214 789 quid
1250 720 1380 773 mihi
1419 720 1659 774 multitu-

80 822 239 876 dinem
265 815 589 871 victimarum
631 827 942 874 uestrarum,
975 816 1101 868 dicit
1145 813 1432 868 Dominus?
1461 814 1660 869 Plenus

79 933 180 971 sum
200 913 496 966 holocausta
517 910 764 972 arietum,
800 920 847 964 et
877 909 1034 981 adipe
1063 925 1335 980 agnorum,
1373 918 1420 963 et
1446 909 1661 982 sangui-

80 1028 181 1067 nem
201 1020 459 1062 taurorum
484 1015 530 1058 et
553 1003 820 1057 hircorum
845 1003 987 1057 nolo.
1012 1001 1196 1068 Neque
1217 1001 1384 1060 enim,
1409 1003 1506 1068 ait,
1541 1017 1662 1068 pre-

81 1103 262 1158 tiosum
290 1114 318 1152 a
349 1110 400 1151 te
428 1097 709 1167 quippiam
741 1096 1004 1165 requisivi
1031 1114 1042 1148 :
1077 1103 1136 1148 ut
1165 1094 1218 1149 in
1251 1093 1515 1163 parandis
1555 1094 1656 1160 eis,

81 1197 313 1251 laborare
344 1205 394 1248 te
416 1192 679 1247 facerem.
724 1190 840 1246 Non
872 1192 1025 1262 exegi
1055 1206 1083 1244 a
1119 1201 1170 1244 te
1197 1190 1526 1254 oblationes,
1559 1205 1662 1245 nec

82 1291 225 1346 tbura
256 1288 475 1354 ttlltt‘sivi
503 1305 516 1340 :
562 1303 670 1341 non
700 1285 996 1347 calamum,
1044 1302 1224 1356 neque
1272 1286 1576 1350 incensum,
1607 1293 1663 1340 et

82 1383 274 1439 diversa
306 1381 580 1452 pigmenta
628 1383 871 1450 generis,
915 1395 1144 1448 quorum
1178 1378 1340 1450 522
1372 1378 1518 1431 l‘nmo
1542 1380 1659 1433 ine-

86 1476 274 1532 briare~'
301 1490 388 1528 tne
417 1484 577 1541 atque
608 1475 854 1527 saliares.
882 1474 988 1527 Sed
1012 1473 1243 1527 olictlien
1277 1475 1407 1536 iam,
1431 1487 1551 1541 qum
1578 1479 1662 1525 est

79 1584 224 1640 Supra
252 1569 616 1622 Sacriﬁcium:
647 1574 704 1622 et
731 1566 1086 1628 sacriﬁcium,
1118 1565 1187 1619 de
1209 1578 1316 1634 quo
1345 1563 1394 1617 iu
1427 1562 1662 1618 Ps'ulmis

77 1662 226 1717 David
255 1660 389 1715 dit-it
415 1679 428 1714 :
480 1659 812 1728 Sacri/icium
851 1657 965 1712 Dea
995 1658 1209 1730 spiritus
1239 1655 1621 1710 contribulatus
1643 1673 1661 1710 :

75 1772 154 1810 cor
194 1754 476 1810 contritum
517 1764 568 1807 et
600 1753 932 1808 Itumiliatum
976 1749 1118 1804 Deus
1161 1767 1262 1804 non
1291 1750 1508 1816 despicit
1538 1747 1659 1820 (Ps.

1762 539 1876 610 Ego
1903 556 2008 596 n0n
2035 543 2228 612 loquar
2255 545 2402 614 prior
2439 561 2632 605 contra
2663 563 2735 616 te,
2773 571 2840 610 ne
2862 571 3184 626 oppressum
3235 578 3361 620 esse

1760 641 1814 686 te
1851 633 2004 688 dicas
2036 637 2490 704 multiplicatione
2535 659 2883 714 sermonum;
2915 652 3011 706 sed
3044 664 3100 708 ut
3143 655 3188 708 si
3228 657 3358 727 quid

1756 724 1886 796 jusu
1921 726 2108 791 habes,
2161 731 2278 800 ipse
2333 749 2429 801 pro
2461 743 2512 790 te
2561 735 2818 804 loquere;
2876 753 2938 797 ut
2987 724 3362 805 videaris—ista

1762 835 1880 889 qua:
1914 824 2136 891 pateris,
2169 823 2443 880 immerito
2474 831 2774 888 sustinere.
2806 834 2869 887 Et
2899 847 2955 889 ut
2977 851 3120 892 scias
3146 857 3230 896 me
3262 843 3362 897 mi-

1761 915 1931 969 aerei-i
1965 917 2063 980 tui,
2099 933 2204 971 non
2228 921 2296 973 ob
2327 923 2578 977 meritum
2613 934 2785 989 tuum,
2813 929 2907 981 sed
2936 944 3159 1000 prtipter
3186 951 3362 991 meam

1763 1006 2137 1074 clementiam,
2171 1027 2198 1064 a
2243 1014 2495 1081 patribus
2523 1017 2630 1069 tuis
2663 1028 2909 1084 repetam
2940 1035 3104 1092 atque
3145 1027 3367 1094 majori-

1762 1096 1887 1164 bus,
1922 1113 1974 1154 ut
2003 1101 2275 1175 intelligas
2308 1115 2408 1160 tea
2441 1106 2822 1178 peccatoribus
2851 1128 2977 1168 esse
2998 1129 3321 1186 generatum
3349 1137 3364 1174 :

1768 1194 1925 1249 Pater
1944 1207 2059 1252 tuus
2081 1200 2280 1270 primus
2307 1203 2535 1270 peccavit
2559 1204 2614 1257 in
2643 1204 2976 1260 Solitntline:
3005 1211 3186 1262 omnis
3211 1209 3367 1266 vide-

1766 1289 1894 1345 licet
1920 1294 2150 1361 p0pulus
2179 1291 2370 1348 I~rael.
2389 1294 2516 1350 Sive
2540 1305 2734 1351 auctor
2749 1299 2968 1368 generis
3000 1299 3365 1357 tuiAbrabam

1767 1399 2024 1454 peccasse
2047 1387 2413 1452 convincitur,
2443 1388 2663 1455 quando
2695 1391 2923 1445 llonnno
2948 1401 3145 1446 terram
3179 1408 3370 1462 repro-

1767 1477 2047 1532 mis~ionis
2073 1479 2269 1533 semini
2309 1479 2455 1534 illius
2488 1482 2803 1550 pollicente,
2833 1485 3150 1554 re~ponditz
3181 1483 3246 1540 In
3267 1501 3370 1555 quo

1765 1568 1926 1621 sciam
1949 1573 2072 1640 quia
2104 1570 2370 1638 possidebo
2395 1573 2552 1626 eam?
2596 1572 2660 1626 Et
2688 1575 3013 1640 interpretes,
3050 1576 3246 1647 inquit,
3289 1577 3370 1630 tui

1767 1663 2090 1734 pra'varicati
2117 1673 2235 1718 sunt
2264 1665 2318 1718 in
2348 1681 2426 1718 me
2456 1663 2666 1737 (Cenes.
2688 1682 2778 1728 xv.
2809 1664 2903 1738 8):
2941 1674 3120 1722 Aaron
3144 1680 3198 1723 et
3219 1670 3372 1742 Moy-

1766 1770 1855 1809 scs
1885 1756 1953 1810 ad
2008 1771 2202 1827 aquam
2251 1758 2727 1822 contradictiOnis,
2775 1758 2871 1830 qui
2921 1761 3066 1815 inter
3099 1777 3186 1816 me
3229 1773 3284 1816 et
3314 1770 3371 1819 to

75 1867 124 1915 L,
159 1851 258 1916 15).
291 1849 381 1902 illa
424 1846 592 1902 volui.
623 1847 714 1901 illa
746 1845 992 1917 qmrsivi.
1017 1844 1096 1898 Tu
1123 1856 1306 1898 autem
1334 1860 1421 1897 me
1453 1843 1660 1897 δετνὶτθ
1695 1848 1734 1907 Β
1769 1852 1932 1906 mcdii
1964 1851 2328 1922 loquebantur
2361 1852 2555 1920 (Exod.
2601 1856 2754 1923 xvn).
2791 1853 2858 1907 Et
2902 1864 2959 1907 ut
2991 1853 3364 1919 intelligamus

74 1952 121 1997 et
141 1941 374 1994 laborare
417 1939 592 1994 fecisti
625 1940 674 1990 in
704 1939 942 2008 peccatis
967 1938 1096 2004 tuis,
1119 1951 1170 1991 ιιι
1192 1951 1418 2007 cogerer
1441 1935 1660 1989 dicere:

74 2033 305 2090 Laboraui
328 2037 640 2099 sustinens;
668 2043 723 2087 ct
749 2049 1090 2103 nequaquam
1119 2031 1261 2085 ultra
1292 2033 1435 2085 ferre
1463 2040 1516 2085 te
1541 2043 1665 2095 pos-

75 2144 195 2184 Sum.
243 2128 400 2185 Unde
439 2137 494 2182 et
541 2143 636 2196 per
667 2126 806 2181 Osee
837 2127 977 2180 idem
1030 2126 1271 2192 loquitur
1310 2123 1486 2177 Deus:
1524 2122 1665 2189 Quid

75 2225 148 2278 tibi
175 2225 374 2289 faciam,
413 2221 707 2290 Ephraim:
737 2233 1002 2292 protegam
1029 2232 1099 2285 te,
1128 2218 1295 2274 Israel
1319 2217 1557 2289 (0se.x1,
1581 2215 1664 2288 8)?

74 2317 196 2382 Quid
227 2316 316 2372 tibi
343 2316 550 2370 faciam
574 2315 596 2368 ?
618 2315 769 2385 quasi
799 2316 1062 2369 Atiamnm
1093 2329 1287 2384 ponam
1322 2325 1397 2374 te.
1427 2322 1476 2367 et
1509 2311 1664 2382 quasi

73 2410 304 2467 Seboim?
329 2410 498 2478 Quod
524 2421 706 2464 autem
739 2406 877 2462 LXX
905 2415 1224 2477 posuerunt,
1250 2406 1340 2459 sed
1361 2405 1413 2458 in
1442 2404 1667 2474 peccatis

74 2507 160 2561 tuis
180 2507 382 2579 defendi
408 2516 488 2571 le,
510 2515 556 2560 et
577 2502 936 2574 iniynitatibus
965 2503 1088 2568 tuis,
1107 2504 1188 2556 sic
1212 2510 1390 2570 potest
1419 2498 1667 2570 superio-

74 2601 208 2656 ribus
233 2604 516 2672 copulari,
549 2611 608 2656 ut
648 2600 804 2655 labor
833 2602 904 2655 sit
931 2598 1050 2667 Dei,
1101 2607 1154 2653 et
1185 2596 1450 2652 lassitudo
1477 2593 1669 2651 delen-

76 2695 191 2752 dere
221 2708 568 2764 peccatores.

134 2791 307 2859 (Ἶρι-ς.
336 2792 446 2853 25,
479 2790 551 2844 96
581 2787 768 2860 seqq.)
800 2787 913 2857 Ego
957 2804 1098 2854 sum,
1131 2803 1224 2860 ego
1248 2801 1363 2838 sum
1404 2787 1534 2856 ipse,
1582 2784 1669 2854 qui

81 2884 208 2937 deleo
228 2885 530 2952 iniquitates
554 2894 668 2936 tuas
686 2892 895 2954 propter
927 2898 1027 2944 me,
1045 2891 1093 2933 et
1110 2892 1442 2952 peccatorum
1462 2887 1672 2928 tuorum

81 2993 170 3031 non
199 2979 530 3032 recordabar.
562 2975 742 3029 Reduc
769 2991 846 3028 me
873 2974 924 3028 in
955 2973 1275 3038 memoriam,
1307 2983 1363 3025 ut
1384 2971 1675 3038 iudicemur

83 3070 259 3124 simul:
288 3087 452 3124 narra
481 3071 526 3123 si
570 3068 696 3137 quid
725 3069 878 3122 Iubes
905 3078 961 3121 ut
992 3067 1322 3140 justiﬁceris.
1373 3064 1532 3118 Pater
1556 3072 1674 3116 tuus

82 3162 262 3231 primus
296 3161 547 3231 peccavit,
577 3171 628 3215 et
669 3161 972 3232 interpretes
997 3159 1074 3215 tui
1118 3158 1447 3232 prtcraricati
1475 3167 1592 3210 sunt
1621 3157 1674 3210 in

1767 1960 1875 2000 non
1911 1960 2032 2000 esse
2057 1947 2354 2000 violentem
2380 1946 2803 2012 expositionem,
2831 1949 3110 2018 sequitur:
3147 1945 3216 2002 Et
3241 1965 3368 2003 can-

1767 2039 2013 2092 taminavi
2056 2039 2313 2108 principes
2359 2049 2588 2106 sanctos,
2619 2039 2687 2094 de
2738 2041 2936 2107 quibus
2973 2051 3031 2096 et
3061 2044 3113 2096 in
3163 2047 3373 2113 psalmo

1766 2137 2020 2188 Canitur:
2077 2131 2320 2202 Absorpti
2355 2143 2478 2186 sunt
2523 2133 2674 2202 iuxta
2703 2145 2903 2206 petram
2947 2135 3154 2204 judices
3189 2154 3369 2192 eorum

1768 2223 1891 2296 (Ps.
1923 2240 2050 2288 CXL,
2114 2224 2190 2295 6).
2224 2225 2369 2293 Quos
2422 2226 2626 2280 idcirco
2665 2220 3076 2284 contaminasse
3105 2244 3167 2286 se
3211 2231 3370 2298 dicit,

1767 2318 1908 2388 quod
1945 2331 2143 2373 terram
2190 2319 2636 2388 repromissionis
2669 2335 2776 2373 non
2811 2321 3158 2376 intraverint.
3199 2319 3366 2378 Dedi-

1767 2429 1868 2485 que
1890 2414 1959 2466 ad
1984 2413 2385 2467 internecionem
2411 2409 2602 2478 Iacob,
2623 2423 2670 2466 et
2698 2411 2868 2468 Israel
2889 2414 2944 2468 in
2968 2414 3378 2482 blasphemiam;

1768 2518 1827 2562 ut
1856 2507 2059 2570 nullus,
2096 2517 2296 2576 praeter
2319 2506 2457 2560 duos
2483 2522 2546 2560 ex
2581 2507 2665 2560 bis
2690 2507 2783 2576 qui
2807 2507 2874 2560 de
2900 2506 3138 2579 Egypt.»
3166 2507 3378 2579 egro-ssi

1771 2608 1950 2660 erant,
1983 2601 2214 2651 intraret
2243 2597 2294 2650 in
2321 2596 2567 2652 Judaeum
2595 2613 2608 2650 :
2642 2598 2736 2649 sed
2783 2597 3048 2652 cadavera
3079 2614 3269 2654 eorum
3294 2599 3381 2668 ja-

1771 2700 1957 2744 cerent
1998 2690 2051 2744 in
2083 2689 2395 2744 solitudine.
2432 2688 2596 2745 Juxta
2627 2688 2791 2756 LXX,
2835 2693 2926 2760 qui
2957 2691 3282 2748 addiderunt
3309 2694 3379 2751 de

1772 2793 1901 2834 auo:
1952 2779 2049 2834 Dic
2076 2793 2129 2835 tu
2160 2781 2305 2853 prior
2332 2783 2634 2849 iniquitates
2665 2795 2806 2846 tuas,
2842 2794 2898 2836 ut
2928 2785 3260 2857 justiﬁceris,
3308 2783 3379 2840 ad

1771 2873 2152 2942 paenitentiam
2187 2889 2284 2929 eos
2313 2885 2576 2945 provocat
2619 2875 2784 2942 Deus,
2817 2892 2872 2931 ut
2910 2880 3216 2949 intell-gant
3260 2894 3381 2937 sce-

1777 2964 1890 3017 lera
1943 2981 2037 3018 sua
2068 2976 2230 3034 atque
2283 2965 2633 3032 peccata,'et
2681 2972 2894 3024 veniam
2949 2984 3376 3043 consequantur.

1777 3057 2051 3126 Scriptum
2083 3069 2164 3112 est
2198 3061 2343 3112 enim
2384 3071 2440 3114 et
2464 3061 2516 3114 in
2557 3064 2664 3116 alio
2690 3062 2849 3118 loco:
2897 3065 3079 3120 Justus
3105 3076 3378 3121 accusator

1777 3154 1861 3207 sui
1887 3162 1960 3207 est
1990 3155 2041 3206 in
2092 3153 2346 3224 principio
2393 3155 2641 3207 sermonis
2669 3155 2848 3222 (Prov.
2880 3173 3030 3218 svnt.
3059 3159 3171 3227 l7).
3227 3159 3386 3214 Priu-

83 3269 165 3308 me.
192 3254 259 3308 Et
288 3253 638 3307 contaminari
663 3253 920 3320 principes
947 3264 1177 3317 sanctas,
1209 3249 1332 3304 dedi
1353 3251 1419 3301 ad
1451 3250 1668 3303 interne-
1701 3240 1746 3304 C
1777 3247 2038 3316 cipesque
2083 3261 2274 3299 eorum
2321 3257 2371 3300 et
2425 3257 2604 3316 patres
2635 3247 2890 3302 dicuntur
2921 3249 3135 3306 Domini
3190 3263 3384 3309 sancta

84 3346 270 3400 cionem
298 3346 491 3407 Jacob,
526 3354 574 3397 et
616 3342 786 3398 Israel
815 3345 869 3396 in
917 3343 1315 3412 blasphemiam.
1350 3341 1527 3398 LXX:
1563 3341 1675 3413 Ego

85 3452 198 3495 sum.
233 3453 331 3508 ego
361 3453 478 3490 sum
509 3436 599 3506 qui
628 3435 774 3489 deleo
805 3436 1105 3506 iniquitates
1133 3448 1266 3496 tuas.
1299 3446 1346 3490 et
1377 3453 1477 3489 non
1509 3453 1678 3490 recor-

86 3529 248 3584 dabor.
283 3529 363 3584 Tu
394 3546 518 3584 vero
549 3541 824 3590 memento,
863 3540 912 3582 et
927 3530 1248 3602 judicemur.
1280 3527 1377 3582 Dic
1406 3543 1458 3584 tu
1485 3531 1679 3600 iniqui-

88 3633 200 3679 tates
248 3636 366 3680 tuas
414 3626 636 3696 printus,
673 3635 730 3677 ut
761 3624 1089 3695 justi/iceris.
1147 3623 1331 3678 Patres
1359 3625 1514 3679 vestri
1557 3641 1677 3696 pec-

88 3728 332 3781 caverunt,
377 3728 428 3771 et
461 3719 721 3785 principes
752 3719 904 3771 vestri
957 3719 1132 3787 inique
1160 3730 1370 3784 egerunt
1399 3719 1454 3771 in
1501 3734 1598 3782 me,
1629 3728 1677 3772 et

90 3813 557 3866 contaminaverunt
587 3812 848 3882 principes
872 3821 1050 3864 sancta
1082 3826 1212 3863 mea.
1247 3807 1310 3863 Et
1340 3810 1461 3863 dedi
1489 3820 1544 3863 ut
1567 3827 1679 3880 per-

93 3903 248 3958 derent
280 3905 467 3965 Iacob.
495 3915 542 3958 et
575 3903 740 3958 Israel
762 3904 815 3957 in
841 3903 1199 3971 opprobrium.
1230 3902 1311 3957 Tu
1338 3920 1445 3964 tne,
1480 3903 1676 3971 inquit,

93 3995 246 4052 Jacob
273 4013 325 4053 et
357 4000 550 4065 Israel,
595 3997 844 4051 laborare
873 3995 1050 4052 fecisti
1091 3998 1143 4050 in
1195 3997 1436 4062 peccatis
1466 3998 1594 4059 tuis,
1625 4003 1682 4050 et

95 4104 246 4146 oui-ra
291 4093 644 4163 iniquitatum
678 4101 892 4143 tuarum
942 4100 1158 4157 portare
1207 4091 1297 4140 vix
1341 4087 1512 4155 potui,
1547 4100 1682 4155 quos

97 4197 424 4253 nequaquam
470 4196 662 4237 servos
696 4195 846 4234 ineos
874 4195 973 4233 nec
1010 4193 1209 4248 pueros
1237 4192 1398 4240 voco,
1425 4175 1521 4229 st-d
1553 4177 1686 4230 sim-

99 4275 210 4343 plici
243 4277 460 4346 appello
492 4276 712 4329 nomine
737 4273 906 4330 Jacob
930 4284 986 4325 et
1009 4271 1200 4335 Israel,
1235 4279 1291 4322 ut
1321 4270 1604 4322 ostendam
1633 4276 1689 4323 et

98 4381 300 4437 arguam
350 4381 696 4441 peccatores.
735 4373 844 4439 ligo
898 4379 1081 4421 autem
1133 4374 1353 4434 propter
1398 4378 1506 4429 me,
1561 4363 1688 4431 quia

105 4464 403 4518 miseric0rs
435 4480 557 4518 sum
586 4470 643 4518 et
688 4464 920 4533 patiens,
952 4470 1007 4516 et
1055 4459 1347 4514 innitarum
1381 4457 1690 4512 miseratio-

105 4567 242 4616 nttut,
266 4555 464 4611 delebo
489 4569 680 4609 μιιιιιρε
711 4554 1030 4620 iniquitates
1061 4563 1182 4605 luas
1202 4552 1252 4604 in
1287 4548 1610 4618 aSpersione
1636 4556 1692 4603 et

1778 3341 2039 3404 violasse,
2075 3356 2181 3394 non
2213 3343 2514 3395 sen'icntcs
2550 3341 2676 3412 Legi
2706 3344 2831 3398 Dei:
2861 3344 2955 3399 sed
2986 3346 3308 3401 traditiones
3328 3355 3387 3402 et

1783 3434 2035 3488 mandata
2065 3434 2344 3487 hominum
2380 3435 2723 3503 requirentes
2749 3454 2763 3490 :
2809 3449 3034 3506 prapler
3059 3453 3196 3506 quos~
3227 3439 3390 3508 periit

1779 3527 1974 3592 Jacob,
2004 3536 2060 3582 et
2091 3528 2143 3580 in
2172 3527 2526 3596 opprobrimn
2555 3528 2714 3583 datus
2743 3543 2822 3583 ρει
2857 3529 3048 3593 Ιειτιιει,
3091 3531 3298 3600 ejt-ctus
3321 3531 3390 3588 de

1781 3635 1874 3676 sua
1909 3619 2291 3690 provincia,et
2316 3623 2481 3676 totius
2511 3623 2662 3677 orbis
2686 3624 2810 3677 exul
2844 3634 3008 3692 atque
3043 3626 3385 3695 peregrinus.

1857 3713 2012 3787 (Cap.
2045 3712 2230 3768 XLIV.
2257 3744 2328 3754 —-
2359 3714 2514 3769 νινε.
2552 3716 2575 3770 l
2604 3716 2749 3786 st'q.)
2776 3715 2844 3769 Et
2871 3733 3005 3770 nunc
3046 3718 3192 3779 audi,
3221 3718 3386 3773 Iacob

1779 3825 1923 3862 serve
1948 3825 2112 3870 meus,
2141 3820 2186 3862 et
2213 3806 2408 3871 Israel,
2441 3825 2596 3879 quem
2623 3811 2775 3882 elegi.
2807 3809 2934 3864 IIa-c
2959 3811 3084 3864 dicit
3113 3809 3385 3878 Dominus,

1782 3904 1975 3971 faciens
2006 3913 2053 3956 et
2097 3907 2327 3973 formans
2357 3913 2404 3956 te
2446 3903 2508 3958 ab
2541 3916 2685 3957 utero
2714 3903 3003 3957 auxiliator
3044 3900 3208 3974 52E.
3243 3914 3386 3964 tuus,

1788 3995 1918 4050 Noli
1944 3998 2139 4055 timere.
2169 4013 2312 4050 serve
2341 3995 2450 4068 [AL
2477 3996 2677 4068 seruus]
2707 4013 2848 4050 meus
2884 3993 3072 4054 Jacab.
3100 4009 3149 4049 et
3185 3996 3389 4049 Rectis-

1784 4087 1910 4140 sime
1929 4105 2076 4156 quem
2101 4087 2250 4157 elegi.
2286 4088 2380 4152 Eli"
2378 4088 2574 4142 undam
2596 4089 2731 4141 enim
2754 4104 2914 4157 aquas
2930 4103 3084 4154 super
3109 4087 3387 4157 sitientem,

1789 4189 1835 4229 et
1867 4179 2057 4247 ﬂuenta
2088 4194 2243 4250 super
2268 4179 2510 4232 aridam:
2537 4177 2802 4244 eﬂundam
2838 4179 3077 4250 spiritum
3109 4195 3277 4234 meum
3306 4197 3397 4235 su-

1789 4287 1880 4342 per
1909 4288 2079 4325 semen
2106 4282 2272 4337 tuum,
2303 4283 2348 4324 et
2379 4271 2784 4325 benedictionem
2816 4289 2979 4327 meam
3001 4290 3156 4345 "per
3184 4276 3397 4347 stirptm

1791 4369 1953 4413 tuam.
1987 4361 2052 4414 Et
2079 4363 2444 4432 germinabunt
2472 4364 2605 4416 inter
2626 4361 2832 4429 herbas,
2865 4367 3013 4432 qnaii
3035 4364 3220 4422 salices
3234 4372 3398 4440 jua‘ta

1793 4454 2199 4525 prteterﬂuentes
2231 4471 2418 4524 aquas.
2454 4454 2559 4510 Iste
2585 4457 2742 4522 dicet,
2791 4456 3007 4512 Domini
3035 4477 3128 4532 ego
3169 4477 3323 4515 sum:
3347 4469 3399 4516 et

1791 4547 1882 4600 ille
1907 4545 2102 4598 vocabit
2134 4547 2187 4599 in
2216 4549 2423 4598 nomine
2459 4546 2645 4609 Jacob,
2676 4561 2724 4601 et
2749 4550 2834 4602 hic
2875 4551 3059 4604 scribet
3088 4571 3244 4607 manu
3276 4571 3397 4618 sua,

107 4648 355 4714 sanguine
401 4647 531 4698 novi
562 4643 938 4700 Tant-umenti:
989 4641 1184 4696 delebo
1217 4653 1374 4696 vetus
1405 4641 1680 4708 chirogra-

1802 4636 2031 4692 Domino
2071 4647 2156 4692 :et
2204 4639 2260 4691 in
2300 4639 2507 4691 nomine
2553 4637 2724 4693 Israel
2770 4641 3168 4696 assimilabitur.
3219 4643 3400 4700 LXX:

110 4738 283 4804 phum,
313 4739 461 4801 quod
489 4739 778 4793 adversitm
811 4746 864 4791 te
887 4737 1149 4805 scriptum
1177 4744 1326 4801 erat;
1361 4744 1415 4789 et
1445 4744 1696 4804 peccato—

110 4843 218 4885 rum
243 4843 456 4889 tuorum
482 4836 624 4890 ultra
650 4850 754 4888 non
789 4831 1144 4898 reeordabor,
1184 4847 1302 4900 qua:
1347 4832 1471 4897 tibi,
1496 4830 1541 4883 si
1570 4843 1695 4884 cre-

115 4925 233 4980 dere
260 4931 527 5003 volueris,
559 4929 612 4982 in
640 4928 971 4991 baptiSmate
998 4925 1320 4978 dimissurus
1344 4941 1487 4979 sum.
1514 4923 1698 4978 Reduc

117 5032 236 5087 ergo
271 5039 354 5078 me
380 5025 430 5077 in
461 5023 783 5078 memoriam
810 5017 838 5075 :'
858 5022 903 5074 si
948 5019 1076 5084 quid
1102 5018 1268 5073 babcs
1294 5019 1422 5086 justi
1445 5018 1588 5088 quod
1615 5033 1700 5073 re-

119 5115 372 5180 spondeas
404 5117 563 5181 mihi,
600 5116 837 5169 libenter
867 5111 1132 5182 accipiam
1165 5122 1263 5164 :ut
1287 5111 1599 5179 judicemur
1631 5111 1706 5165 si-

120 5208 245 5269 mul,
274 5217 329 5262 et
350 5223 552 5279 arguas
575 5223 659 5261 me
689 5222 795 5261 non
818 5204 1016 5260 fecisse
1039 5203 1134 5258 tibi
1159 5202 1302 5272 quod
1329 5201 1704 5256 [accredebuL

124 5296 280 5361 Quem
311 5316 534 5354 sensum
569 5301 618 5352 in
653 5298 873 5355 Michma
908 5297 1124 5365 plenius
1159 5296 1387 5362 legimu~
1427 5311 1441 5346 :
1478 5291 1711 5364 Populus

127 5403 258 5442 meus
285 5391 410 5460 quid
437 5391 536 5461 feci
565 5391 675 5454 tibi,
707 5399 756 5443 et
782 5388 908 5457 quid
934 5388 1180 5441 molestus
1204 5388 1281 5456 [ui
1310 5385 1437 5439 tibi?
1457 5383 1715 5454 responde

128 5482 242 5535 mihi
271 5500 290 5537 :
317 5487 442 5555 quia
472 5483 629 5538 eduxi
663 5492 712 5538 te
739 5483 804 5536 de
837 5495 973 5536 terra
1003 5479 1225 5552 .Egypti
1269 5490 1314 5534 et
1341 5480 1405 5534 de
1432 5483 1585 5533 domo
1611 5496 1719 5534 ser-

130 5573 290 5627 vitutis
316 5577 477 5648 523
502 5575 714 5630 Lberaui
746 5588 814 5640 te,
846 5583 890 5628 et
911 5575 1027 5627 misi
1047 5584 1164 5626 ante
1186 5576 1369 5641 faciem
1403 5583 1540 5626 tuam
1574 5571 1725 5644 Moy-

135 5680 214 5719 sen
242 5678 287 5720 et
317 5677 490 5720 Aaron
516 5677 566 5720 et
590 5667 829 5720 Marium.
863 5667 930 5720 Et
956 5667 1007 5719 in
1036 5665 1492 5735 quinquagesimo
1516 5667 1727 5734 psalmo

141 5753 302 5811 David
327 5757 570 5829 loquitur
596 5761 661 5812 ad
694 5759 894 5812 Deum:
927 5755 994 5812 Ut
1008 5757 1316 5829 justiﬁceris
1337 5758 1388 5810 in
1409 5755 1730 5811 sermonrbus

145 5851 258 5919 tuis,
288 5862 336 5907 et
365 5853 542 5907 vincas
568 5867 683 5906 cum
715 5850 875 5921 [ueris
894 5852 1164 5921 judicatus
1193 5847 1312 5920 (Ps.
1346 5867 1400 5918 ι,
1433 5849 1467 5905 5
1488 5854 1527 5921 ).
1561 5848 1732 5906 Narra

1805 4730 1964 4786 Nunc
1986 4741 2153 4785 autem
2190 4732 2338 4799 audi,
2366 4728 2529 4784 Iacob
2572 4749 2699 4798 puer
2731 4749 2892 4798 meus,
2946 4744 2994 4786 et
3039 4733 3207 4788 Israel
3255 4751 3408 4803 quem

1805 4825 1956 4897 elegi.
1991 4823 2098 4893 Ego
2132 4823 2383 4878 Dominus
2419 4823 2576 4892 Deus,
2622 4825 2710 4894 qui
2739 4826 2840 4897 feci
2871 4835 2940 4892 te,
2971 4837 3019 4880 et
3068 4826 3323 4898 plasmaui
3362 4837 3413 4888 te

1808 4919 1872 4973 de
1893 4928 2086 4978 uentre.
2111 4917 2284 4972 adhuc
2318 4919 2528 4972 habebis
2560 4920 2835 4972 auxilium.
2881 4918 3010 4975 Noli
3051 4922 3250 4980 timere.
3282 4939 3414 4995 puer

1811 5029 1952 5066 meus
1975 5010 2163 5078 Jacob,
2201 5022 2248 5065 et
2293 5009 2478 5065 dilecte
2523 5011 2690 5066 Israel
2729 5029 2878 5082 quem
2927 5014 3083 5087 elegi,
3113 5014 3287 5070 adhuc
3316 5033 3414 5091 ego

1810 5105 1945 5159 dabo
1972 5123 2159 5174 aquam
2183 5106 2240 5158 in
2272 5107 2359 5158 siti
2387 5106 2476 5176 qui
2507 5107 2772 5161 ambulant
2807 5110 2860 5162 in
2887 5109 3181 5181 inaqunso:
3220 5127 3413 5184 ponam

1812 5199 2053 5268 spiritum
2072 5214 2241 5251 meum
2259 5215 2413 5264 super
2431 5216 2601 5254 semen
2625 5211 2788 5262 tuum,
2818 5213 2863 5256 et
2883 5202 3264 5258 benedictioues
3275 5221 3416 5258 meas

1814 5307 1966 5362 super
1997 5291 2134 5360 ﬁlios
2157 5301 2292 5342 tuos.
2322 5289 2390 5343 Et
2418 5295 2649 5346 orientur
2673 5308 2728 5347 ut
2755 5296 2810 5347 in
2833 5294 3002 5348 medio
3027 5311 3177 5365 aqua:
3217 5299 3416 5362 fenum,

1818 5391 1865 5434 et
1895 5382 2030 5434 sicut
2052 5381 2190 5434 salix
2205 5382 2365 5452 juxta
2389 5383 2801 5451 prwtcrﬂuentes
2830 5400 3016 5451 aquas.
3050 5384 3159 5436 Iste
3176 5383 3308 5437 dicet
3324 5381 3426 5439 Dei

1821 5487 1970 5528 sum:
1994 5473 2089 5527 iste
2112 5471 2357 5525 «laniabit
2380 5474 2435 5526 in
2459 5474 2666 5526 nomine
2691 5472 2878 5528 Jacob.
2909 5471 2976 5528 Et
2992 5476 3129 5528 alius
3154 5475 3337 5531 scribet
3366 5477 3426 5533 in

1826 5585 1983 5622 manu
2013 5583 2128 5634 sua,
2160 5563 2256 5618 Dei
2284 5582 2397 5619 sum
2428 5581 2544 5634 ego,
2576 5576 2620 5618 et
2643 5565 2697 5618 in
2718 5567 2925 5619 nomine
2953 5564 3127 5620 Israel
3157 5567 3425 5625 clamabit.

1829 5663 1932 5718 Ubi
1965 5670 2255 5716 accusatur
2285 5659 2520 5726 populus
2541 5655 2854 5711 Judaeorum
2887 5657 2958 5712 ob
2987 5658 3432 5719 incredulitatem

1832 5766 1992 5827 atque
2023 5751 2442 5822 blaSpliemiam,
2491 5753 2698 5822 absque
2731 5750 2839 5804 ulla
2874 5754 3114 5804 iiatniuis
3141 5751 3436 5824 dignitate,

1837 5850 1992 5922 puris
2019 5850 2328 5920 appellatur
2358 5844 2681 5902 vocabulis:
2709 5843 2832 5899 Non
2856 5861 2933 5899 me
2953 5845 3230 5911 inuocaui,
3252 5842 3440 5904 Jacob.
