  <div class='ocr_page' id='page_1' title='image "/cluster/home/n/w/nwhite01/storage/ocr_20150623/24/uva.x000826571/226.png"; bbox 0 0 3932 6338; ppageno 0'>
   <div class='ocr_carea' id='block_1_1' title="bbox 126 330 243 386">
    <p class='ocr_par' dir='ltr' id='par_1_1' title="bbox 126 330 243 386">
     <span class='ocr_line' id='line_1_1' title="bbox 126 330 243 386; baseline -0.009 0"><span class='ocrx_word' id='word_1_1' title='bbox 126 330 243 386; x_wconf 75' lang='grc'><strong>457</strong></span> 
     </span>
    </p>
   </div>
   <div class='ocr_carea' id='block_1_2' title="bbox 645 319 2908 388">
    <p class='ocr_par' dir='ltr' id='par_1_2' title="bbox 645 319 2908 388">
     <span class='ocr_line' id='line_1_2' title="bbox 645 319 2908 388; baseline 0.001 -3"><span class='ocrx_word' id='word_1_2' title='bbox 645 323 1293 385; x_wconf 78' lang='lat' dir='ltr'><strong>COMMENTARIORUM</strong></span> <span class='ocrx_word' id='word_1_3' title='bbox 1330 323 1398 381; x_wconf 79' lang='lat' dir='ltr'><strong>IN</strong></span> <span class='ocrx_word' id='word_1_4' title='bbox 1436 322 1675 382; x_wconf 73' lang='lat' dir='ltr'><strong>ISAIAM</strong></span> <span class='ocrx_word' id='word_1_5' title='bbox 1712 319 2148 383; x_wconf 68' lang='lat' dir='ltr'><strong>PROPHETAM</strong></span> <span class='ocrx_word' id='word_1_6' title='bbox 2188 326 2318 384; x_wconf 80' lang='lat' dir='ltr'><strong>LIB.</strong></span> <span class='ocrx_word' id='word_1_7' title='bbox 2362 325 2480 384; x_wconf 85' lang='lat' dir='ltr'><strong>XII.</strong></span> <span class='ocrx_word' id='word_1_8' title='bbox 2522 325 2675 384; x_wconf 79' lang='lat' dir='ltr'><strong>CAP.</strong></span> <span class='ocrx_word' id='word_1_9' title='bbox 2717 324 2908 388; x_wconf 64' lang='lat' dir='ltr'><strong>XLIV.</strong></span> 
     </span>
    </p>
   </div>
   <div class='ocr_carea' id='block_1_3' title="bbox 3320 329 3426 386">
    <p class='ocr_par' dir='ltr' id='par_1_3' title="bbox 3320 329 3426 386">
     <span class='ocr_line' id='line_1_3' title="bbox 3320 329 3426 386; baseline 0.019 -2"><span class='ocrx_word' id='word_1_10' title='bbox 3320 329 3426 386; x_wconf 74' lang='grc'><strong>458</strong></span> 
     </span>
    </p>
   </div>
   <div class='ocr_carea' id='block_1_4' title="bbox 125 437 3424 515">
    <p class='ocr_par' dir='ltr' id='par_1_4' title="bbox 125 437 3424 515">
     <span class='ocr_line' id='line_1_4' title="bbox 125 437 3424 515; baseline 0.002 -18"><span class='ocrx_word' id='word_1_11' title='bbox 125 458 230 514; x_wconf 86' lang='lat' dir='ltr'><strong>ego</strong></span> <span class='ocrx_word' id='word_1_12' title='bbox 253 458 379 501; x_wconf 85' lang='lat' dir='ltr'><strong>sum</strong></span> <span class='ocrx_word' id='word_1_13' title='bbox 403 458 418 494; x_wconf 86' lang='lat'><strong>:</strong></span> <span class='ocrx_word' id='word_1_14' title='bbox 447 441 585 498; x_wconf 83' lang='lat' dir='ltr'><strong>alius</strong></span> <span class='ocrx_word' id='word_1_15' title='bbox 605 441 822 498; x_wconf 84' lang='lat' dir='ltr'><strong>vocabit</strong></span> <span class='ocrx_word' id='word_1_16' title='bbox 853 441 902 494; x_wconf 90' lang='lat' dir='ltr'><strong>in</strong></span> <span class='ocrx_word' id='word_1_17' title='bbox 933 440 1156 495; x_wconf 80' lang='lat' dir='ltr'><strong>nomine</strong></span> <span class='ocrx_word' id='word_1_18' title='bbox 1173 437 1344 494; x_wconf 73' lang='lat' dir='ltr'><strong>Iacob</strong></span> <span class='ocrx_word' id='word_1_19' title='bbox 1370 457 1384 494; x_wconf 91' lang='lat'><strong>:</strong></span> <span class='ocrx_word' id='word_1_20' title='bbox 1417 438 1560 495; x_wconf 84' lang='lat' dir='ltr'><strong>alius</strong></span> <span class='ocrx_word' id='word_1_21' title='bbox 1585 441 1719 495; x_wconf 86' lang='lat' dir='ltr'><strong>scri-</strong></span> <span class='ocrx_word' id='word_1_22' title='bbox 1751 444 1804 504; x_wconf 76' lang='grc' dir='ltr'><strong>Α</strong></span> <span class='ocrx_word' id='word_1_23' title='bbox 1827 455 1949 511; x_wconf 77' lang='lat' dir='ltr'><strong>quae</strong></span> <span class='ocrx_word' id='word_1_24' title='bbox 1974 440 2152 498; x_wconf 73' lang='lat' dir='ltr'><strong>facilis</strong></span> <span class='ocrx_word' id='word_1_25' title='bbox 2177 441 2552 513; x_wconf 71' lang='lat' dir='ltr'><strong>intelligentim</strong></span> <span class='ocrx_word' id='word_1_26' title='bbox 2582 453 2732 508; x_wconf 85' lang='lat' dir='ltr'><strong>sunt,</strong></span> <span class='ocrx_word' id='word_1_27' title='bbox 2761 458 2863 499; x_wconf 90' lang='lat' dir='ltr'><strong>nec</strong></span> <span class='ocrx_word' id='word_1_28' title='bbox 2883 442 3224 515; x_wconf 81' lang='lat' dir='ltr'><strong>laciniosam,</strong></span> <span class='ocrx_word' id='word_1_29' title='bbox 3257 447 3424 504; x_wconf 79' lang='lat' dir='ltr'><strong>immo</strong></span> 
     </span>
    </p>
   </div>
   <div class='ocr_carea' id='block_1_5' title="bbox 127 531 1722 596">
    <p class='ocr_par' dir='ltr' id='par_1_5' title="bbox 127 531 1722 596">
     <span class='ocr_line' id='line_1_5' title="bbox 127 531 1722 596; baseline -0.003 -5"><span class='ocrx_word' id='word_1_30' title='bbox 127 535 222 591; x_wconf 87' lang='lat' dir='ltr'><strong>bet</strong></span> <span class='ocrx_word' id='word_1_31' title='bbox 271 550 438 591; x_wconf 79' lang='lat' dir='ltr'><strong>manu</strong></span> <span class='ocrx_word' id='word_1_32' title='bbox 465 549 561 589; x_wconf 86' lang='lat' dir='ltr'><strong>sua</strong></span> <span class='ocrx_word' id='word_1_33' title='bbox 591 548 652 588; x_wconf 80' lang='lat' dir='ltr'><strong>se</strong></span> <span class='ocrx_word' id='word_1_34' title='bbox 682 547 805 587; x_wconf 86' lang='lat' dir='ltr'><strong>esse</strong></span> <span class='ocrx_word' id='word_1_35' title='bbox 835 531 1082 596; x_wconf 91' lang='lat' dir='ltr'><strong>Domini,</strong></span> <span class='ocrx_word' id='word_1_36' title='bbox 1116 539 1172 586; x_wconf 86' lang='lat' dir='ltr'><strong>et</strong></span> <span class='ocrx_word' id='word_1_37' title='bbox 1208 545 1330 586; x_wconf 87' lang='lat' dir='ltr'><strong>cum</strong></span> <span class='ocrx_word' id='word_1_38' title='bbox 1359 541 1514 585; x_wconf 86' lang='lat' dir='ltr'><strong>ortus</strong></span> <span class='ocrx_word' id='word_1_39' title='bbox 1544 531 1615 586; x_wconf 91' lang='lat' dir='ltr'><strong>sit</strong></span> <span class='ocrx_word' id='word_1_40' title='bbox 1653 531 1722 587; x_wconf 88' lang='lat' dir='ltr'><strong>de</strong></span> 
     </span>
    </p>
   </div>
   <div class='ocr_carea' id='block_1_6' title="bbox 128 622 1723 694">
    <p class='ocr_par' dir='ltr' id='par_1_6' title="bbox 128 622 1723 694">
     <span class='ocr_line' id='line_1_6' title="bbox 128 622 1723 694; baseline -0.001 -14"><span class='ocrx_word' id='word_1_41' title='bbox 128 626 342 683; x_wconf 76' lang='lat' dir='ltr'><strong>inﬁdeli</strong></span> <span class='ocrx_word' id='word_1_42' title='bbox 371 626 524 682; x_wconf 77' lang='lat' dir='ltr'><strong>turba</strong></span> <span class='ocrx_word' id='word_1_43' title='bbox 547 624 846 694; x_wconf 73' lang='lat' dir='ltr'><strong>gentilium,</strong></span> <span class='ocrx_word' id='word_1_44' title='bbox 880 624 934 677; x_wconf 90' lang='lat' dir='ltr'><strong>in</strong></span> <span class='ocrx_word' id='word_1_45' title='bbox 962 625 1182 678; x_wconf 80' lang='lat' dir='ltr'><strong>nomine</strong></span> <span class='ocrx_word' id='word_1_46' title='bbox 1218 622 1615 678; x_wconf 87' lang='lat' dir='ltr'><strong>assimilabitur</strong></span> <span class='ocrx_word' id='word_1_47' title='bbox 1645 623 1723 678; x_wconf 82' lang='lat' dir='ltr'><strong>Is-</strong></span> 
     </span>
    </p>
   </div>
   <div class='ocr_carea' id='block_1_7' title="bbox 127 715 1725 787">
    <p class='ocr_par' dir='ltr' id='par_1_7' title="bbox 127 715 1725 787">
     <span class='ocr_line' id='line_1_7' title="bbox 127 715 1725 787; baseline -0.002 -12"><span class='ocrx_word' id='word_1_48' title='bbox 127 721 266 784; x_wconf 87' lang='lat' dir='ltr'><strong>rael,</strong></span> <span class='ocrx_word' id='word_1_49' title='bbox 303 730 364 774; x_wconf 93' lang='lat' dir='ltr'><strong>ut</strong></span> <span class='ocrx_word' id='word_1_50' title='bbox 386 720 590 773; x_wconf 75' lang='lat' dir='ltr'><strong>relictis</strong></span> <span class='ocrx_word' id='word_1_51' title='bbox 629 717 821 783; x_wconf 79' lang='lat' dir='ltr'><strong>idolis,</strong></span> <span class='ocrx_word' id='word_1_52' title='bbox 847 716 1008 772; x_wconf 87' lang='lat' dir='ltr'><strong>unius</strong></span> <span class='ocrx_word' id='word_1_53' title='bbox 1038 716 1132 772; x_wconf 90' lang='lat' dir='ltr'><strong>Dei</strong></span> <span class='ocrx_word' id='word_1_54' title='bbox 1163 717 1342 771; x_wconf 88' lang='lat' dir='ltr'><strong>cultor</strong></span> <span class='ocrx_word' id='word_1_55' title='bbox 1367 718 1441 771; x_wconf 91' lang='lat' dir='ltr'><strong>sit</strong></span> <span class='ocrx_word' id='word_1_56' title='bbox 1477 734 1495 771; x_wconf 52' lang='lat'><strong>:.</strong></span> <span class='ocrx_word' id='word_1_57' title='bbox 1533 715 1725 787; x_wconf 81' lang='lat' dir='ltr'><strong>incipit</strong></span> 
     </span>
    </p>
   </div>
   <div class='ocr_carea' id='block_1_8' title="bbox 125 809 1726 888">
    <p class='ocr_par' dir='ltr' id='par_1_8' title="bbox 125 809 1726 888">
     <span class='ocr_line' id='line_1_8' title="bbox 125 809 1726 888; baseline -0.001 -21"><span class='ocrx_word' id='word_1_58' title='bbox 125 812 296 867; x_wconf 84' lang='lat' dir='ltr'><strong>altera</strong></span> <span class='ocrx_word' id='word_1_59' title='bbox 328 815 599 888; x_wconf 74' lang='grc' dir='ltr'><strong>περικοπή,</strong></span> <span class='ocrx_word' id='word_1_60' title='bbox 632 825 794 881; x_wconf 86' lang='lat' dir='ltr'><strong>quam</strong></span> <span class='ocrx_word' id='word_1_61' title='bbox 826 818 992 866; x_wconf 85' lang='lat' dir='ltr'><strong>totam</strong></span> <span class='ocrx_word' id='word_1_62' title='bbox 1021 809 1180 864; x_wconf 84' lang='lat' dir='ltr'><strong>simul</strong></span> <span class='ocrx_word' id='word_1_63' title='bbox 1220 810 1622 879; x_wconf 72' lang='lat' dir='ltr'><strong>proposuimus,</strong></span> <span class='ocrx_word' id='word_1_64' title='bbox 1654 823 1726 866; x_wconf 86' lang='lat' dir='ltr'><strong>ne</strong></span> 
     </span>
    </p>
   </div>
   <div class='ocr_carea' id='block_1_9' title="bbox 130 902 1724 973">
    <p class='ocr_par' dir='ltr' id='par_1_9' title="bbox 130 902 1724 973">
     <span class='ocr_line' id='line_1_9' title="bbox 130 902 1724 973; baseline 0 -15"><span class='ocrx_word' id='word_1_65' title='bbox 130 905 293 958; x_wconf 82' lang='lat' dir='ltr'><strong>unius</strong></span> <span class='ocrx_word' id='word_1_66' title='bbox 311 919 507 958; x_wconf 83' lang='lat' dir='ltr'><strong>sensus</strong></span> <span class='ocrx_word' id='word_1_67' title='bbox 527 902 900 958; x_wconf 82' lang='lat' dir='ltr'><strong>divideremus</strong></span> <span class='ocrx_word' id='word_1_68' title='bbox 917 903 1332 958; x_wconf 71' lang='lat' dir='ltr'><strong>continentiam.</strong></span> <span class='ocrx_word' id='word_1_69' title='bbox 1362 902 1430 956; x_wconf 85' lang='lat' dir='ltr'><strong>Et</strong></span> <span class='ocrx_word' id='word_1_70' title='bbox 1451 903 1574 972; x_wconf 83' lang='lat' dir='ltr'><strong>quia</strong></span> <span class='ocrx_word' id='word_1_71' title='bbox 1597 902 1724 973; x_wconf 90' lang='lat' dir='ltr'><strong>Sep-</strong></span> 
     </span>
    </p>
   </div>
   <div class='ocr_carea' id='block_1_10' title="bbox 129 995 1724 1068">
    <p class='ocr_par' dir='ltr' id='par_1_10' title="bbox 129 995 1724 1068">
     <span class='ocr_line' id='line_1_10' title="bbox 129 995 1724 1068; baseline -0.002 -16"><span class='ocrx_word' id='word_1_72' title='bbox 129 999 368 1068; x_wconf 83' lang='lat' dir='ltr'><strong>tuaginta</strong></span> <span class='ocrx_word' id='word_1_73' title='bbox 385 998 436 1051; x_wconf 92' lang='lat' dir='ltr'><strong>in</strong></span> <span class='ocrx_word' id='word_1_74' title='bbox 467 996 571 1052; x_wconf 79' lang='lat' dir='ltr'><strong>hoc</strong></span> <span class='ocrx_word' id='word_1_75' title='bbox 601 996 844 1067; x_wconf 87' lang='lat' dir='ltr'><strong>capitulo</strong></span> <span class='ocrx_word' id='word_1_76' title='bbox 873 997 1117 1066; x_wconf 82' lang='lat' dir='ltr'><strong>exceptis</strong></span> <span class='ocrx_word' id='word_1_77' title='bbox 1141 996 1300 1068; x_wconf 71' lang='lat'><strong>521</strong></span> <span class='ocrx_word' id='word_1_78' title='bbox 1323 995 1510 1065; x_wconf 82' lang='lat' dir='ltr'><strong>paucis</strong></span> <span class='ocrx_word' id='word_1_79' title='bbox 1536 995 1724 1050; x_wconf 77' lang='lat' dir='ltr'><strong>verbis</strong></span> 
     </span>
    </p>
   </div>
   <div class='ocr_carea' id='block_1_11' title="bbox 130 1088 1722 1159">
    <p class='ocr_par' dir='ltr' id='par_1_11' title="bbox 130 1088 1722 1159">
     <span class='ocr_line' id='line_1_11' title="bbox 130 1088 1722 1159; baseline -0.001 -15"><span class='ocrx_word' id='word_1_80' title='bbox 130 1104 236 1144; x_wconf 88' lang='lat' dir='ltr'><strong>non</strong></span> <span class='ocrx_word' id='word_1_81' title='bbox 263 1090 577 1159; x_wconf 81' lang='lat' dir='ltr'><strong>discrepant</strong></span> <span class='ocrx_word' id='word_1_82' title='bbox 602 1089 674 1144; x_wconf 88' lang='lat' dir='ltr'><strong>ab</strong></span> <span class='ocrx_word' id='word_1_83' title='bbox 701 1089 989 1155; x_wconf 86' lang='lat' dir='ltr'><strong>Ilebraico,</strong></span> <span class='ocrx_word' id='word_1_84' title='bbox 1006 1099 1192 1142; x_wconf 87' lang='lat' dir='ltr'><strong>nostra</strong></span> <span class='ocrx_word' id='word_1_85' title='bbox 1222 1089 1462 1144; x_wconf 85' lang='lat' dir='ltr'><strong>editione</strong></span> <span class='ocrx_word' id='word_1_86' title='bbox 1483 1088 1722 1143; x_wconf 82' lang='lat' dir='ltr'><strong>contenti</strong></span> 
     </span>
    </p>
   </div>
   <div class='ocr_carea' id='block_1_12' title="bbox 125 1183 1720 1252">
    <p class='ocr_par' dir='ltr' id='par_1_12' title="bbox 125 1183 1720 1252">
     <span class='ocr_line' id='line_1_12' title="bbox 125 1183 1720 1252; baseline 0 -14"><span class='ocrx_word' id='word_1_87' title='bbox 125 1197 338 1249; x_wconf 75' lang='lat' dir='ltr'><strong>sumus,</strong></span> <span class='ocrx_word' id='word_1_88' title='bbox 371 1197 477 1252; x_wconf 88' lang='lat' dir='ltr'><strong>qua</strong></span> <span class='ocrx_word' id='word_1_89' title='bbox 501 1183 799 1248; x_wconf 84' lang='lat' dir='ltr'><strong>intellecta,</strong></span> <span class='ocrx_word' id='word_1_90' title='bbox 835 1191 1129 1237; x_wconf 87' lang='lat' dir='ltr'><strong>noscentur</strong></span> <span class='ocrx_word' id='word_1_91' title='bbox 1153 1191 1208 1238; x_wconf 90' lang='lat' dir='ltr'><strong>et</strong></span> <span class='ocrx_word' id='word_1_92' title='bbox 1235 1193 1471 1238; x_wconf 54' lang='lat' dir='ltr'><strong>caeterum</strong></span> <span class='ocrx_word' id='word_1_93' title='bbox 1505 1183 1602 1238; x_wconf 83' lang='lat' dir='ltr'><strong>Est</strong></span> <span class='ocrx_word' id='word_1_94' title='bbox 1624 1197 1720 1238; x_wconf 85' lang='lat' dir='ltr'><strong>au-</strong></span> 
     </span>
    </p>
   </div>
   <div class='ocr_carea' id='block_1_13' title="bbox 129 1273 1724 1344">
    <p class='ocr_par' dir='ltr' id='par_1_13' title="bbox 129 1273 1724 1344">
     <span class='ocr_line' id='line_1_13' title="bbox 129 1273 1724 1344; baseline -0.001 -15"><span class='ocrx_word' id='word_1_95' title='bbox 129 1283 236 1330; x_wconf 89' lang='lat' dir='ltr'><strong>tem</strong></span> <span class='ocrx_word' id='word_1_96' title='bbox 276 1289 467 1329; x_wconf 84' lang='lat' dir='ltr'><strong>sermo</strong></span> <span class='ocrx_word' id='word_1_97' title='bbox 503 1284 698 1330; x_wconf 86' lang='lat' dir='ltr'><strong>contra</strong></span> <span class='ocrx_word' id='word_1_98' title='bbox 737 1273 883 1333; x_wconf 78' lang='lat' dir='ltr'><strong>illius</strong></span> <span class='ocrx_word' id='word_1_99' title='bbox 922 1277 1192 1344; x_wconf 85' lang='lat' dir='ltr'><strong>temporis</strong></span> <span class='ocrx_word' id='word_1_100' title='bbox 1233 1274 1573 1339; x_wconf 86' lang='lat' dir='ltr'><strong>idololatras,</strong></span> <span class='ocrx_word' id='word_1_101' title='bbox 1615 1288 1724 1344; x_wconf 88' lang='lat' dir='ltr'><strong>quo</strong></span> 
     </span>
    </p>
   </div>
   <div class='ocr_carea' id='block_1_14' title="bbox 125 1366 1726 1438">
    <p class='ocr_par' dir='ltr' id='par_1_14' title="bbox 125 1366 1726 1438">
     <span class='ocr_line' id='line_1_14' title="bbox 125 1366 1726 1438; baseline 0.001 -16"><span class='ocrx_word' id='word_1_102' title='bbox 125 1366 290 1422; x_wconf 85' lang='lat' dir='ltr'><strong>Isaias</strong></span> <span class='ocrx_word' id='word_1_103' title='bbox 317 1367 584 1437; x_wconf 77' lang='lat' dir='ltr'><strong>propheta</strong></span> <span class='ocrx_word' id='word_1_104' title='bbox 610 1377 834 1422; x_wconf 86' lang='lat' dir='ltr'><strong>ventura</strong></span> <span class='ocrx_word' id='word_1_105' title='bbox 866 1367 1087 1438; x_wconf 87' lang='lat' dir='ltr'><strong>populis</strong></span> <span class='ocrx_word' id='word_1_106' title='bbox 1116 1366 1430 1434; x_wconf 77' lang='lat' dir='ltr'><strong>nuntiabat,</strong></span> <span class='ocrx_word' id='word_1_107' title='bbox 1459 1375 1514 1422; x_wconf 90' lang='lat' dir='ltr'><strong>et</strong></span> <span class='ocrx_word' id='word_1_108' title='bbox 1551 1368 1726 1437; x_wconf 82' lang='lat' dir='ltr'><strong>arguit</strong></span> 
     </span>
    </p>
   </div>
   <div class='ocr_carea' id='block_1_15' title="bbox 123 1459 1725 1532">
    <p class='ocr_par' dir='ltr' id='par_1_15' title="bbox 123 1459 1725 1532">
     <span class='ocr_line' id='line_1_15' title="bbox 123 1459 1725 1532; baseline -0.001 -16"><span class='ocrx_word' id='word_1_109' title='bbox 123 1476 246 1526; x_wconf 89' lang='lat' dir='ltr'><strong>eos,</strong></span> <span class='ocrx_word' id='word_1_110' title='bbox 278 1462 368 1531; x_wconf 80' lang='lat' dir='ltr'><strong>qui</strong></span> <span class='ocrx_word' id='word_1_111' title='bbox 411 1459 515 1516; x_wconf 86' lang='lat' dir='ltr'><strong>Dei</strong></span> <span class='ocrx_word' id='word_1_112' title='bbox 552 1460 943 1531; x_wconf 85' lang='lat' dir='ltr'><strong>omnipotentis</strong></span> <span class='ocrx_word' id='word_1_113' title='bbox 980 1461 1248 1532; x_wconf 76' lang='lat' dir='ltr'><strong>religione</strong></span> <span class='ocrx_word' id='word_1_114' title='bbox 1285 1468 1619 1530; x_wconf 86' lang='lat' dir='ltr'><strong>contempta,</strong></span> <span class='ocrx_word' id='word_1_115' title='bbox 1652 1461 1725 1514; x_wconf 86' lang='lat' dir='ltr'><strong>si-</strong></span> 
     </span>
    </p>
   </div>
   <div class='ocr_carea' id='block_1_16' title="bbox 124 1553 1722 1626">
    <p class='ocr_par' dir='ltr' id='par_1_16' title="bbox 124 1553 1722 1626">
     <span class='ocr_line' id='line_1_16' title="bbox 124 1553 1722 1626; baseline -0.001 -17"><span class='ocrx_word' id='word_1_116' title='bbox 124 1555 374 1609; x_wconf 86' lang='lat' dir='ltr'><strong>mulacris</strong></span> <span class='ocrx_word' id='word_1_117' title='bbox 416 1555 612 1626; x_wconf 84' lang='lat' dir='ltr'><strong>ligneis</strong></span> <span class='ocrx_word' id='word_1_118' title='bbox 652 1555 1009 1621; x_wconf 88' lang='lat' dir='ltr'><strong>inclinentur,</strong></span> <span class='ocrx_word' id='word_1_119' title='bbox 1039 1563 1092 1610; x_wconf 91' lang='lat' dir='ltr'><strong>et</strong></span> <span class='ocrx_word' id='word_1_120' title='bbox 1129 1553 1362 1609; x_wconf 85' lang='lat' dir='ltr'><strong>adorent</strong></span> <span class='ocrx_word' id='word_1_121' title='bbox 1399 1568 1566 1623; x_wconf 83' lang='lat' dir='ltr'><strong>Opera</strong></span> <span class='ocrx_word' id='word_1_122' title='bbox 1607 1568 1722 1607; x_wconf 86' lang='lat' dir='ltr'><strong>ma-</strong></span> 
     </span>
    </p>
   </div>
   <div class='ocr_carea' id='block_1_17' title="bbox 123 1646 1727 1720">
    <p class='ocr_par' dir='ltr' id='par_1_17' title="bbox 123 1646 1727 1720">
     <span class='ocr_line' id='line_1_17' title="bbox 123 1646 1727 1720; baseline -0.001 -17"><span class='ocrx_word' id='word_1_123' title='bbox 123 1664 280 1703; x_wconf 90' lang='lat' dir='ltr'><strong>nuum</strong></span> <span class='ocrx_word' id='word_1_124' title='bbox 320 1663 574 1704; x_wconf 87' lang='lat' dir='ltr'><strong>suarum.</strong></span> <span class='ocrx_word' id='word_1_125' title='bbox 627 1649 927 1704; x_wconf 85' lang='lat' dir='ltr'><strong>Curramus</strong></span> <span class='ocrx_word' id='word_1_126' title='bbox 965 1662 1256 1720; x_wconf 85' lang='lat' dir='ltr'><strong>ergo-per</strong></span> <span class='ocrx_word' id='word_1_127' title='bbox 1316 1647 1552 1719; x_wconf 87' lang='lat' dir='ltr'><strong>singula.</strong></span> <span class='ocrx_word' id='word_1_128' title='bbox 1602 1646 1727 1702; x_wconf 73' lang='lat' dir='ltr'><strong>Hau:</strong></span> 
     </span>
    </p>
   </div>
   <div class='ocr_carea' id='block_1_18' title="bbox 120 1739 1721 1811">
    <p class='ocr_par' dir='ltr' id='par_1_18' title="bbox 120 1739 1721 1811">
     <span class='ocr_line' id='line_1_18' title="bbox 120 1739 1721 1811; baseline -0.001 -15"><span class='ocrx_word' id='word_1_129' title='bbox 120 1743 239 1797; x_wconf 81' lang='lat' dir='ltr'><strong>dicit</strong></span> <span class='ocrx_word' id='word_1_130' title='bbox 270 1740 534 1797; x_wconf 85' lang='lat' dir='ltr'><strong>Dominus</strong></span> <span class='ocrx_word' id='word_1_131' title='bbox 573 1759 666 1796; x_wconf 73' lang='lat' dir='ltr'><strong>rex</strong></span> <span class='ocrx_word' id='word_1_132' title='bbox 694 1740 886 1808; x_wconf 84' lang='lat' dir='ltr'><strong>Israel,</strong></span> <span class='ocrx_word' id='word_1_133' title='bbox 915 1743 1008 1811; x_wconf 89' lang='lat' dir='ltr'><strong>qui</strong></span> <span class='ocrx_word' id='word_1_134' title='bbox 1055 1742 1106 1795; x_wconf 92' lang='lat' dir='ltr'><strong>in</strong></span> <span class='ocrx_word' id='word_1_135' title='bbox 1151 1756 1236 1796; x_wconf 90' lang='lat' dir='ltr'><strong>me</strong></span> <span class='ocrx_word' id='word_1_136' title='bbox 1264 1739 1572 1796; x_wconf 88' lang='lat' dir='ltr'><strong>crediturus</strong></span> <span class='ocrx_word' id='word_1_137' title='bbox 1601 1748 1721 1805; x_wconf 90' lang='lat' dir='ltr'><strong>est,</strong></span> 
     </span>
    </p>
   </div>
   <div class='ocr_carea' id='block_1_19' title="bbox 1825 519 3428 608">
    <p class='ocr_par' dir='ltr' id='par_1_19' title="bbox 1825 519 3428 608">
     <span class='ocr_line' id='line_1_19' title="bbox 1825 519 3428 608; baseline 0.006 -24"><span class='ocrx_word' id='word_1_138' title='bbox 1825 519 2156 602; x_wconf 78' lang='lat' dir='ltr'><strong>superﬂuam</strong></span> <span class='ocrx_word' id='word_1_139' title='bbox 2195 535 2592 603; x_wconf 81' lang='lat' dir='ltr'><strong>expositionem</strong></span> <span class='ocrx_word' id='word_1_140' title='bbox 2628 534 2958 590; x_wconf 87' lang='lat' dir='ltr'><strong>desiderant.</strong></span> <span class='ocrx_word' id='word_1_141' title='bbox 3004 536 3183 608; x_wconf 79' lang='lat' dir='ltr'><strong>Super</strong></span> <span class='ocrx_word' id='word_1_142' title='bbox 3223 552 3330 606; x_wconf 79' lang='lat' dir='ltr'><strong>quo</strong></span> <span class='ocrx_word' id='word_1_143' title='bbox 3368 546 3428 593; x_wconf 78' lang='lat' dir='ltr'><strong>et</strong></span> 
     </span>
    </p>
   </div>
   <div class='ocr_carea' id='block_1_20' title="bbox 1828 622 3431 701">
    <p class='ocr_par' dir='ltr' id='par_1_20' title="bbox 1828 622 3431 701">
     <span class='ocr_line' id='line_1_20' title="bbox 1828 622 3431 701; baseline 0.006 -24"><span class='ocrx_word' id='word_1_144' title='bbox 1828 622 2053 680; x_wconf 82' lang='lat' dir='ltr'><strong>Flaccus</strong></span> <span class='ocrx_word' id='word_1_145' title='bbox 2095 624 2289 680; x_wconf 82' lang='lat' dir='ltr'><strong>scribit</strong></span> <span class='ocrx_word' id='word_1_146' title='bbox 2335 627 2388 679; x_wconf 91' lang='lat' dir='ltr'><strong>in</strong></span> <span class='ocrx_word' id='word_1_147' title='bbox 2427 626 2627 689; x_wconf 85' lang='lat' dir='ltr'><strong>Satira,</strong></span> <span class='ocrx_word' id='word_1_148' title='bbox 2678 626 2930 682; x_wconf 84' lang='lat' dir='ltr'><strong>deridens</strong></span> <span class='ocrx_word' id='word_1_149' title='bbox 2971 629 3262 686; x_wconf 84' lang='lat' dir='ltr'><strong>simulacra</strong></span> <span class='ocrx_word' id='word_1_150' title='bbox 3301 644 3431 701; x_wconf 55' lang='lat' dir='ltr'><strong>gen.</strong></span> 
     </span>
    </p>
   </div>
   <div class='ocr_carea' id='block_1_21' title="bbox 1828 713 2550 786">
    <p class='ocr_par' dir='ltr' id='par_1_21' title="bbox 1828 713 2550 786">
     <span class='ocr_line' id='line_1_21' title="bbox 1828 713 2550 786; baseline 0.003 -20"><span class='ocrx_word' id='word_1_151' title='bbox 1828 713 1956 768; x_wconf 92' lang='lat' dir='ltr'><strong>tium</strong></span> <span class='ocrx_word' id='word_1_152' title='bbox 1990 714 2180 783; x_wconf 81' lang='lat' dir='ltr'><strong>(Satir.</strong></span> <span class='ocrx_word' id='word_1_153' title='bbox 2212 731 2326 782; x_wconf 82' lang='lat' dir='ltr'><strong>vut,</strong></span> <span class='ocrx_word' id='word_1_154' title='bbox 2355 715 2451 770; x_wconf 87' lang='lat' dir='ltr'><strong>lib.</strong></span> <span class='ocrx_word' id='word_1_155' title='bbox 2486 714 2550 786; x_wconf 82' lang='lat'><strong>1).</strong></span> 
     </span>
    </p>
   </div>
   <div class='ocr_carea' id='block_1_22' title="bbox 1887 811 3110 878">
    <p class='ocr_par' dir='ltr' id='par_1_22' title="bbox 1887 811 3110 878">
     <span class='ocr_line' id='line_1_22' title="bbox 1887 811 3110 878; baseline 0.008 -18"><span class='ocrx_word' id='word_1_156' title='bbox 1887 811 2016 878; x_wconf 72' lang='lat' dir='ltr'><strong>glim</strong></span> <span class='ocrx_word' id='word_1_157' title='bbox 2036 819 2241 878; x_wconf 77' lang='lat' dir='ltr'><strong>truncus</strong></span> <span class='ocrx_word' id='word_1_158' title='bbox 2266 827 2400 864; x_wconf 88' lang='lat' dir='ltr'><strong>eram</strong></span> <span class='ocrx_word' id='word_1_159' title='bbox 2425 814 2649 878; x_wconf 70' lang='lat' dir='ltr'><strong>ficulnus,</strong></span> <span class='ocrx_word' id='word_1_160' title='bbox 2678 815 2857 866; x_wconf 86' lang='lat' dir='ltr'><strong>inutile</strong></span> <span class='ocrx_word' id='word_1_161' title='bbox 2881 817 3110 878; x_wconf 76' lang='lat' dir='ltr'><strong>lignum:</strong></span> 
     </span>
    </p>
   </div>
   <div class='ocr_carea' id='block_1_23' title="bbox 1888 873 3235 943">
    <p class='ocr_par' dir='ltr' id='par_1_23' title="bbox 1888 873 3235 943">
     <span class='ocr_line' id='line_1_23' title="bbox 1888 873 3235 943; baseline 0.008 -22"><span class='ocrx_word' id='word_1_162' title='bbox 1888 873 2006 943; x_wconf 61' lang='lat' dir='ltr'><strong>Qum</strong></span> <span class='ocrx_word' id='word_1_163' title='bbox 2023 874 2167 943; x_wconf 67' lang='lat' dir='ltr'><strong>faber</strong></span> <span class='ocrx_word' id='word_1_164' title='bbox 2191 877 2407 943; x_wconf 78' lang='lat' dir='ltr'><strong>incertus</strong></span> <span class='ocrx_word' id='word_1_165' title='bbox 2427 873 2676 943; x_wconf 72' lang='lat' dir='ltr'><strong>scamnum</strong></span> <span class='ocrx_word' id='word_1_166' title='bbox 2701 873 2956 943; x_wconf 77' lang='lat' dir='ltr'><strong>faceretne</strong></span> <span class='ocrx_word' id='word_1_167' title='bbox 2983 883 3235 943; x_wconf 81' lang='lat' dir='ltr'><strong>Priapum.</strong></span> 
     </span>
    </p>
   </div>
   <div class='ocr_carea' id='block_1_24' title="bbox 1888 934 3330 1008">
    <p class='ocr_par' dir='ltr' id='par_1_24' title="bbox 1888 934 3330 1008">
     <span class='ocr_line' id='line_1_24' title="bbox 1888 934 3330 1008; baseline 0.01 -26"><span class='ocrx_word' id='word_1_168' title='bbox 1888 934 2058 1008; x_wconf 49' lang='lat' dir='ltr'><strong>Maluit</strong></span> <span class='ocrx_word' id='word_1_169' title='bbox 2082 950 2194 1008; x_wconf 64' lang='lat' dir='ltr'><strong>esse</strong></span> <span class='ocrx_word' id='word_1_170' title='bbox 2213 938 2363 1008; x_wconf 77' lang='lat' dir='ltr'><strong>deum</strong></span> <span class='ocrx_word' id='word_1_171' title='bbox 2389 952 2400 987; x_wconf 93' lang='lat'><strong>:</strong></span> <span class='ocrx_word' id='word_1_172' title='bbox 2423 940 2551 988; x_wconf 88' lang='lat' dir='ltr'><strong>deus</strong></span> <span class='ocrx_word' id='word_1_173' title='bbox 2574 941 2686 989; x_wconf 87' lang='lat' dir='ltr'><strong>inde</strong></span> <span class='ocrx_word' id='word_1_174' title='bbox 2717 953 2829 1002; x_wconf 87' lang='lat' dir='ltr'><strong>ego,</strong></span> <span class='ocrx_word' id='word_1_175' title='bbox 2856 942 3018 992; x_wconf 89' lang='lat' dir='ltr'><strong>furum</strong></span> <span class='ocrx_word' id='word_1_176' title='bbox 3045 934 3330 1008; x_wconf 81' lang='lat' dir='ltr'><strong>aviumque,</strong></span> 
     </span>
    </p>
   </div>
   <div class='ocr_carea' id='block_1_25' title="bbox 1888 998 3340 1056">
    <p class='ocr_par' dir='ltr' id='par_1_25' title="bbox 1888 998 3340 1056">
     <span class='ocr_line' id='line_1_25' title="bbox 1888 998 3340 1056; baseline 0.006 -9"><span class='ocrx_word' id='word_1_177' title='bbox 1888 998 2346 1049; x_wconf 75' lang='lat' dir='ltr'><strong>Maximaformido.</strong></span> <span class='ocrx_word' id='word_1_178' title='bbox 2417 1035 2430 1047; x_wconf 92' lang='lat'><strong>.</strong></span> <span class='ocrx_word' id='word_1_179' title='bbox 2501 1036 2514 1050; x_wconf 91' lang='lat'><strong>.</strong></span> <span class='ocrx_word' id='word_1_180' title='bbox 2583 1036 2597 1050; x_wconf 91' lang='lat'><strong>.</strong></span> <span class='ocrx_word' id='word_1_181' title='bbox 2666 1039 2677 1051; x_wconf 93' lang='lat'><strong>.</strong></span> <span class='ocrx_word' id='word_1_182' title='bbox 2749 998 2846 1051; x_wconf 71' lang='grc' dir='ltr'><strong>ἷ’.</strong></span> <span class='ocrx_word' id='word_1_183' title='bbox 2913 1045 2924 1054; x_wconf 92' lang='grc'><strong>.</strong></span> <span class='ocrx_word' id='word_1_184' title='bbox 2997 1039 3010 1052; x_wconf 95' lang='grc'><strong><em>.</em></strong></span> <span class='ocrx_word' id='word_1_185' title='bbox 3079 1001 3100 1056; x_wconf 77' lang='grc'><strong>.’</strong></span> <span class='ocrx_word' id='word_1_186' title='bbox 3161 1045 3172 1055; x_wconf 93' lang='grc'>.</span> <span class='ocrx_word' id='word_1_187' title='bbox 3225 998 3257 1056; x_wconf 68' lang='grc'><strong>³.</strong></span> <span class='ocrx_word' id='word_1_188' title='bbox 3315 998 3340 1056; x_wconf 88' lang='grc'><strong>’.</strong></span> 
     </span>
    </p>
   </div>
   <div class='ocr_carea' id='block_1_26' title="bbox 1825 1105 3432 1178">
    <p class='ocr_par' dir='ltr' id='par_1_26' title="bbox 1825 1105 3432 1178">
     <span class='ocr_line' id='line_1_26' title="bbox 1825 1105 3432 1178; baseline 0.005 -20"><span class='ocrx_word' id='word_1_189' title='bbox 1825 1105 2096 1174; x_wconf 85' lang='lat' dir='ltr'><strong>Quidquid</strong></span> <span class='ocrx_word' id='word_1_190' title='bbox 2125 1113 2304 1160; x_wconf 87' lang='lat' dir='ltr'><strong>autem</strong></span> <span class='ocrx_word' id='word_1_191' title='bbox 2344 1105 2412 1161; x_wconf 93' lang='lat' dir='ltr'><strong>de</strong></span> <span class='ocrx_word' id='word_1_192' title='bbox 2451 1105 2612 1160; x_wconf 87' lang='lat' dir='ltr'><strong>idolis</strong></span> <span class='ocrx_word' id='word_1_193' title='bbox 2633 1105 2836 1162; x_wconf 88' lang='lat' dir='ltr'><strong>dictum</strong></span> <span class='ocrx_word' id='word_1_194' title='bbox 2861 1116 2968 1172; x_wconf 89' lang='lat' dir='ltr'><strong>est,</strong></span> <span class='ocrx_word' id='word_1_195' title='bbox 3003 1116 3189 1178; x_wconf 83' lang='lat' dir='ltr'><strong>potest</strong></span> <span class='ocrx_word' id='word_1_196' title='bbox 3213 1110 3432 1177; x_wconf 86' lang='lat' dir='ltr'><strong>referri,</strong></span> 
     </span>
    </p>
   </div>
   <div class='ocr_carea' id='block_1_27' title="bbox 1827 1197 3430 1274">
    <p class='ocr_par' dir='ltr' id='par_1_27' title="bbox 1827 1197 3430 1274">
     <span class='ocr_line' id='line_1_27' title="bbox 1827 1197 3430 1274; baseline 0.006 -23"><span class='ocrx_word' id='word_1_197' title='bbox 1827 1208 1881 1252; x_wconf 93' lang='lat' dir='ltr'><strong>et</strong></span> <span class='ocrx_word' id='word_1_198' title='bbox 1911 1197 1978 1251; x_wconf 88' lang='lat' dir='ltr'><strong>ad</strong></span> <span class='ocrx_word' id='word_1_199' title='bbox 2021 1198 2293 1254; x_wconf 72' lang='lat' dir='ltr'><strong>hereseon</strong></span> <span class='ocrx_word' id='word_1_200' title='bbox 2335 1199 2638 1269; x_wconf 86' lang='lat' dir='ltr'><strong>principes,</strong></span> <span class='ocrx_word' id='word_1_201' title='bbox 2667 1202 2755 1268; x_wconf 90' lang='lat' dir='ltr'><strong>qni</strong></span> <span class='ocrx_word' id='word_1_202' title='bbox 2783 1201 3072 1257; x_wconf 87' lang='lat' dir='ltr'><strong>simulacra</strong></span> <span class='ocrx_word' id='word_1_203' title='bbox 3115 1203 3430 1274; x_wconf 87' lang='lat' dir='ltr'><strong>dogmatum</strong></span> 
     </span>
    </p>
   </div>
   <div class='ocr_carea' id='block_1_28' title="bbox 1827 1291 3432 1366">
    <p class='ocr_par' dir='ltr' id='par_1_28' title="bbox 1827 1291 3432 1366">
     <span class='ocr_line' id='line_1_28' title="bbox 1827 1291 3432 1366; baseline 0.004 -22"><span class='ocrx_word' id='word_1_204' title='bbox 1827 1304 2053 1345; x_wconf 88' lang='lat' dir='ltr'><strong>suorum</strong></span> <span class='ocrx_word' id='word_1_205' title='bbox 2097 1300 2259 1362; x_wconf 90' lang='lat' dir='ltr'><strong>atque</strong></span> <span class='ocrx_word' id='word_1_206' title='bbox 2306 1291 2597 1356; x_wconf 84' lang='lat' dir='ltr'><strong>mendacii,</strong></span> <span class='ocrx_word' id='word_1_207' title='bbox 2631 1292 2830 1349; x_wconf 86' lang='lat' dir='ltr'><strong>artilici</strong></span> <span class='ocrx_word' id='word_1_208' title='bbox 2863 1295 3032 1349; x_wconf 88' lang='lat' dir='ltr'><strong>corde</strong></span> <span class='ocrx_word' id='word_1_209' title='bbox 3071 1305 3432 1366; x_wconf 89' lang='lat' dir='ltr'><strong>componunt,</strong></span> 
     </span>
    </p>
   </div>
   <div class='ocr_carea' id='block_1_29' title="bbox 1827 1387 3432 1455">
    <p class='ocr_par' dir='ltr' id='par_1_29' title="bbox 1827 1387 3432 1455">
     <span class='ocr_line' id='line_1_29' title="bbox 1827 1387 3432 1455; baseline 0.006 -18"><span class='ocrx_word' id='word_1_210' title='bbox 1827 1392 1884 1438; x_wconf 89' lang='lat' dir='ltr'><strong>et</strong></span> <span class='ocrx_word' id='word_1_211' title='bbox 1908 1393 2239 1439; x_wconf 80' lang='lat' dir='ltr'><strong>venerantur</strong></span> <span class='ocrx_word' id='word_1_212' title='bbox 2274 1399 2336 1439; x_wconf 90' lang='lat' dir='ltr'><strong>ea</strong></span> <span class='ocrx_word' id='word_1_213' title='bbox 2371 1402 2494 1455; x_wconf 79' lang='lat' dir='ltr'><strong>qua:</strong></span> <span class='ocrx_word' id='word_1_214' title='bbox 2519 1402 2548 1440; x_wconf 88' lang='lat' dir='ltr'><strong>a</strong></span> <span class='ocrx_word' id='word_1_215' title='bbox 2573 1402 2631 1441; x_wconf 92' lang='lat' dir='ltr'><strong>se</strong></span> <span class='ocrx_word' id='word_1_216' title='bbox 2661 1387 2838 1442; x_wconf 90' lang='lat' dir='ltr'><strong>sciunt</strong></span> <span class='ocrx_word' id='word_1_217' title='bbox 2861 1403 2985 1443; x_wconf 81' lang='lat' dir='ltr'><strong>esse</strong></span> <span class='ocrx_word' id='word_1_218' title='bbox 3015 1388 3295 1444; x_wconf 88' lang='lat' dir='ltr'><strong>simulata.</strong></span> <span class='ocrx_word' id='word_1_219' title='bbox 3320 1389 3432 1446; x_wconf 86' lang='lat' dir='ltr'><strong>Nec</strong></span> 
     </span>
    </p>
   </div>
   <div class='ocr_carea' id='block_1_30' title="bbox 1828 1476 3433 1558">
    <p class='ocr_par' dir='ltr' id='par_1_30' title="bbox 1828 1476 3433 1558">
     <span class='ocr_line' id='line_1_30' title="bbox 1828 1476 3433 1558; baseline 0.003 -27"><span class='ocrx_word' id='word_1_220' title='bbox 1828 1476 2030 1531; x_wconf 86' lang='lat' dir='ltr'><strong>sufficit</strong></span> <span class='ocrx_word' id='word_1_221' title='bbox 2055 1477 2134 1532; x_wconf 88' lang='lat' dir='ltr'><strong>eis</strong></span> <span class='ocrx_word' id='word_1_222' title='bbox 2161 1491 2318 1532; x_wconf 88' lang='lat' dir='ltr'><strong>error</strong></span> <span class='ocrx_word' id='word_1_223' title='bbox 2339 1479 2614 1548; x_wconf 88' lang='lat' dir='ltr'><strong>proprius,</strong></span> <span class='ocrx_word' id='word_1_224' title='bbox 2638 1478 2742 1533; x_wconf 84' lang='lat' dir='ltr'><strong>nisi</strong></span> <span class='ocrx_word' id='word_1_225' title='bbox 2764 1479 3036 1550; x_wconf 81' lang='lat' dir='ltr'><strong>simplices</strong></span> <span class='ocrx_word' id='word_1_226' title='bbox 3060 1495 3303 1558; x_wconf 86' lang='lat' dir='ltr'><strong>quosque</strong></span> <span class='ocrx_word' id='word_1_227' title='bbox 3334 1495 3433 1536; x_wconf 89' lang='lat' dir='ltr'><strong>eo-</strong></span> 
     </span>
    </p>
   </div>
   <div class='ocr_carea' id='block_1_31' title="bbox 1827 1569 3434 1644">
    <p class='ocr_par' dir='ltr' id='par_1_31' title="bbox 1827 1569 3434 1644">
     <span class='ocr_line' id='line_1_31' title="bbox 1827 1569 3434 1644; baseline 0.004 -21"><span class='ocrx_word' id='word_1_228' title='bbox 1827 1586 1946 1624; x_wconf 88' lang='lat' dir='ltr'><strong>rum</strong></span> <span class='ocrx_word' id='word_1_229' title='bbox 1971 1569 2290 1626; x_wconf 87' lang='lat' dir='ltr'><strong>adoratione</strong></span> <span class='ocrx_word' id='word_1_230' title='bbox 2307 1569 2643 1640; x_wconf 88' lang='lat' dir='ltr'><strong>deceperint.</strong></span> <span class='ocrx_word' id='word_1_231' title='bbox 2668 1571 2766 1638; x_wconf 86' lang='lat' dir='ltr'><strong>Qui</strong></span> <span class='ocrx_word' id='word_1_232' title='bbox 2794 1581 3061 1643; x_wconf 68' lang='grc' dir='ltr'><strong>ηυίρειυιη</strong></span> <span class='ocrx_word' id='word_1_233' title='bbox 3096 1584 3286 1644; x_wconf 88' lang='lat' dir='ltr'><strong>putant</strong></span> <span class='ocrx_word' id='word_1_234' title='bbox 3309 1588 3434 1630; x_wconf 88' lang='lat' dir='ltr'><strong>esse</strong></span> 
     </span>
    </p>
   </div>
   <div class='ocr_carea' id='block_1_32' title="bbox 1829 1663 3436 1746">
    <p class='ocr_par' dir='ltr' id='par_1_32' title="bbox 1829 1663 3436 1746">
     <span class='ocr_line' id='line_1_32' title="bbox 1829 1663 3436 1746; baseline 0.004 -30"><span class='ocrx_word' id='word_1_235' title='bbox 1829 1663 2116 1734; x_wconf 86' lang='lat' dir='ltr'><strong>pietatem,</strong></span> <span class='ocrx_word' id='word_1_236' title='bbox 2152 1671 2209 1718; x_wconf 88' lang='lat' dir='ltr'><strong>et</strong></span> <span class='ocrx_word' id='word_1_237' title='bbox 2246 1664 2510 1718; x_wconf 87' lang='lat' dir='ltr'><strong>devorant</strong></span> <span class='ocrx_word' id='word_1_238' title='bbox 2543 1664 2736 1720; x_wconf 89' lang='lat' dir='ltr'><strong>domos</strong></span> <span class='ocrx_word' id='word_1_239' title='bbox 2784 1666 3068 1721; x_wconf 87' lang='lat' dir='ltr'><strong>viduarum</strong></span> <span class='ocrx_word' id='word_1_240' title='bbox 3094 1665 3134 1739; x_wconf 93' lang='lat' dir='ltr'><strong>(I</strong></span> <span class='ocrx_word' id='word_1_241' title='bbox 3164 1667 3305 1723; x_wconf 86' lang='lat' dir='ltr'><strong>Tim.</strong></span> <span class='ocrx_word' id='word_1_242' title='bbox 3333 1667 3436 1746; x_wconf 80' lang='lat' dir='ltr'><strong>vr),</strong></span> 
     </span>
    </p>
   </div>
   <div class='ocr_carea' id='block_1_33' title="bbox 1827 1755 3436 1830">
    <p class='ocr_par' dir='ltr' id='par_1_33' title="bbox 1827 1755 3436 1830">
     <span class='ocr_line' id='line_1_33' title="bbox 1827 1755 3436 1830; baseline 0.004 -19"><span class='ocrx_word' id='word_1_243' title='bbox 1827 1755 2225 1829; x_wconf 80' lang='lat' dir='ltr'><strong>abutentesque</strong></span> <span class='ocrx_word' id='word_1_244' title='bbox 2273 1758 2415 1830; x_wconf 87' lang='lat' dir='ltr'><strong>vulgi</strong></span> <span class='ocrx_word' id='word_1_245' title='bbox 2465 1760 2773 1830; x_wconf 87' lang='lat' dir='ltr'><strong>imperitia,</strong></span> <span class='ocrx_word' id='word_1_246' title='bbox 2828 1763 2901 1815; x_wconf 88' lang='lat' dir='ltr'><strong>ita</strong></span> <span class='ocrx_word' id='word_1_247' title='bbox 2945 1771 3063 1816; x_wconf 89' lang='lat' dir='ltr'><strong>arte</strong></span> <span class='ocrx_word' id='word_1_248' title='bbox 3111 1761 3436 1830; x_wconf 86' lang='lat' dir='ltr'><strong>dialectica,</strong></span> 
     </span>
    </p>
   </div>
   <div class='ocr_carea' id='block_1_34' title="bbox 121 1832 1723 1918">
    <p class='ocr_par' dir='ltr' id='par_1_34' title="bbox 121 1832 1721 1909">
     <span class='ocr_line' id='line_1_34' title="bbox 121 1832 1721 1909; baseline -0.002 -18"><span class='ocrx_word' id='word_1_249' title='bbox 121 1847 166 1892; x_wconf 87' lang='lat' dir='ltr'><strong>et</strong></span> <span class='ocrx_word' id='word_1_250' title='bbox 188 1837 492 1909; x_wconf 83' lang='lat' dir='ltr'><strong>redemp‘or</strong></span> <span class='ocrx_word' id='word_1_251' title='bbox 516 1840 650 1909; x_wconf 86' lang='lat' dir='ltr'><strong>ejus,</strong></span> <span class='ocrx_word' id='word_1_252' title='bbox 682 1838 774 1907; x_wconf 89' lang='lat' dir='ltr'><strong>qui</strong></span> <span class='ocrx_word' id='word_1_253' title='bbox 806 1835 926 1890; x_wconf 85' lang='lat' dir='ltr'><strong>Filii</strong></span> <span class='ocrx_word' id='word_1_254' title='bbox 958 1837 1066 1892; x_wconf 87' lang='lat' dir='ltr'><strong>mei</strong></span> <span class='ocrx_word' id='word_1_255' title='bbox 1094 1834 1356 1904; x_wconf 87' lang='lat' dir='ltr'><strong>suscipiet</strong></span> <span class='ocrx_word' id='word_1_256' title='bbox 1387 1832 1676 1906; x_wconf 81' lang='lat' dir='ltr'><strong>adventum</strong></span> <span class='ocrx_word' id='word_1_257' title='bbox 1707 1851 1721 1888; x_wconf 89' lang='lat'><strong>:</strong></span> 
     </span>
    </p>
   </div>
   <div class='ocr_carea' id='block_1_35' title="bbox 1827 1832 3434 1918">
    <p class='ocr_par' dir='ltr' id='par_1_35' title="bbox 1829 1851 3434 1918">
     <span class='ocr_line' id='line_1_35' title="bbox 1829 1851 3434 1918; baseline 0.005 -16"><span class='ocrx_word' id='word_1_258' title='bbox 1829 1851 1982 1918; x_wconf 90' lang='lat' dir='ltr'><strong>quasi</strong></span> <span class='ocrx_word' id='word_1_259' title='bbox 2025 1851 2165 1905; x_wconf 86' lang='lat' dir='ltr'><strong>ascia</strong></span> <span class='ocrx_word' id='word_1_260' title='bbox 2225 1859 2282 1906; x_wconf 89' lang='lat' dir='ltr'><strong>et</strong></span> <span class='ocrx_word' id='word_1_261' title='bbox 2320 1851 2578 1917; x_wconf 85' lang='lat' dir='ltr'><strong>tercbro,</strong></span> <span class='ocrx_word' id='word_1_262' title='bbox 2624 1853 2752 1907; x_wconf 88' lang='lat' dir='ltr'><strong>lima</strong></span> <span class='ocrx_word' id='word_1_263' title='bbox 2811 1861 2867 1908; x_wconf 89' lang='lat' dir='ltr'><strong>et</strong></span> <span class='ocrx_word' id='word_1_264' title='bbox 2911 1854 3143 1909; x_wconf 89' lang='lat' dir='ltr'><strong>runcina</strong></span> <span class='ocrx_word' id='word_1_265' title='bbox 3194 1853 3434 1910; x_wconf 88' lang='lat' dir='ltr'><strong>formant</strong></span> 
     </span>
    </p>
   </div>
   <div class='ocr_carea' id='block_1_36' title="bbox 121 1929 1719 2001">
    <p class='ocr_par' dir='ltr' id='par_1_36' title="bbox 121 1929 1719 2001">
     <span class='ocr_line' id='line_1_36' title="bbox 121 1929 1719 2001; baseline -0.001 -17"><span class='ocrx_word' id='word_1_266' title='bbox 121 1930 368 1985; x_wconf 86' lang='lat' dir='ltr'><strong>Dominus</strong></span> <span class='ocrx_word' id='word_1_267' title='bbox 395 1933 732 1986; x_wconf 75' lang='lat' dir='ltr'><strong>exercituum</strong></span> <span class='ocrx_word' id='word_1_268' title='bbox 763 1939 924 2001; x_wconf 85' lang='lat' dir='ltr'><strong>atque</strong></span> <span class='ocrx_word' id='word_1_269' title='bbox 944 1930 1223 1996; x_wconf 88' lang='lat' dir='ltr'><strong>virtutum,</strong></span> <span class='ocrx_word' id='word_1_270' title='bbox 1253 1939 1309 1984; x_wconf 90' lang='lat' dir='ltr'><strong>et</strong></span> <span class='ocrx_word' id='word_1_271' title='bbox 1343 1929 1719 1999; x_wconf 86' lang='lat' dir='ltr'><strong>Omnipotens.</strong></span> 
     </span>
    </p>
   </div>
   <div class='ocr_carea' id='block_1_37' title="bbox 122 2020 1720 2095">
    <p class='ocr_par' dir='ltr' id='par_1_37' title="bbox 122 2020 1720 2095">
     <span class='ocr_line' id='line_1_37' title="bbox 122 2020 1720 2095; baseline -0.003 -15"><span class='ocrx_word' id='word_1_272' title='bbox 122 2025 226 2080; x_wconf 84' lang='lat' dir='ltr'><strong>Hoc</strong></span> <span class='ocrx_word' id='word_1_273' title='bbox 249 2024 392 2081; x_wconf 91' lang='lat' dir='ltr'><strong>enim</strong></span> <span class='ocrx_word' id='word_1_274' title='bbox 439 2025 493 2079; x_wconf 93' lang='lat' dir='ltr'><strong>in</strong></span> <span class='ocrx_word' id='word_1_275' title='bbox 523 2024 791 2081; x_wconf 84' lang='lat' dir='ltr'><strong>llebraico</strong></span> <span class='ocrx_word' id='word_1_276' title='bbox 832 2031 992 2080; x_wconf 89' lang='lat' dir='ltr'><strong>sonat</strong></span> <span class='ocrx_word' id='word_1_277' title='bbox 1037 2037 1278 2080; x_wconf 70' lang='lat' dir='ltr'><strong>SABAO&#39;I&#39;II</strong></span> <span class='ocrx_word' id='word_1_278' title='bbox 1307 2023 1559 2095; x_wconf 61' lang='lat' dir='ltr'><strong>(linunt).</strong></span> <span class='ocrx_word' id='word_1_279' title='bbox 1605 2020 1720 2092; x_wconf 86' lang='lat' dir='ltr'><strong>Ego</strong></span> 
     </span>
    </p>
   </div>
   <div class='ocr_carea' id='block_1_38' title="bbox 118 2114 1726 2189">
    <p class='ocr_par' dir='ltr' id='par_1_38' title="bbox 118 2114 1726 2189">
     <span class='ocr_line' id='line_1_38' title="bbox 118 2114 1726 2189; baseline 0.001 -20"><span class='ocrx_word' id='word_1_280' title='bbox 118 2133 220 2170; x_wconf 82' lang='lat' dir='ltr'><strong>sum</strong></span> <span class='ocrx_word' id='word_1_281' title='bbox 249 2117 486 2188; x_wconf 79' lang='lat' dir='ltr'><strong>primus,</strong></span> <span class='ocrx_word' id='word_1_282' title='bbox 511 2126 556 2170; x_wconf 91' lang='lat' dir='ltr'><strong>et</strong></span> <span class='ocrx_word' id='word_1_283' title='bbox 580 2133 670 2189; x_wconf 86' lang='lat' dir='ltr'><strong>ego</strong></span> <span class='ocrx_word' id='word_1_284' title='bbox 697 2118 1024 2182; x_wconf 81' lang='lat' dir='ltr'><strong>novissimus,</strong></span> <span class='ocrx_word' id='word_1_285' title='bbox 1056 2131 1155 2187; x_wconf 84' lang='lat' dir='ltr'><strong>ego</strong></span> <span class='ocrx_word' id='word_1_286' title='bbox 1184 2117 1222 2170; x_wconf 79' lang='grc' dir='ltr'>Α</span> <span class='ocrx_word' id='word_1_287' title='bbox 1249 2124 1306 2172; x_wconf 84' lang='lat' dir='ltr'><strong>et</strong></span> <span class='ocrx_word' id='word_1_288' title='bbox 1339 2126 1416 2181; x_wconf 72' lang='lat'><strong>9;</strong></span> <span class='ocrx_word' id='word_1_289' title='bbox 1459 2125 1510 2169; x_wconf 86' lang='lat' dir='ltr'><strong>et-</strong></span> <span class='ocrx_word' id='word_1_290' title='bbox 1537 2114 1726 2186; x_wconf 80' lang='lat' dir='ltr'><strong>absque</strong></span> 
     </span>
    </p>
   </div>
   <div class='ocr_carea' id='block_1_39' title="bbox 121 2209 1728 2281">
    <p class='ocr_par' dir='ltr' id='par_1_39' title="bbox 121 2209 1728 2281">
     <span class='ocr_line' id='line_1_39' title="bbox 121 2209 1728 2281; baseline -0.001 -17"><span class='ocrx_word' id='word_1_291' title='bbox 121 2228 192 2266; x_wconf 86' lang='lat' dir='ltr'><strong>me</strong></span> <span class='ocrx_word' id='word_1_292' title='bbox 215 2229 316 2265; x_wconf 85' lang='lat' dir='ltr'><strong>non</strong></span> <span class='ocrx_word' id='word_1_293' title='bbox 346 2220 430 2266; x_wconf 78' lang='lat' dir='ltr'><strong>est</strong></span> <span class='ocrx_word' id='word_1_294' title='bbox 465 2209 627 2276; x_wconf 85' lang='lat' dir='ltr'><strong>Dens,</strong></span> <span class='ocrx_word' id='word_1_295' title='bbox 657 2212 778 2280; x_wconf 88' lang='lat' dir='ltr'><strong>quia</strong></span> <span class='ocrx_word' id='word_1_296' title='bbox 820 2226 954 2280; x_wconf 88' lang='lat' dir='ltr'><strong>puer</strong></span> <span class='ocrx_word' id='word_1_297' title='bbox 983 2225 1143 2280; x_wconf 88' lang='lat' dir='ltr'><strong>quem</strong></span> <span class='ocrx_word' id='word_1_298' title='bbox 1174 2209 1350 2281; x_wconf 81' lang='lat' dir='ltr'><strong>elegi,</strong></span> <span class='ocrx_word' id='word_1_299' title='bbox 1382 2210 1435 2264; x_wconf 91' lang='lat' dir='ltr'><strong>in</strong></span> <span class='ocrx_word' id='word_1_300' title='bbox 1467 2224 1553 2264; x_wconf 88' lang='lat' dir='ltr'><strong>me</strong></span> <span class='ocrx_word' id='word_1_301' title='bbox 1582 2209 1728 2264; x_wconf 88' lang='lat' dir='ltr'><strong>Detts</strong></span> 
     </span>
    </p>
   </div>
   <div class='ocr_carea' id='block_1_40' title="bbox 119 2304 1724 2377">
    <p class='ocr_par' dir='ltr' id='par_1_40' title="bbox 119 2304 1724 2377">
     <span class='ocr_line' id='line_1_40' title="bbox 119 2304 1724 2377; baseline -0.001 -18"><span class='ocrx_word' id='word_1_302' title='bbox 119 2314 212 2360; x_wconf 89' lang='lat' dir='ltr'><strong>est.</strong></span> <span class='ocrx_word' id='word_1_303' title='bbox 243 2306 316 2361; x_wconf 89' lang='lat' dir='ltr'><strong>De</strong></span> <span class='ocrx_word' id='word_1_304' title='bbox 345 2319 472 2375; x_wconf 76' lang='lat' dir='ltr'><strong>quo</strong></span> <span class='ocrx_word' id='word_1_305' title='bbox 499 2321 662 2375; x_wconf 83' lang='lat' dir='ltr'><strong>supra</strong></span> <span class='ocrx_word' id='word_1_306' title='bbox 691 2305 802 2359; x_wconf 87' lang='lat' dir='ltr'><strong>dixi</strong></span> <span class='ocrx_word' id='word_1_307' title='bbox 829 2323 842 2358; x_wconf 89' lang='lat'><strong>:</strong></span> <span class='ocrx_word' id='word_1_308' title='bbox 877 2304 1008 2360; x_wconf 85' lang='lat' dir='ltr'><strong>Ecce</strong></span> <span class='ocrx_word' id='word_1_309' title='bbox 1033 2321 1164 2376; x_wconf 88' lang='lat' dir='ltr'><strong>puer</strong></span> <span class='ocrx_word' id='word_1_310' title='bbox 1185 2321 1348 2371; x_wconf 85' lang='lat' dir='ltr'><strong>meus,</strong></span> <span class='ocrx_word' id='word_1_311' title='bbox 1377 2320 1528 2376; x_wconf 84' lang='lat' dir='ltr'><strong>quem</strong></span> <span class='ocrx_word' id='word_1_312' title='bbox 1545 2304 1675 2377; x_wconf 75' lang='lat' dir='ltr'><strong>elegi</strong></span> <span class='ocrx_word' id='word_1_313' title='bbox 1704 2319 1724 2358; x_wconf 90' lang='lat'><strong><em>:</em></strong></span> 
     </span>
    </p>
   </div>
   <div class='ocr_carea' id='block_1_41' title="bbox 118 2399 1726 2471">
    <p class='ocr_par' dir='ltr' id='par_1_41' title="bbox 118 2399 1726 2471">
     <span class='ocr_line' id='line_1_41' title="bbox 118 2399 1726 2471; baseline -0.002 -19"><span class='ocrx_word' id='word_1_314' title='bbox 118 2399 296 2453; x_wconf 85' lang='lat' dir='ltr'><strong>electus</strong></span> <span class='ocrx_word' id='word_1_315' title='bbox 334 2415 532 2461; x_wconf 82' lang='lat' dir='ltr'><strong>meus,</strong></span> <span class='ocrx_word' id='word_1_316' title='bbox 573 2415 721 2470; x_wconf 82' lang='lat' dir='ltr'><strong>quem</strong></span> <span class='ocrx_word' id='word_1_317' title='bbox 761 2400 986 2468; x_wconf 79' lang='lat' dir='ltr'><strong>suscepit</strong></span> <span class='ocrx_word' id='word_1_318' title='bbox 1035 2401 1211 2453; x_wconf 88' lang='lat' dir='ltr'><strong>anima</strong></span> <span class='ocrx_word' id='word_1_319' title='bbox 1250 2414 1360 2452; x_wconf 86' lang='lat' dir='ltr'><strong>mea</strong></span> <span class='ocrx_word' id='word_1_320' title='bbox 1401 2415 1420 2452; x_wconf 90' lang='lat'><strong><em>:</em></strong></span> <span class='ocrx_word' id='word_1_321' title='bbox 1460 2399 1726 2471; x_wconf 80' lang='lat' dir='ltr'><strong>judicium</strong></span> 
     </span>
    </p>
   </div>
   <div class='ocr_carea' id='block_1_42' title="bbox 125 2493 1720 2564">
    <p class='ocr_par' dir='ltr' id='par_1_42' title="bbox 125 2493 1720 2564">
     <span class='ocr_line' id='line_1_42' title="bbox 125 2493 1720 2564; baseline 0 -20"><span class='ocrx_word' id='word_1_322' title='bbox 125 2493 348 2559; x_wconf 77' lang='lat' dir='ltr'><strong>gentibus</strong></span> <span class='ocrx_word' id='word_1_323' title='bbox 378 2493 623 2563; x_wconf 76' lang='lat' dir='ltr'><strong>proferet</strong></span> <span class='ocrx_word' id='word_1_324' title='bbox 658 2509 671 2545; x_wconf 84' lang='lat'><strong>:</strong></span> <span class='ocrx_word' id='word_1_325' title='bbox 707 2503 754 2547; x_wconf 89' lang='lat' dir='ltr'><strong>et</strong></span> <span class='ocrx_word' id='word_1_326' title='bbox 779 2494 832 2546; x_wconf 87' lang='lat' dir='ltr'><strong>in</strong></span> <span class='ocrx_word' id='word_1_327' title='bbox 864 2493 1068 2546; x_wconf 80' lang='lat' dir='ltr'><strong>nomine</strong></span> <span class='ocrx_word' id='word_1_328' title='bbox 1094 2495 1207 2564; x_wconf 87' lang='lat' dir='ltr'><strong>ejus</strong></span> <span class='ocrx_word' id='word_1_329' title='bbox 1229 2500 1403 2564; x_wconf 77' lang='lat' dir='ltr'><strong>gentes</strong></span> <span class='ocrx_word' id='word_1_330' title='bbox 1423 2493 1720 2560; x_wconf 83' lang='lat' dir='ltr'><strong>sperabunt.</strong></span> 
     </span>
    </p>
   </div>
   <div class='ocr_carea' id='block_1_43' title="bbox 121 2582 1720 2652">
    <p class='ocr_par' dir='ltr' id='par_1_43' title="bbox 121 2582 1720 2652">
     <span class='ocr_line' id='line_1_43' title="bbox 121 2582 1720 2652; baseline -0.001 -14"><span class='ocrx_word' id='word_1_331' title='bbox 121 2582 220 2638; x_wconf 84' lang='lat' dir='ltr'><strong>Nec</strong></span> <span class='ocrx_word' id='word_1_332' title='bbox 243 2584 374 2639; x_wconf 82' lang='lat' dir='ltr'><strong>dicit</strong></span> <span class='ocrx_word' id='word_1_333' title='bbox 403 2599 480 2638; x_wconf 74' lang='lat' dir='ltr'><strong>se</strong></span> <span class='ocrx_word' id='word_1_334' title='bbox 523 2597 649 2639; x_wconf 89' lang='lat' dir='ltr'><strong>esse</strong></span> <span class='ocrx_word' id='word_1_335' title='bbox 688 2585 860 2639; x_wconf 89' lang='lat' dir='ltr'><strong>solum</strong></span> <span class='ocrx_word' id='word_1_336' title='bbox 880 2627 895 2650; x_wconf 94' lang='lat'><strong>,</strong></span> <span class='ocrx_word' id='word_1_337' title='bbox 925 2583 1020 2638; x_wconf 89' lang='lat' dir='ltr'><strong>sed</strong></span> <span class='ocrx_word' id='word_1_338' title='bbox 1051 2589 1250 2652; x_wconf 74' lang='lat' dir='ltr'><strong>pra‘ter</strong></span> <span class='ocrx_word' id='word_1_339' title='bbox 1287 2584 1541 2638; x_wconf 82' lang='lat' dir='ltr'><strong>virtutem</strong></span> <span class='ocrx_word' id='word_1_340' title='bbox 1569 2596 1720 2638; x_wconf 88' lang='lat' dir='ltr'><strong>suam</strong></span> 
     </span>
    </p>
   </div>
   <div class='ocr_carea' id='block_1_44' title="bbox 120 2675 1725 2746">
    <p class='ocr_par' dir='ltr' id='par_1_44' title="bbox 120 2675 1725 2746">
     <span class='ocr_line' id='line_1_44' title="bbox 120 2675 1725 2746; baseline 0.001 -16"><span class='ocrx_word' id='word_1_341' title='bbox 120 2685 271 2746; x_wconf 84' lang='lat' dir='ltr'><strong>atque</strong></span> <span class='ocrx_word' id='word_1_342' title='bbox 297 2675 635 2746; x_wconf 77' lang='lat' dir='ltr'><strong>sapientiam</strong></span> <span class='ocrx_word' id='word_1_343' title='bbox 670 2677 877 2731; x_wconf 88' lang='lat' dir='ltr'><strong>null-um</strong></span> <span class='ocrx_word' id='word_1_344' title='bbox 911 2690 1033 2731; x_wconf 87' lang='lat' dir='ltr'><strong>esse</strong></span> <span class='ocrx_word' id='word_1_345' title='bbox 1059 2684 1348 2732; x_wconf 74' lang='lat' dir='ltr'><strong>externum</strong></span> <span class='ocrx_word' id='word_1_346' title='bbox 1377 2675 1567 2741; x_wconf 90' lang='lat' dir='ltr'><strong>Deum,</strong></span> <span class='ocrx_word' id='word_1_347' title='bbox 1593 2676 1725 2732; x_wconf 83' lang='lat' dir='ltr'><strong>deo-</strong></span> 
     </span>
    </p>
   </div>
   <div class='ocr_carea' id='block_1_45' title="bbox 121 2767 1726 2838">
    <p class='ocr_par' dir='ltr' id='par_1_45' title="bbox 121 2767 1726 2838">
     <span class='ocr_line' id='line_1_45' title="bbox 121 2767 1726 2838; baseline 0.002 -18"><span class='ocrx_word' id='word_1_348' title='bbox 121 2781 342 2838; x_wconf 89' lang='lat' dir='ltr'><strong>rumque</strong></span> <span class='ocrx_word' id='word_1_349' title='bbox 377 2767 686 2822; x_wconf 90' lang='lat' dir='ltr'><strong>multorum</strong></span> <span class='ocrx_word' id='word_1_350' title='bbox 715 2767 1051 2837; x_wconf 88' lang='lat' dir='ltr'><strong>opinionem,</strong></span> <span class='ocrx_word' id='word_1_351' title='bbox 1081 2776 1137 2821; x_wconf 88' lang='lat' dir='ltr'><strong>et</strong></span> <span class='ocrx_word' id='word_1_352' title='bbox 1158 2768 1443 2822; x_wconf 89' lang='lat' dir='ltr'><strong>simulacra</strong></span> <span class='ocrx_word' id='word_1_353' title='bbox 1467 2769 1726 2823; x_wconf 86' lang='lat' dir='ltr'><strong>condem-</strong></span> 
     </span>
    </p>
   </div>
   <div class='ocr_carea' id='block_1_46' title="bbox 123 2860 1727 2934">
    <p class='ocr_par' dir='ltr' id='par_1_46' title="bbox 123 2860 1727 2934">
     <span class='ocr_line' id='line_1_46' title="bbox 123 2860 1727 2934; baseline 0.002 -19"><span class='ocrx_word' id='word_1_354' title='bbox 123 2877 252 2918; x_wconf 90' lang='lat' dir='ltr'><strong>nans</strong></span> <span class='ocrx_word' id='word_1_355' title='bbox 291 2881 304 2916; x_wconf 90' lang='lat'><strong>:</strong></span> <span class='ocrx_word' id='word_1_356' title='bbox 340 2863 501 2930; x_wconf 80' lang='lat' dir='ltr'><strong>Quis,</strong></span> <span class='ocrx_word' id='word_1_357' title='bbox 544 2863 747 2934; x_wconf 86' lang='lat' dir='ltr'><strong>inquit,</strong></span> <span class='ocrx_word' id='word_1_358' title='bbox 789 2860 978 2916; x_wconf 85' lang='lat' dir='ltr'><strong>similis</strong></span> <span class='ocrx_word' id='word_1_359' title='bbox 1017 2862 1117 2916; x_wconf 89' lang='lat' dir='ltr'><strong>mei</strong></span> <span class='ocrx_word' id='word_1_360' title='bbox 1154 2862 1264 2915; x_wconf 86' lang='lat' dir='ltr'><strong>est?</strong></span> <span class='ocrx_word' id='word_1_361' title='bbox 1295 2860 1465 2916; x_wconf 82' lang='lat' dir='ltr'><strong>Vocet</strong></span> <span class='ocrx_word' id='word_1_362' title='bbox 1503 2876 1564 2916; x_wconf 89' lang='lat' dir='ltr'><strong>ea</strong></span> <span class='ocrx_word' id='word_1_363' title='bbox 1604 2877 1727 2930; x_wconf 68' lang='lat' dir='ltr'><strong>qum</strong></span> 
     </span>
    </p>
   </div>
   <div class='ocr_carea' id='block_1_47' title="bbox 128 2953 1725 3027">
    <p class='ocr_par' dir='ltr' id='par_1_47' title="bbox 128 2953 1725 3027">
     <span class='ocr_line' id='line_1_47' title="bbox 128 2953 1725 3027; baseline 0.001 -20"><span class='ocrx_word' id='word_1_364' title='bbox 128 2970 226 3008; x_wconf 90' lang='lat' dir='ltr'><strong>non</strong></span> <span class='ocrx_word' id='word_1_365' title='bbox 255 2964 384 3011; x_wconf 89' lang='lat' dir='ltr'><strong>sunt</strong></span> <span class='ocrx_word' id='word_1_366' title='bbox 414 2957 574 3027; x_wconf 85' lang='lat' dir='ltr'><strong>quasi</strong></span> <span class='ocrx_word' id='word_1_367' title='bbox 621 2955 762 3023; x_wconf 80' lang='lat' dir='ltr'><strong>sint,</strong></span> <span class='ocrx_word' id='word_1_368' title='bbox 797 2964 851 3010; x_wconf 92' lang='lat' dir='ltr'><strong>et</strong></span> <span class='ocrx_word' id='word_1_369' title='bbox 895 2963 1132 3025; x_wconf 76' lang='lat' dir='ltr'><strong>exponat</strong></span> <span class='ocrx_word' id='word_1_370' title='bbox 1171 2953 1417 3008; x_wconf 89' lang='lat' dir='ltr'><strong>ordinem</strong></span> <span class='ocrx_word' id='word_1_371' title='bbox 1459 2962 1725 3009; x_wconf 68' lang='lat' dir='ltr'><strong>creaturae</strong></span> 
     </span>
    </p>
   </div>
   <div class='ocr_carea' id='block_1_48' title="bbox 127 3044 1728 3120">
    <p class='ocr_par' dir='ltr' id='par_1_48' title="bbox 127 3044 1728 3120">
     <span class='ocr_line' id='line_1_48' title="bbox 127 3044 1728 3120; baseline 0 -20"><span class='ocrx_word' id='word_1_372' title='bbox 127 3062 276 3113; x_wconf 64' lang='lat' dir='ltr'><strong>meat,</strong></span> <span class='ocrx_word' id='word_1_373' title='bbox 305 3049 402 3120; x_wconf 91' lang='lat' dir='ltr'><strong>qui</strong></span> <span class='ocrx_word' id='word_1_374' title='bbox 433 3057 632 3104; x_wconf 90' lang='lat' dir='ltr'><strong>cuncta</strong></span> <span class='ocrx_word' id='word_1_375' title='bbox 662 3048 874 3104; x_wconf 87' lang='lat' dir='ltr'><strong>ratione</strong></span> <span class='ocrx_word' id='word_1_376' title='bbox 909 3045 1242 3111; x_wconf 88' lang='lat' dir='ltr'><strong>libraverim,</strong></span> <span class='ocrx_word' id='word_1_377' title='bbox 1267 3061 1331 3100; x_wconf 90' lang='lat' dir='ltr'><strong>ex</strong></span> <span class='ocrx_word' id='word_1_378' title='bbox 1369 3060 1476 3116; x_wconf 90' lang='lat' dir='ltr'><strong>quo</strong></span> <span class='ocrx_word' id='word_1_379' title='bbox 1506 3045 1602 3100; x_wconf 89' lang='lat' dir='ltr'><strong>feci</strong></span> <span class='ocrx_word' id='word_1_380' title='bbox 1629 3044 1728 3100; x_wconf 86' lang='lat' dir='ltr'><strong>ho-</strong></span> 
     </span>
    </p>
   </div>
   <div class='ocr_carea' id='block_1_49' title="bbox 127 3139 1726 3209">
    <p class='ocr_par' dir='ltr' id='par_1_49' title="bbox 127 3139 1726 3209">
     <span class='ocr_line' id='line_1_49' title="bbox 127 3139 1726 3209; baseline 0 -16"><span class='ocrx_word' id='word_1_381' title='bbox 127 3139 322 3196; x_wconf 88' lang='lat' dir='ltr'><strong>minem</strong></span> <span class='ocrx_word' id='word_1_382' title='bbox 342 3157 514 3209; x_wconf 87' lang='lat' dir='ltr'><strong>super</strong></span> <span class='ocrx_word' id='word_1_383' title='bbox 538 3151 763 3196; x_wconf 88' lang='lat' dir='ltr'><strong>terram.</strong></span> <span class='ocrx_word' id='word_1_384' title='bbox 793 3140 904 3198; x_wconf 86' lang='lat' dir='ltr'><strong>Nec</strong></span> <span class='ocrx_word' id='word_1_385' title='bbox 926 3143 1029 3196; x_wconf 87' lang='lat' dir='ltr'><strong>hoc</strong></span> <span class='ocrx_word' id='word_1_386' title='bbox 1054 3140 1226 3195; x_wconf 85' lang='lat' dir='ltr'><strong>solum</strong></span> <span class='ocrx_word' id='word_1_387' title='bbox 1251 3141 1397 3206; x_wconf 89' lang='lat' dir='ltr'><strong>volo,</strong></span> <span class='ocrx_word' id='word_1_388' title='bbox 1418 3139 1514 3194; x_wconf 89' lang='lat' dir='ltr'><strong>sed</strong></span> <span class='ocrx_word' id='word_1_389' title='bbox 1540 3154 1726 3209; x_wconf 64' lang='lat' dir='ltr'><strong>quiero</strong></span> 
     </span>
    </p>
   </div>
   <div class='ocr_carea' id='block_1_50' title="bbox 1827 1943 3438 2018">
    <p class='ocr_par' dir='ltr' id='par_1_50' title="bbox 1827 1943 3438 2018">
     <span class='ocr_line' id='line_1_50' title="bbox 1827 1943 3438 2018; baseline 0.005 -22"><span class='ocrx_word' id='word_1_390' title='bbox 1827 1943 1996 1998; x_wconf 88' lang='lat' dir='ltr'><strong>Deum</strong></span> <span class='ocrx_word' id='word_1_391' title='bbox 2028 1960 2204 2008; x_wconf 90' lang='lat' dir='ltr'><strong>suum,</strong></span> <span class='ocrx_word' id='word_1_392' title='bbox 2238 1954 2293 2000; x_wconf 92' lang='lat' dir='ltr'><strong>et</strong></span> <span class='ocrx_word' id='word_1_393' title='bbox 2320 1946 2527 2000; x_wconf 88' lang='lat' dir='ltr'><strong>eudunt</strong></span> <span class='ocrx_word' id='word_1_394' title='bbox 2557 1945 2778 2012; x_wconf 86' lang='lat' dir='ltr'><strong>malleo,</strong></span> <span class='ocrx_word' id='word_1_395' title='bbox 2819 1957 2982 2018; x_wconf 91' lang='lat' dir='ltr'><strong>atque</strong></span> <span class='ocrx_word' id='word_1_396' title='bbox 3013 1949 3282 2003; x_wconf 89' lang='lat' dir='ltr'><strong>inaurant</strong></span> <span class='ocrx_word' id='word_1_397' title='bbox 3317 1963 3438 2004; x_wconf 80' lang='lat' dir='ltr'><strong>ser-</strong></span> 
     </span>
    </p>
   </div>
   <div class='ocr_carea' id='block_1_51' title="bbox 1826 2035 3436 2110">
    <p class='ocr_par' dir='ltr' id='par_1_51' title="bbox 1826 2035 3436 2110">
     <span class='ocr_line' id='line_1_51' title="bbox 1826 2035 3436 2110; baseline 0.003 -20"><span class='ocrx_word' id='word_1_398' title='bbox 1826 2037 2005 2090; x_wconf 88' lang='lat' dir='ltr'><strong>monis</strong></span> <span class='ocrx_word' id='word_1_399' title='bbox 2040 2035 2296 2092; x_wconf 86' lang='lat' dir='ltr'><strong>rhetorici</strong></span> <span class='ocrx_word' id='word_1_400' title='bbox 2329 2047 2612 2092; x_wconf 87' lang='lat' dir='ltr'><strong>venustate</strong></span> <span class='ocrx_word' id='word_1_401' title='bbox 2641 2055 2654 2092; x_wconf 91' lang='lat'><strong>:</strong></span> <span class='ocrx_word' id='word_1_402' title='bbox 2697 2055 2918 2110; x_wconf 86' lang='lat' dir='ltr'><strong>quorum</strong></span> <span class='ocrx_word' id='word_1_403' title='bbox 2960 2037 3102 2094; x_wconf 90' lang='lat' dir='ltr'><strong>Deus</strong></span> <span class='ocrx_word' id='word_1_404' title='bbox 3132 2051 3307 2096; x_wconf 83' lang='lat' dir='ltr'><strong>venter</strong></span> <span class='ocrx_word' id='word_1_405' title='bbox 3336 2051 3436 2109; x_wconf 86' lang='lat' dir='ltr'><strong>est,</strong></span> 
     </span>
    </p>
   </div>
   <div class='ocr_carea' id='block_1_52' title="bbox 1825 2128 3114 2201">
    <p class='ocr_par' dir='ltr' id='par_1_52' title="bbox 1825 2128 3114 2201">
     <span class='ocr_line' id='line_1_52' title="bbox 1825 2128 3114 2201; baseline 0.002 -20"><span class='ocrx_word' id='word_1_406' title='bbox 1825 2138 1873 2181; x_wconf 79' lang='lat' dir='ltr'><strong>et</strong></span> <span class='ocrx_word' id='word_1_407' title='bbox 1899 2128 2069 2198; x_wconf 87' lang='lat' dir='ltr'><strong>gloria</strong></span> <span class='ocrx_word' id='word_1_408' title='bbox 2098 2128 2151 2182; x_wconf 88' lang='lat' dir='ltr'><strong>in</strong></span> <span class='ocrx_word' id='word_1_409' title='bbox 2182 2129 2485 2199; x_wconf 77' lang='lat' dir='ltr'><strong>confusione</strong></span> <span class='ocrx_word' id='word_1_410' title='bbox 2512 2145 2691 2183; x_wconf 90' lang='lat' dir='ltr'><strong>eorum</strong></span> <span class='ocrx_word' id='word_1_411' title='bbox 2717 2128 2984 2201; x_wconf 83' lang='lat' dir='ltr'><strong>(Philipp.</strong></span> <span class='ocrx_word' id='word_1_412' title='bbox 3012 2131 3114 2200; x_wconf 81' lang='grc' dir='ltr'>ιιι).</span> 
     </span>
    </p>
   </div>
   <div class='ocr_carea' id='block_1_53' title="bbox 1897 2220 3434 2294">
    <p class='ocr_par' dir='ltr' id='par_1_53' title="bbox 1897 2220 3434 2294">
     <span class='ocr_line' id='line_1_53' title="bbox 1897 2220 3434 2294; baseline 0.003 -19"><span class='ocrx_word' id='word_1_413' title='bbox 1897 2221 2075 2291; x_wconf 84' lang='lat' dir='ltr'><strong>(Vers.</strong></span> <span class='ocrx_word' id='word_1_414' title='bbox 2102 2221 2168 2274; x_wconf 70' lang='lat'><strong>21</strong></span> <span class='ocrx_word' id='word_1_415' title='bbox 2199 2221 2379 2292; x_wconf 86' lang='lat' dir='ltr'><strong>seqq.)</strong></span> <span class='ocrx_word' id='word_1_416' title='bbox 2412 2220 2673 2276; x_wconf 78' lang='lat' dir='ltr'><strong>Memento</strong></span> <span class='ocrx_word' id='word_1_417' title='bbox 2728 2223 2910 2276; x_wconf 85' lang='lat' dir='ltr'><strong>horum</strong></span> <span class='ocrx_word' id='word_1_418' title='bbox 2940 2221 3128 2292; x_wconf 76' lang='lat' dir='ltr'><strong>Iacob,</strong></span> <span class='ocrx_word' id='word_1_419' title='bbox 3160 2233 3208 2277; x_wconf 88' lang='lat' dir='ltr'><strong>et</strong></span> <span class='ocrx_word' id='word_1_420' title='bbox 3237 2223 3434 2294; x_wconf 89' lang='lat' dir='ltr'><strong>Israel,</strong></span> 
     </span>
    </p>
   </div>
   <div class='ocr_carea' id='block_1_54' title="bbox 1825 2316 3432 2387">
    <p class='ocr_par' dir='ltr' id='par_1_54' title="bbox 1825 2316 3432 2387">
     <span class='ocr_line' id='line_1_54' title="bbox 1825 2316 3432 2387; baseline 0.005 -21"><span class='ocrx_word' id='word_1_421' title='bbox 1825 2316 2068 2383; x_wconf 87' lang='lat' dir='ltr'><strong>quoniam</strong></span> <span class='ocrx_word' id='word_1_422' title='bbox 2085 2329 2256 2368; x_wconf 85' lang='lat' dir='ltr'><strong>servus</strong></span> <span class='ocrx_word' id='word_1_423' title='bbox 2279 2332 2422 2369; x_wconf 86' lang='lat' dir='ltr'><strong>meus</strong></span> <span class='ocrx_word' id='word_1_424' title='bbox 2441 2331 2490 2368; x_wconf 87' lang='lat' dir='ltr'><strong>es</strong></span> <span class='ocrx_word' id='word_1_425' title='bbox 2513 2325 2566 2368; x_wconf 89' lang='lat' dir='ltr'><strong>tu</strong></span> <span class='ocrx_word' id='word_1_426' title='bbox 2582 2331 2600 2368; x_wconf 86' lang='lat'><em>:</em></span> <span class='ocrx_word' id='word_1_427' title='bbox 2616 2317 2838 2385; x_wconf 77' lang='lat' dir='ltr'><strong>formavi</strong></span> <span class='ocrx_word' id='word_1_428' title='bbox 2853 2330 2918 2380; x_wconf 86' lang='lat' dir='ltr'><strong>te,</strong></span> <span class='ocrx_word' id='word_1_429' title='bbox 2936 2333 3109 2370; x_wconf 83' lang='lat' dir='ltr'><strong>servus</strong></span> <span class='ocrx_word' id='word_1_430' title='bbox 3123 2333 3264 2372; x_wconf 89' lang='lat' dir='ltr'><strong>meus</strong></span> <span class='ocrx_word' id='word_1_431' title='bbox 3281 2337 3332 2374; x_wconf 87' lang='lat' dir='ltr'><strong>es</strong></span> <span class='ocrx_word' id='word_1_432' title='bbox 3355 2330 3432 2387; x_wconf 86' lang='lat' dir='ltr'><strong>tu,</strong></span> 
     </span>
    </p>
   </div>
   <div class='ocr_carea' id='block_1_55' title="bbox 1829 2393 3434 2481">
    <p class='ocr_par' dir='ltr' id='par_1_55' title="bbox 1829 2393 3434 2481">
     <span class='ocr_line' id='line_1_55' title="bbox 1829 2393 3434 2481; baseline 0.006 -23"><span class='ocrx_word' id='word_1_433' title='bbox 1829 2403 2015 2471; x_wconf 82' lang='lat' dir='ltr'><strong>Israel,</strong></span> <span class='ocrx_word' id='word_1_434' title='bbox 2047 2423 2110 2460; x_wconf 86' lang='lat' dir='ltr'><strong>ne</strong></span> <span class='ocrx_word' id='word_1_435' title='bbox 2136 2405 2456 2461; x_wconf 81' lang='lat' dir='ltr'><strong>obliviscaris</strong></span> <span class='ocrx_word' id='word_1_436' title='bbox 2477 2408 2596 2461; x_wconf 89' lang='lat' dir='ltr'><strong>mei.</strong></span> <span class='ocrx_word' id='word_1_437' title='bbox 2626 2407 2806 2462; x_wconf 81' lang='lat' dir='ltr'><strong>Delevi</strong></span> <span class='ocrx_word' id='word_1_438' title='bbox 2834 2420 2889 2461; x_wconf 92' lang='lat' dir='ltr'><strong>ut</strong></span> <span class='ocrx_word' id='word_1_439' title='bbox 2920 2409 3107 2463; x_wconf 83' lang='lat' dir='ltr'><strong>nubem</strong></span> <span class='ocrx_word' id='word_1_440' title='bbox 3131 2393 3434 2481; x_wconf 77' lang='lat' dir='ltr'><strong>iniquitates</strong></span> 
     </span>
    </p>
   </div>
   <div class='ocr_carea' id='block_1_56' title="bbox 1825 2499 3437 2573">
    <p class='ocr_par' dir='ltr' id='par_1_56' title="bbox 1825 2499 3437 2573">
     <span class='ocr_line' id='line_1_56' title="bbox 1825 2499 3437 2573; baseline 0.004 -22"><span class='ocrx_word' id='word_1_441' title='bbox 1825 2508 1962 2563; x_wconf 88' lang='lat' dir='ltr'><strong>tuas,</strong></span> <span class='ocrx_word' id='word_1_442' title='bbox 1998 2509 2044 2552; x_wconf 82' lang='lat' dir='ltr'><strong>et</strong></span> <span class='ocrx_word' id='word_1_443' title='bbox 2070 2502 2222 2568; x_wconf 87' lang='lat' dir='ltr'><strong>quasi</strong></span> <span class='ocrx_word' id='word_1_444' title='bbox 2247 2499 2487 2554; x_wconf 85' lang='lat' dir='ltr'><strong>nebulam</strong></span> <span class='ocrx_word' id='word_1_445' title='bbox 2519 2507 2729 2573; x_wconf 86' lang='lat' dir='ltr'><strong>peccata</strong></span> <span class='ocrx_word' id='word_1_446' title='bbox 2759 2509 2866 2553; x_wconf 89' lang='lat' dir='ltr'><strong>tua.</strong></span> <span class='ocrx_word' id='word_1_447' title='bbox 2902 2499 3175 2554; x_wconf 83' lang='lat' dir='ltr'><strong>Revertere</strong></span> <span class='ocrx_word' id='word_1_448' title='bbox 3202 2503 3272 2556; x_wconf 88' lang='lat' dir='ltr'><strong>ad</strong></span> <span class='ocrx_word' id='word_1_449' title='bbox 3301 2518 3381 2557; x_wconf 86' lang='lat' dir='ltr'><strong>me</strong></span> <span class='ocrx_word' id='word_1_450' title='bbox 3417 2519 3437 2558; x_wconf 83' lang='lat'><strong>.&#39;</strong></span> 
     </span>
    </p>
   </div>
   <div class='ocr_carea' id='block_1_57' title="bbox 1825 2589 3432 2669">
    <p class='ocr_par' dir='ltr' id='par_1_57' title="bbox 1825 2589 3432 2669">
     <span class='ocr_line' id='line_1_57' title="bbox 1825 2589 3432 2669; baseline 0.004 -26"><span class='ocrx_word' id='word_1_451' title='bbox 1825 2591 2068 2660; x_wconf 87' lang='lat' dir='ltr'><strong>quoniam</strong></span> <span class='ocrx_word' id='word_1_452' title='bbox 2118 2590 2312 2646; x_wconf 83' lang='lat' dir='ltr'><strong>redemi</strong></span> <span class='ocrx_word' id='word_1_453' title='bbox 2360 2601 2426 2644; x_wconf 88' lang='lat' dir='ltr'><strong>te.</strong></span> <span class='ocrx_word' id='word_1_454' title='bbox 2462 2589 2728 2656; x_wconf 87' lang='lat' dir='ltr'><strong>Laudate,</strong></span> <span class='ocrx_word' id='word_1_455' title='bbox 2780 2591 2925 2669; x_wconf 74' lang='lat' dir='ltr'><strong>caeli,</strong></span> <span class='ocrx_word' id='word_1_456' title='bbox 2955 2593 3202 2662; x_wconf 84' lang='lat' dir='ltr'><strong>quoniam</strong></span> <span class='ocrx_word' id='word_1_457' title='bbox 3248 2592 3432 2664; x_wconf 81' lang='lat' dir='ltr'><strong>[Vulg.</strong></span> 
     </span>
    </p>
   </div>
   <div class='ocr_carea' id='block_1_58' title="bbox 1825 2681 3436 2754">
    <p class='ocr_par' dir='ltr' id='par_1_58' title="bbox 1825 2681 3436 2754">
     <span class='ocr_line' id='line_1_58' title="bbox 1825 2681 3436 2754; baseline 0.004 -21"><span class='ocrx_word' id='word_1_458' title='bbox 1825 2682 1975 2736; x_wconf 90' lang='lat' dir='ltr'><strong>addit</strong></span> <span class='ocrx_word' id='word_1_459' title='bbox 2006 2681 2440 2754; x_wconf 87' lang='lat' dir='ltr'><strong>misericordiam]</strong></span> <span class='ocrx_word' id='word_1_460' title='bbox 2467 2683 2589 2753; x_wconf 83' lang='lat' dir='ltr'><strong>fecit</strong></span> <span class='ocrx_word' id='word_1_461' title='bbox 2615 2681 2870 2736; x_wconf 86' lang='lat' dir='ltr'><strong>Dominus</strong></span> <span class='ocrx_word' id='word_1_462' title='bbox 2901 2698 2919 2737; x_wconf 92' lang='lat'><strong><em>:</em></strong></span> <span class='ocrx_word' id='word_1_463' title='bbox 2935 2682 3182 2752; x_wconf 87' lang='lat' dir='ltr'><strong>jubilate,</strong></span> <span class='ocrx_word' id='word_1_464' title='bbox 3205 2696 3436 2740; x_wconf 71' lang='lat' dir='ltr'><strong>extrema</strong></span> 
     </span>
    </p>
   </div>
   <div class='ocr_carea' id='block_1_59' title="bbox 1826 2774 3434 2840">
    <p class='ocr_par' dir='ltr' id='par_1_59' title="bbox 1826 2774 3434 2840">
     <span class='ocr_line' id='line_1_59' title="bbox 1826 2774 3434 2840; baseline 0.002 -14"><span class='ocrx_word' id='word_1_465' title='bbox 1826 2784 1996 2838; x_wconf 73' lang='lat' dir='ltr'><strong>teme,</strong></span> <span class='ocrx_word' id='word_1_466' title='bbox 2028 2783 2284 2840; x_wconf 88' lang='lat' dir='ltr'><strong>resonate,</strong></span> <span class='ocrx_word' id='word_1_467' title='bbox 2318 2786 2540 2838; x_wconf 83' lang='lat' dir='ltr'><strong>montes,</strong></span> <span class='ocrx_word' id='word_1_468' title='bbox 2576 2774 2946 2839; x_wconf 85' lang='lat' dir='ltr'><strong>laudationem,</strong></span> <span class='ocrx_word' id='word_1_469' title='bbox 2982 2775 3170 2840; x_wconf 81' lang='lat' dir='ltr'><strong>saltus,</strong></span> <span class='ocrx_word' id='word_1_470' title='bbox 3205 2786 3253 2829; x_wconf 89' lang='lat' dir='ltr'><strong>et</strong></span> <span class='ocrx_word' id='word_1_471' title='bbox 3285 2791 3434 2830; x_wconf 87' lang='lat' dir='ltr'><strong>omne</strong></span> 
     </span>
    </p>
   </div>
   <div class='ocr_carea' id='block_1_60' title="bbox 1825 2865 3432 2939">
    <p class='ocr_par' dir='ltr' id='par_1_60' title="bbox 1825 2865 3432 2939">
     <span class='ocr_line' id='line_1_60' title="bbox 1825 2865 3432 2939; baseline 0.001 -19"><span class='ocrx_word' id='word_1_472' title='bbox 1825 2868 2025 2938; x_wconf 82' lang='lat' dir='ltr'><strong>lignum</strong></span> <span class='ocrx_word' id='word_1_473' title='bbox 2055 2870 2167 2939; x_wconf 86' lang='lat' dir='ltr'><strong>ejus</strong></span> <span class='ocrx_word' id='word_1_474' title='bbox 2196 2883 2214 2921; x_wconf 89' lang='lat'><strong><em>:</em></strong></span> <span class='ocrx_word' id='word_1_475' title='bbox 2247 2868 2494 2938; x_wconf 89' lang='lat' dir='ltr'><strong>quoniam</strong></span> <span class='ocrx_word' id='word_1_476' title='bbox 2518 2867 2731 2922; x_wconf 82' lang='lat' dir='ltr'><strong>redemit</strong></span> <span class='ocrx_word' id='word_1_477' title='bbox 2763 2866 3018 2922; x_wconf 85' lang='lat' dir='ltr'><strong>Dominus</strong></span> <span class='ocrx_word' id='word_1_478' title='bbox 3045 2865 3236 2933; x_wconf 86' lang='lat' dir='ltr'><strong>Jacob,</strong></span> <span class='ocrx_word' id='word_1_479' title='bbox 3263 2877 3311 2922; x_wconf 89' lang='lat' dir='ltr'><strong>et</strong></span> <span class='ocrx_word' id='word_1_480' title='bbox 3343 2867 3432 2923; x_wconf 87' lang='lat' dir='ltr'><strong>Is-</strong></span> 
     </span>
    </p>
   </div>
   <div class='ocr_carea' id='block_1_61' title="bbox 1827 2956 3433 3030">
    <p class='ocr_par' dir='ltr' id='par_1_61' title="bbox 1827 2956 3433 3030">
     <span class='ocr_line' id='line_1_61' title="bbox 1827 2956 3433 3030; baseline 0.002 -20"><span class='ocrx_word' id='word_1_481' title='bbox 1827 2958 1933 3012; x_wconf 90' lang='lat' dir='ltr'><strong>rael</strong></span> <span class='ocrx_word' id='word_1_482' title='bbox 1960 2958 2268 3029; x_wconf 83' lang='lat' dir='ltr'><strong>gloriabitur</strong></span> <span class='ocrx_word' id='word_1_483' title='bbox 2307 2957 2415 3030; x_wconf 80' lang='lat' dir='ltr'><strong>[AL</strong></span> <span class='ocrx_word' id='word_1_484' title='bbox 2460 2956 2879 3030; x_wconf 78' lang='lat' dir='ltr'><strong>glori/imbitur].</strong></span> <span class='ocrx_word' id='word_1_485' title='bbox 2925 2957 3070 3014; x_wconf 76' lang='lat' dir='ltr'><strong>LXX</strong></span> <span class='ocrx_word' id='word_1_486' title='bbox 3111 2975 3130 3013; x_wconf 91' lang='lat'><strong><em>:</em></strong></span> <span class='ocrx_word' id='word_1_487' title='bbox 3171 2957 3433 3015; x_wconf 77' lang='lat' dir='ltr'><strong>Memento</strong></span> 
     </span>
    </p>
   </div>
   <div class='ocr_carea' id='block_1_62' title="bbox 1828 3050 3436 3122">
    <p class='ocr_par' dir='ltr' id='par_1_62' title="bbox 1828 3050 3436 3122">
     <span class='ocr_line' id='line_1_62' title="bbox 1828 3050 3436 3122; baseline 0.004 -20"><span class='ocrx_word' id='word_1_488' title='bbox 1828 3050 2036 3113; x_wconf 85' lang='lat' dir='ltr'><strong>horum,</strong></span> <span class='ocrx_word' id='word_1_489' title='bbox 2067 3051 2231 3104; x_wconf 85' lang='lat' dir='ltr'><strong>Jacob</strong></span> <span class='ocrx_word' id='word_1_490' title='bbox 2262 3062 2307 3104; x_wconf 88' lang='lat' dir='ltr'><strong>et</strong></span> <span class='ocrx_word' id='word_1_491' title='bbox 2338 3051 2546 3116; x_wconf 86' lang='lat' dir='ltr'><strong>Israel;</strong></span> <span class='ocrx_word' id='word_1_492' title='bbox 2583 3053 2828 3122; x_wconf 87' lang='lat' dir='ltr'><strong>quoniam</strong></span> <span class='ocrx_word' id='word_1_493' title='bbox 2875 3070 3002 3122; x_wconf 88' lang='lat' dir='ltr'><strong>puer</strong></span> <span class='ocrx_word' id='word_1_494' title='bbox 3041 3069 3182 3108; x_wconf 86' lang='lat' dir='ltr'><strong>meus</strong></span> <span class='ocrx_word' id='word_1_495' title='bbox 3223 3070 3273 3108; x_wconf 87' lang='lat' dir='ltr'><strong>es</strong></span> <span class='ocrx_word' id='word_1_496' title='bbox 3321 3065 3374 3108; x_wconf 87' lang='lat' dir='ltr'><strong>tu</strong></span> <span class='ocrx_word' id='word_1_497' title='bbox 3413 3070 3436 3108; x_wconf 89' lang='lat'><strong><em>:</em></strong></span> 
     </span>
    </p>
   </div>
   <div class='ocr_carea' id='block_1_63' title="bbox 1829 3143 3434 3214">
    <p class='ocr_par' dir='ltr' id='par_1_63' title="bbox 1829 3143 3434 3214">
     <span class='ocr_line' id='line_1_63' title="bbox 1829 3143 3434 3214; baseline 0.005 -20"><span class='ocrx_word' id='word_1_498' title='bbox 1829 3143 2049 3212; x_wconf 82' lang='lat' dir='ltr'><strong>formavi</strong></span> <span class='ocrx_word' id='word_1_499' title='bbox 2073 3151 2120 3195; x_wconf 91' lang='lat' dir='ltr'><strong>te</strong></span> <span class='ocrx_word' id='word_1_500' title='bbox 2143 3159 2358 3214; x_wconf 88' lang='lat' dir='ltr'><strong>puerum</strong></span> <span class='ocrx_word' id='word_1_501' title='bbox 2380 3160 2549 3198; x_wconf 87' lang='lat' dir='ltr'><strong>meum</strong></span> <span class='ocrx_word' id='word_1_502' title='bbox 2578 3159 2597 3197; x_wconf 90' lang='lat'><strong><em>:</em></strong></span> <span class='ocrx_word' id='word_1_503' title='bbox 2621 3153 2670 3198; x_wconf 86' lang='lat' dir='ltr'><strong>et</strong></span> <span class='ocrx_word' id='word_1_504' title='bbox 2698 3155 2774 3210; x_wconf 90' lang='lat' dir='ltr'><strong>tu,</strong></span> <span class='ocrx_word' id='word_1_505' title='bbox 2807 3144 2998 3211; x_wconf 87' lang='lat' dir='ltr'><strong>Israel,</strong></span> <span class='ocrx_word' id='word_1_506' title='bbox 3028 3163 3092 3200; x_wconf 88' lang='lat' dir='ltr'><strong>ne</strong></span> <span class='ocrx_word' id='word_1_507' title='bbox 3113 3147 3434 3202; x_wconf 80' lang='lat' dir='ltr'><strong>obliviscaris</strong></span> 
     </span>
    </p>
   </div>
   <div class='ocr_carea' id='block_1_64' title="bbox 125 3216 3432 3309">
    <p class='ocr_par' dir='ltr' id='par_1_64' title="bbox 125 3216 3432 3309">
     <span class='ocr_line' id='line_1_64' title="bbox 125 3216 3432 3309; baseline 0.001 -21"><span class='ocrx_word' id='word_1_508' title='bbox 125 3239 278 3290; x_wconf 90' lang='lat' dir='ltr'><strong>etiam</strong></span> <span class='ocrx_word' id='word_1_509' title='bbox 309 3237 601 3291; x_wconf 89' lang='lat' dir='ltr'><strong>scientiam</strong></span> <span class='ocrx_word' id='word_1_510' title='bbox 629 3237 953 3291; x_wconf 80' lang='lat' dir='ltr'><strong>futurorum.</strong></span> <span class='ocrx_word' id='word_1_511' title='bbox 984 3235 1134 3291; x_wconf 89' lang='lat' dir='ltr'><strong>Unde</strong></span> <span class='ocrx_word' id='word_1_512' title='bbox 1164 3243 1241 3298; x_wconf 89' lang='lat' dir='ltr'><strong>ttt,</strong></span> <span class='ocrx_word' id='word_1_513' title='bbox 1279 3234 1465 3296; x_wconf 87' lang='lat' dir='ltr'><strong>Israel,</strong></span> <span class='ocrx_word' id='word_1_514' title='bbox 1491 3233 1644 3304; x_wconf 88' lang='lat' dir='ltr'><strong>cujus</strong></span> <span class='ocrx_word' id='word_1_515' title='bbox 1670 3242 1725 3289; x_wconf 90' lang='lat' dir='ltr'><strong>et</strong></span> <span class='ocrx_word' id='word_1_516' title='bbox 1831 3236 1949 3287; x_wconf 89' lang='lat' dir='ltr'><strong>mei.</strong></span> <span class='ocrx_word' id='word_1_517' title='bbox 1985 3231 2120 3288; x_wconf 87' lang='lat' dir='ltr'><strong>Ecce</strong></span> <span class='ocrx_word' id='word_1_518' title='bbox 2147 3236 2281 3287; x_wconf 89' lang='lat' dir='ltr'><strong>enim</strong></span> <span class='ocrx_word' id='word_1_519' title='bbox 2305 3233 2466 3288; x_wconf 83' lang='lat' dir='ltr'><strong>delevi</strong></span> <span class='ocrx_word' id='word_1_520' title='bbox 2493 3235 2626 3289; x_wconf 89' lang='lat' dir='ltr'><strong>sicut</strong></span> <span class='ocrx_word' id='word_1_521' title='bbox 2664 3237 2848 3289; x_wconf 87' lang='lat' dir='ltr'><strong>nubem</strong></span> <span class='ocrx_word' id='word_1_522' title='bbox 2871 3237 3161 3307; x_wconf 81' lang='lat' dir='ltr'><strong>iniquitates</strong></span> <span class='ocrx_word' id='word_1_523' title='bbox 3190 3250 3304 3293; x_wconf 88' lang='lat' dir='ltr'><strong>tuas</strong></span> <span class='ocrx_word' id='word_1_524' title='bbox 3337 3255 3356 3293; x_wconf 91' lang='lat'><strong><em>:</em></strong></span> <span class='ocrx_word' id='word_1_525' title='bbox 3378 3247 3432 3294; x_wconf 84' lang='lat' dir='ltr'><strong>et</strong></span> 
     </span>
    </p>
   </div>
   <div class='ocr_carea' id='block_1_65' title="bbox 125 3327 1725 3396">
    <p class='ocr_par' dir='ltr' id='par_1_65' title="bbox 125 3327 1725 3396">
     <span class='ocr_line' id='line_1_65' title="bbox 125 3327 1725 3396; baseline 0.001 -16"><span class='ocrx_word' id='word_1_526' title='bbox 125 3341 213 3381; x_wconf 88' lang='lat' dir='ltr'><strong>rex</strong></span> <span class='ocrx_word' id='word_1_527' title='bbox 247 3336 303 3382; x_wconf 89' lang='lat' dir='ltr'><strong>et</strong></span> <span class='ocrx_word' id='word_1_528' title='bbox 332 3327 656 3395; x_wconf 88' lang='lat' dir='ltr'><strong>redemptor</strong></span> <span class='ocrx_word' id='word_1_529' title='bbox 701 3343 840 3388; x_wconf 90' lang='lat' dir='ltr'><strong>sum,</strong></span> <span class='ocrx_word' id='word_1_530' title='bbox 877 3328 988 3382; x_wconf 91' lang='lat' dir='ltr'><strong>noli</strong></span> <span class='ocrx_word' id='word_1_531' title='bbox 1039 3329 1231 3382; x_wconf 83' lang='lat' dir='ltr'><strong>timere</strong></span> <span class='ocrx_word' id='word_1_532' title='bbox 1258 3327 1570 3389; x_wconf 87' lang='lat' dir='ltr'><strong>simulacra,</strong></span> <span class='ocrx_word' id='word_1_533' title='bbox 1605 3342 1725 3396; x_wconf 75' lang='lat' dir='ltr'><strong>qua:</strong></span> 
     </span>
    </p>
   </div>
   <div class='ocr_carea' id='block_1_66' title="bbox 126 3419 1723 3484">
    <p class='ocr_par' dir='ltr' id='par_1_66' title="bbox 126 3419 1723 3484">
     <span class='ocr_line' id='line_1_66' title="bbox 126 3419 1723 3484; baseline -0.001 -10"><span class='ocrx_word' id='word_1_534' title='bbox 126 3434 238 3476; x_wconf 90' lang='lat' dir='ltr'><strong>esse</strong></span> <span class='ocrx_word' id='word_1_535' title='bbox 262 3419 428 3484; x_wconf 88' lang='lat' dir='ltr'><strong>nihil,</strong></span> <span class='ocrx_word' id='word_1_536' title='bbox 456 3419 508 3474; x_wconf 92' lang='lat' dir='ltr'><strong>in</strong></span> <span class='ocrx_word' id='word_1_537' title='bbox 541 3419 670 3476; x_wconf 88' lang='lat' dir='ltr'><strong>Sina</strong></span> <span class='ocrx_word' id='word_1_538' title='bbox 701 3430 886 3474; x_wconf 89' lang='lat' dir='ltr'><strong>monte</strong></span> <span class='ocrx_word' id='word_1_539' title='bbox 911 3421 1166 3475; x_wconf 89' lang='lat' dir='ltr'><strong>didicisti.</strong></span> <span class='ocrx_word' id='word_1_540' title='bbox 1201 3422 1280 3475; x_wconf 86' lang='lat' dir='ltr'><strong>An</strong></span> <span class='ocrx_word' id='word_1_541' title='bbox 1309 3420 1532 3474; x_wconf 82' lang='lat' dir='ltr'><strong>forsitan</strong></span> <span class='ocrx_word' id='word_1_542' title='bbox 1556 3419 1723 3475; x_wconf 85' lang='lat' dir='ltr'><strong>Crea-</strong></span> 
     </span>
    </p>
   </div>
   <div class='ocr_carea' id='block_1_67' title="bbox 128 3513 1724 3585">
    <p class='ocr_par' dir='ltr' id='par_1_67' title="bbox 128 3513 1724 3585">
     <span class='ocr_line' id='line_1_67' title="bbox 128 3513 1724 3585; baseline 0.003 -21"><span class='ocrx_word' id='word_1_543' title='bbox 128 3522 201 3567; x_wconf 87' lang='lat' dir='ltr'><strong>tor</strong></span> <span class='ocrx_word' id='word_1_544' title='bbox 213 3525 295 3568; x_wconf 90' lang='lat' dir='ltr'><strong>est</strong></span> <span class='ocrx_word' id='word_1_545' title='bbox 314 3514 479 3574; x_wconf 88' lang='lat' dir='ltr'><strong>alius.</strong></span> <span class='ocrx_word' id='word_1_546' title='bbox 504 3528 664 3584; x_wconf 85' lang='lat' dir='ltr'><strong>quem</strong></span> <span class='ocrx_word' id='word_1_547' title='bbox 687 3527 787 3585; x_wconf 85' lang='lat' dir='ltr'><strong>ego</strong></span> <span class='ocrx_word' id='word_1_548' title='bbox 806 3529 911 3568; x_wconf 89' lang='lat' dir='ltr'><strong>non</strong></span> <span class='ocrx_word' id='word_1_549' title='bbox 935 3513 1212 3570; x_wconf 86' lang='lat' dir='ltr'><strong>noverim?</strong></span> <span class='ocrx_word' id='word_1_550' title='bbox 1234 3515 1341 3570; x_wconf 82' lang='lat' dir='ltr'><strong>Ant</strong></span> <span class='ocrx_word' id='word_1_551' title='bbox 1365 3525 1564 3584; x_wconf 66' lang='lat' dir='ltr'><strong>praeter</strong></span> <span class='ocrx_word' id='word_1_552' title='bbox 1584 3514 1724 3570; x_wconf 87' lang='lat' dir='ltr'><strong>hunc</strong></span> 
     </span>
    </p>
   </div>
   <div class='ocr_carea' id='block_1_68' title="bbox 131 3605 1725 3678">
    <p class='ocr_par' dir='ltr' id='par_1_68' title="bbox 131 3605 1725 3678">
     <span class='ocr_line' id='line_1_68' title="bbox 131 3605 1725 3678; baseline 0.002 -20"><span class='ocrx_word' id='word_1_553' title='bbox 131 3608 256 3662; x_wconf 85' lang='lat' dir='ltr'><strong>alter</strong></span> <span class='ocrx_word' id='word_1_554' title='bbox 277 3617 366 3665; x_wconf 87' lang='lat' dir='ltr'><strong>est</strong></span> <span class='ocrx_word' id='word_1_555' title='bbox 390 3607 649 3671; x_wconf 88' lang='lat' dir='ltr'><strong>mundus,</strong></span> <span class='ocrx_word' id='word_1_556' title='bbox 673 3609 761 3677; x_wconf 92' lang='lat' dir='ltr'><strong>qui</strong></span> <span class='ocrx_word' id='word_1_557' title='bbox 791 3609 960 3677; x_wconf 89' lang='lat' dir='ltr'><strong>ignoti</strong></span> <span class='ocrx_word' id='word_1_558' title='bbox 985 3609 1078 3664; x_wconf 85' lang='lat' dir='ltr'><strong>Dei</strong></span> <span class='ocrx_word' id='word_1_559' title='bbox 1106 3617 1369 3662; x_wconf 89' lang='lat' dir='ltr'><strong>monstret</strong></span> <span class='ocrx_word' id='word_1_560' title='bbox 1395 3605 1725 3678; x_wconf 81' lang='lat' dir='ltr'><strong>potentiam?</strong></span> 
     </span>
    </p>
   </div>
   <div class='ocr_carea' id='block_1_69' title="bbox 130 3700 1722 3772">
    <p class='ocr_par' dir='ltr' id='par_1_69' title="bbox 130 3700 1722 3772">
     <span class='ocr_line' id='line_1_69' title="bbox 130 3700 1722 3772; baseline 0.003 -18"><span class='ocrx_word' id='word_1_561' title='bbox 130 3700 304 3772; x_wconf 79' lang='lat' dir='ltr'><strong>Neque</strong></span> <span class='ocrx_word' id='word_1_562' title='bbox 325 3718 460 3757; x_wconf 89' lang='lat' dir='ltr'><strong>vero</strong></span> <span class='ocrx_word' id='word_1_563' title='bbox 484 3719 544 3757; x_wconf 85' lang='lat' dir='ltr'><strong>ea</strong></span> <span class='ocrx_word' id='word_1_564' title='bbox 571 3703 744 3757; x_wconf 91' lang='lat' dir='ltr'><strong>solum</strong></span> <span class='ocrx_word' id='word_1_565' title='bbox 771 3719 891 3771; x_wconf 72' lang='lat' dir='ltr'><strong>qtae</strong></span> <span class='ocrx_word' id='word_1_566' title='bbox 914 3703 1070 3768; x_wconf 87' lang='lat' dir='ltr'><strong>fiunt,</strong></span> <span class='ocrx_word' id='word_1_567' title='bbox 1095 3703 1255 3757; x_wconf 84' lang='lat' dir='ltr'><strong>sedet</strong></span> <span class='ocrx_word' id='word_1_568' title='bbox 1281 3702 1357 3757; x_wconf 91' lang='lat' dir='ltr'><strong>illi</strong></span> <span class='ocrx_word' id='word_1_569' title='bbox 1379 3703 1467 3772; x_wconf 91' lang='lat' dir='ltr'><strong>qui</strong></span> <span class='ocrx_word' id='word_1_570' title='bbox 1495 3703 1722 3771; x_wconf 85' lang='lat' dir='ltr'><strong>faciunt,</strong></span> 
     </span>
    </p>
   </div>
   <div class='ocr_carea' id='block_1_70' title="bbox 137 3790 1724 3866">
    <p class='ocr_par' dir='ltr' id='par_1_70' title="bbox 137 3790 1724 3866">
     <span class='ocr_line' id='line_1_70' title="bbox 137 3790 1724 3866; baseline 0.004 -21"><span class='ocrx_word' id='word_1_571' title='bbox 137 3790 478 3848; x_wconf 78' lang='lat' dir='ltr'><strong>habebuntur</strong></span> <span class='ocrx_word' id='word_1_572' title='bbox 508 3808 606 3863; x_wconf 90' lang='lat' dir='ltr'><strong>pro</strong></span> <span class='ocrx_word' id='word_1_573' title='bbox 636 3794 810 3847; x_wconf 84' lang='lat' dir='ltr'><strong>nihili.</strong></span> <span class='ocrx_word' id='word_1_574' title='bbox 845 3793 1092 3865; x_wconf 88' lang='lat' dir='ltr'><strong>Cumque</strong></span> <span class='ocrx_word' id='word_1_575' title='bbox 1115 3794 1360 3849; x_wconf 72' lang='lat' dir='ltr'><strong>vindicta:</strong></span> <span class='ocrx_word' id='word_1_576' title='bbox 1393 3804 1606 3866; x_wconf 83' lang='lat' dir='ltr'><strong>tempus</strong></span> <span class='ocrx_word' id='word_1_577' title='bbox 1628 3797 1724 3852; x_wconf 87' lang='lat' dir='ltr'><strong>ad-</strong></span> 
     </span>
    </p>
   </div>
   <div class='ocr_carea' id='block_1_71' title="bbox 132 3887 1720 3956">
    <p class='ocr_par' dir='ltr' id='par_1_71' title="bbox 132 3887 1720 3956">
     <span class='ocr_line' id='line_1_71' title="bbox 132 3887 1720 3956; baseline 0.004 -18"><span class='ocrx_word' id='word_1_578' title='bbox 132 3887 360 3950; x_wconf 78' lang='lat' dir='ltr'><strong>venerit,</strong></span> <span class='ocrx_word' id='word_1_579' title='bbox 393 3901 738 3955; x_wconf 87' lang='lat' dir='ltr'><strong>nequaquam</strong></span> <span class='ocrx_word' id='word_1_580' title='bbox 780 3895 1034 3956; x_wconf 86' lang='lat' dir='ltr'><strong>poterunt</strong></span> <span class='ocrx_word' id='word_1_581' title='bbox 1069 3903 1164 3942; x_wconf 86' lang='lat' dir='ltr'><strong>eos</strong></span> <span class='ocrx_word' id='word_1_582' title='bbox 1202 3903 1459 3942; x_wconf 88' lang='lat' dir='ltr'><strong>manuum</strong></span> <span class='ocrx_word' id='word_1_583' title='bbox 1501 3905 1720 3944; x_wconf 87' lang='lat' dir='ltr'><strong>suarum</strong></span> 
     </span>
    </p>
   </div>
   <div class='ocr_carea' id='block_1_72' title="bbox 132 3978 1723 4048">
    <p class='ocr_par' dir='ltr' id='par_1_72' title="bbox 132 3978 1723 4048">
     <span class='ocr_line' id='line_1_72' title="bbox 132 3978 1723 4048; baseline 0.004 -20"><span class='ocrx_word' id='word_1_584' title='bbox 132 3989 284 4045; x_wconf 81' lang='lat' dir='ltr'><strong>Opera</strong></span> <span class='ocrx_word' id='word_1_585' title='bbox 315 3978 574 4044; x_wconf 87' lang='lat' dir='ltr'><strong>liberare,</strong></span> <span class='ocrx_word' id='word_1_586' title='bbox 605 3993 724 4048; x_wconf 62' lang='lat' dir='ltr'><strong>quae</strong></span> <span class='ocrx_word' id='word_1_587' title='bbox 755 3992 895 4033; x_wconf 67' lang='lat' dir='ltr'><strong>caeca</strong></span> <span class='ocrx_word' id='word_1_588' title='bbox 927 3988 979 4034; x_wconf 89' lang='lat' dir='ltr'><strong>et</strong></span> <span class='ocrx_word' id='word_1_589' title='bbox 1020 3979 1357 4034; x_wconf 86' lang='lat' dir='ltr'><strong>insensibilia</strong></span> <span class='ocrx_word' id='word_1_590' title='bbox 1387 3980 1723 4034; x_wconf 87' lang='lat' dir='ltr'><strong>confundunt</strong></span> 
     </span>
    </p>
   </div>
   <div class='ocr_carea' id='block_1_73' title="bbox 133 4069 1720 4146">
    <p class='ocr_par' dir='ltr' id='par_1_73' title="bbox 133 4069 1720 4146">
     <span class='ocr_line' id='line_1_73' title="bbox 133 4069 1720 4146; baseline 0.006 -27"><span class='ocrx_word' id='word_1_591' title='bbox 133 4070 360 4125; x_wconf 80' lang='lat' dir='ltr'><strong>artifices</strong></span> <span class='ocrx_word' id='word_1_592' title='bbox 399 4085 549 4124; x_wconf 91' lang='lat' dir='ltr'><strong>suos.</strong></span> <span class='ocrx_word' id='word_1_593' title='bbox 594 4069 728 4137; x_wconf 85' lang='lat' dir='ltr'><strong>Quis</strong></span> <span class='ocrx_word' id='word_1_594' title='bbox 768 4072 912 4125; x_wconf 88' lang='lat' dir='ltr'><strong>enim</strong></span> <span class='ocrx_word' id='word_1_595' title='bbox 963 4071 1134 4136; x_wconf 79' lang='lat' dir='ltr'><strong>possit</strong></span> <span class='ocrx_word' id='word_1_596' title='bbox 1173 4071 1275 4146; x_wconf 82' lang='lat' dir='ltr'><strong>hoc</strong></span> <span class='ocrx_word' id='word_1_597' title='bbox 1313 4072 1539 4127; x_wconf 82' lang='lat' dir='ltr'><strong>credere</strong></span> <span class='ocrx_word' id='word_1_598' title='bbox 1577 4072 1720 4142; x_wconf 88' lang='lat' dir='ltr'><strong>quod</strong></span> 
     </span>
    </p>
   </div>
   <div class='ocr_carea' id='block_1_74' title="bbox 139 4147 1722 4231">
    <p class='ocr_par' dir='ltr' id='par_1_74' title="bbox 139 4147 1722 4231">
     <span class='ocr_line' id='line_1_74' title="bbox 139 4147 1722 4231; baseline 0.005 -21"><span class='ocrx_word' id='word_1_599' title='bbox 139 4161 293 4228; x_wconf 88' lang='lat' dir='ltr'><strong>ascia,</strong></span> <span class='ocrx_word' id='word_1_600' title='bbox 338 4162 488 4227; x_wconf 88' lang='lat' dir='ltr'><strong>lima,</strong></span> <span class='ocrx_word' id='word_1_601' title='bbox 534 4171 590 4217; x_wconf 88' lang='lat' dir='ltr'><strong>et</strong></span> <span class='ocrx_word' id='word_1_602' title='bbox 630 4163 848 4218; x_wconf 80' lang='lat' dir='ltr'><strong>terebra</strong></span> <span class='ocrx_word' id='word_1_603' title='bbox 887 4163 1196 4231; x_wconf 87' lang='lat' dir='ltr'><strong>malleoque</strong></span> <span class='ocrx_word' id='word_1_604' title='bbox 1236 4161 1498 4217; x_wconf 91' lang='lat' dir='ltr'><strong>formetur</strong></span> <span class='ocrx_word' id='word_1_605' title='bbox 1537 4147 1722 4219; x_wconf 83' lang='lat' dir='ltr'><strong>Deus?</strong></span> 
     </span>
    </p>
   </div>
   <div class='ocr_carea' id='block_1_75' title="bbox 141 4249 1724 4324">
    <p class='ocr_par' dir='ltr' id='par_1_75' title="bbox 141 4249 1724 4324">
     <span class='ocr_line' id='line_1_75' title="bbox 141 4249 1724 4324; baseline 0.003 -22"><span class='ocrx_word' id='word_1_606' title='bbox 141 4249 199 4302; x_wconf 81' lang='lat' dir='ltr'><strong>Et</strong></span> <span class='ocrx_word' id='word_1_607' title='bbox 242 4253 322 4307; x_wconf 91' lang='lat' dir='ltr'><strong>vel</strong></span> <span class='ocrx_word' id='word_1_608' title='bbox 372 4255 424 4308; x_wconf 87' lang='lat' dir='ltr'><strong>in</strong></span> <span class='ocrx_word' id='word_1_609' title='bbox 458 4255 650 4324; x_wconf 85' lang='lat' dir='ltr'><strong>prunis</strong></span> <span class='ocrx_word' id='word_1_610' title='bbox 696 4253 985 4310; x_wconf 90' lang='lat' dir='ltr'><strong>simulacra</strong></span> <span class='ocrx_word' id='word_1_611' title='bbox 1031 4253 1356 4318; x_wconf 70' lang='lat' dir='ltr'><strong>fundantur;</strong></span> <span class='ocrx_word' id='word_1_612' title='bbox 1389 4255 1476 4307; x_wconf 80' lang='lat' dir='ltr'><strong>vel</strong></span> <span class='ocrx_word' id='word_1_613' title='bbox 1506 4268 1724 4321; x_wconf 88' lang='lat' dir='ltr'><strong>norma,</strong></span> 
     </span>
    </p>
   </div>
   <div class='ocr_carea' id='block_1_76' title="bbox 136 4347 1722 4420">
    <p class='ocr_par' dir='ltr' id='par_1_76' title="bbox 136 4347 1722 4420">
     <span class='ocr_line' id='line_1_76' title="bbox 136 4347 1722 4420; baseline 0.004 -22"><span class='ocrx_word' id='word_1_614' title='bbox 136 4348 370 4412; x_wconf 88' lang='lat' dir='ltr'><strong>runcina,</strong></span> <span class='ocrx_word' id='word_1_615' title='bbox 412 4359 469 4404; x_wconf 88' lang='lat' dir='ltr'><strong>et</strong></span> <span class='ocrx_word' id='word_1_616' title='bbox 499 4349 876 4420; x_wconf 89' lang='lat' dir='ltr'><strong>angularibus,</strong></span> <span class='ocrx_word' id='word_1_617' title='bbox 908 4348 1224 4417; x_wconf 79' lang='lat' dir='ltr'><strong>circitmque</strong></span> <span class='ocrx_word' id='word_1_618' title='bbox 1253 4349 1304 4402; x_wconf 93' lang='lat' dir='ltr'><strong>in</strong></span> <span class='ocrx_word' id='word_1_619' title='bbox 1336 4347 1470 4402; x_wconf 83' lang='lat' dir='ltr'><strong>deos</strong></span> <span class='ocrx_word' id='word_1_620' title='bbox 1496 4356 1722 4417; x_wconf 85' lang='lat' dir='ltr'><strong>repente</strong></span> 
     </span>
    </p>
   </div>
   <div class='ocr_carea' id='block_1_77' title="bbox 139 4441 1722 4512">
    <p class='ocr_par' dir='ltr' id='par_1_77' title="bbox 139 4441 1722 4512">
     <span class='ocr_line' id='line_1_77' title="bbox 139 4441 1722 4512; baseline 0.004 -22"><span class='ocrx_word' id='word_1_621' title='bbox 139 4443 492 4512; x_wconf 84' lang='lat' dir='ltr'><strong>consurgant?</strong></span> <span class='ocrx_word' id='word_1_622' title='bbox 522 4442 832 4496; x_wconf 65' lang='lat' dir='ltr'><strong>Prmsertint</strong></span> <span class='ocrx_word' id='word_1_623' title='bbox 862 4457 984 4497; x_wconf 91' lang='lat' dir='ltr'><strong>cum</strong></span> <span class='ocrx_word' id='word_1_624' title='bbox 1013 4441 1152 4496; x_wconf 82' lang='lat' dir='ltr'><strong>fame</strong></span> <span class='ocrx_word' id='word_1_625' title='bbox 1176 4450 1230 4496; x_wconf 88' lang='lat' dir='ltr'><strong>et</strong></span> <span class='ocrx_word' id='word_1_626' title='bbox 1259 4443 1346 4496; x_wconf 85' lang='lat' dir='ltr'><strong>siti</strong></span> <span class='ocrx_word' id='word_1_627' title='bbox 1371 4441 1617 4504; x_wconf 84' lang='lat' dir='ltr'><strong>artificis,</strong></span> <span class='ocrx_word' id='word_1_628' title='bbox 1642 4457 1722 4498; x_wconf 89' lang='lat' dir='ltr'><strong>ar-</strong></span> 
     </span>
    </p>
   </div>
   <div class='ocr_carea' id='block_1_78' title="bbox 145 4529 1723 4604">
    <p class='ocr_par' dir='ltr' id='par_1_78' title="bbox 145 4529 1723 4604">
     <span class='ocr_line' id='line_1_78' title="bbox 145 4529 1723 4604; baseline 0.004 -23"><span class='ocrx_word' id='word_1_629' title='bbox 145 4529 209 4582; x_wconf 87' lang='lat' dir='ltr'><strong>tis</strong></span> <span class='ocrx_word' id='word_1_630' title='bbox 229 4533 404 4588; x_wconf 87' lang='lat' dir='ltr'><strong>vilitas</strong></span> <span class='ocrx_word' id='word_1_631' title='bbox 426 4534 856 4590; x_wconf 88' lang='lat' dir='ltr'><strong>demonstretur.</strong></span> <span class='ocrx_word' id='word_1_632' title='bbox 887 4533 976 4588; x_wconf 87' lang='lat' dir='ltr'><strong>F&#39;it</strong></span> <span class='ocrx_word' id='word_1_633' title='bbox 1001 4534 1143 4588; x_wconf 90' lang='lat' dir='ltr'><strong>enim</strong></span> <span class='ocrx_word' id='word_1_634' title='bbox 1172 4534 1346 4604; x_wconf 87' lang='lat' dir='ltr'><strong>lignea</strong></span> <span class='ocrx_word' id='word_1_635' title='bbox 1385 4542 1583 4596; x_wconf 88' lang='lat' dir='ltr'><strong>statua,</strong></span> <span class='ocrx_word' id='word_1_636' title='bbox 1623 4532 1723 4588; x_wconf 89' lang='lat' dir='ltr'><strong>hu-</strong></span> 
     </span>
    </p>
   </div>
   <div class='ocr_carea' id='block_1_79' title="bbox 1828 3327 3434 3398">
    <p class='ocr_par' dir='ltr' id='par_1_79' title="bbox 1828 3327 3434 3398">
     <span class='ocr_line' id='line_1_79' title="bbox 1828 3327 3434 3398; baseline 0.005 -19"><span class='ocrx_word' id='word_1_637' title='bbox 1828 3329 1960 3380; x_wconf 84' lang='lat' dir='ltr'><strong>sicut</strong></span> <span class='ocrx_word' id='word_1_638' title='bbox 1993 3328 2262 3398; x_wconf 83' lang='lat' dir='ltr'><strong>caliginem</strong></span> <span class='ocrx_word' id='word_1_639' title='bbox 2295 3337 2502 3396; x_wconf 88' lang='lat' dir='ltr'><strong>peccata</strong></span> <span class='ocrx_word' id='word_1_640' title='bbox 2533 3337 2641 3380; x_wconf 87' lang='lat' dir='ltr'><strong>tua.</strong></span> <span class='ocrx_word' id='word_1_641' title='bbox 2679 3327 2952 3383; x_wconf 77' lang='lat' dir='ltr'><strong>Revertere</strong></span> <span class='ocrx_word' id='word_1_642' title='bbox 2982 3331 3050 3382; x_wconf 88' lang='lat' dir='ltr'><strong>ad</strong></span> <span class='ocrx_word' id='word_1_643' title='bbox 3080 3347 3188 3397; x_wconf 88' lang='lat' dir='ltr'><strong>me,</strong></span> <span class='ocrx_word' id='word_1_644' title='bbox 3223 3341 3269 3386; x_wconf 89' lang='lat' dir='ltr'><strong>et</strong></span> <span class='ocrx_word' id='word_1_645' title='bbox 3291 3331 3434 3386; x_wconf 84' lang='lat' dir='ltr'><strong>redi-</strong></span> 
     </span>
    </p>
   </div>
   <div class='ocr_carea' id='block_1_80' title="bbox 1825 3421 3434 3492">
    <p class='ocr_par' dir='ltr' id='par_1_80' title="bbox 1825 3421 3434 3492">
     <span class='ocr_line' id='line_1_80' title="bbox 1825 3421 3434 3492; baseline 0.003 -18"><span class='ocrx_word' id='word_1_646' title='bbox 1825 3437 1963 3475; x_wconf 88' lang='lat' dir='ltr'><strong>mam</strong></span> <span class='ocrx_word' id='word_1_647' title='bbox 1979 3431 2044 3474; x_wconf 88' lang='lat' dir='ltr'><strong>te.</strong></span> <span class='ocrx_word' id='word_1_648' title='bbox 2065 3421 2360 3487; x_wconf 68' lang='lat' dir='ltr'><strong>Laetamini,</strong></span> <span class='ocrx_word' id='word_1_649' title='bbox 2389 3422 2523 3490; x_wconf 74' lang='lat' dir='ltr'><strong>cazli,</strong></span> <span class='ocrx_word' id='word_1_650' title='bbox 2549 3423 2794 3492; x_wconf 86' lang='lat' dir='ltr'><strong>quoniam</strong></span> <span class='ocrx_word' id='word_1_651' title='bbox 2825 3424 3063 3478; x_wconf 83' lang='lat' dir='ltr'><strong>misertus</strong></span> <span class='ocrx_word' id='word_1_652' title='bbox 3083 3433 3160 3478; x_wconf 88' lang='lat' dir='ltr'><strong>est</strong></span> <span class='ocrx_word' id='word_1_653' title='bbox 3187 3423 3328 3479; x_wconf 87' lang='lat' dir='ltr'><strong>Deus</strong></span> <span class='ocrx_word' id='word_1_654' title='bbox 3348 3423 3434 3479; x_wconf 84' lang='lat' dir='ltr'><strong>Is-</strong></span> 
     </span>
    </p>
   </div>
   <div class='ocr_carea' id='block_1_81' title="bbox 1825 3512 3430 3584">
    <p class='ocr_par' dir='ltr' id='par_1_81' title="bbox 1825 3512 3430 3584">
     <span class='ocr_line' id='line_1_81' title="bbox 1825 3512 3430 3584; baseline 0.002 -18"><span class='ocrx_word' id='word_1_655' title='bbox 1825 3512 2000 3568; x_wconf 83' lang='lat' dir='ltr'><strong>raelis.</strong></span> <span class='ocrx_word' id='word_1_656' title='bbox 2030 3513 2209 3568; x_wconf 86' lang='lat' dir='ltr'><strong>Canite</strong></span> <span class='ocrx_word' id='word_1_657' title='bbox 2235 3513 2379 3580; x_wconf 86' lang='lat' dir='ltr'><strong>tuba,</strong></span> <span class='ocrx_word' id='word_1_658' title='bbox 2405 3516 2742 3584; x_wconf 81' lang='lat' dir='ltr'><strong>fundamenta</strong></span> <span class='ocrx_word' id='word_1_659' title='bbox 2764 3524 2932 3578; x_wconf 70' lang='lat' dir='ltr'><strong>terrea,</strong></span> <span class='ocrx_word' id='word_1_660' title='bbox 2953 3515 3190 3577; x_wconf 89' lang='lat' dir='ltr'><strong>clamate,</strong></span> <span class='ocrx_word' id='word_1_661' title='bbox 3210 3525 3430 3582; x_wconf 85' lang='lat' dir='ltr'><strong>montes,</strong></span> 
     </span>
    </p>
   </div>
   <div class='ocr_carea' id='block_1_82' title="bbox 1826 3609 3430 3680">
    <p class='ocr_par' dir='ltr' id='par_1_82' title="bbox 1826 3609 3430 3680">
     <span class='ocr_line' id='line_1_82' title="bbox 1826 3609 3430 3680; baseline 0.001 -18"><span class='ocrx_word' id='word_1_662' title='bbox 1826 3610 2059 3663; x_wconf 78' lang='lat' dir='ltr'><strong>lmtitiam</strong></span> <span class='ocrx_word' id='word_1_663' title='bbox 2093 3625 2110 3662; x_wconf 94' lang='lat'><em>:</em></span> <span class='ocrx_word' id='word_1_664' title='bbox 2137 3609 2291 3662; x_wconf 85' lang='lat' dir='ltr'><strong>colles</strong></span> <span class='ocrx_word' id='word_1_665' title='bbox 2335 3618 2382 3661; x_wconf 91' lang='lat' dir='ltr'><strong>et</strong></span> <span class='ocrx_word' id='word_1_666' title='bbox 2423 3609 2598 3661; x_wconf 86' lang='lat' dir='ltr'><strong>omnia</strong></span> <span class='ocrx_word' id='word_1_667' title='bbox 2634 3609 2777 3680; x_wconf 80' lang='lat' dir='ltr'><strong>ligna</strong></span> <span class='ocrx_word' id='word_1_668' title='bbox 2806 3624 2919 3677; x_wconf 73' lang='lat' dir='ltr'><strong>qum</strong></span> <span class='ocrx_word' id='word_1_669' title='bbox 2946 3609 2998 3662; x_wconf 87' lang='lat' dir='ltr'><strong>in</strong></span> <span class='ocrx_word' id='word_1_670' title='bbox 3022 3610 3094 3664; x_wconf 84' lang='lat' dir='ltr'><strong>eis</strong></span> <span class='ocrx_word' id='word_1_671' title='bbox 3126 3617 3266 3670; x_wconf 87' lang='lat' dir='ltr'><strong>sunt,</strong></span> <span class='ocrx_word' id='word_1_672' title='bbox 3295 3624 3430 3678; x_wconf 84' lang='lat' dir='ltr'><strong>quo-</strong></span> 
     </span>
    </p>
   </div>
   <div class='ocr_carea' id='block_1_83' title="bbox 1825 3699 3426 3772">
    <p class='ocr_par' dir='ltr' id='par_1_83' title="bbox 1825 3699 3426 3772">
     <span class='ocr_line' id='line_1_83' title="bbox 1825 3699 3426 3772; baseline 0.001 -18"><span class='ocrx_word' id='word_1_673' title='bbox 1825 3703 1962 3754; x_wconf 86' lang='lat' dir='ltr'><strong>niam</strong></span> <span class='ocrx_word' id='word_1_674' title='bbox 1981 3701 2196 3755; x_wconf 83' lang='lat' dir='ltr'><strong>redemit</strong></span> <span class='ocrx_word' id='word_1_675' title='bbox 2223 3701 2387 3772; x_wconf 74' lang='lat'><strong>529</strong></span> <span class='ocrx_word' id='word_1_676' title='bbox 2405 3700 2542 3754; x_wconf 87' lang='lat' dir='ltr'><strong>Deus</strong></span> <span class='ocrx_word' id='word_1_677' title='bbox 2558 3699 2724 3754; x_wconf 71' lang='lat' dir='ltr'><strong>Iacob</strong></span> <span class='ocrx_word' id='word_1_678' title='bbox 2749 3716 2767 3755; x_wconf 89' lang='lat'><strong><em>:</em></strong></span> <span class='ocrx_word' id='word_1_679' title='bbox 2794 3711 2841 3754; x_wconf 87' lang='lat' dir='ltr'><strong>et</strong></span> <span class='ocrx_word' id='word_1_680' title='bbox 2862 3699 3032 3755; x_wconf 84' lang='lat' dir='ltr'><strong>Israel</strong></span> <span class='ocrx_word' id='word_1_681' title='bbox 3059 3701 3285 3772; x_wconf 83' lang='lat' dir='ltr'><strong>inclytus</strong></span> <span class='ocrx_word' id='word_1_682' title='bbox 3307 3701 3426 3755; x_wconf 80' lang='lat' dir='ltr'><strong>erit.</strong></span> 
     </span>
    </p>
   </div>
   <div class='ocr_carea' id='block_1_84' title="bbox 1822 3789 3428 3872">
    <p class='ocr_par' dir='ltr' id='par_1_84' title="bbox 1822 3789 3428 3872">
     <span class='ocr_line' id='line_1_84' title="bbox 1822 3789 3428 3872; baseline 0.001 -26"><span class='ocrx_word' id='word_1_683' title='bbox 1822 3789 1956 3846; x_wconf 90' lang='lat' dir='ltr'><strong>Cum</strong></span> <span class='ocrx_word' id='word_1_684' title='bbox 1989 3791 2105 3872; x_wconf 57' lang='lat' dir='ltr'><strong>hate</strong></span> <span class='ocrx_word' id='word_1_685' title='bbox 2149 3806 2211 3847; x_wconf 89' lang='lat' dir='ltr'><strong>se</strong></span> <span class='ocrx_word' id='word_1_686' title='bbox 2252 3792 2322 3845; x_wconf 88' lang='lat' dir='ltr'><strong>ita</strong></span> <span class='ocrx_word' id='word_1_687' title='bbox 2357 3793 2626 3862; x_wconf 81' lang='lat' dir='ltr'><strong>habeant,</strong></span> <span class='ocrx_word' id='word_1_688' title='bbox 2660 3803 2715 3848; x_wconf 91' lang='lat' dir='ltr'><strong>et</strong></span> <span class='ocrx_word' id='word_1_689' title='bbox 2763 3794 2909 3848; x_wconf 92' lang='lat' dir='ltr'><strong>idola</strong></span> <span class='ocrx_word' id='word_1_690' title='bbox 2959 3792 3244 3847; x_wconf 89' lang='lat' dir='ltr'><strong>hominum</strong></span> <span class='ocrx_word' id='word_1_691' title='bbox 3279 3792 3428 3849; x_wconf 89' lang='lat' dir='ltr'><strong>scias</strong></span> 
     </span>
    </p>
   </div>
   <div class='ocr_carea' id='block_1_85' title="bbox 1822 3886 3428 3957">
    <p class='ocr_par' dir='ltr' id='par_1_85' title="bbox 1822 3886 3428 3957">
     <span class='ocr_line' id='line_1_85' title="bbox 1822 3886 3428 3957; baseline 0.001 -17"><span class='ocrx_word' id='word_1_692' title='bbox 1822 3901 1943 3941; x_wconf 89' lang='lat' dir='ltr'><strong>esse</strong></span> <span class='ocrx_word' id='word_1_693' title='bbox 1973 3887 2246 3957; x_wconf 76' lang='lat' dir='ltr'><strong>ﬁgmenta,</strong></span> <span class='ocrx_word' id='word_1_694' title='bbox 2283 3901 2316 3940; x_wconf 91' lang='grc' dir='ltr'><strong>ο</strong></span> <span class='ocrx_word' id='word_1_695' title='bbox 2344 3886 2536 3954; x_wconf 78' lang='lat' dir='ltr'><strong>Iacob,</strong></span> <span class='ocrx_word' id='word_1_696' title='bbox 2567 3897 2619 3941; x_wconf 92' lang='lat' dir='ltr'><strong>et</strong></span> <span class='ocrx_word' id='word_1_697' title='bbox 2647 3903 2780 3956; x_wconf 90' lang='lat' dir='ltr'><strong>puer</strong></span> <span class='ocrx_word' id='word_1_698' title='bbox 2807 3904 2959 3943; x_wconf 92' lang='lat' dir='ltr'><strong>meus</strong></span> <span class='ocrx_word' id='word_1_699' title='bbox 2985 3888 3172 3951; x_wconf 88' lang='lat' dir='ltr'><strong>Israel,</strong></span> <span class='ocrx_word' id='word_1_700' title='bbox 3200 3903 3265 3942; x_wconf 93' lang='lat' dir='ltr'><strong>ne</strong></span> <span class='ocrx_word' id='word_1_701' title='bbox 3288 3887 3428 3944; x_wconf 88' lang='lat' dir='ltr'><strong>obli-</strong></span> 
     </span>
    </p>
   </div>
   <div class='ocr_carea' id='block_1_86' title="bbox 1823 3978 3429 4050">
    <p class='ocr_par' dir='ltr' id='par_1_86' title="bbox 1823 3978 3429 4050">
     <span class='ocr_line' id='line_1_86' title="bbox 1823 3978 3429 4050; baseline 0 -18"><span class='ocrx_word' id='word_1_702' title='bbox 1823 3978 2047 4034; x_wconf 89' lang='lat' dir='ltr'><strong>viscaris</strong></span> <span class='ocrx_word' id='word_1_703' title='bbox 2069 3979 2345 4034; x_wconf 84' lang='lat' dir='ltr'><strong>Creatoris</strong></span> <span class='ocrx_word' id='word_1_704' title='bbox 2379 3980 2474 4042; x_wconf 87' lang='lat' dir='ltr'><strong>tui,</strong></span> <span class='ocrx_word' id='word_1_705' title='bbox 2504 3979 2708 4050; x_wconf 85' lang='lat' dir='ltr'><strong>tibique</strong></span> <span class='ocrx_word' id='word_1_706' title='bbox 2740 3981 2840 4048; x_wconf 85' lang='lat' dir='ltr'><strong>ipsi</strong></span> <span class='ocrx_word' id='word_1_707' title='bbox 2869 3979 3120 4049; x_wconf 89' lang='lat' dir='ltr'><strong>injuriam</strong></span> <span class='ocrx_word' id='word_1_708' title='bbox 3150 3979 3337 4044; x_wconf 89' lang='lat' dir='ltr'><strong>facias,</strong></span> <span class='ocrx_word' id='word_1_709' title='bbox 3367 3987 3429 4046; x_wconf 83' lang='lat' dir='ltr'><strong>ut</strong></span> 
     </span>
    </p>
   </div>
   <div class='ocr_carea' id='block_1_87' title="bbox 1823 4059 3430 4150">
    <p class='ocr_par' dir='ltr' id='par_1_87' title="bbox 1823 4059 3430 4150">
     <span class='ocr_line' id='line_1_87' title="bbox 1823 4059 3430 4150; baseline -0.001 -25"><span class='ocrx_word' id='word_1_710' title='bbox 1823 4072 2124 4126; x_wconf 88' lang='lat' dir='ltr'><strong>incurveris</strong></span> <span class='ocrx_word' id='word_1_711' title='bbox 2154 4072 2306 4141; x_wconf 89' lang='lat' dir='ltr'><strong>operi</strong></span> <span class='ocrx_word' id='word_1_712' title='bbox 2337 4087 2596 4126; x_wconf 89' lang='lat' dir='ltr'><strong>manuum</strong></span> <span class='ocrx_word' id='word_1_713' title='bbox 2649 4081 2882 4125; x_wconf 85' lang='lat' dir='ltr'><strong>tuarum.</strong></span> <span class='ocrx_word' id='word_1_714' title='bbox 2924 4071 3056 4138; x_wconf 73' lang='lat' dir='ltr'><strong>Quce</strong></span> <span class='ocrx_word' id='word_1_715' title='bbox 3084 4071 3209 4139; x_wconf 89' lang='lat' dir='ltr'><strong>quia</strong></span> <span class='ocrx_word' id='word_1_716' title='bbox 3242 4070 3292 4124; x_wconf 91' lang='lat' dir='ltr'><strong>in</strong></span> <span class='ocrx_word' id='word_1_717' title='bbox 3327 4059 3430 4150; x_wconf 34' lang='lat' dir='ltr'><strong>adf-</strong></span> 
     </span>
    </p>
   </div>
   <div class='ocr_carea' id='block_1_88' title="bbox 1823 4162 3425 4234">
    <p class='ocr_par' dir='ltr' id='par_1_88' title="bbox 1823 4162 3425 4234">
     <span class='ocr_line' id='line_1_88' title="bbox 1823 4162 3425 4234; baseline 0 -18"><span class='ocrx_word' id='word_1_718' title='bbox 1823 4173 1987 4218; x_wconf 89' lang='lat' dir='ltr'><strong>ventu</strong></span> <span class='ocrx_word' id='word_1_719' title='bbox 2010 4166 2160 4233; x_wconf 88' lang='lat' dir='ltr'><strong>pueri</strong></span> <span class='ocrx_word' id='word_1_720' title='bbox 2177 4167 2305 4227; x_wconf 88' lang='lat' dir='ltr'><strong>mei,</strong></span> <span class='ocrx_word' id='word_1_721' title='bbox 2325 4179 2483 4234; x_wconf 89' lang='lat' dir='ltr'><strong>quem</strong></span> <span class='ocrx_word' id='word_1_722' title='bbox 2501 4163 2659 4232; x_wconf 85' lang='lat' dir='ltr'><strong>elegi.</strong></span> <span class='ocrx_word' id='word_1_723' title='bbox 2681 4163 2901 4233; x_wconf 89' lang='lat' dir='ltr'><strong>penitus</strong></span> <span class='ocrx_word' id='word_1_724' title='bbox 2915 4162 3249 4216; x_wconf 84' lang='lat' dir='ltr'><strong>destruenda</strong></span> <span class='ocrx_word' id='word_1_725' title='bbox 3266 4171 3425 4228; x_wconf 82' lang='lat' dir='ltr'><strong>sunt;</strong></span> 
     </span>
    </p>
   </div>
   <div class='ocr_carea' id='block_1_89' title="bbox 1824 4255 3432 4327">
    <p class='ocr_par' dir='ltr' id='par_1_89' title="bbox 1824 4255 3432 4327">
     <span class='ocr_line' id='line_1_89' title="bbox 1824 4255 3432 4327; baseline -0.001 -16"><span class='ocrx_word' id='word_1_726' title='bbox 1824 4267 2114 4327; x_wconf 66' lang='lat' dir='ltr'><strong>prot&#39;tterca</strong></span> <span class='ocrx_word' id='word_1_727' title='bbox 2150 4266 2262 4312; x_wconf 88' lang='lat' dir='ltr'><strong>tota</strong></span> <span class='ocrx_word' id='word_1_728' title='bbox 2294 4257 2491 4311; x_wconf 83' lang='lat' dir='ltr'><strong>mentis</strong></span> <span class='ocrx_word' id='word_1_729' title='bbox 2522 4255 2781 4311; x_wconf 77' lang='lat' dir='ltr'><strong>aviditate</strong></span> <span class='ocrx_word' id='word_1_730' title='bbox 2804 4270 3094 4326; x_wconf 79' lang='lat' dir='ltr'><strong>cognosce,</strong></span> <span class='ocrx_word' id='word_1_731' title='bbox 3118 4255 3261 4326; x_wconf 90' lang='lat' dir='ltr'><strong>quod</strong></span> <span class='ocrx_word' id='word_1_732' title='bbox 3290 4255 3432 4309; x_wconf 81' lang='lat' dir='ltr'><strong>sicut</strong></span> 
     </span>
    </p>
   </div>
   <div class='ocr_carea' id='block_1_90' title="bbox 1825 4349 3430 4420">
    <p class='ocr_par' dir='ltr' id='par_1_90' title="bbox 1825 4349 3430 4420">
     <span class='ocr_line' id='line_1_90' title="bbox 1825 4349 3430 4420; baseline 0.001 -18"><span class='ocrx_word' id='word_1_733' title='bbox 1825 4351 1996 4404; x_wconf 88' lang='lat' dir='ltr'><strong>nubes</strong></span> <span class='ocrx_word' id='word_1_734' title='bbox 2030 4360 2081 4404; x_wconf 94' lang='lat' dir='ltr'><strong>et</strong></span> <span class='ocrx_word' id='word_1_735' title='bbox 2113 4351 2312 4420; x_wconf 86' lang='lat' dir='ltr'><strong>caligo,</strong></span> <span class='ocrx_word' id='word_1_736' title='bbox 2346 4358 2400 4405; x_wconf 91' lang='lat' dir='ltr'><strong>et</strong></span> <span class='ocrx_word' id='word_1_737' title='bbox 2429 4349 2648 4414; x_wconf 88' lang='lat' dir='ltr'><strong>nebula,</strong></span> <span class='ocrx_word' id='word_1_738' title='bbox 2678 4349 2760 4404; x_wconf 91' lang='lat' dir='ltr'><strong>vel</strong></span> <span class='ocrx_word' id='word_1_739' title='bbox 2793 4349 2924 4404; x_wconf 90' lang='lat' dir='ltr'><strong>solis</strong></span> <span class='ocrx_word' id='word_1_740' title='bbox 2963 4350 3149 4405; x_wconf 86' lang='lat' dir='ltr'><strong>calore</strong></span> <span class='ocrx_word' id='word_1_741' title='bbox 3175 4350 3430 4418; x_wconf 80' lang='lat' dir='ltr'><strong>dissolvi-</strong></span> 
     </span>
    </p>
   </div>
   <div class='ocr_carea' id='block_1_91' title="bbox 1823 4441 3430 4511">
    <p class='ocr_par' dir='ltr' id='par_1_91' title="bbox 1823 4441 3430 4511">
     <span class='ocr_line' id='line_1_91' title="bbox 1823 4441 3430 4511; baseline -0.001 -15"><span class='ocrx_word' id='word_1_742' title='bbox 1823 4451 1935 4505; x_wconf 84' lang='lat' dir='ltr'><strong>tur,</strong></span> <span class='ocrx_word' id='word_1_743' title='bbox 1956 4442 2040 4495; x_wconf 85' lang='lat' dir='ltr'><strong>vel</strong></span> <span class='ocrx_word' id='word_1_744' title='bbox 2062 4451 2225 4496; x_wconf 90' lang='lat' dir='ltr'><strong>vento</strong></span> <span class='ocrx_word' id='word_1_745' title='bbox 2251 4451 2502 4509; x_wconf 84' lang='lat' dir='ltr'><strong>raptante</strong></span> <span class='ocrx_word' id='word_1_746' title='bbox 2526 4449 2818 4495; x_wconf 85' lang='lat' dir='ltr'><strong>tenuatur:</strong></span> <span class='ocrx_word' id='word_1_747' title='bbox 2845 4441 2918 4494; x_wconf 88' lang='lat' dir='ltr'><strong>ita</strong></span> <span class='ocrx_word' id='word_1_748' title='bbox 2945 4441 3261 4511; x_wconf 84' lang='lat' dir='ltr'><strong>iniquitates</strong></span> <span class='ocrx_word' id='word_1_749' title='bbox 3284 4448 3430 4508; x_wconf 89' lang='lat' dir='ltr'><strong>tuas,</strong></span> 
     </span>
    </p>
   </div>
   <div class='ocr_carea' id='block_1_92' title="bbox 1825 4531 3431 4604">
    <p class='ocr_par' dir='ltr' id='par_1_92' title="bbox 1825 4531 3431 4604">
     <span class='ocr_line' id='line_1_92' title="bbox 1825 4531 3431 4604; baseline 0 -17"><span class='ocrx_word' id='word_1_750' title='bbox 1825 4542 1879 4587; x_wconf 92' lang='lat' dir='ltr'><strong>ct</strong></span> <span class='ocrx_word' id='word_1_751' title='bbox 1907 4534 2158 4586; x_wconf 88' lang='lat' dir='ltr'><strong>universa</strong></span> <span class='ocrx_word' id='word_1_752' title='bbox 2188 4542 2431 4599; x_wconf 83' lang='lat' dir='ltr'><strong>peccata,</strong></span> <span class='ocrx_word' id='word_1_753' title='bbox 2458 4531 2652 4599; x_wconf 88' lang='lat' dir='ltr'><strong>quibus</strong></span> <span class='ocrx_word' id='word_1_754' title='bbox 2678 4533 2831 4601; x_wconf 90' lang='lat' dir='ltr'><strong>prius</strong></span> <span class='ocrx_word' id='word_1_755' title='bbox 2853 4547 2937 4586; x_wconf 92' lang='lat' dir='ltr'><strong>me</strong></span> <span class='ocrx_word' id='word_1_756' title='bbox 2961 4532 3291 4604; x_wconf 73' lang='lat' dir='ltr'><strong>offenderas,</strong></span> <span class='ocrx_word' id='word_1_757' title='bbox 3316 4531 3431 4587; x_wconf 90' lang='lat' dir='ltr'><strong>dis-</strong></span> 
     </span>
    </p>
   </div>
   <div class='ocr_carea' id='block_1_93' title="bbox 141 4593 3431 4696">
    <p class='ocr_par' dir='ltr' id='par_1_93' title="bbox 141 4593 3431 4696">
     <span class='ocr_line' id='line_1_93' title="bbox 141 4593 3431 4696; baseline 0.001 -23"><span class='ocrx_word' id='word_1_758' title='bbox 141 4635 338 4678; x_wconf 87' lang='lat' dir='ltr'><strong>manam</strong></span> <span class='ocrx_word' id='word_1_759' title='bbox 364 4627 678 4696; x_wconf 70' lang='lat' dir='ltr'><strong>exprimens</strong></span> <span class='ocrx_word' id='word_1_760' title='bbox 705 4625 968 4694; x_wconf 82' lang='lat' dir='ltr'><strong>speciem,</strong></span> <span class='ocrx_word' id='word_1_761' title='bbox 995 4633 1049 4681; x_wconf 91' lang='lat' dir='ltr'><strong>et</strong></span> <span class='ocrx_word' id='word_1_762' title='bbox 1073 4593 1278 4696; x_wconf 50' lang='lat' dir='ltr'><strong>quanio</strong></span> <span class='ocrx_word' id='word_1_763' title='bbox 1303 4625 1581 4695; x_wconf 87' lang='lat' dir='ltr'><strong>pulchrior</strong></span> <span class='ocrx_word' id='word_1_764' title='bbox 1605 4625 1719 4680; x_wconf 88' lang='lat' dir='ltr'><strong>fue-</strong></span> <span class='ocrx_word' id='word_1_765' title='bbox 1746 4593 1800 4653; x_wconf 71' lang='grc' dir='ltr'><strong><em>Β</em></strong></span> <span class='ocrx_word' id='word_1_766' title='bbox 1825 4623 1966 4679; x_wconf 87' lang='lat' dir='ltr'><strong>solvi</strong></span> <span class='ocrx_word' id='word_1_767' title='bbox 1992 4621 2208 4677; x_wconf 86' lang='lat' dir='ltr'><strong>faciam.</strong></span> <span class='ocrx_word' id='word_1_768' title='bbox 2230 4621 2310 4675; x_wconf 89' lang='lat' dir='ltr'><strong>Tu</strong></span> <span class='ocrx_word' id='word_1_769' title='bbox 2340 4629 2548 4674; x_wconf 85' lang='lat' dir='ltr'><strong>tantum</strong></span> <span class='ocrx_word' id='word_1_770' title='bbox 2577 4631 2855 4676; x_wconf 81' lang='lat' dir='ltr'><strong>revertere</strong></span> <span class='ocrx_word' id='word_1_771' title='bbox 2876 4623 2942 4676; x_wconf 91' lang='lat' dir='ltr'><strong>ad</strong></span> <span class='ocrx_word' id='word_1_772' title='bbox 2974 4638 3083 4688; x_wconf 91' lang='lat' dir='ltr'><strong>me,</strong></span> <span class='ocrx_word' id='word_1_773' title='bbox 3107 4632 3164 4678; x_wconf 90' lang='lat' dir='ltr'><strong>et</strong></span> <span class='ocrx_word' id='word_1_774' title='bbox 3190 4597 3290 4691; x_wconf 79' lang='lat' dir='ltr'><strong>age</strong></span> <span class='ocrx_word' id='word_1_775' title='bbox 3315 4637 3431 4692; x_wconf 77' lang='lat' dir='ltr'><strong>pm-</strong></span> 
     </span>
    </p>
   </div>
   <div class='ocr_carea' id='block_1_94' title="bbox 141 4712 1713 4788">
    <p class='ocr_par' dir='ltr' id='par_1_94' title="bbox 141 4712 1713 4788">
     <span class='ocr_line' id='line_1_94' title="bbox 141 4712 1713 4788; baseline 0.005 -24"><span class='ocrx_word' id='word_1_776' title='bbox 141 4712 224 4778; x_wconf 82' lang='lat' dir='ltr'><strong>rit,</strong></span> <span class='ocrx_word' id='word_1_777' title='bbox 251 4724 398 4772; x_wconf 84' lang='lat' dir='ltr'><strong>tanto</strong></span> <span class='ocrx_word' id='word_1_778' title='bbox 431 4719 574 4774; x_wconf 84' lang='lat' dir='ltr'><strong>Deus</strong></span> <span class='ocrx_word' id='word_1_779' title='bbox 618 4727 838 4788; x_wconf 85' lang='lat' dir='ltr'><strong>putatur</strong></span> <span class='ocrx_word' id='word_1_780' title='bbox 881 4719 1182 4786; x_wconf 83' lang='lat' dir='ltr'><strong>angustior.</strong></span> <span class='ocrx_word' id='word_1_781' title='bbox 1215 4718 1441 4772; x_wconf 83' lang='lat' dir='ltr'><strong>P0nilur</strong></span> <span class='ocrx_word' id='word_1_782' title='bbox 1481 4718 1532 4772; x_wconf 93' lang='lat' dir='ltr'><strong>in</strong></span> <span class='ocrx_word' id='word_1_783' title='bbox 1566 4715 1713 4781; x_wconf 80' lang='lat' dir='ltr'><strong>fano,</strong></span> 
     </span>
    </p>
   </div>
   <div class='ocr_carea' id='block_1_95' title="bbox 143 4811 1720 4882">
    <p class='ocr_par' dir='ltr' id='par_1_95' title="bbox 143 4811 1720 4882">
     <span class='ocr_line' id='line_1_95' title="bbox 143 4811 1720 4882; baseline 0.004 -22"><span class='ocrx_word' id='word_1_784' title='bbox 143 4812 194 4858; x_wconf 83' lang='lat' dir='ltr'><strong>et</strong></span> <span class='ocrx_word' id='word_1_785' title='bbox 218 4819 416 4865; x_wconf 75' lang='lat' dir='ltr'><strong>auerno</strong></span> <span class='ocrx_word' id='word_1_786' title='bbox 438 4811 710 4868; x_wconf 80' lang='lat' dir='ltr'><strong>clauditur</strong></span> <span class='ocrx_word' id='word_1_787' title='bbox 735 4826 975 4874; x_wconf 86' lang='lat' dir='ltr'><strong>carcere,</strong></span> <span class='ocrx_word' id='word_1_788' title='bbox 1000 4826 1120 4882; x_wconf 80' lang='lat' dir='ltr'><strong>qua:</strong></span> <span class='ocrx_word' id='word_1_789' title='bbox 1148 4813 1305 4882; x_wconf 90' lang='lat' dir='ltr'><strong>longo</strong></span> <span class='ocrx_word' id='word_1_790' title='bbox 1331 4820 1574 4880; x_wconf 84' lang='lat' dir='ltr'><strong>tempore.</strong></span> <span class='ocrx_word' id='word_1_791' title='bbox 1598 4825 1720 4866; x_wconf 88' lang='lat' dir='ltr'><strong>cre-</strong></span> 
     </span>
    </p>
   </div>
   <div class='ocr_carea' id='block_1_96' title="bbox 145 4895 1718 4975">
    <p class='ocr_par' dir='ltr' id='par_1_96' title="bbox 145 4895 1718 4975">
     <span class='ocr_line' id='line_1_96' title="bbox 145 4895 1718 4975; baseline 0.006 -26"><span class='ocrx_word' id='word_1_792' title='bbox 145 4895 213 4952; x_wconf 80' lang='lat' dir='ltr'><strong>vit</strong></span> <span class='ocrx_word' id='word_1_793' title='bbox 238 4900 288 4954; x_wconf 92' lang='lat' dir='ltr'><strong>in</strong></span> <span class='ocrx_word' id='word_1_794' title='bbox 325 4904 577 4968; x_wconf 82' lang='lat' dir='ltr'><strong>saltibus,</strong></span> <span class='ocrx_word' id='word_1_795' title='bbox 618 4913 673 4958; x_wconf 89' lang='lat' dir='ltr'><strong>et</strong></span> <span class='ocrx_word' id='word_1_796' title='bbox 700 4920 801 4975; x_wconf 91' lang='lat' dir='ltr'><strong>pro</strong></span> <span class='ocrx_word' id='word_1_797' title='bbox 819 4904 1085 4958; x_wconf 87' lang='lat' dir='ltr'><strong>varietate</strong></span> <span class='ocrx_word' id='word_1_798' title='bbox 1114 4905 1388 4965; x_wconf 84' lang='lat' dir='ltr'><strong>arborum,</strong></span> <span class='ocrx_word' id='word_1_799' title='bbox 1421 4904 1621 4958; x_wconf 87' lang='lat' dir='ltr'><strong>cedrus</strong></span> <span class='ocrx_word' id='word_1_800' title='bbox 1661 4911 1718 4958; x_wconf 87' lang='lat' dir='ltr'><strong>et</strong></span> 
     </span>
    </p>
   </div>
   <div class='ocr_carea' id='block_1_97' title="bbox 149 4985 1713 5067">
    <p class='ocr_par' dir='ltr' id='par_1_97' title="bbox 149 4985 1713 5067">
     <span class='ocr_line' id='line_1_97' title="bbox 149 4985 1713 5067; baseline 0.001 -17"><span class='ocrx_word' id='word_1_801' title='bbox 149 4985 241 5044; x_wconf 69' lang='grc' dir='ltr'><strong>ίὶει</strong></span> <span class='ocrx_word' id='word_1_802' title='bbox 271 4991 429 5067; x_wconf 69' lang='lat'><strong>528</strong></span> <span class='ocrx_word' id='word_1_803' title='bbox 454 5007 506 5052; x_wconf 90' lang='lat' dir='ltr'><strong>et</strong></span> <span class='ocrx_word' id='word_1_804' title='bbox 554 5011 788 5066; x_wconf 85' lang='lat' dir='ltr'><strong>quercus</strong></span> <span class='ocrx_word' id='word_1_805' title='bbox 832 4996 916 5051; x_wconf 85' lang='lat' dir='ltr'><strong>vel</strong></span> <span class='ocrx_word' id='word_1_806' title='bbox 950 4996 1111 5065; x_wconf 82' lang='lat' dir='ltr'><strong>pinus</strong></span> <span class='ocrx_word' id='word_1_807' title='bbox 1156 4996 1276 5050; x_wconf 83' lang='lat' dir='ltr'><strong>luit.</strong></span> <span class='ocrx_word' id='word_1_808' title='bbox 1314 4997 1613 5067; x_wconf 83' lang='lat' dir='ltr'><strong>Mirumque</strong></span> <span class='ocrx_word' id='word_1_809' title='bbox 1661 4998 1713 5052; x_wconf 92' lang='lat' dir='ltr'><strong>in</strong></span> 
     </span>
    </p>
   </div>
   <div class='ocr_carea' id='block_1_98' title="bbox 152 5077 1722 5160">
    <p class='ocr_par' dir='ltr' id='par_1_98' title="bbox 152 5077 1722 5160">
     <span class='ocr_line' id='line_1_98' title="bbox 152 5077 1722 5160; baseline 0.01 -30"><span class='ocrx_word' id='word_1_810' title='bbox 152 5077 349 5140; x_wconf 87' lang='lat' dir='ltr'><strong>modum</strong></span> <span class='ocrx_word' id='word_1_811' title='bbox 381 5099 658 5158; x_wconf 80' lang='lat' dir='ltr'><strong>segmenta</strong></span> <span class='ocrx_word' id='word_1_812' title='bbox 685 5089 804 5160; x_wconf 77' lang='lat' dir='ltr'><strong>eius</strong></span> <span class='ocrx_word' id='word_1_813' title='bbox 828 5097 988 5159; x_wconf 87' lang='lat' dir='ltr'><strong>atque</strong></span> <span class='ocrx_word' id='word_1_814' title='bbox 1021 5103 1224 5143; x_wconf 72' lang='lat' dir='ltr'><strong>rasura:</strong></span> <span class='ocrx_word' id='word_1_815' title='bbox 1253 5090 1540 5144; x_wconf 87' lang='lat' dir='ltr'><strong>mittuntur</strong></span> <span class='ocrx_word' id='word_1_816' title='bbox 1560 5090 1612 5144; x_wconf 82' lang='lat' dir='ltr'><strong>in</strong></span> <span class='ocrx_word' id='word_1_817' title='bbox 1642 5089 1722 5145; x_wconf 88' lang='lat' dir='ltr'><strong>fo-</strong></span> 
     </span>
    </p>
   </div>
   <div class='ocr_carea' id='block_1_99' title="bbox 151 5179 1722 5249">
    <p class='ocr_par' dir='ltr' id='par_1_99' title="bbox 151 5179 1722 5249">
     <span class='ocr_line' id='line_1_99' title="bbox 151 5179 1722 5249; baseline 0.01 -28"><span class='ocrx_word' id='word_1_818' title='bbox 151 5183 281 5238; x_wconf 86' lang='lat' dir='ltr'><strong>cum,</strong></span> <span class='ocrx_word' id='word_1_819' title='bbox 313 5185 369 5231; x_wconf 88' lang='lat' dir='ltr'><strong>ut</strong></span> <span class='ocrx_word' id='word_1_820' title='bbox 388 5179 710 5235; x_wconf 81' lang='lat' dir='ltr'><strong>calefaciant</strong></span> <span class='ocrx_word' id='word_1_821' title='bbox 741 5181 1003 5236; x_wconf 79' lang='lat' dir='ltr'><strong>artiﬁcem</strong></span> <span class='ocrx_word' id='word_1_822' title='bbox 1037 5181 1150 5244; x_wconf 85' lang='lat' dir='ltr'><strong>Dei,</strong></span> <span class='ocrx_word' id='word_1_823' title='bbox 1176 5190 1228 5234; x_wconf 85' lang='lat' dir='ltr'><strong>et</strong></span> <span class='ocrx_word' id='word_1_824' title='bbox 1249 5193 1481 5249; x_wconf 88' lang='lat' dir='ltr'><strong>coquant</strong></span> <span class='ocrx_word' id='word_1_825' title='bbox 1507 5182 1722 5236; x_wconf 87' lang='lat' dir='ltr'><strong>diversa</strong></span> 
     </span>
    </p>
   </div>
   <div class='ocr_carea' id='block_1_100' title="bbox 154 5263 1725 5341">
    <p class='ocr_par' dir='ltr' id='par_1_100' title="bbox 154 5263 1725 5341">
     <span class='ocr_line' id='line_1_100' title="bbox 154 5263 1725 5341; baseline 0.007 -23"><span class='ocrx_word' id='word_1_826' title='bbox 154 5263 410 5328; x_wconf 77' lang='lat' dir='ltr'><strong>pulmenta</strong></span> <span class='ocrx_word' id='word_1_827' title='bbox 439 5289 450 5324; x_wconf 89' lang='lat'><strong>:</strong></span> <span class='ocrx_word' id='word_1_828' title='bbox 486 5286 609 5341; x_wconf 88' lang='lat' dir='ltr'><strong>pars</strong></span> <span class='ocrx_word' id='word_1_829' title='bbox 637 5281 822 5328; x_wconf 76' lang='lat' dir='ltr'><strong>autem</strong></span> <span class='ocrx_word' id='word_1_830' title='bbox 850 5275 1022 5328; x_wconf 86' lang='lat' dir='ltr'><strong>altera</strong></span> <span class='ocrx_word' id='word_1_831' title='bbox 1060 5273 1324 5327; x_wconf 85' lang='lat' dir='ltr'><strong>formatur</strong></span> <span class='ocrx_word' id='word_1_832' title='bbox 1349 5273 1404 5327; x_wconf 92' lang='lat' dir='ltr'><strong>in</strong></span> <span class='ocrx_word' id='word_1_833' title='bbox 1446 5273 1635 5338; x_wconf 85' lang='lat' dir='ltr'><strong>Deum,</strong></span> <span class='ocrx_word' id='word_1_834' title='bbox 1665 5281 1725 5329; x_wconf 89' lang='lat' dir='ltr'><strong>ut</strong></span> 
     </span>
    </p>
   </div>
   <div class='ocr_carea' id='block_1_101' title="bbox 153 5363 1725 5435">
    <p class='ocr_par' dir='ltr' id='par_1_101' title="bbox 153 5363 1725 5435">
     <span class='ocr_line' id='line_1_101' title="bbox 153 5363 1725 5435; baseline 0.008 -26"><span class='ocrx_word' id='word_1_835' title='bbox 153 5367 302 5421; x_wconf 81' lang='lat' dir='ltr'><strong>opere</strong></span> <span class='ocrx_word' id='word_1_836' title='bbox 322 5363 610 5432; x_wconf 88' lang='lat' dir='ltr'><strong>completo,</strong></span> <span class='ocrx_word' id='word_1_837' title='bbox 643 5365 1005 5421; x_wconf 84' lang='lat' dir='ltr'><strong>adoretillam</strong></span> <span class='ocrx_word' id='word_1_838' title='bbox 1055 5367 1228 5419; x_wconf 79' lang='lat' dir='ltr'><strong>factor</strong></span> <span class='ocrx_word' id='word_1_839' title='bbox 1266 5381 1416 5429; x_wconf 88' lang='lat' dir='ltr'><strong>suus,</strong></span> <span class='ocrx_word' id='word_1_840' title='bbox 1462 5375 1518 5421; x_wconf 92' lang='lat' dir='ltr'><strong>et</strong></span> <span class='ocrx_word' id='word_1_841' title='bbox 1542 5366 1725 5435; x_wconf 85' lang='lat' dir='ltr'><strong>operis</strong></span> 
     </span>
    </p>
   </div>
   <div class='ocr_carea' id='block_1_102' title="bbox 155 5448 1718 5528">
    <p class='ocr_par' dir='ltr' id='par_1_102' title="bbox 155 5448 1718 5528">
     <span class='ocr_line' id='line_1_102' title="bbox 155 5448 1718 5528; baseline 0.003 -22"><span class='ocrx_word' id='word_1_842' title='bbox 155 5448 234 5506; x_wconf 74' lang='lat' dir='ltr'><strong>Stl&#39;t</strong></span> <span class='ocrx_word' id='word_1_843' title='bbox 252 5450 570 5519; x_wconf 82' lang='lat' dir='ltr'><strong>imprecetur</strong></span> <span class='ocrx_word' id='word_1_844' title='bbox 591 5457 879 5523; x_wconf 87' lang='lat' dir='ltr'><strong>auxilium;</strong></span> <span class='ocrx_word' id='word_1_845' title='bbox 907 5473 1006 5512; x_wconf 90' lang='lat' dir='ltr'><strong>nec</strong></span> <span class='ocrx_word' id='word_1_846' title='bbox 1031 5457 1305 5528; x_wconf 85' lang='lat' dir='ltr'><strong>intelligit,</strong></span> <span class='ocrx_word' id='word_1_847' title='bbox 1326 5458 1410 5512; x_wconf 72' lang='lat' dir='ltr'><strong>vel</strong></span> <span class='ocrx_word' id='word_1_848' title='bbox 1435 5458 1718 5526; x_wconf 59' lang='lat' dir='ltr'><strong>recog’itat,</strong></span> 
     </span>
    </p>
   </div>
   <div class='ocr_carea' id='block_1_103' title="bbox 159 5537 1722 5621">
    <p class='ocr_par' dir='ltr' id='par_1_103' title="bbox 159 5537 1722 5621">
     <span class='ocr_line' id='line_1_103' title="bbox 159 5537 1722 5621; baseline 0.01 -30"><span class='ocrx_word' id='word_1_849' title='bbox 159 5537 306 5596; x_wconf 79' lang='lat' dir='ltr'><strong>immo</strong></span> <span class='ocrx_word' id='word_1_850' title='bbox 327 5560 421 5601; x_wconf 91' lang='lat' dir='ltr'><strong>nec</strong></span> <span class='ocrx_word' id='word_1_851' title='bbox 442 5550 642 5615; x_wconf 84' lang='lat' dir='ltr'><strong>carnis,</strong></span> <span class='ocrx_word' id='word_1_852' title='bbox 668 5564 769 5604; x_wconf 91' lang='lat' dir='ltr'><strong>nec</strong></span> <span class='ocrx_word' id='word_1_853' title='bbox 796 5553 991 5604; x_wconf 90' lang='lat' dir='ltr'><strong>mentis</strong></span> <span class='ocrx_word' id='word_1_854' title='bbox 1011 5552 1202 5621; x_wconf 84' lang='lat' dir='ltr'><strong>aspicit</strong></span> <span class='ocrx_word' id='word_1_855' title='bbox 1223 5550 1420 5615; x_wconf 80' lang='lat' dir='ltr'><strong>oculis,</strong></span> <span class='ocrx_word' id='word_1_856' title='bbox 1448 5549 1591 5621; x_wconf 91' lang='lat' dir='ltr'><strong>quod</strong></span> <span class='ocrx_word' id='word_1_857' title='bbox 1615 5565 1722 5606; x_wconf 91' lang='lat' dir='ltr'><strong>non</strong></span> 
     </span>
    </p>
   </div>
   <div class='ocr_carea' id='block_1_104' title="bbox 159 5636 1726 5714">
    <p class='ocr_par' dir='ltr' id='par_1_104' title="bbox 159 5636 1726 5714">
     <span class='ocr_line' id='line_1_104' title="bbox 159 5636 1726 5714; baseline 0.008 -28"><span class='ocrx_word' id='word_1_858' title='bbox 159 5636 312 5699; x_wconf 62' lang='lat' dir='ltr'><strong>poesit</strong></span> <span class='ocrx_word' id='word_1_859' title='bbox 344 5651 464 5695; x_wconf 84' lang='lat' dir='ltr'><strong>esse</strong></span> <span class='ocrx_word' id='word_1_860' title='bbox 494 5641 662 5708; x_wconf 83' lang='lat' dir='ltr'><strong>Deus,</strong></span> <span class='ocrx_word' id='word_1_861' title='bbox 683 5643 838 5712; x_wconf 85' lang='lat' dir='ltr'><strong>cujus</strong></span> <span class='ocrx_word' id='word_1_862' title='bbox 865 5659 990 5712; x_wconf 84' lang='lat' dir='ltr'><strong>pars</strong></span> <span class='ocrx_word' id='word_1_863' title='bbox 1016 5645 1139 5714; x_wconf 86' lang='lat' dir='ltr'><strong>igne</strong></span> <span class='ocrx_word' id='word_1_864' title='bbox 1165 5643 1446 5697; x_wconf 87' lang='lat' dir='ltr'><strong>combusta</strong></span> <span class='ocrx_word' id='word_1_865' title='bbox 1471 5651 1553 5698; x_wconf 90' lang='lat' dir='ltr'><strong>est</strong></span> <span class='ocrx_word' id='word_1_866' title='bbox 1578 5661 1590 5695; x_wconf 89' lang='lat'><strong>:</strong></span> <span class='ocrx_word' id='word_1_867' title='bbox 1625 5658 1726 5699; x_wconf 88' lang='lat' dir='ltr'><strong>nec</strong></span> 
     </span>
    </p>
   </div>
   <div class='ocr_carea' id='block_1_105' title="bbox 163 5719 1729 5809">
    <p class='ocr_par' dir='ltr' id='par_1_105' title="bbox 163 5719 1729 5809">
     <span class='ocr_line' id='line_1_105' title="bbox 163 5719 1729 5809; baseline 0.01 -36"><span class='ocrx_word' id='word_1_868' title='bbox 163 5719 377 5780; x_wconf 89' lang='lat' dir='ltr'><strong>hominis</strong></span> <span class='ocrx_word' id='word_1_869' title='bbox 411 5733 722 5809; x_wconf 38' lang='lat' dir='ltr'><strong>manu&#39;fteri</strong></span> <span class='ocrx_word' id='word_1_870' title='bbox 749 5733 926 5789; x_wconf 86' lang='lat' dir='ltr'><strong>divina</strong></span> <span class='ocrx_word' id='word_1_871' title='bbox 971 5737 1246 5804; x_wconf 73' lang='lat' dir='ltr'><strong>maiestas.</strong></span> <span class='ocrx_word' id='word_1_872' title='bbox 1282 5734 1608 5806; x_wconf 88' lang='lat' dir='ltr'><strong>Pleniusque</strong></span> <span class='ocrx_word' id='word_1_873' title='bbox 1635 5751 1729 5789; x_wconf 84' lang='lat' dir='ltr'><strong>su-</strong></span> 
     </span>
    </p>
   </div>
   <div class='ocr_carea' id='block_1_106' title="bbox 162 5815 1726 5898">
    <p class='ocr_par' dir='ltr' id='par_1_106' title="bbox 162 5815 1726 5898">
     <span class='ocr_line' id='line_1_106' title="bbox 162 5815 1726 5898; baseline 0.008 -32"><span class='ocrx_word' id='word_1_874' title='bbox 162 5825 247 5890; x_wconf 80' lang='lat' dir='ltr'><strong>per</strong></span> <span class='ocrx_word' id='word_1_875' title='bbox 266 5815 504 5885; x_wconf 85' lang='lat' dir='ltr'><strong>irrisione</strong></span> <span class='ocrx_word' id='word_1_876' title='bbox 524 5823 792 5889; x_wconf 82' lang='lat' dir='ltr'><strong>idolorum</strong></span> <span class='ocrx_word' id='word_1_877' title='bbox 816 5827 1163 5898; x_wconf 86' lang='lat' dir='ltr'><strong>propheticus</strong></span> <span class='ocrx_word' id='word_1_878' title='bbox 1190 5841 1372 5882; x_wconf 86' lang='lat' dir='ltr'><strong>sermo</strong></span> <span class='ocrx_word' id='word_1_879' title='bbox 1395 5825 1726 5893; x_wconf 77' lang='lat' dir='ltr'><strong>contexitur,</strong></span> 
     </span>
    </p>
   </div>
   <div class='ocr_carea' id='block_1_107' title="bbox 1825 4711 3430 4784">
    <p class='ocr_par' dir='ltr' id='par_1_107' title="bbox 1825 4711 3430 4784">
     <span class='ocr_line' id='line_1_107' title="bbox 1825 4711 3430 4784; baseline -0.002 -13"><span class='ocrx_word' id='word_1_880' title='bbox 1825 4718 2138 4779; x_wconf 89' lang='lat' dir='ltr'><strong>nitentiam,</strong></span> <span class='ocrx_word' id='word_1_881' title='bbox 2170 4715 2296 4784; x_wconf 89' lang='lat' dir='ltr'><strong>quia</strong></span> <span class='ocrx_word' id='word_1_882' title='bbox 2347 4711 2700 4767; x_wconf 89' lang='lat' dir='ltr'><strong>redimendus</strong></span> <span class='ocrx_word' id='word_1_883' title='bbox 2747 4727 2806 4766; x_wconf 89' lang='lat' dir='ltr'><strong>es</strong></span> <span class='ocrx_word' id='word_1_884' title='bbox 2856 4714 3100 4782; x_wconf 88' lang='lat' dir='ltr'><strong>pretioso</strong></span> <span class='ocrx_word' id='word_1_885' title='bbox 3140 4711 3430 4781; x_wconf 90' lang='lat' dir='ltr'><strong>sanguine.</strong></span> 
     </span>
    </p>
   </div>
   <div class='ocr_carea' id='block_1_108' title="bbox 1823 4803 3431 4876">
    <p class='ocr_par' dir='ltr' id='par_1_108' title="bbox 1823 4803 3431 4876">
     <span class='ocr_line' id='line_1_108' title="bbox 1823 4803 3431 4876; baseline -0.004 -13"><span class='ocrx_word' id='word_1_886' title='bbox 1823 4808 1978 4876; x_wconf 89' lang='lat' dir='ltr'><strong>Quod</strong></span> <span class='ocrx_word' id='word_1_887' title='bbox 2008 4809 2053 4862; x_wconf 87' lang='lat' dir='ltr'><strong>si</strong></span> <span class='ocrx_word' id='word_1_888' title='bbox 2084 4807 2305 4870; x_wconf 80' lang='lat' dir='ltr'><strong>feceris,</strong></span> <span class='ocrx_word' id='word_1_889' title='bbox 2336 4803 2478 4859; x_wconf 89' lang='lat' dir='ltr'><strong>scias</strong></span> <span class='ocrx_word' id='word_1_890' title='bbox 2509 4805 2561 4856; x_wconf 89' lang='lat' dir='ltr'><strong>in</strong></span> <span class='ocrx_word' id='word_1_891' title='bbox 2589 4803 2764 4857; x_wconf 88' lang='lat' dir='ltr'><strong>salute</strong></span> <span class='ocrx_word' id='word_1_892' title='bbox 2798 4812 2887 4856; x_wconf 89' lang='lat' dir='ltr'><strong>tua</strong></span> <span class='ocrx_word' id='word_1_893' title='bbox 2916 4803 3086 4856; x_wconf 70' lang='lat' dir='ltr'><strong>caelos</strong></span> <span class='ocrx_word' id='word_1_894' title='bbox 3117 4810 3431 4870; x_wconf 85' lang='lat' dir='ltr'><strong>terramque</strong></span> 
     </span>
    </p>
   </div>
   <div class='ocr_carea' id='block_1_109' title="bbox 1825 4891 3431 4966">
    <p class='ocr_par' dir='ltr' id='par_1_109' title="bbox 1825 4891 3431 4966">
     <span class='ocr_line' id='line_1_109' title="bbox 1825 4891 3431 4966; baseline -0.004 -12"><span class='ocrx_word' id='word_1_895' title='bbox 1825 4903 2020 4963; x_wconf 62' lang='lat' dir='ltr'><strong>laatari,</strong></span> <span class='ocrx_word' id='word_1_896' title='bbox 2055 4907 2108 4953; x_wconf 85' lang='lat' dir='ltr'><strong>et</strong></span> <span class='ocrx_word' id='word_1_897' title='bbox 2140 4898 2321 4952; x_wconf 88' lang='lat' dir='ltr'><strong>omnia</strong></span> <span class='ocrx_word' id='word_1_898' title='bbox 2368 4897 2638 4950; x_wconf 86' lang='lat' dir='ltr'><strong>elementa</strong></span> <span class='ocrx_word' id='word_1_899' title='bbox 2681 4895 2995 4949; x_wconf 85' lang='lat' dir='ltr'><strong>concinere.</strong></span> <span class='ocrx_word' id='word_1_900' title='bbox 3032 4892 3159 4950; x_wconf 92' lang='lat' dir='ltr'><strong>Sive</strong></span> <span class='ocrx_word' id='word_1_901' title='bbox 3203 4891 3431 4966; x_wconf 86' lang='lat' dir='ltr'><strong>angelos</strong></span> 
     </span>
    </p>
   </div>
   <div class='ocr_carea' id='block_1_110' title="bbox 1825 4971 3431 5066">
    <p class='ocr_par' dir='ltr' id='par_1_110' title="bbox 1825 4971 3431 5066">
     <span class='ocr_line' id='line_1_110' title="bbox 1825 4971 3431 5066; baseline -0.001 -25"><span class='ocrx_word' id='word_1_902' title='bbox 1825 4995 1916 5066; x_wconf 85' lang='lat' dir='ltr'><strong>qui</strong></span> <span class='ocrx_word' id='word_1_903' title='bbox 1963 5001 2248 5047; x_wconf 89' lang='lat' dir='ltr'><strong>morantur</strong></span> <span class='ocrx_word' id='word_1_904' title='bbox 2301 4992 2354 5044; x_wconf 94' lang='lat' dir='ltr'><strong>in</strong></span> <span class='ocrx_word' id='word_1_905' title='bbox 2386 4989 2564 5052; x_wconf 64' lang='lat' dir='ltr'><strong>caelis,</strong></span> <span class='ocrx_word' id='word_1_906' title='bbox 2598 4997 2652 5041; x_wconf 91' lang='lat' dir='ltr'><strong>et</strong></span> <span class='ocrx_word' id='word_1_907' title='bbox 2697 4986 2831 5040; x_wconf 88' lang='lat' dir='ltr'><strong>alias</strong></span> <span class='ocrx_word' id='word_1_908' title='bbox 2877 4993 3198 5056; x_wconf 79' lang='lat' dir='ltr'><strong>patestates,</strong></span> <span class='ocrx_word' id='word_1_909' title='bbox 3231 4971 3431 5054; x_wconf 87' lang='lat' dir='ltr'><strong>quibus</strong></span> 
     </span>
    </p>
   </div>
   <div class='ocr_carea' id='block_1_111' title="bbox 1824 5079 3434 5151">
    <p class='ocr_par' dir='ltr' id='par_1_111' title="bbox 1824 5079 3434 5151">
     <span class='ocr_line' id='line_1_111' title="bbox 1824 5079 3434 5151; baseline -0.007 -8"><span class='ocrx_word' id='word_1_910' title='bbox 1824 5099 1983 5144; x_wconf 56' lang='lat' dir='ltr'><strong>terra:</strong></span> <span class='ocrx_word' id='word_1_911' title='bbox 2013 5086 2357 5141; x_wconf 77' lang='lat' dir='ltr'><strong>fundamenta</strong></span> <span class='ocrx_word' id='word_1_912' title='bbox 2404 5089 2712 5151; x_wconf 91' lang='lat' dir='ltr'><strong>portantur.</strong></span> <span class='ocrx_word' id='word_1_913' title='bbox 2749 5080 2846 5135; x_wconf 86' lang='lat' dir='ltr'><strong>Vel</strong></span> <span class='ocrx_word' id='word_1_914' title='bbox 2877 5089 3027 5135; x_wconf 89' lang='lat' dir='ltr'><strong>certe</strong></span> <span class='ocrx_word' id='word_1_915' title='bbox 3053 5079 3348 5149; x_wconf 85' lang='lat' dir='ltr'><strong>Apostolus</strong></span> <span class='ocrx_word' id='word_1_916' title='bbox 3377 5085 3434 5132; x_wconf 89' lang='lat' dir='ltr'><strong>ct</strong></span> 
     </span>
    </p>
   </div>
   <div class='ocr_carea' id='block_1_112' title="bbox 1826 5168 3433 5248">
    <p class='ocr_par' dir='ltr' id='par_1_112' title="bbox 1826 5168 3433 5248">
     <span class='ocr_line' id='line_1_112' title="bbox 1826 5168 3433 5248; baseline -0.008 -14"><span class='ocrx_word' id='word_1_917' title='bbox 1826 5179 2148 5248; x_wconf 88' lang='lat' dir='ltr'><strong>Prophetas,</strong></span> <span class='ocrx_word' id='word_1_918' title='bbox 2173 5177 2242 5230; x_wconf 89' lang='lat' dir='ltr'><strong>de</strong></span> <span class='ocrx_word' id='word_1_919' title='bbox 2265 5174 2463 5245; x_wconf 88' lang='lat' dir='ltr'><strong>quibus</strong></span> <span class='ocrx_word' id='word_1_920' title='bbox 2486 5172 2807 5242; x_wconf 77' lang='lat' dir='ltr'><strong>loquebatur</strong></span> <span class='ocrx_word' id='word_1_921' title='bbox 2830 5180 2884 5226; x_wconf 93' lang='lat' dir='ltr'><strong>et</strong></span> <span class='ocrx_word' id='word_1_922' title='bbox 2910 5173 3204 5240; x_wconf 75' lang='lat' dir='ltr'><strong>Apostolus</strong></span> <span class='ocrx_word' id='word_1_923' title='bbox 3228 5189 3242 5225; x_wconf 90' lang='lat'><strong>:</strong></span> <span class='ocrx_word' id='word_1_924' title='bbox 3270 5168 3433 5223; x_wconf 64' lang='lat' dir='ltr'><strong>didi-</strong></span> 
     </span>
    </p>
   </div>
   <div class='ocr_carea' id='block_1_113' title="bbox 1827 5261 3430 5340">
    <p class='ocr_par' dir='ltr' id='par_1_113' title="bbox 1827 5261 3430 5340">
     <span class='ocr_line' id='line_1_113' title="bbox 1827 5261 3430 5340; baseline -0.006 -16"><span class='ocrx_word' id='word_1_925' title='bbox 1827 5271 1966 5340; x_wconf 79' lang='lat' dir='ltr'><strong>ﬁeati</strong></span> <span class='ocrx_word' id='word_1_926' title='bbox 1992 5285 2150 5336; x_wconf 86' lang='lat' dir='ltr'><strong>super</strong></span> <span class='ocrx_word' id='word_1_927' title='bbox 2171 5268 2563 5337; x_wconf 78' lang='lat' dir='ltr'><strong>fundamentum</strong></span> <span class='ocrx_word' id='word_1_928' title='bbox 2579 5266 2946 5335; x_wconf 84' lang='lat' dir='ltr'><strong>Apostolorum</strong></span> <span class='ocrx_word' id='word_1_929' title='bbox 2971 5273 3018 5317; x_wconf 86' lang='lat' dir='ltr'><strong>et</strong></span> <span class='ocrx_word' id='word_1_930' title='bbox 3045 5261 3430 5334; x_wconf 77' lang='lat' dir='ltr'><strong>Prophetarum</strong></span> 
     </span>
    </p>
   </div>
   <div class='ocr_carea' id='block_1_114' title="bbox 1825 5350 3428 5433">
    <p class='ocr_par' dir='ltr' id='par_1_114' title="bbox 1825 5350 3428 5433">
     <span class='ocr_line' id='line_1_114' title="bbox 1825 5350 3428 5433; baseline -0.007 -19"><span class='ocrx_word' id='word_1_931' title='bbox 1825 5360 2047 5433; x_wconf 82' lang='lat' dir='ltr'><strong>(Ephes.</strong></span> <span class='ocrx_word' id='word_1_932' title='bbox 2080 5373 2143 5422; x_wconf 91' lang='lat' dir='ltr'><strong>II,</strong></span> <span class='ocrx_word' id='word_1_933' title='bbox 2171 5358 2285 5425; x_wconf 68' lang='lat'><strong>20).</strong></span> <span class='ocrx_word' id='word_1_934' title='bbox 2323 5358 2532 5412; x_wconf 83' lang='lat' dir='ltr'><strong>Montes</strong></span> <span class='ocrx_word' id='word_1_935' title='bbox 2563 5371 2782 5426; x_wconf 90' lang='lat' dir='ltr'><strong>quoque</strong></span> <span class='ocrx_word' id='word_1_936' title='bbox 2804 5365 2860 5410; x_wconf 91' lang='lat' dir='ltr'><strong>et</strong></span> <span class='ocrx_word' id='word_1_937' title='bbox 2889 5355 3063 5419; x_wconf 64' lang='lat' dir='ltr'><strong>silvae,</strong></span> <span class='ocrx_word' id='word_1_938' title='bbox 3093 5356 3206 5406; x_wconf 90' lang='lat' dir='ltr'><strong>sive</strong></span> <span class='ocrx_word' id='word_1_939' title='bbox 3229 5350 3428 5416; x_wconf 69' lang='lat' dir='ltr'><strong>colles,</strong></span> 
     </span>
    </p>
   </div>
   <div class='ocr_carea' id='block_1_115' title="bbox 1827 5441 3435 5524">
    <p class='ocr_par' dir='ltr' id='par_1_115' title="bbox 1827 5441 3435 5524">
     <span class='ocr_line' id='line_1_115' title="bbox 1827 5441 3435 5524; baseline -0.007 -18"><span class='ocrx_word' id='word_1_940' title='bbox 1827 5454 1918 5524; x_wconf 88' lang='lat' dir='ltr'><strong>qui</strong></span> <span class='ocrx_word' id='word_1_941' title='bbox 1959 5468 2055 5520; x_wconf 88' lang='lat' dir='ltr'><strong>pro</strong></span> <span class='ocrx_word' id='word_1_942' title='bbox 2084 5451 2350 5504; x_wconf 84' lang='lat' dir='ltr'><strong>varietate</strong></span> <span class='ocrx_word' id='word_1_943' title='bbox 2381 5451 2640 5503; x_wconf 85' lang='lat' dir='ltr'><strong>virtutum</strong></span> <span class='ocrx_word' id='word_1_944' title='bbox 2691 5447 2865 5515; x_wconf 88' lang='lat' dir='ltr'><strong>prima</strong></span> <span class='ocrx_word' id='word_1_945' title='bbox 2896 5453 2952 5497; x_wconf 91' lang='lat' dir='ltr'><strong>et</strong></span> <span class='ocrx_word' id='word_1_946' title='bbox 2993 5443 3172 5497; x_wconf 87' lang='lat' dir='ltr'><strong>media</strong></span> <span class='ocrx_word' id='word_1_947' title='bbox 3214 5441 3331 5494; x_wconf 75' lang='lat' dir='ltr'><strong>loca</strong></span> <span class='ocrx_word' id='word_1_948' title='bbox 3377 5447 3435 5494; x_wconf 83' lang='lat' dir='ltr'><strong>et</strong></span> 
     </span>
    </p>
   </div>
   <div class='ocr_carea' id='block_1_116' title="bbox 1830 5531 3434 5613">
    <p class='ocr_par' dir='ltr' id='par_1_116' title="bbox 1830 5531 3434 5613">
     <span class='ocr_line' id='line_1_116' title="bbox 1830 5531 3434 5613; baseline -0.009 -14"><span class='ocrx_word' id='word_1_949' title='bbox 1830 5547 2016 5599; x_wconf 88' lang='lat' dir='ltr'><strong>ultima</strong></span> <span class='ocrx_word' id='word_1_950' title='bbox 2067 5541 2444 5613; x_wconf 88' lang='lat' dir='ltr'><strong>possederunt,</strong></span> <span class='ocrx_word' id='word_1_951' title='bbox 2493 5539 2750 5607; x_wconf 70' lang='lat' dir='ltr'><strong>iubentur</strong></span> <span class='ocrx_word' id='word_1_952' title='bbox 2789 5534 3046 5606; x_wconf 81' lang='lat' dir='ltr'><strong>juhilare,</strong></span> <span class='ocrx_word' id='word_1_953' title='bbox 3079 5543 3134 5588; x_wconf 89' lang='lat' dir='ltr'><strong>et</strong></span> <span class='ocrx_word' id='word_1_954' title='bbox 3181 5531 3306 5584; x_wconf 88' lang='lat' dir='ltr'><strong>tuba</strong></span> <span class='ocrx_word' id='word_1_955' title='bbox 3339 5543 3434 5585; x_wconf 87' lang='lat' dir='ltr'><strong>ca-</strong></span> 
     </span>
    </p>
   </div>
   <div class='ocr_carea' id='block_1_117' title="bbox 1832 5623 3436 5705">
    <p class='ocr_par' dir='ltr' id='par_1_117' title="bbox 1832 5623 3436 5705">
     <span class='ocr_line' id='line_1_117' title="bbox 1832 5623 3436 5705; baseline -0.011 -10"><span class='ocrx_word' id='word_1_956' title='bbox 1832 5655 1987 5703; x_wconf 85' lang='lat' dir='ltr'><strong>nere,</strong></span> <span class='ocrx_word' id='word_1_957' title='bbox 2017 5639 2253 5694; x_wconf 90' lang='lat' dir='ltr'><strong>scientes</strong></span> <span class='ocrx_word' id='word_1_958' title='bbox 2278 5634 2420 5705; x_wconf 90' lang='lat' dir='ltr'><strong>quod</strong></span> <span class='ocrx_word' id='word_1_959' title='bbox 2465 5631 2759 5687; x_wconf 89' lang='lat' dir='ltr'><strong>redemerit</strong></span> <span class='ocrx_word' id='word_1_960' title='bbox 2788 5625 3052 5683; x_wconf 88' lang='lat' dir='ltr'><strong>Dominus</strong></span> <span class='ocrx_word' id='word_1_961' title='bbox 3082 5625 3269 5688; x_wconf 78' lang='lat' dir='ltr'><strong>Iacob,</strong></span> <span class='ocrx_word' id='word_1_962' title='bbox 3295 5630 3351 5676; x_wconf 90' lang='lat' dir='ltr'><strong>et</strong></span> <span class='ocrx_word' id='word_1_963' title='bbox 3380 5623 3436 5678; x_wconf 87' lang='lat' dir='ltr'><strong>in</strong></span> 
     </span>
    </p>
   </div>
   <div class='ocr_carea' id='block_1_118' title="bbox 1834 5718 3438 5792">
    <p class='ocr_par' dir='ltr' id='par_1_118' title="bbox 1834 5718 3438 5792">
     <span class='ocr_line' id='line_1_118' title="bbox 1834 5718 3438 5792; baseline -0.011 -3"><span class='ocrx_word' id='word_1_964' title='bbox 1834 5734 2001 5790; x_wconf 90' lang='lat' dir='ltr'><strong>Israel</strong></span> <span class='ocrx_word' id='word_1_965' title='bbox 2033 5730 2390 5788; x_wconf 85' lang='lat' dir='ltr'><strong>conversione</strong></span> <span class='ocrx_word' id='word_1_966' title='bbox 2419 5728 2654 5791; x_wconf 70' lang='lat' dir='ltr'><strong>laetetur,</strong></span> <span class='ocrx_word' id='word_1_967' title='bbox 2686 5724 2801 5779; x_wconf 87' lang='lat' dir='ltr'><strong>sive</strong></span> <span class='ocrx_word' id='word_1_968' title='bbox 2823 5721 2938 5792; x_wconf 87' lang='lat' dir='ltr'><strong>ipse</strong></span> <span class='ocrx_word' id='word_1_969' title='bbox 2961 5719 3125 5774; x_wconf 88' lang='lat' dir='ltr'><strong>Israel</strong></span> <span class='ocrx_word' id='word_1_970' title='bbox 3151 5718 3219 5773; x_wconf 87' lang='lat' dir='ltr'><strong>ab</strong></span> <span class='ocrx_word' id='word_1_971' title='bbox 3244 5729 3438 5772; x_wconf 75' lang='lat' dir='ltr'><strong>errore</strong></span> 
     </span>
    </p>
   </div>
   <div class='ocr_carea' id='block_1_119' title="bbox 1837 5818 2554 5895">
    <p class='ocr_par' dir='ltr' id='par_1_119' title="bbox 1837 5818 2554 5895">
     <span class='ocr_line' id='line_1_119' title="bbox 1837 5818 2554 5895; baseline -0.015 -14"><span class='ocrx_word' id='word_1_972' title='bbox 1837 5840 2158 5890; x_wconf 88' lang='lat' dir='ltr'><strong>conversus,</strong></span> <span class='ocrx_word' id='word_1_973' title='bbox 2177 5821 2411 5895; x_wconf 80' lang='lat' dir='ltr'><strong>inclytus</strong></span> <span class='ocrx_word' id='word_1_974' title='bbox 2443 5818 2554 5872; x_wconf 85' lang='lat' dir='ltr'><strong>liat.</strong></span> 
     </span>
    </p>
   </div>
  </div>
