3932 6356
490 266 598 324 ιδθ

1729 255 1789 316 S.
1831 251 2108 315 EUSEBII
2149 247 2530 310 ﬂlERONYMl

3698 247 3808 307 4ιο

560 377 764 455 (Vers.
788 381 860 435 ει
903 377 1084 448 seqq.)
1135 374 1260 429 Htec
1307 372 1431 428 dicit
1481 369 1738 427 Dominus
1784 369 2078 442 redemptor
2106 365 2546 438 Aprehendisse
2583 365 2936 435 sapientiam.
2977 363 3080 434 Qui
3115 363 3280 419 etiam
3324 362 3564 420 verbum
3599 361 3804 435 pueri,

490 483 639 538 tuus,
660 482 710 528 et
735 474 988 542 formator
1015 476 1134 522 tuus
1161 482 1227 521 ea:
1245 475 1429 520 utero:
1462 463 1572 537 Ego
1593 480 1708 518 sum
1737 462 1988 518 Dominus
2011 465 2091 531 fa-
2193 463 2307 517 sive
2330 459 2481 518 servi
2509 459 2592 514 sui
2616 500 2632 526 ,
2664 457 2736 515 de
2762 473 2872 524 quo
2909 473 3073 528 supra
3102 457 3342 513 diximus
3365 500 3380 525 ,
3413 467 3469 514 et
3501 457 3799 514 consilium

483 567 626 622 ciens
665 564 838 621 omnia
860 605 875 629 ,
904 562 1186 618 extendens
1206 562 1363 616 crelos
1385 560 1527 616 solus
1545 601 1561 627 ,
1579 559 1846 614 stabiliens
1875 569 2089 624 terram,

2193 554 2507 610 nuntiorum
2530 554 2666 620 eius,
2686 553 2852 609 rebus
2871 552 3143 624 explebit:
3171 551 3569 622 Apostolorum
3589 551 3803 608 scilicet

487 669 538 716 et
583 659 761 714 nullus
799 673 1015 712 mecum.
1054 655 1212 710 Irrita
1243 657 1443 726 faciens
1491 658 1641 727 signa
1685 653 1977 708 divinorum
2000 693 2016 718 ,
2048 659 2096 705 et
2196 647 2550 718 omniumque
2578 645 2866 702 doctorum
2891 688 2906 714 ,
2937 646 3030 717 qui
3061 645 3399 701 voluntatem
3431 644 3699 714 magistri
3729 646 3804 700 sui

489 753 720 807 hariolos
748 752 800 805 in
832 751 1062 820 furorem
1085 759 1284 803 vertens
1305 765 1323 802 :
1374 758 1672 802 convertens
1717 746 1972 818 sapientes
2014 760 2096 798 re-

487 855 738 912 trorsum,
767 853 814 898 et
844 843 1113 898 scientiam
1130 857 1310 897 eorum
1340 839 1552 894 stultam
1581 838 1796 907 faciens.
1823 836 2096 892 Suscitans

484 938 695 993 verbum
723 935 857 990 servi
884 935 987 1000 sui,
1015 945 1066 988 et
1091 932 1366 987 consilium
1395 932 1695 985 nuntiorum
1723 945 1937 984 suorum
1958 943 2098 981 com-

488 1029 661 1100 plens.
698 1027 801 1092 Qui
831 1028 946 1080 dico
976 1024 1303 1079 Jerusalem:
1331 1021 1642 1077 habitaberis
1668 1019 1775 1094 [AL
1809 1019 2101 1087 azdiﬁcabe-

484 1115 612 1192 ris],
661 1129 711 1174 et
737 1117 1030 1172 ciuitatibus
1080 1115 1270 1170 Judie:
1315 1115 1707 1184 aedificabiinini
1739 1154 1754 1176 ,
1805 1122 1854 1168 et
1899 1110 2100 1166 deserta

493 1216 610 1287 ejus
630 1211 913 1266 suscitabo.
949 1210 1051 1276 Qui
1075 1209 1192 1263 dico
1214 1206 1776 1278 profundo:desolare,
1805 1215 1854 1259 et
1881 1204 2102 1275 ﬂumina

500 1315 592 1359 tua
613 1303 919 1372 arefaciam.
951 1301 1052 1368 Qui
1088 1302 1204 1355 dico
1229 1301 1364 1371 Cyro
1385 1317 1402 1354 :
1423 1309 1600 1372 pastor
1624 1314 1767 1352 meus
1797 1313 1852 1351 es
1879 1338 1893 1358 .
1923 1306 1970 1350 et
1997 1312 2107 1350 om-

491 1412 614 1450 nem
643 1393 960 1449 voluntatem
981 1408 1151 1446 meam
1172 1392 1472 1464 complebis.
1503 1391 1607 1457 Qui
1629 1391 1748 1444 dico
1773 1387 2064 1443 Jerusalem
2085 1404 2104 1442 :

2196 739 2449 810 gentibus
2472 738 2821 794 nuntiabunt.
2840 737 2959 808 Ipse
2975 753 3111 807 ergo
3132 737 3223 809 qui
3247 745 3334 793 est
3355 746 3507 790 tanta
3537 735 3802 802 facturus,

2199 833 2354 899 Cujus
2399 833 2696 903 potentiam
2731 829 2880 885 brevi
2909 844 3167 886 sermone
3194 827 3460 898 descripsi
3491 869 3507 891 ,
3545 831 3717 884 etiam
3745 828 3805 883 ad

2199 922 2503 980 Jerusalem
2531 964 2546 988 ,
2577 938 2698 994 qua:
2727 921 3058 978 destruenda
3085 921 3194 976 erit
3221 937 3252 975 a
3285 919 3639 991 Babyloniis,
3671 933 3807 974 nunc

2201 1017 2336 1072 dicit
2355 1027 2646 1088 antequam
2676 1016 3014 1080 destruatur,
3043 1014 3191 1088 quod
3217 1029 3440 1069 rursum
3473 1012 3758 1067 habitetur
3777 1026 3804 1066 a

2203 1110 2446 1182 populis:
2495 1119 2557 1166 et
2597 1111 2912 1167 civitatibus
2961 1109 3165 1165 Judeete
3192 1149 3208 1172 ,
3249 1107 3398 1179 quod
3429 1106 3807 1160 instaurentur

2203 1201 2312 1275 [Αι.
2346 1201 2810 1275 instaurarentur]
2836 1243 2852 1266 ,
2890 1201 2982 1274 qui
3022 1209 3080 1256 et
3112 1199 3273 1273 53]
3303 1197 3644 1254 solitudines
3673 1196 3806 1252 illius

2205 1295 2517 1360 suscitabit,
2553 1304 2614 1350 ut
2639 1295 2826 1350 omnia
2853 1293 3160 1349 cultoribus
3192 1290 3554 1363 impleantur.
3581 1288 3690 1358 Qui
3718 1287 3809 1358 igi-

2207 1396 2296 1443 tur
2323 1387 2456 1442 dicit
2477 1385 2786 1443 Jerusalem
2811 1397 2867 1442 et
2897 1383 3102 1442 ludat.»
3126 1395 3183 1440 et
3209 1383 3446 1440 desertis
3474 1383 3604 1454 ejus
3633 1424 3648 1448 ,
3673 1381 3808 1453 quod

495 1488 875 1559 cediﬁeaberis;
906 1497 955 1542 et
979 1487 1206 1557 templo:
1238 1486 1564 1556 fundabaris.
1615 1483 1796 1540 LXX:
1847 1483 1938 1540 Sic
1980 1483 2106 1537 dicit
2208 1480 2485 1535 habitetur
2515 1488 2570 1534 et
2596 1479 2908 1536 aediﬁcetur
2933 1487 2991 1534 et
3016 1477 3312 1533 suscitetur
3337 1516 3354 1543 ,
3385 1474 3476 1531 hic
3517 1476 3664 1531 dicit
3693 1489 3811 1544 pro-

494 1579 758 1637 Dominus
802 1581 890 1652 qui
917 1582 1134 1635 redemit
1163 1590 1211 1633 te
1237 1620 1252 1644 ,
1281 1589 1328 1632 et
1362 1581 1595 1650 formans
1625 1588 1673 1632 te
1699 1593 1765 1632 eo:
1792 1587 1960 1632 utero.
1994 1575 2108 1648 Ego
2211 1571 2379 1627 fundo
2407 1576 2523 1628 sive
2545 1571 2746 1642 abysso
2769 1613 2786 1639 ,
2821 1571 2874 1626 id
2907 1579 3014 1636 est,
3047 1568 3337 1640 Babyloni,
3367 1568 3614 1623 desolarc
3641 1578 3690 1622 et
3717 1568 3809 1638 ﬂu-

500 1675 779 1741 Dominus,
801 1678 890 1748 qui
913 1677 1145 1749 compleo
1172 1677 1346 1731 omnia
1369 1693 1388 1730 :
1411 1675 1619 1732 extendi
1649 1674 1833 1730 cretum
1865 1674 2041 1734 solus;
2060 1683 2107 1726 et
2210 1667 2351 1720 mina
2383 1676 2471 1721 tua
2497 1666 2782 1738 arefaciam
2804 1707 2819 1733 ,
2847 1679 3071 1720 omnem
3101 1678 3290 1734 regum
3330 1662 3664 1732 potentiam.
3697 1660 3814 1718 Sive

499 1776 529 1806 ⁸
556 1769 758 1838 ﬁrmavi
783 1776 990 1822 terram.
1013 1767 1144 1836 Quis
1169 1766 1302 1821 alius
1324 1767 1595 1839 dissipavit
1617 1768 1765 1837 signa
1791 1764 2102 1838 pythouum.
2139 1759 2184 1820 Β
2211 1763 2335 1830 quia
2363 1758 2694 1830 profundum
2727 1771 2778 1815 et
2803 1761 3062 1833 abyssum
3083 1758 3322 1823 dixerat,
3345 1767 3503 1813 recte
3523 1771 3627 1828 per
3648 1766 3813 1811 trans-

496 1869 548 1916 et
589 1860 938 1915 divinationes
965 1861 1028 1913 de
1057 1860 1252 1913 corde?
1283 1860 1382 1930 qui
1410 1870 1585 1912 averto
1615 1857 1893 1929 prudentes
1915 1865 2107 1911 retror-

499 1969 638 2016 sum,
668 1965 716 2007 et
748 1953 1021 2006 consilium
1047 1967 1225 2006 eorum
1254 1953 1469 2005 stultum
1496 1951 1654 2022 facio.
1697 1948 1760 2003 Et
1785 1959 1958 2004 statuo
1996 1964 2108 2002 ver-

503 2046 625 2100 bum
667 2045 817 2115 pueri
861 2045 959 2096 mei
984 2085 999 2108 ,
1050 2054 1096 2096 et
1143 2041 1416 2097 consilium
1453 2042 1765 2111 Angelorum
1795 2045 1908 2115 ejus
1934 2057 2110 2096 verum

505 2137 688 2210 probo.
722 2136 826 2202 Qui
854 2138 972 2190 dico
999 2136 1295 2190 Jerusalem
1317 2178 1330 2197 ,
1364 2134 1709 2190 habitaberis:
1740 2144 1788 2189 et
1816 2135 2110 2190 civitatibus

510 2232 706 2288 Judte:
739 2230 1123 2300 waiﬁcabimini
1149 2272 1164 2295 ,
1195 2230 1358 2302 53o
1380 2240 1430 2285 et
1458 2231 1660 2284 deserta
1686 2231 1830 2284 illius
1855 2232 2107 2284 orientur.

509 2324 614 2392 Qui
645 2325 764 2377 dico
788 2326 996 2395 abysso,
1015 2322 1356 2388 desolaberis,
1378 2333 1425 2376 et
1450 2322 1671 2392 flumina
1695 2333 1784 2378 tua
1805 2323 2108 2394 arefaciam.

508 2416 612 2483 Qui
654 2415 771 2469 dico
812 2413 948 2485 Cyro
970 2455 986 2481 ,
1026 2423 1082 2469 ut
1117 2415 1330 2484 sapiat,
1371 2423 1419 2468 et
1449 2429 1624 2468 omnes
1663 2416 1949 2469 voluntates
1973 2429 2112 2466 meas

506 2511 700 2582 faciat;
745 2510 830 2576 qui
877 2507 996 2561 dico
1039 2505 1373 2572 Jerusalem,
1403 2506 1784 2575 wdi/icaberis:
1813 2513 1862 2558 et
1899 2503 2112 2558 domum

503 2610 739 2655 sanctam
768 2615 934 2653 nieam
960 2599 1212 2670 fundabo.
1257 2601 1556 2654 Desrructis
1589 2599 1750 2653 idolis
1777 2609 1827 2652 et
1860 2597 2115 2667 iniquita-

507 2693 657 2748 tibus
676 2691 868 2758 lsrael,
892 2693 1240 2760 peccatisque
1259 2690 1481 2756 deletis,
1504 2691 1724 2758 quando
1750 2689 1934 2744 omnis
1957 2689 2116 2744 simul

512 2795 763 2840 creatura
809 2781 1100 2852 gaudebit;
1150 2791 1206 2837 et
1230 2783 1388 2852 juxta
1423 2781 1710 2852 Evangelii
1747 2781 1908 2836 [idem
1956 2782 2113 2853 (Luc.

511 2879 632 2947 xv),
655 2890 823 2946 super
850 2877 1168 2946 pteuiteutia
1201 2887 1551 2948 peccatorum
1576 2876 1770 2948 Angeli
1796 2877 2120 2932 laetabuntur

509 2967 569 3024 in
595 2970 779 3031 cretis,
809 2969 1145 3024 describitur
1175 2969 1415 3039 potentia
1454 2969 1573 3036 Dei,
1601 2969 1746 3042 quod
1778 2984 2118 3039 nequaquam

521 3060 570 3116 ei
611 3061 822 3132 grande
851 3059 923 3115 sit
962 3060 1232 3117 redimere
1274 3060 1447 3117 Jacob
1471 3103 1488 3126 ,
1517 3072 1573 3117 et
1616 3061 1780 3117 Israel
1814 3063 2120 3117 instaurare

2210 1854 2476 1911 lationem
2503 1896 2516 1919 ,
2544 1865 2596 1910 et
2632 1853 2854 1909 ﬂumina
2883 1854 3085 1924 posuit.
3115 1854 3182 1910 de
3207 1853 3408 1924 quibus
3441 1860 3503 1908 et
3531 1851 3807 1925 Psaliuism

2209 1948 2492 2004 decantat:
2521 1948 2694 2021 Super
2713 1949 2932 2018 flumina
2959 1946 3241 2018 Babylonis
3257 1945 3324 2000 ibi
3345 1945 3585 2001 sedimus
3603 1954 3655 2000 et
3677 1945 3808 2016 ﬂeri-

2210 2060 2324 2098 mus
2354 2041 2468 2116 (Ps.
2498 2057 2693 2099 cxxxu
2721 2083 2736 2104 ,
2771 2041 2842 2114 Ι).
2877 2040 2948 2097 Ει
2979 2043 3069 2110 qui
3098 2040 3409 2096 Jerusalem
3442 2040 3736 2104 instaurat,
3761 2047 3807 2092 et

2213 2136 2544 2209 Babylonem
2572 2136 2825 2192 destruit.
2871 2134 3012 2189 Dicit
3041 2148 3259 2204 quoque
3293 2130 3441 2204 Cyro
3480 2131 3600 2201 regi
3632 2129 3808 2185 Persa-

2215 2244 2336 2284 rum
2360 2270 2375 2294 ,
2402 2228 2495 2298 qui
2529 2227 2740 2298 primus
2779 2225 3058 2283 destruxit
3089 2224 3422 2297 Babylonem
3454 2233 3626 2295 atque
3662 2219 3810 2277 Chal-

2214 2321 2391 2378 daeos:
2423 2331 2600 2393 pastor
2625 2337 2766 2376 meus
2787 2336 2862 2382 es.
2893 2322 3010 2375 sive
3043 2329 3102 2373 ut
3131 2317 3494 2389 Septuaginta
3529 2313 3809 2371 transmle-

2216 2425 2345 2472 runt
2372 2457 2386 2478 ,
2417 2426 2473 2468 ut
2515 2414 2708 2486 sapiat.
2759 2413 2931 2482 Cujus
2969 2409 3295 2467 dill'ereutia:
3338 2424 3509 2466 causa
3541 2406 3811 2464 manifesta

2216 2514 2321 2564 est.
2355 2505 2588 2561 Verbum
2613 2506 2763 2561 enim
2791 2505 3122 2561 Hebraicum
3147 2519 3236 2558 not
3267 2503 3312 2558 si
3344 2517 3442 2573 per
3466 2516 3562 2558 aes
3583 2501 3810 2554 litteram

2220 2601 2468 2672 legamus
2484 2599 2637 2672 (nn),
2669 2599 2992 2669 intelligitur
3011 2610 3187 2671 pastor
3209 2611 3386 2660 meus;
3415 2597 3464 2650 si
3498 2611 3590 2667 per
3610 2605 3809 2650 atterit

2220 2693 2354 2764 (νυ-τ)
2377 2734 2393 2758 ,
2425 2693 2594 2748 sciens
2623 2691 2710 2748 vel
2735 2691 3028 2766 intelligens
3059 2708 3202 2746 meus
3220 2731 3236 2754 ,
3265 2705 3502 2761 quarum
3527 2683 3812 2742 similitudo

2220 2799 2386 2856 parvo
2416 2786 2572 2854 apice
2600 2783 2979 2855 distinguitur,
3011 2797 3075 2838 ac
3107 2798 3202 2854 per
3233 2781 3337 2838 hoc
3367 2795 3523 2850 saape
3542 2775 3808 2836 confundi-

2222 2886 2333 2934 tur.
2363 2875 2638 2948 Scriptum
2670 2888 2751 2932 εει
2781 2875 2834 2930 iu
2864 2875 3056 2931 Esdrae
3085 2876 3354 2946 principio
3383 2915 3397 2939 ,
3435 2873 3586 2945 quod
3612 2871 3676 2927 ad
3705 2868 3810 2926 edi-

2221 2979 2371 3026 ctum
2411 2971 2541 3042 Cyri
2572 2969 2716 3039 regis
2746 2967 3040 3024 Persarum
3084 2980 3251 3038 atque
3279 2965 3566 3022 Medorum
3592 3005 3609 3032 ,
3645 2961 3806 3032 populi

2225 3061 2396 3117 Israel
2422 3061 2493 3118 sit
2529 3061 2709 3115 laxata
2737 3060 3051 3131 captivitas,
3081 3071 3138 3115 et
3169 3061 3381 3114 remissi
3414 3058 3472 3113 in
3504 3055 3807 3119 Jerusalem,

510 3165 611 3208 cor
637 3163 868 3219 rectum,
894 3168 1054 3223 quem
1079 3151 1337 3208 formavit
1360 3170 1427 3209 ex
1458 3164 1638 3209 utero.
1663 3154 1736 3210 Et
1765 3154 1810 3209 si
1835 3153 1938 3210 hoc
1955 3153 2118 3210 alicui
2146 3146 2192 3210 C
2225 3154 2317 3224 qui
2344 3155 2521 3210 redire
2543 3153 2836 3208 voluerunt
2867 3151 2971 3207 sub
2992 3150 3298 3207 Zorobabel
3331 3151 3444 3205 lilio
3475 3146 3808 3211 Salatbie|,et

515 3257 629 3299 non
661 3261 882 3314 parvum
916 3244 1183 3311 videatur,
1220 3262 1329 3301 non
1360 3247 1432 3300 sit
1454 3245 1534 3301 illi
1564 3245 1792 3302 dillicnle
1817 3248 1906 3317 qui
1935 3259 2127 3300 exten-

517 3339 662 3395 derit
690 3339 860 3394 caelos
890 3339 1059 3394 solus.
1091 3338 1255 3394 Juxta
1284 3340 1430 3411 quod
1467 3342 1596 3395 alibi
1631 3341 1864 3412 legitur:
1898 3339 2003 3407 Qui
2028 3357 2124 3396 ea:-

521 3433 681 3489 tendit
703 3432 891 3487 caalum
916 3431 1065 3500 quasi
1081 3433 1269 3503 pellem
1295 3431 1416 3503 (Ps.
1446 3432 1655 3503 cnt,2).
1682 3432 1798 3488 Non
1825 3447 1934 3503 quo
1958 3431 2127 3488 Filius

523 3526 848 3582 excludatur
875 3525 944 3579 ab
976 3526 1299 3580 extensione
1330 3526 1592 3580 ctelm-uuu
1618 3543 1629 3579 :
1664 3523 1853 3579 Omnia
1877 3526 2015 3579 enim
2039 3541 2129 3596 per

522 3619 694 3689 ipsum
723 3620 864 3688 facta
893 3627 1051 3672 sunt:
1079 3629 1126 3671 et
1163 3620 1272 3673 sine
1297 3620 1412 3688 ipso
1441 3621 1638 3690 factum
1679 3628 1753 3674 est
1792 3618 1924 3672 nihil
1950 3661 1964 3683 ,
1991 3617 2128 3688 quod

522 3712 720 3780 factum
745 3720 821 3763 est
849 3707 1032 3779 (Joan.
1062 3725 1077 3763 ι
1102 3751 1119 3774 ,
1147 3710 1204 3780 5)
1229 3749 1246 3776 ,
1273 3712 1368 3762 scd
1397 3726 1505 3778 quo
1529 3753 1544 3776 ,
1581 3720 1642 3767 ut
1665 3727 1810 3782 sa-pe
1842 3712 2083 3766 diximus
2113 3753 2128 3778 ,

532 3813 634 3868 per
664 3799 803 3852 hanc
833 3800 1164 3854 sententiam
1209 3801 1572 3858 excludantur
1615 3803 1784 3858 idola.
1827 3803 1960 3858 Nam
1990 3813 2044 3858 et
2073 3804 2128 3860 in

526 3887 844 3947 Proverbiis
865 3889 1172 3947 Salomonis
1193 3907 1263 3947 ex
1299 3908 1534 3960 persona
1555 3895 1759 3951 Christi
1790 3896 1890 3952 Dei
1917 3897 2133 3954 virtutis

525 3982 634 4056 [ΑΙ.
670 3983 871 4055 virtus]
906 3985 1109 4055 Deique
1139 3987 1424 4058 sapientiae
1447 3987 1556 4060 [AL
1578 3991 1875 4064 sapientia]
1900 3992 2128 4049 dicitur:

527 4076 754 4142 Quando
780 4077 996 4150 parabat
1021 4078 1238 4145 caelum,
1277 4097 1368 4152 ego
1391 4097 1533 4136 eram
1562 4099 1680 4136 cum
1708 4100 1769 4138 eo
1797 4082 1982 4156 (Prov.
2017 4102 2130 4154 \‘lll,

527 4167 644 4239 27).
679 4168 802 4240 Ipse
822 4171 970 4226 enim
1002 4172 1133 4226 dixit
1157 4215 1171 4235 ,
1206 4182 1254 4227 et
1287 4178 1426 4243 facta
1456 4184 1606 4240 sunt,
1631 4179 1742 4248 ipse
1769 4180 2055 4246 mandavit,
2084 4191 2132 4234 et

527 4271 702 4315 creata
749 4273 868 4316 sunt
899 4262 1028 4334 (Ps.
1059 4279 1288 4332 CXLVIII,
1336 4284 1414 4337 ps.
1464 4284 1654 4331 χχχιι.
1702 4270 1792 4342 9);
1824 4278 1911 4329 et;
1971 4271 2132 4328 Verbo

528 4348 746 4405 Domini
773 4352 889 4405 σαειὸ
917 4354 1108 4423 ﬁrmati
1155 4367 1312 4421 sunt,
1361 4368 1408 4412 et
1452 4361 1642 4432 spiritu
1679 4364 1784 4418 oris
1822 4367 1934 4438 ejus
1972 4366 2133 4420 virtus

529 4458 708 4498 eorum
737 4442 913 4509 (Psal.
947 4461 1092 4500 χχχιι
1117 4491 1130 4514 ,
1169 4446 1246 4516 6).
1283 4447 1407 4505 Ηευε
1439 4449 1757 4521 frequenter
1787 4456 2087 4527 ingerimus
2113 4497 2131 4521 ,

2227 3246 2356 3302 Jesu
2385 3246 2497 3302 ﬁlio
2519 3245 2756 3302 Josedec
2780 3245 3071 3301 sacerdote
3102 3259 3323 3315 magno.
3358 3242 3499 3298 Huic
3542 3242 3682 3299 enim
3724 3239 3809 3293 Do'

2229 3340 2412 3395 minus
2436 3338 2720 3409 inspiravit
2743 3345 2802 3393 ut
2821 3352 2972 3393 suam
2997 3336 3208 3392 faceret
3225 3337 3592 3403 voluntatem,
3609 3343 3662 3390 et
3685 3330 3806 3387 illius

2229 3445 2501 3503 pra-cepta
2529 3433 2856 3503 compleret.
2890 3431 3294 3502 Signanterque
3319 3429 3539 3486 addidit
3561 3472 3575 3492 ,
3604 3428 3686 3493 qui
3709 3426 3807 3479 dico

2229 3525 2542 3591 Jerusalem,
2574 3525 2918 3597 aedificaberis
2948 3567 2964 3592 ,
2995 3535 3044 3580 et
3069 3524 3291 3598 Templa
3317 3567 3331 3587 ,
3361 3523 3683 3596 fundaberis.
3712 3517 3807 3575 Sub

2229 3619 2375 3692 Cyro
2412 3622 2561 3676 enim
2597 3607 2965 3690 jussum'est,
3010 3631 3070 3674 ut
3111 3620 3487 3676 :edilicaretur
3531 3614 3805 3675 JeruSalem

2232 3721 2289 3768 et
2318 3711 2607 3780 Templum
2638 3751 2654 3778 ,
2688 3711 2849 3782 cujus
2896 3722 3104 3768 tantum
3139 3712 3231 3768 illo
3277 3711 3502 3768 vivente
3541 3711 3678 3782 jacts
3703 3711 3808 3760 sunt

2234 3803 2607 3860 fundamenta.
2625 3802 2896 3860 Craterum
2919 3805 3022 3860 sub
3041 3803 3132 3858 Da:
3149 3803 3227 3869 io,
3243 3819 3388 3858 anno
3407 3803 3561 3860 illius
3577 3799 3802 3860 secundo,

2235 3896 2691 3968 prophetaniibus
2720 3897 2921 3969 Δαεωο
2949 3909 3006 3954 et
3035 3896 3323 3965 Zacharia,
3350 3896 3641 3968 Templum
3664 3889 3804 3950 anhli-

2234 3989 2345 4044 cari
2375 3999 2611 4058 emptum
2643 3997 2747 4045 cst.

2292 4082 2894 4154 (Cap-XLv.—Vers.i
2933 4081 3116 4154 seqq.)
3135 4081 3261 4136 Hrcc
3273 4081 3402 4137 dicit
3417 4080 3669 4137 Dominus
3679 4071 3804 4132 Clui-

2235 4185 2314 4230 sto
2333 4191 2443 4229 meo
2473 4173 2631 4246 Cyro,
2659 4178 2810 4248 cujus
2829 4174 3149 4247 apprehendi
3171 4174 3455 4238 dexteram,
3484 4184 3542 4230 ut
3565 4171 3803 4240 subjiciam

2235 4279 2355 4324 ante
2367 4269 2548 4341 faciem
2562 4273 2676 4341 ejus
2689 4281 2887 4342 qentes,
2904 4280 2952 4321 rt
2965 4269 3118 4322 dorsa
3134 4284 3313 4340 regum
3328 4279 3595 4334 vertam,et
3607 4264 3802 4339 aperiam

2237 4379 2409 4417 coram
2421 4367 2702 4436 eojauuas:
2719 4375 2766 4418 et
2778 4374 2943 4436 portte
2953 4380 3057 4418 non
3069 4365 3399 4418 claudentur.
3419 4364 3534 4439 Ego
3544 4358 3798 4421 anteterbo.

2236 4467 2284 4510 et
2304 4457 2556 4524 gloriosos
2578 4466 2726 4511 terra:
2753 4457 3040 4510 humiliabo
3059 4474 3078 4512 :
3100 4472 3272 4531 portas
3298 4475 3459 4514 cereas
3488 4470 3746 4520 conteram,
3761 4459 3802 4504 et

530 4550 603 4592 ne
649 4536 756 4590 ulla
805 4537 1216 4607 blasphemaudi
1265 4543 1546 4599 Christum
1595 4545 1872 4602 haereticis
1912 4549 2130 4604 occasio
2162 4530 2400 4603 Dvectes
2423 4548 2971 4619 ferreosconfringam.
2989 4549 3058 4604 Et
3075 4530 3317 4606 dabotibi
3331 4551 3804 4608 thesaurosabscon-

530 4629 891 4702 relinquatur.
916 4631 970 4687 ln
992 4633 1294 4691 Stabilitate
1312 4652 1530 4708 quoque
1554 4641 1966 4707 terrm,qiiando
1988 4643 2132 4698 illius

529 4719 888 4778 fundamenta
920 4724 1191 4781 solidabat
1215 4769 1229 4790 ,
1257 4729 1442 4784 nullus
1467 4740 1588 4784 erat
1615 4747 1739 4786 cum
1767 4733 1901 4798 Deo,
1935 4748 2135 4804 prmter

531 4826 656 4868 eum
688 4816 782 4883 qui
817 4824 933 4870 erat
969 4816 1025 4871 in
1053 4832 1138 4873 eo.
1177 4817 1285 4875 Iste
1317 4821 1479 4889 igitur
1506 4829 1687 4876 tantus
1715 4837 1778 4876 ac
1813 4824 1936 4877 talis
1963 4867 1977 4889 ,
2009 4839 2130 4881 cum

532 4903 791 4973 pradiuiti
821 4907 1069 4977 mysterii
1094 4921 1308 4980 tempus
1327 4909 1646 4978 advenerit,
1673 4926 1728 4967 ut
1750 4922 1950 4970 cuncta
1984 4917 2128 4973 idola

537 4995 930 5064 destruantur,
980 5009 1036 5054 et
1089 5001 1186 5057 Dei
1233 5003 1406 5059 solius
1450 5005 1645 5060 notitia
1698 5006 2029 5076 praedicetur
2081 5013 2134 5067 in

2239 4639 2447 4702 ditos,et
2460 4655 2651 4692 arcana
2661 4649 3002 4696 secretorum:
3017 4651 3072 4696 ut
3082 4644 3215 4698 scias
3227 4643 3348 4714 quia
3363 4660 3458 4716 ego
3473 4635 3804 4705 Dominusmi

2235 4747 2362 4787 voco
2385 4749 2570 4788 nomen
2604 4743 2775 4800 tuum,
2808 4733 2947 4792 Deus
2977 4734 3165 4792 Israel.
3203 4735 3420 4810 Propter
3447 4753 3639 4794 servum
3656 4742 3802 4786 meum

2236 4825 2420 4893 Iacob,
2436 4837 2484 4882 et
2515 4827 2681 4884 Israel
2700 4829 2919 4885 electum
2939 4847 3128 4893 meum.
3153 4843 3200 4888 et
3219 4834 3392 4888 vocari
3417 4844 3466 4886 te
3491 4830 3682 4888 nomine
3698 4834 3800 4880 tuo:

2236 4918 2520 4972 assimilavi
2545 4928 2593 4973 te
2614 4962 2629 4986 ,
2662 4929 2713 4975 ot
2746 4937 2846 4975 non
2876 4922 3158 4992 cognovisti
3185 4939 3283 4976 me.
3313 4922 3427 4994 Ego
3454 4920 3694 4976 Dominus
3712 4954 3726 4978 ,
3759 4917 3799 4965 ιε

2242 5025 2349 5064 non
2373 5021 2451 5064 est
2475 5011 2738 5083 amplius:
2775 5021 2920 5067 extra
2949 5029 3030 5068 me
3061 5029 3162 5068 non
3205 5024 3280 5068 est
3310 5013 3486 5069 Deus:
3513 5009 3702 5067 accinxi
3723 5014 3794 5064 te.

539 5089 763 5158 mundo,
797 5093 977 5146 omnia
1005 5095 1258 5151 vaticinia
1287 5097 1622 5168 divinorum,
1646 5111 1701 5157 et
1731 5103 2060 5173 pythonum,
2085 5115 2140 5158 et
2240 5110 2290 5158 et
2327 5117 2429 5156 non
2458 5104 2739 5174 cognovisti
2768 5119 2864 5158 me.
2899 5102 2967 5159 Ut
2992 5107 3157 5158 sciant
3183 5104 3240 5159 hi
3263 5148 3279 5170 ,
3310 5108 3400 5176 qui
3429 5106 3492 5160 ab
3520 5114 3632 5160 ortu
3656 5097 3793 5158 solis,

537 5183 874 5242 hariolorum
905 5183 1057 5252 signa
1085 5195 1246 5254 atque
1275 5198 1531 5260 portenta
1559 5236 1574 5261 ,
1607 5193 1808 5264 quibus
1839 5193 2135 5253 humanum

536 5279 872 5349 deceperuut
900 5294 1070 5348 genus
1093 5323 1108 5347 ,
1136 5280 1380 5339 destruet
1403 5293 1568 5356 atque
1601 5287 1914 5355 subvertet;
1962 5297 2019 5346 et
2045 5305 2136 5347 sa-

537 5373 805 5442 pientiam
840 5371 1287 5444 philosophorum
1313 5415 1330 5442 ,
1375 5392 1498 5448 qutc
1529 5388 1585 5434 et
1615 5380 1731 5448 ipsa
1771 5382 1978 5438 erroris
2007 5398 2135 5454 pars

536 5463 771 5518 maxima
802 5472 928 5530 est,
959 5466 1178 5522 stultam
1210 5482 1332 5526 esse
1361 5471 1717 5530 monstrabit:
1757 5473 1887 5529 dum
1931 5490 2137 5546 nequa-

538 5566 698 5622 quam
737 5554 990 5614 humanis
1021 5559 1444 5631 cogitationibus
1465 5605 1483 5634 ,
1517 5564 1612 5621 Dei
1642 5565 1948 5637 probantur
1981 5582 2133 5623 com-

2241 5204 2289 5250 et
2321 5196 2409 5266 qui
2444 5194 2507 5248 ab
2538 5195 2832 5262 occidente,
2861 5198 3104 5267 quoniam
3134 5197 3294 5270 532
3317 5200 3509 5268 absque
3528 5212 3603 5250 me
3625 5206 3718 5246 non
3737 5192 3797 5240 est

2241 5286 2439 5360 [Antea
2470 5288 2774 5344 addebatur
2817 5287 3004 5362 Deus].
3039 5289 3154 5363 Ego
3197 5292 3446 5358 Dominus
3472 5331 3490 5358 ,
3530 5299 3576 5345 et
3604 5301 3697 5342 nou
3733 5284 3794 5334 est

2193 5409 2195 5412 έ
2239 5384 2389 5437 alter.
2419 5379 2682 5436 Formaus
2705 5381 2871 5436 lucem
2891 5421 2907 5448 ,
2940 5392 2988 5437 et
3011 5398 3195 5438 creans
3221 5384 3453 5438 tenebras
3471 5400 3491 5438 :
3517 5381 3697 5452 faciens
3715 5386 3794 5443 ρα-
3863 5423 3870 5430 .

2237 5491 2346 5529 cem
2370 5516 2385 5541 ,
2422 5485 2470 5530 et
2515 5491 2695 5530 creans
2741 5476 2954 5531 malum.
2997 5475 3108 5551 Ego
3149 5473 3405 5531 Dominus
3431 5477 3620 5548 faciens
3647 5461 3788 5522 omina

2239 5568 2370 5622 lucc.
2396 5567 2522 5625 Scio
2553 5570 2606 5626 in
2631 5569 2735 5626 hoc
2762 5569 3004 5641 capitulo
3024 5584 3132 5627 non
3163 5570 3341 5627 solum
3367 5551 3784 5629 Latinorumsed

614 5743 639 5772 ι
667 5734 916 5807 Legimus
945 5741 1145 5810 firmavi
1165 5758 1232 5801 ex
1258 5743 1451 5802 Graec
1477 5747 1774 5824 δστερέωσα
1797 5794 1811 5816 ,
1844 5758 1900 5806 et
1940 5748 2213 5808 Victor-io:
2245 5761 2405 5810 antea
2435 5761 2555 5811 erat
2583 5753 2821 5822 formavi.
