3932 6366
119 383 223 440 ιιι

636 376 1287 439 COMMENTARIORUM
1324 377 1393 437 IN
1434 375 1673 438 ISAIAM
1709 375 2138 439 PROPHETAM
2177 380 2310 441 LIB.
2353 380 2495 442 XIII.
2535 378 2697 443 CAP.
2734 380 2902 443 XLV.

1881 71 2154 88 ma
2159 69 2296 88 ’,κη
2307 69 2324 78 ⁸⁵
2329 73 2338 88 '.

3309 387 3422 448 ιιι

118 493 443 552 Graecorum
481 491 742 564 plurimos
780 492 1134 548 vehementer
1155 505 1366 558 errare,
1398 493 1720 549 existiman-
1747 495 1799 557 Α
1822 491 2099 562 Dominus,
2122 507 2170 552 et
2191 513 2295 553 non
2321 507 2398 552 est
2415 500 2568 555 alter.
2605 499 2766 557 Pater
2785 503 2932 558 enim
2966 503 3020 560 in
3051 503 3213 569 Filio,
3245 517 3296 563 et
3326 504 3421 564 Fi-

117 589 257 644 tium
287 589 548 657 scriptum
576 599 727 641 esse:
756 584 848 640 Sic
877 585 1001 640 dicit
1043 582 1296 642 Dominus
1321 585 1528 643 Christo
1555 604 1668 644 meo
1693 629 1710 658 ,

117 678 394 747 Domino;
416 689 471 734 ut
502 677 845 747 intelligatur
869 721 881 737 .
908 677 1057 749 juxta
1089 679 1217 735 illud
1246 680 1390 750 quod
1422 681 1549 736 alibi
1583 682 1714 753 legi-

1820 587 1927 643 lins
1955 589 2008 644 in
2035 588 2216 646 Patre.
2245 591 2346 658 Qui
2372 593 2608 661 loquitur
2630 595 2682 650 in
2707 594 3010 668 Evangelia
3028 617 3040 653 :
3061 599 3172 672 lz‘go
3191 610 3239 655 et
3263 599 3422 657 Pater

1817 697 1980 737 unum
2008 700 2188 739 sumus
2229 682 2415 756 (Joau.
2462 702 2494 741 ι
2519 729 2531 748 ,
2572 687 2691 756 50).
2727 689 2797 746 Ει
2838 692 2890 746 in
2925 690 3111 747 Esdrae
3142 693 3421 751 volumine

117 787 274 828 mus:
306 769 454 826 Pluit
476 767 739 824 Dominus
766 787 797 823 o
823 768 1052 825 Domino
1079 769 1286 844 (Cenes.
1327 771 1410 844 ιι).
1441 773 1530 828 Et:
1569 771 1714 828 Dixit
1817 776 2056 845 positum
2081 787 2189 843 est,
2219 779 2509 848 scripsisse
2535 778 2737 853 Cyrum
2767 783 2834 837 ad
2859 799 3053 841 omnes
3079 787 3422 856 gentes,nnl-

115 863 370 920 Dominus
396 862 618 918 Domino
643 879 754 918 meo
771 863 890 936 (Ps.
917 880 1028 932 (ιιι,
1045 867 1120 938 1).
1147 865 1330 937 Neque
1353 868 1497 923 enim
1523 872 1709 946 κυρίῳ,

117 957 255 1028 quod
282 957 568 1012 Dominum
593 967 776 1023 sonat,
799 957 894 1013 sed
917 957 1055 1030 Cyro
1081 959 1304 1026 dicitur,
1329 961 1421 1031 qui
1449 961 1712 1016 Hebraice

119 1049 418 1122 appellatur
443 1064 646 1106 cunnus
674 1049 841 1120 (νυ)
867 1092 882 1116 ,
911 1051 1026 1121 regi
1061 1051 1374 1119 Persarum,
1406 1054 1497 1123 qui
1533 1053 1711 1124 Baby-

117 1143 292 1201 leuem
315 1143 708 1214 Chaldzrosque
737 1147 1036 1216 superavit.
1070 1145 1136 1202 Et
1156 1147 1364 1216 junctis
1382 1148 1576 1214 Medis,
1594 1149 1709 1220 agi-

114 1245 255 1294 tator
284 1239 416 1309 bigas
437 1279 454 1305 ,
488 1239 540 1293 id
573 1250 656 1295 est
684 1281 700 1306 ,
728 1240 924 1296 cameli
955 1252 1010 1297 et
1050 1243 1188 1297 asini
1217 1285 1233 1309 ,
1280 1258 1442 1314 supra
1474 1244 1693 1315 legitur.

114 1331 218 1388 Iste
243 1332 547 1403 appellatus
568 1342 654 1390 est
682 1333 920 1389 Christus
946 1377 965 1402 ,
1011 1335 1064 1391 id
1092 1346 1178 1392 est
1202 1377 1220 1404 ,
1244 1349 1431 1392 unctus
1457 1337 1668 1392 Domini
1691 1379 1706 1404 ,

112 1422 250 1498 quod
275 1433 394 1480 erat
422 1425 638 1497 insigne
667 1426 808 1498 apud
841 1428 1104 1484 l-lebrzeos
1129 1430 1296 1499 regias
1329 1429 1708 1499 potestatismt

109 1517 378 1590 quomodo
402 1519 549 1590 apud
570 1533 670 1574 nos
695 1519 950 1576 diadema
978 1532 1028 1576 et
1057 1537 1296 1593 purpura
1321 1523 1453 1578 solis
1474 1522 1710 1593 impera-

106 1611 308 1667 toribus
348 1610 549 1666 datur:
579 1615 659 1667 sic
687 1613 831 1679 apud
865 1613 1124 1670 Hebraeos
1163 1615 1444 1687 regualuri
1489 1617 1710 1686 perfun-

104 1701 364 1758 debantnr
395 1712 709 1774 unguento.
741 1701 897 1760 Unde
941 1715 999 1760 et
1038 1705 1166 1761 Saul
1201 1705 1452 1761 tlhristns
1493 1708 1709 1764 Domini

101 1793 296 1850 dicitur
324 1793 367 1863 (1
423 1793 554 1866 Reg.
593 1794 691 1865 vi).
738 1795 804 1851 Et
850 1797 904 1850 in
945 1795 1180 1852 Psalmis
1219 1797 1472 1868 legimus:
1525 1797 1708 1854 Nolite

1815 867 1925 923 lum
1957 882 2082 924 esse
2113 868 2286 925 Deum
2313 911 2328 936 ,
2363 871 2464 926 nisi
2507 873 2685 927 solum
2734 873 2901 930 Deum
2945 877 3133 932 lsrael.
3181 878 3312 934 Sive
3343 881 3414 934 ita

1811 957 2226 1030 intelligendum
2257 1007 2271 1030 ,
2302 962 2446 1032 quod
2477 966 2818 1036 captivorum
2851 966 3058 1022 laxatio
3083 1010 3098 1033 ,
3142 980 3200 1024 et
3229 971 3323 1026 Dei
3356 972 3412 1027 in

1813 1055 2070 1124 populum
2113 1070 2270 1110 suum
2303 1057 2600 1114 clementia
2631 1105 2644 1128 ,
2694 1062 2904 1115 cunctis
2945 1063 3204 1132 gentibus
3244 1065 3412 1121 Deum

1810 1146 2003 1201 fecerit
2033 1151 2323 1204 notiorem.
2361 1148 2464 1217 Qui
2510 1149 2675 1221 igitur
2707 1151 2804 1206 tihi
2845 1153 2973 1207 dedi
3003 1151 3410 1222 fortitudinem,

1810 1250 1867 1296 et
1896 1241 2045 1296 solus
2072 1242 2210 1297 Dens
2241 1244 2517 1312 sum,ipse
2547 1258 2634 1300 res
2657 1242 2800 1300 inter
2829 1261 2888 1301 se
2913 1251 3219 1304 contrarias
3245 1248 3408 1316 facio,

1809 1333 1988 1390 lucem
2021 1345 2076 1388 et
2105 1335 2361 1390 tenebras
2385 1381 2399 1404 ,
2435 1337 2486 1391 id
2529 1349 2654 1402 est,
2683 1337 2826 1393 diem
2857 1349 2913 1393 et
2944 1351 3193 1395 noctem:
3228 1356 3412 1410 pacem

1811 1438 1863 1482 et
1897 1428 2100 1482 malum
2119 1473 2133 1497 ,
2167 1428 2269 1483 hoc
2292 1439 2397 1498 est,
2424 1429 2596 1486 otium
2618 1439 2674 1486 et
2703 1431 2931 1501 bellum,
2962 1447 3061 1503 per
3088 1448 3210 1504 quae
3233 1434 3408 1502 signi-

1810 1517 1937 1574 ficat
1966 1531 2020 1574 et
2047 1519 2244 1575 iratum
2264 1519 2436 1576 fuisse
2457 1537 2518 1577 se
2552 1523 2754 1592 populo
2779 1539 2902 1585 suo.
2918 1527 3136 1596 quando
3159 1525 3413 1583 tenebras

1808 1613 2158 1684 captivitatis,
2193 1617 2447 1687 malaque
2476 1619 2738 1674 sustinuit
2763 1620 3071 1676 servitutis.
3107 1621 3172 1677 Et
3195 1635 3410 1677 rutsum

1809 1706 2094 1762 misertum
2125 1753 2140 1777 ,
2173 1710 2392 1778 quando
2435 1709 2650 1764 remissi
2699 1711 2751 1766 in
2803 1717 3033 1782 patriam
3062 1757 3078 1782 ,
3114 1729 3303 1782 pacein
3352 1723 3408 1771 et

1808 1799 2070 1870 gaudium
2101 1811 2449 1870 receperunt.
2495 1803 2778 1870 Quomodo
2805 1804 2951 1860 enim
2986 1805 3093 1860 luci
3115 1807 3407 1863 contrarias

100 1895 298 1960 tangere
317 1883 572 1942 Clu-istos
597 1903 775 1942 meos:
801 1888 925 1943 etin
953 1887 1229 1960 Prophetis
1259 1891 1383 1943 meis
1411 1889 1567 1944 nolite
1595 1905 1707 1944 ma-
1739 1892 1781 1952 B
1813 1895 2051 1948 tenebrae
2080 1905 2233 1949 sunt:
2267 1895 2340 1948 ita
2369 1898 2484 1964 paci
2516 1899 2848 1951 contrarium
2869 1896 3072 1954 bellum
3104 1911 3210 1953 εει.
3245 1896 3401 1954 Unde

98 1981 277 2053 lignari
302 1983 438 2056 (Ps.
464 1999 574 2050 etv,
607 1985 718 2058 15).
750 1986 918 2056 Hujus
943 1985 1226 2043 dexteram
1257 1986 1618 2057 apprehendit
1646 1997 1700 2043 et

101 2079 262 2133 tenuit
287 2119 303 2141 ,
338 2086 399 2134 ut
445 2079 634 2133 nullus
671 2077 976 2135 fortitudini
1009 2081 1129 2150 ejus
1167 2081 1370 2136 valeret
1419 2082 1698 2137 resistere.

97 2169 356 2244 Legamus
399 2171 800 2245 Xenophontis
838 2183 963 2230 octo
1002 2173 1264 2230 librorum
1295 2174 1424 2246 Cyri
1471 2174 1702 2243 majoris

98 2263 396 2321 historiam.
446 2273 503 2321 et
536 2266 874 2336 prophetiam
911 2267 1060 2323 Isaia:
1088 2281 1378 2323 cernemus
1403 2270 1699 2337 exuletam.

98 2356 218 2427 Qum
230 2361 374 2415 enim
388 2360 599 2415 eivitas
615 2360 690 2416 illi
705 2376 809 2415 non
828 2362 1032 2430 patuit?
1048 2377 1170 2432 qua:
1197 2377 1306 2417 non
1336 2376 1521 2432 regum
1548 2372 1697 2432 terga

98 2453 354 2518 subiecit?
379 2453 498 2522 Qui
530 2455 668 2510 nmri
698 2453 846 2522 prius
887 2455 1333 2526 inexpugnabiles
1361 2497 1375 2518 ,
1411 2471 1518 2509 non
1551 2455 1698 2509 illius

100 2544 374 2603 obsidione
398 2545 661 2601 subversi
684 2546 850 2601 sunt?
870 2545 1023 2603 Unde
1040 2549 1106 2600 ad
1130 2546 1307 2616 ipsum
1323 2544 1528 2617 Cyrum
1555 2546 1699 2603 Deus

101 2637 491 2709 apostropham
525 2638 679 2694 facit:
713 2636 849 2692 Dedi
875 2638 965 2693 tibi
988 2637 1277 2704 thesauros,
1299 2649 1347 2692 et
1370 2639 1699 2694 absconditas

102 2744 212 2800 opes
247 2740 559 2784 cunctarum
599 2732 844 2798 urbium;
873 2741 930 2786 ut
956 2731 1046 2801 qui
1077 2736 1228 2800 prius
1257 2732 1479 2786 colebas
1513 2731 1652 2786 idola
1681 2772 1696 2797 ,

101 2821 372 2881 beneﬁciis
398 2840 576 2880 unum
596 2827 834 2882 sentires
857 2825 1362 2895 Dentn,pra!sertim
1381 2840 1508 2878 cum
1533 2825 1698 2892 scias,

103 2919 266 2972 multo
295 2927 597 2988 antequam
627 2920 1105 2974 nascerer-istnum
1130 2933 1329 2972 nomen
1359 2932 1482 2972 esse
1499 2919 1697 2986 praedi-

105 3018 258 3064 ctum.
274 3009 434 3079 Quod
457 3009 680 3080 quidem
708 3021 761 3065 et
781 3011 1053 3080 Jo~ephus
1078 3011 1128 3064 in
1151 3009 1440 3064 undecimo
1460 3008 1701 3064 Judaicze

106 3101 458 3174 Antiquitatis
491 3103 766 3160 volumine
790 3104 980 3173 refert,
1013 3104 1214 3175 legisse
1240 3103 1438 3177 Cyrum
1471 3105 1542 3158 ab
1567 3102 1701 3158 Isaia

104 3196 165 3253 de
192 3214 252 3254 se
277 3212 444 3255 certo
474 3199 825 3254 vaticinatum
860 3199 1082 3254 nomine
1110 3245 1122 3266 ,
1157 3209 1209 3253 et
1246 3198 1451 3253 idcirco
1480 3197 1701 3253 Judicos

1805 1989 2170 2044 eonfundatur
2197 1990 2426 2046 hatresis
2451 2032 2466 2057 ,
2496 2006 2615 2060 quae
2639 1992 2904 2047 malorum
2935 1993 3232 2049 arbitratur
3261 2008 3397 2049 con-

1805 2081 2040 2137 ditorem
2090 2083 2280 2137 Deum.
2334 2081 2470 2137 Cum
2519 2081 2608 2139 hic
2654 2085 2855 2139 malum
2913 2101 3018 2140 non
3067 2085 3399 2142 contrarium

1803 2173 1970 2242 bono,
1999 2175 2094 2230 sed
2122 2192 2219 2244 pro
2245 2175 2539 2232 afﬂictione
2571 2188 2810 2247 [mllaltll'
2829 2187 2886 2233 et
2914 2179 3074 2245 bello,
3106 2183 3405 2236 secundum

1801 2265 1930 2321 illud
1973 2267 2137 2340 535
2161 2269 2306 2338 quod
2342 2271 2392 2324 in
2426 2270 2722 2338 Evangelia
2747 2273 3012 2343 scriptum
3042 2284 3126 2329 est
3159 2292 3172 2328 :
3203 2274 3408 2346 Sit/ﬁcit

1803 2359 1906 2412 diei
1923 2362 2126 2413 nuititia
2152 2377 2248 2414 sua
2279 2359 2501 2431 (Matth.
2534 2377 2607 2423 vt.
2639 2360 2755 2430 54).
2786 2362 3090 2419 Possumus
3113 2366 3271 2434 juxta
3295 2379 3406 2422 tro-

1804 2451 2074 2522 pologiam
2124 2451 2240 2508 haec
2285 2463 2340 2508 et
2385 2454 2453 2509 de
2489 2456 2868 2510 ecclesiastico
2907 2457 3024 2511 viro
3055 2457 3274 2527 dicere,
3318 2459 3406 2514 cui

1802 2543 1947 2599 Deus
1990 2544 2137 2600 dedit
2166 2559 2474 2601 sermonem
2503 2557 2668 2616 atque
2712 2548 3038 2618 sapientiam
3067 2589 3083 2614 ,
3116 2558 3177 2603 nt
3207 2565 3403 2606 omnes

1801 2645 1980 2693 sectas
2001 2639 2305 2693 contrarias
2329 2638 2548 2694 veritati
2575 2655 2674 2694 sua
2701 2639 3075 2708 diSputatiOne
3100 2641 3403 2697 subvertet.

1802 2731 1956 2788 Sicut
1981 2733 2130 2788 etde
2161 2732 2444 2801 Stephano
2473 2743 2659 2789 sancta
2693 2733 2974 2804 Scriptura
3010 2745 3412 2792 commemorat

1802 2823 1942 2897 (Act.
1981 2828 2080 2895 vi),
2123 2825 2269 2894 quod
2319 2827 2501 2881 nullus
2551 2828 2791 2896 potuerit
2839 2827 3100 2884 resistere
3126 2830 3414 2898 sapientia)

1801 2916 1944 2985 ejus,
1971 2925 2106 2971 etut
2134 2932 2317 2986 reges,
2345 2917 2398 2972 id
2428 2929 2535 2983 est,
2567 2919 2906 2986 patriarchas
2935 2921 3272 2993 singularum
3297 2919 3410 2976 ha:-

1803 3025 2157 3075 re~emn,suse
2187 3012 2436 3082 subjiciat
2467 3014 2752 3082 potestati:
2780 3015 3062 3084 etaperiat
3089 3023 3254 3084 atque
3274 3029 3412 3070 con-

1805 3099 2012 3171 fringat
2036 3147 2050 3169 ,
2083 3103 2228 3172 quod
2269 3118 2420 3172 prius
2450 3104 2742 3158 videbatur
2771 3106 3056 3161 dialectica
3103 3116 3222 3162 arte
3269 3121 3404 3162 con-

1805 3194 2017 3249 clusum
2041 3210 2055 3246 :
2077 3204 2134 3248 et
2162 3195 2215 3249 in
2241 3193 2477 3249 medium
2501 3194 2743 3266 proferat
2765 3211 2964 3251 arcana
2998 3197 3405 3266 haereticorum,

103 3292 249 3361 quasi
277 3293 377 3347 Dei
403 3291 704 3347 familiares
725 3293 1018 3362 plurimum
1041 3291 1320 3348 dilexisse.
1348 3291 1472 3346 Ηενε
1497 3301 1699 3357 antem,
1733 3285 1777 3348 C
1809 3302 2076 3359 superans
2122 3302 2220 3341 eos
2265 3298 2428 3358 atque
2473 3288 2806 3344 convincens
2831 3331 2846 3355 ,
2881 3299 2937 3344 ut
2961 3288 3160 3346 Christi
3195 3304 3411 3349 secreta

103 3381 296 3453 inquit,
319 3383 490 3437 tribui
512 3383 604 3437 tihi
628 3394 835 3456 prapter
852 3382 1014 3437 .larob
1031 3400 1236 3439 seruum
1256 3399 1446 3450 meum,
1460 3393 1508 3438 et
1535 3381 1705 3437 Israel

104 3474 316 3529 electum
331 3484 578 3532 meum.et
591 3475 768 3527 vocavi
783 3481 830 3527 te
843 3489 1049 3527 nomine
1062 3476 1315 3540 tuo,sicut
1329 3473 1514 3528 vocavi
1534 3473 1705 3528 Abra-

104 3563 773 3636 ham,lsaae,et.lacob;et
792 3568 962 3621 multo
989 3576 1117 3623 ante
1145 3566 1449 3637 praedixi,ut
1472 3566 1626 3621 lsaac
1649 3575 1704 3622 et

105 3657 330 3716 JOsiatn:
369 3675 441 3715 ne
472 3661 748 3729 putari-ris
774 3659 868 3715 ille
903 3674 1023 3716 βεδε
1047 3660 1301 3715 Christus
1325 3705 1339 3728 ,
1371 3662 1458 3716 cui
1483 3658 1701 3715 assimi-

108 3753 240 3811 latus
260 3770 344 3826 es,
379 3766 436 3810 et
462 3755 518 3810 in
549 3755 706 3824 cujus
736 3764 922 3827 typum
951 3765 1006 3810 et
1032 3755 1320 3824 imaginem
1349 3753 1702 3822 przecessisti.

103 3842 175 3900 Tu
203 3858 390 3903 autem
419 3862 529 3902 non
564 3847 868 3916 cognovisti
894 3861 981 3902 me
1007 3891 1021 3913 ,
1053 3846 1101 3900 id
1131 3855 1216 3901 est
1236 3891 1250 3915 ,
1284 3845 1574 3900 simulacra
1605 3859 1700 3899 co-

102 3936 245 3994 luisti
269 3985 284 4008 ,
317 3954 428 3994 non
471 3938 661 3994 Deum.
691 3937 917 3993 Arcinxi
943 3950 995 3994 te
1020 3935 1369 4001 fortitudine;
1405 3937 1700 3991 multarum

103 4031 341 4100 gentium
375 4031 483 4087 feci
513 4045 636 4086 esse
667 4029 930 4085 victorem
950 4074 963 4099 ,
994 4039 1049 4085 et
1077 4046 1183 4084 non
1211 4029 1511 4099 cognovisti
1540 4027 1700 4082 auxi-

103 4118 344 4179 liatorem
375 4131 558 4179 tuum.
583 4121 639 4177 in
667 4138 777 4195 quo
807 4123 929 4179 loco
955 4124 1094 4178 satis
1122 4122 1310 4177 mirari
1337 4135 1703 4190 nequeo,quze

101 4217 316 4273 stultitia
345 4221 418 4273 sit
457 4217 617 4290 533
645 4217 970 4289 legentium;
999 4226 1058 4271 ut
1084 4215 1202 4270 h.t-c
1221 4216 1287 4268 ad
1313 4213 1591 4270 Christum
1618 4229 1703 4266 re-

102 4308 308 4380 ferant,
366 4327 474 4383 per
518 4327 680 4382 quem
727 4311 965 4366 mundus
1014 4309 1400 4365 reconciliatus
1437 4313 1524 4360 est
1568 4306 1699 4360 Deo.

106 4401 230 4478 Ego,
249 4409 346 4473 ait,
365 4407 648 4472 Dominus,
670 4416 716 4460 et
741 4422 839 4460 non
866 4416 939 4461 est
968 4406 1193 4477 amplius
1212 4413 1356 4458 extra
1383 4417 1481 4454 me.
1500 4400 1704 4454 Praeter

106 4508 404 4555 sermonem
426 4498 640 4568 quippe
660 4509 824 4568 atque
849 4499 1117 4553 rationem
1140 4497 1508 4561 virtutemque
1529 4505 1704 4546 meam

107 4600 155 4643 et
181 4593 531 4660 sapientiam.
562 4605 685 4662 qua:
716 4591 770 4644 in
800 4605 886 4644 me
917 4597 1023 4657 est,
1055 4587 1235 4642 nullus
1261 4593 1347 4640 est
1366 4585 1508 4637 alter
1536 4582 1700 4636 Deus.

1805 3385 2168 3449 c0gnoscant,
2195 3381 2246 3433 in
2273 3394 2383 3448 quo
2412 3389 2538 3433 sunt
2564 3394 2756 3434 omnes
2787 3380 3028 3434 thesauri
3056 3384 3342 3451 sapientia:
3364 3392 3420 3438 et

1805 3475 2047 3529 scientia:
2083 3471 2391 3528 absconditi
2441 3469 2663 3542 (Coloss.
2715 3473 2801 3543 ιι).
2852 3473 3174 3530 istiusmodt
3228 3477 3403 3529 virum

1805 3577 1962 3621 vocat
1993 3566 2133 3621 Deus
2163 3580 2236 3620 ex
2267 3565 2487 3619 nomine
2525 3580 2625 3620 suo
2650 3607 2666 3631 ,
2695 3570 2819 3636 quia
2850 3565 3112 3621 defensor
3138 3577 3224 3623 est
3255 3567 3409 3634 pueri

1803 3659 1925 3730 ejus
1951 3659 2122 3715 Iacob
2146 3701 2161 3723 ,
2197 3669 2256 3715 et
2278 3661 2436 3714 electi
2470 3660 2617 3716 illius
2647 3659 2836 3714 lsrael.
2872 3659 3026 3715 Hunc
3053 3660 3283 3732 suscipit
3310 3702 3325 3723 ,
3354 3671 3411 3718 et

1802 3751 2068 3805 assimilat
2113 3749 2353 3806 sermoni
2401 3764 2500 3804 suo
2530 3792 2543 3812 ,
2577 3750 2668 3817 qui
2715 3759 2910 3806 cavere
2953 3751 3113 3807 debet
3147 3767 3215 3808 ne
3243 3767 3406 3808 suum

1804 3852 1956 3913 putet
1978 3858 2102 3898 esse
2131 3842 2276 3914 quod
2303 3843 2560 3913 loquitur,
2591 3845 2683 3898 sed
2711 3844 2892 3898 omnia
2923 3844 2990 3898 ad
3023 3845 3231 3899 datoris
3262 3845 3406 3900 refe-

1802 3947 1888 3992 rat
1911 3936 2174 4007 gloriam;
2206 3951 2276 3991 ne
2302 3946 2357 3990 et
2393 3939 2512 4006 ipse
2535 3948 2811 3992 mereatur
2838 3937 3060 3992 audire:
3090 3937 3308 3992 Accinxi
3341 3948 3407 4004 te,

1804 4039 1852 4083 et
1876 4046 1979 4084 non
2007 4030 2296 4102 ragnouisti
2320 4044 2422 4084 me.
2459 4028 2593 4084 Cum
2621 4031 2767 4084 enim
2800 4031 3104 4084 instructus
3132 4038 3409 4083 armatura

1804 4123 2047 4193 Apostoli
2069 4165 2083 4188 ,
2117 4140 2311 4179 omnes
2341 4113 2594 4179 docuerit
2621 4138 2730 4177 non
2760 4136 2882 4177 esse
2908 4121 3073 4175 alium
3110 4122 3276 4174 Deum
3305 4122 3411 4176 nisi

1803 4231 1968 4270 unum
1994 4257 2010 4280 ,
2056 4217 2144 4284 qui
2191 4216 2262 4270 sit
2305 4215 2476 4270 Jacob
2517 4224 2575 4268 et
2618 4212 2788 4268 Israel
2820 4215 2989 4267 Deus:
3029 4213 3397 4270 confundetur

1803 4308 2048 4365 Marcion
2076 4349 2091 4373 ,
2124 4309 2262 4363 duos
2313 4309 2448 4364 deos
2497 4307 2851 4378 intelligens,
2889 4322 3054 4362 unum
3085 4308 3286 4362 bonum
3311 4349 3328 4375 ,
3356 4316 3412 4364 et

1804 4404 1967 4458 alium
2015 4403 2249 4472 justum;
2280 4404 2516 4457 alterum
2544 4401 2925 4466 invisihilium,
2951 4401 3184 4458 alterum
3218 4401 3412 4457 visibi-

1803 4497 1933 4552 litnn
1965 4494 2326 4549 conditorem.
2375 4495 2417 4550 E
2443 4495 2640 4563 quibus
2673 4493 2822 4565 prior
2862 4494 3036 4548 lucem
3087 4493 3294 4559 iaciat,
3328 4507 3415 4548 se-

1805 4586 2021 4644 cundus
2066 4586 2366 4650 tenebras;
2420 4585 2510 4639 ille
2561 4600 2748 4653 pacem
2778 4631 2792 4653 ,
2846 4585 2934 4638 hic
2987 4586 3235 4640 malum:
3287 4599 3414 4640 cum

110 4678 172 4735 Et
196 4659 309 4739 luec
339 4685 480 4753 feci,
515 4659 676 4738 ut—ab
703 4682 924 4738 Oriente
948 4691 1003 4737 et
1026 4679 1320 4736 Ov-cidente
1348 4675 1529 4732 omnis
1549 4672 1700 4730 orbis
1728 4659 1780 4720 D
1808 4689 2100 4748 utrumque
2115 4675 2543 4745 prodiversitate
2565 4677 2882 4730 meritorum
2911 4690 3050 4730 unus
3071 4675 3217 4731 Deus
3242 4676 3416 4730 idem-

111 4785 396 4844 agnoscat,
428 4776 640 4832 nullum
667 4789 795 4831 esse
821 4773 984 4829 alium
1016 4775 1221 4843 absque
1244 4787 1330 4826 me
1366 4771 1559 4826 Deum.
1597 4769 1706 4842 Ego

1779 4797 1782 4799 λ
1810 4785 1917 4843 que
1945 4769 2274 4825 condiderit.

113 4893 3383 4920 Μ

693 4981 1182 5096 LIBER
1264 4978 2004 5088 DECLMU‘S
2093 4977 2816 5087 TERTIUS.

185 5271 390 5347 534-
415 5271 576 5349 535
614 5270 762 5329 Multi
791 5284 950 5325 casus
995 5267 1310 5339 opprimunt
1362 5263 1702 5333 navigantes.

125 5363 177 5420 Si
213 5370 584 5424 vehementior
606 5366 822 5423 ﬂaverit
849 5372 1070 5430 Ventus,
1112 5371 1409 5431 tempestas
1431 5356 1706 5414 formidini

127 5467 220 5514 est.
250 5459 306 5517 Si
333 5477 462 5516 aura
514 5463 850 5517 moderatior
898 5472 1108 5513 summa
1157 5453 1394 5524 jacentis
1441 5451 1704 5507 elementi

130 5557 263 5620 terga
292 5554 630 5625 erispaverit,
665 5553 969 5623 piratarum
1002 5548 1231 5606 insidias
1277 5547 1700 5618 pertimescunt.

130 5645 298 5716 Atque
347 5651 416 5704 ita
464 5647 541 5710 lit.
591 5656 650 5704 ut
698 5646 875 5718 fragili
925 5643 1124 5700 animze
1150 5643 1299 5713 ligno
1333 5639 1576 5705 credite,
1615 5650 1707 5695 aut

134 5749 366 5795 metuant
389 5741 708 5810 periculum,
734 5749 831 5796 aut
863 5737 1172 5796 sustineant
1202 5754 1215 5791 :
1243 5751 1478 5808 quorum
1495 5744 1705 5789 utrum-

205 5880 229 5910 ⁸
256 5871 343 5933 Sic
368 5875 707 5937 Ambrosiam
754 5881 886 5934 mss;
918 5875 1247 5942 restituunt;
1277 5881 1362 5931 est
1410 5869 1556 5930 enim
1584 5883 1708 5941 per-

1809 5279 1916 5337 que
1945 5265 2121 5319 altero
2150 5261 2371 5330 gravius
2397 5269 2502 5328 est,
2530 5261 2616 5318 vel
2644 5272 2877 5318 mortem
2903 5261 3099 5318 timere
3120 5271 3411 5332 perpetuo,

1808 5358 1891 5413 vel
1920 5371 2082 5426 quam
2138 5355 2385 5410 timueris
2431 5357 2729 5412 sustinere.
2759 5355 2873 5411 Hoc
2900 5356 3032 5411 mihi
3060 5355 3113 5410 in
3149 5355 3298 5410 Isaia:
3323 5369 3417 5423 pe-

1808 5447 1933 5521 lago
1959 5448 2239 5518 naviganti
2275 5448 2528 5505 accidere
2571 5451 2766 5510 video;
2789 5449 2918 5504 dum
2951 5449 3096 5503 enim
3148 5445 3419 5503 inoffenso

1809 5557 1971 5600 Cursu
2006 5541 2120 5598 vela
2139 5541 2458 5606 tenduntur,
2488 5549 2542 5596 et
2565 5541 2778 5596 securis
2801 5550 3120 5594 naturarum
3136 5538 3411 5606 manibus,

1812 5637 2034 5694 sulcatis
2059 5637 2299 5706 tequoris
2327 5649 2555 5705 campos
2596 5634 2784 5690 carina
2814 5632 3110 5697 delabitur,
3144 5633 3356 5690 subitus
3387 5643 3414 5673 ι

1812 5732 2093 5804 languoris
2122 5729 2284 5786 turbo
2313 5743 2680 5801 consurgens,
2715 5728 2884 5784 tantis
2930 5723 3201 5782 undarum
3251 5728 3414 5786 moli-

1813 5870 2062 5941 spicuum
2089 5868 2158 5928 de
2184 5869 2438 5942 corporis
2469 5868 2555 5929 sui
2584 5867 2876 5942 languore,
2919 5881 3176 5942 agroque
3204 5868 3418 5928 valetu-
