3932 6310
516 283 628 336 ΗΞ

1751 279 1806 335 8.
1850 277 2130 336 EUSEBII
2168 276 2554 336 ΙΙΕΙθΝΫΜΙ

3702 281 3832 342 αις

517 397 620 451 bus
641 407 694 450 et
723 397 1042 451 collisurum
1075 397 1214 450 mter
1244 410 1306 448 se
1321 392 1580 449 luctuum
1605 394 1818 464 fragore
1844 407 2110 449 resonun-
2139 407 2186 466 Α
2217 391 2350 447 Haec
2372 391 2506 447 dicit
2531 389 2805 454 Dominus.
2833 389 3067 445 Sanctus
3087 387 3259 445 Israel
3271 391 3464 463 plastes
3477 395 3592 466 ejus
3618 409 3642 448 ε
3676 391 3811 450 Ven—

520 499 594 554 te,
624 489 810 556 pavida
839 491 1140 546 amicorum
1167 487 1332 544 corda
1366 487 1686 556 perterruit,
1710 499 1769 540 ut
1797 486 1982 542 dicere
2011 501 2107 542 et»

514 595 776 650 gerentur
811 599 824 636 :
855 581 1130 655 Magister,
1154 581 1324 637 salvos
1351 599 1443 636 nos
1465 585 1572 652 fac,
1630 582 1864 650 perimus
1887 580 2107 646 (Multis.

513 688 629 737 vm,
654 673 771 743 95).
803 676 1193 739 Quamobrem,
1222 673 1596 736 Eustochium,
1626 673 1680 726 in
1711 681 1826 727 toto
1846 673 1979 726 orbe
2005 683 2113 726 ter-

512 780 696 819 rarum
717 775 745 804 ⁸
772 769 990 821 unicum
1021 767 1321 822 nobilitatis
1347 777 1402 820 et
1424 765 1757 834 virginitath
1772 764 2108 832 exemplum,

514 873 622 913 non
673 859 831 914 sileat
889 861 1090 929 pupilla
1131 858 1278 914 oculi
1327 859 1439 923 tui;
1487 856 1776 926 clamaque
1822 859 1873 912 in
1899 858 2112 912 corde:

517 951 663 1005 Abba
690 963 835 1022 pater
863 952 1040 1021 (Horn.
1075 968 1188 1017 vni,
1208 953 1319 1023 1-5).
1369 953 1434 1006 Et
1460 968 1586 1008 cum
1615 952 1902 1006 Psalmista
1929 953 2115 1022 loque-

514 1060 605 1101 re:
626 1044 882 1114 Exsurge,
917 1057 971 1100 ut
998 1047 1124 1114 quid
1145 1048 1361 1114 dormis,
1396 1045 1617 1102 Domine
1649 1045 1766 1116 (Ps.
1802 1062 1951 1112 thtt,
1981 1044 2116 1118 95)?-

519 1147 580 1194 ιιι
629 1138 930 1208 injunctum
980 1138 1034 1193 in
1087 1139 1278 1193 Isaiam
1307 1155 1469 1212 Opus,
1497 1151 1550 1196 te
1571 1149 1782 1205 orante,
1817 1151 1873 1194 et
1894 1139 2118 1195 Christo

517 1231 812 1286 miserante
844 1233 1143 1298 perliciam.
1176 1235 1296 1288 1am
1323 1236 1468 1288 enim
1503 1236 1702 1290 tertius
1723 1234 1972 1289 decimus
2003 1235 2113 1289 Ex-

519 1325 894 1398 planationum
927 1328 1064 1388 liber
1090 1329 1332 1396 cuditur,
1363 1332 1456 1400 qui
1510 1329 1740 1384 necdum
1774 1328 2018 1398 pervenit
2048 1327 2120 1382 ad

518 1422 749 1477 calcem.
802 1422 871 1476 Et
918 1423 1138 1478 interim
1171 1423 1344 1477 donec
1400 1425 1718 1478 misericors
1743 1433 1796 1476 et
1827 1423 2117 1477 miseratur

520 1513 805 1577 Dominus.
859 1517 1076 1585 patiens
1104 1527 1160 1570 et
1191 1517 1487 1570 multarum
1538 1515 1954 1572 miserationum
1989 1516 2110 1586 (Ps.

523 1623 731 1664 CLxxxv
755 1620 802 1664 et
834 1609 1290 1680 cxuv),hreddat
1317 1611 1598 1681 pristinam
1632 1613 1945 1677 sanitatem,
1977 1612 2118 1666 hanc

521 1703 1002 1760 Praefatiunculam
1043 1707 1391 1760 tumultuario
1447 1722 1710 1762 sermone
1758 1708 2004 1772 dictavi;
2059 1717 2119 1762 ut

2213 493 2328 544 tura
2355 485 2672 554 intentaque
2721 498 2805 537 me
2851 497 3010 552 super
3054 481 3196 551 ﬁlios
3221 498 3393 550 meos,
3423 493 3477 538 et
3499 500 3658 552 super
3685 500 3813 554 opus

2217 591 2461 630 attonitum
2483 590 2717 628 mearum
2741 571 2768 611 ά
2801 573 3048 636 mandate
3075 575 3224 628 mihi.
3254 572 3369 645 Ego
3397 575 3502 644 feci
3526 587 3739 644 terram,
3769 585 3818 633 et

2215 668 2473 723 hominem
2503 685 2659 739 super
2681 684 2800 722 eam
2838 667 3008 721 creari
3031 681 3124 738 ego
3152 684 3169 721 :
3196 682 3386 722 manus
3433 684 3559 723 metu
3589 669 3814 725 tetende—

2216 767 2338 818 runt
2361 758 2516 816 calas
2538 773 2557 812 :
2596 767 2648 812 et
2674 758 2814 812 omni
2849 755 3054 820 militia
3080 773 3260 815 eorum
3283 757 3549 814 mandaui.
3572 756 3694 828 Ego
3721 777 3808 818 ιιι,

2215 851 2398 904 scitari
2423 860 2578 906 °eunt
2597 851 2665 903 ad
2675 851 2942 922 justitiam
2965 867 2988 920 ς.
3015 863 3070 906 et
3082 866 3258 906 omnes
3285 851 3398 906 vias
3426 853 3546 920 eius
3567 852 3813 925 dirigam.

2219 939 2342 1012 Ipse
2394 942 2674 1011 adiﬁcabit
2705 942 2827 1014 [AL
2854 942 3180 1016 adiﬁcat'it}
3227 944 3490 1003 ciuitatem
3538 955 3816 1002 attenuant

2217 1036 2566 1105 captionum
2586 1052 2752 1092 meam
2779 1036 3024 1104 dunittct,
3044 1053 3146 1092 non
3160 1038 3215 1098 in
3235 1037 3410 1106 pretio.
3427 1053 3592 1107 neque
3616 1041 3678 1098 in
3703 1056 3814 1093 nsu-

2218 1129 2443 1195 neribtus',
2466 1130 2598 1186 dicit
2619 1129 2874 1190 Dominus
2893 1132 3228 1190 exercituum.
3251 1128 3397 1194 LXX
3433 1148 3447 1186 :
3476 1133 3620 1198 Quid
3642 1133 3816 1186 melius

2219 1223 2319 1292 feci
2347 1240 2502 1294 quam
2524 1223 2694 1280 lutum
2718 1224 2908 1297 ﬁguli?
2937 1224 3218 1296 Numquid
3235 1241 3395 1282 arum
3422 1225 3596 1281 arabit
3609 1225 3818 1284 terram!

2227 1314 2496 1386 Numquid
2523 1317 2657 1371 dicet
2679 1317 2846 1372 lutum
2874 1317 3056 1389 ﬁgulo,
3089 1317 3218 1387 quid
3239 1318 3417 1388 facis:
3447 1321 3699 1391 quoniam
3725 1337 3824 1375 nats

2221 1412 2475 1480 operaris,
2528 1426 2626 1465 nec
2663 1409 2824 1466 babes
2862 1413 3080 1468 manus?
3113 1409 3204 1468 Vat
3227 1412 3322 1481 qui
3350 1411 3484 1466 dicit
3506 1413 3675 1481 patri,
3703 1413 3820 1483 quid

2218 1518 2438 1571 generos
2461 1512 2544 1555 :et
2568 1503 2743 1568 matri,
2770 1501 2900 1572 quid
2917 1503 3188 1572 parturit?
3215 1503 3306 1560 Sic
3329 1506 3472 1566 enim
3492 1506 3628 1561 dicit
3651 1502 3826 1562 Domi-

2221 1610 2317 1654 nus
2352 1594 2506 1661 Deus,
2545 1594 2765 1652 Sanctus
2791 1592 2984 1663 Israel,
3013 1596 3103 1664 qui
3141 1595 3262 1665 fecit
3291 1607 3538 1655 ventura.
3592 1596 3825 1658 Interro-

2221 1696 2338 1758 gatc
2361 1703 2438 1740 nte
2459 1688 2522 1740 de
2541 1687 2668 1756 ﬁliis
2695 1688 2844 1753 meis,
2876 1698 2924 1744 et
2951 1687 3016 1741 de
3038 1688 3277 1756 operibus
3307 1705 3560 1746 manuum
3591 1705 3820 1746 mqu

519 1811 642 1866 quae
691 1795 979 1864 habentur,
1030 1801 1081 1853 in
1120 1799 1398 1854 schedulis
1426 1799 1841 1864 describantur;
1871 1810 1926 1856 et
1958 1801 2114 1871 plena

2231 1781 2465 1835 mandate
2489 1782 2640 1834 mihi.
2671 1778 2788 1852 Ego
2804 1782 2904 1851 feci
2920 1789 3128 1846 terram,
3152 1791 3200 1838 et
3222 1783 3484 1838 hominem
3503 1799 3672 1852 super
3693 1798 3823 1846 eum.

516 1890 825 1945 emendatio
855 1891 1076 1946 lectoris
1113 1891 1319 1960 judicio
1341 1900 1672 1948 reservetur.

784 2067 938 2137 (Cap.
971 2068 1133 2123 XLV.
1168 2098 1237 2108 —
1264 2068 1416 2123 Vers.
1447 2070 1530 2139 8.)
1551 2068 1766 2135 Rat-ate,
1795 2068 1932 2133 caeli,
1967 2071 2122 2124 dem.

527 2176 641 2228 per,
673 2172 720 2214 et
743 2164 904 2216 nubes
932 2160 1116 2228 pluunt
1144 2164 1354 2234 justum
1383 2179 1401 2215 :
1429 2163 1692 2231 aperiatur
1722 2171 1886 2227 terra,
1936 2171 1982 2218 et
2007 2178 2122 2234 ger-

529 2253 690 2306 minet
720 2253 1063 2316 Salvatorem,
1096 2265 1146 2307 et
1160 2256 1374 2324 justitia
1419 2256 1620 2308 oriatur
1669 2253 1827 2308 simul
1859 2270 1878 2308 :
1901 2270 1994 2326 ego
2016 2253 2126 2308 Do-

523 2346 692 2402 minus
717 2347 890 2401 crcaui
923 2364 1065 2402 eum.
1091 2346 1272 2402 LXX:
1305 2347 1530 2402 Laetetur
1568 2346 1752 2401 uelum
1811 2347 2053 2415 desuper,
2079 2355 2124 2400 et

523 2439 682 2494 nubes
697 2451 946 2510 spargant
960 2441 1224 2511 justitiam
1241 2457 1259 2494 :
1281 2442 1529 2510 germinet
1552 2449 1714 2503 terra,
1738 2451 1786 2494 et
1804 2441 2006 2494 oriatur
2029 2440 2124 2493 mi-

521 2533 825 2596 sericordia,
850 2542 899 2586 et
932 2543 956 2571 ο
972 2535 1238 2604 justitiam
1252 2533 1500 2604 germinet
1529 2533 1687 2586 simul
1717 2549 1736 2586 ,ο
1767 2548 1859 2604 ego
1875 2531 2125 2586 Dominus

521 2625 613 2692 qui
661 2626 834 2679 creavi
889 2634 956 2678 te.
1013 2625 1223 2692 Duplex
1275 2625 1440 2690 hujus
1469 2625 1984 2693 Ioeiiuterpretatio
2013 2633 2120 2680 est.

523 2715 756 2783 Quidam
795 2717 940 2770 enim
1007 2724 1198 2784 putant
1255 2716 1464 2772 haerere
1491 2717 1866 2785 superioribus
1895 2733 2016 2787 qua:
2042 2717 2126 2772 di-

525 2817 746 2874 cuntur,
776 2816 831 2861 et
858 2805 1003 2878 Cyro
1027 2822 1159 2876 rege
1182 2807 1400 2862 laxante
1456 2808 1730 2876 captivos,
1759 2807 1960 2864 omium
2014 2817 2125 2864 ter-

469 2899 485 2917 ‘
528 2913 757 2970 tamque
783 2900 959 2954 laetari
991 2919 1000 2952 :
1037 2908 1423 2972 μιτωνυμικῶς,
1468 2915 1572 2970 pro.
1590 2916 1656 2956 eo
1680 2900 1828 2970 quod
1863 2912 1967 2966 est,
2001 2900 2126 2956 illos

526 2995 620 3064 qui
663 2997 716 3048 in
761 2995 902 3049 calo
952 3003 1235 3047 morantur
1264 3005 1320 3048 et
1346 3003 1508 3048 terra.
1561 2993 2126 3064 Aliiasuperioribus

527 3099 783 3158 septrant
830 3097 886 3143 et
933 3089 1217 3158 propriqu
1271 3087 1500 3155 capituli
1554 3086 1714 3157 hujus
1757 3088 1953 3143 volunt
2001 3101 2124 3142 esse

2229 1871 2342 1945 Ego
2369 1888 2532 1926 manu
2577 1889 2689 1928 mea
2729 1874 2936 1941 ﬁrmavi
2979 1874 3170 1934 calum
3201 1889 3332 1946 :ego
3381 1875 3629 1937 omnibus
3673 1873 3828 1929 stellis

2227 1965 2490 2019 mandavi.
2517 1963 2628 2034 Ego
2652 1966 2902 2020 suscitari
2931 1982 3046 2022 eum
3085 1982 3203 2020 cum
3221 1967 3442 2040 iustitia
3467 1982 3648 2038 regem
3679 1982 3697 2022 :
3727 1983 3825 2022 om-

2226 2072 2318 2111 nes
2339 2058 2431 2110 uitr
2453 2056 2601 2111 illius
2625 2067 2795 2113 rectm.
2829 2056 2954 2128 Ipse
2981 2058 3262 2128 tediﬁcabit
3281 2059 3545 2122 civitatem
3566 2076 3754 2126 meum,
3782 2069 3828 2116 et

2227 2150 2576 2218 captivitatem
2601 2151 2782 2222 pepuli
2802 2152 2902 2205 neci
2921 2160 3180 2206 convertet
3210 2167 3228 2204 :
3257 2167 3362 2208 non
3390 2167 3510 2206 cum
3545 2153 3716 2220 pretio
3745 2168 3826 2206 ue-

2227 2259 2325 2312 (μω
2345 2258 2464 2296 cum
2493 2242 2812 2307 muneribus,
2839 2244 2972 2296 dixit
2998 2242 3255 2298 Dominus
3287 2241 3431 2302 Deus
3452 2243 3696 2304 soboozlt.
3726 2241 3826 2310 Qui

2227 2332 2294 2386 ad
2343 2330 2468 2402 Cyri
2515 2347 2804 2402 personam
2850 2334 3041 2392 volunt
3086 2332 3298 2390 referre
3349 2349 3474 2403 quae
3498 2335 3646 2394 dicta
3680 2343 3824 2397 sunt,

2227 2426 2309 2480 sie
2355 2426 2534 2484 locum
2585 2427 2752 2482 istum
2820 2429 3274 2497 interpretantur.
3319 2426 3406 2486 Me
3452 2426 3689 2498 ingentia
3720 2426 3832 2498 pol-

2239 2519 2478 2584 licente,
2529 2519 2671 2589 quod
2723 2528 2948 2590 propter
3002 2519 3372 2580 reversionem
3424 2521 3609 2590 populi
3636 2520 3746 2574 mei
3775 2520 3834 2574 in

2231 2611 2498 2677 Judmam,
2530 2611 2688 2684 53’]
2717 2616 2897 2668 omnia
2915 2609 3058 2684 Cyro
3087 2625 3251 2682 regna
3270 2610 3616 2668 substernunt
3637 2630 3652 2665 ι
3675 2610 3837 2681 Vatei

2227 2709 2318 2780 qui
2341 2709 2789 2770 incredulitatem,
2821 2717 2876 2764 et
2915 2724 3021 2763 non
3065 2717 3219 2778 putat
3259 2715 3492 2764 ventura
3526 2721 3654 2776 quae
3690 2705 3832 2776 dico,

2227 2803 2380 2872 quasi
2411 2804 2455 2857 si
2505 2803 2680 2857 lutum
2707 2811 2760 2858 et
2801 2813 2940 2860 testa
2971 2802 3248 2860 Confracta
3305 2802 3676 2864 calumnietur
3703 2800 3834 2870 ligu—

2229 2896 2339 2954 lum
2358 2911 2549 2960 suum,
2572 2911 2742 2966 quare
2770 2896 2932 2960 tacta,
2956 2895 3044 2951 vel
3073 2909 3175 2956 cur
3209 2897 3280 2960 ita
3309 2895 3448 2952 facta
3480 2895 3589 2959 sit;
3617 2903 3673 2952 et
3706 2905 3835 2964 opus

2226 2999 2417 3046 contra
2445 2987 2670 3044 artiticis
2717 2969 2970 3057 loquatur
3020 3003 3246 3054 manus;
3285 2997 3340 3046 et
3387 2998 3610 3057 patrem
3641 3003 3702 3043 ac
3729 3001 3832 3040 ma-

2229 3092 2365 3138 trem
2405 3083 2770 3142 calumnietur
2808 3081 2970 3148 lilius,
2999 3097 3101 3138 cur
3142 3083 3196 3138 in
3227 3092 3430 3138 terram
3459 3091 3675 3138 natura
3727 3083 3833 3154 lege

528 3181 878 3252 principium,
907 3196 970 3236 ac
1000 3183 1068 3237 de
1094 3181 1332 3236 adventu
1367 3181 1583 3236 Domini
1615 3179 1952 3251 propbetari,
1978 3178 2126 3249 quod
2150 3205 2193 3264 ρ
2229 3177 2484 3248 proiusus
2513 3179 2604 3232 sit.
2634 3178 2768 3230 Cum
2796 3177 2961 3248 igitur
2990 3193 3092 3249 ego
3123 3179 3382 3233 Dominus
3408 3175 3656 3240 Sanctus
3681 3176 3832 3234 Israel

527 3275 829 3344 imperetur
856 3273 1113 3340 nubibus,
1149 3275 1216 3328 tle
1242 3273 1442 3343 quibus
1467 3289 1630 3344 supra
1662 3272 1772 3346 (Ad
1816 3290 1934 3343 cap.
1966 3292 2018 3338 v,
2049 3272 2122 3344 6)

529 3368 794 3436 scriptum
819 3377 898 3422 est
929 3385 942 3421 :
975 3366 1239 3421 Mandabo
1283 3366 1498 3421 nubibus
1527 3384 1589 3420 ne
1614 3368 1796 3436 pluunt
1825 3383 1983 3438 super
2011 3385 2126 3422 eam

530 3459 769 3521 imbrem,
817 3459 870 3512 id
896 3468 1001 3526 est,
1061 3461 1273 3514 vineam
1302 3459 1469 3514 Israel
1500 3470 1592 3514 :et
1619 3459 1684 3513 ad
1715 3475 1852 3529 quas
1877 3461 2128 3530 pervenit

528 3555 733 3608 veritas
756 3553 877 3616 Dei,
913 3565 966 3606 ut
1002 3553 1190 3622 pluaut
1213 3554 1410 3606 mundo
1436 3553 1644 3623 justum
1673 3555 1790 3608 sive
1813 3555 2078 3623 justitiam
2107 3571 2122 3619 ;

530 3657 788 3714 terraque
814 3648 1094 3714 aperiatur
1125 3657 1176 3698 et
1205 3648 1474 3714 germinet
1528 3647 1888 3703 Salvatorem.
1915 3647 1992 3701 De
2020 3664 2126 3717 qua

531 3737 586 3790 in
620 3735 856 3789 Psalmis
883 3737 1137 3790 canitur:
1178 3736 1380 3790 Veritas
1411 3739 1475 3790 de
1501 3747 1644 3792 terra
1685 3749 1800 3794 orta
1843 3748 1939 3804 est,
1967 3751 2016 3792 et
2034 3742 2128 3811 ju-

525 3829 672 3882 stitia
688 3829 752 3881 dc
773 3828 898 3882 calo
930 3830 1198 3896 prospexit
1226 3831 1243 3894 (
1276 3829 1364 3883 Ps.
1398 3847 1614 3896 Lxxxtv,
1651 3831 1742 3902 i2)
1774 3849 1786 3885 :
1827 3833 1942 3886 sive
1964 3833 2130 3899 juxta

533 3921 676 3977 LXX
711 3941 722 3976 :
753 3922 910 3976 Terra
958 3923 1366 3978 misericordiam
1406 3935 1451 3978 et
1472 3926 1735 3998 justitiam
1777 3927 1970 3998 pariter
2013 3943 2132 3998 ger-

534 4016 769 4082 minavit,
799 4025 854 4070 ιιι
872 4025 928 4072 et
947 4027 1268 4086 peccatores
1295 4019 1754 4086 misericordiam,
1773 4029 1826 4073 et
1842 4021 1976 4090 justi
1994 4035 2133 4088 pra)-

536 4110 646 4162 mia
673 4120 1105 4181 consequantur.
1136 4112 1402 4182 Quodque
1427 4113 1672 4182 sequitur
1696 4131 1710 4168 :
1733 4113 1853 4184 Ego
1880 4110 2134 4170 Dominus

491 4244 504 4258 .
532 4203 702 4255 creari
733 4219 871 4266 eum,
895 4204 1003 4272 vel,
1036 4221 1130 4275 ego
1160 4205 1415 4260 Dominus
1446 4209 1534 4276 qui
1560 4209 1726 4261 creari
1751 4217 1820 4272 te,
1847 4221 1954 4263 nou
1977 4222 2132 4263 scan-

532 4293 860 4350 dalizabitur
889 4297 955 4350 ad
983 4314 1181 4353 nomen
1236 4309 1524 4365 creatum.
1574 4303 1664 4371 qui
1699 4302 1850 4356 illum
1882 4317 2132 4358 vermem

534 4399 598 4441 ac
622 4401 843 4441 servum
877 4396 932 4443 et
960 4391 1329 4459 geminatum
1371 4392 1563 4463 legerit
1591 4409 1717 4450 esse
1744 4397 1813 4451 de
1855 4405 2020 4453 terra.

604 4481 784 4554 (Vers.
816 4483 850 4536 9
879 4487 1062 4555 seqq.)
1106 4477 1196 4539 Va:
1222 4488 1312 4557 qui
1343 4488 1659 4542 contradicit
1685 4491 1855 4554 lictori
1898 4508 2030 4545 suo:
2053 4501 2132 4545 te-

539 4583 620 4628 sta
649 4575 714 4629 de
737 4575 900 4648 536
923 4576 1117 4632 Samiis
1139 4588 1306 4633 terra.
1341 4579 1613 4648 Numquid
1636 4581 1762 4636 dicit
1783 4585 1946 4638 lutum
1969 4583 2133 4653 ﬁgulo

2229 3272 2610 3341 plasmaveritu
2641 3271 2866 3342 Cyrum,
2895 3281 2952 3330 et
2983 3287 3102 3326 mea
3137 3271 3389 3341 jussione
3419 3281 3723 3342 generatus
3746 3271 3831 3338 sit.

2227 3363 2564 3433 superﬂuum
2605 3365 2781 3418 tacitis
2821 3365 3100 3434 ambigere
3135 3365 3205 3422 de
3235 3364 3437 3419 futuris
3465 3381 3480 3430 ;
3510 3365 3648 3434 quin
3670 3365 3831 3435 potius

2230 3474 2396 3514 nosse
2416 3459 2648 3526 debetis,
2675 3459 2822 3529 quod
2875 3460 3018 3515 ﬁlios
3061 3474 3232 3532 meos,
3264 3458 3522 3528 populum
3577 3457 3751 3524 Israel,
3781 3464 3833 3513 et

2227 3567 2365 3620 opus
2396 3566 2660 3606 manuum
2680 3567 2949 3617 mearum,
2975 3568 3080 3608 non
3110 3563 3291 3608 vestro
3317 3551 3581 3618 arbitrio,
3603 3551 3698 3608 sed
3723 3563 3830 3610 mea

2229 3644 2511 3700 voluntate
2539 3645 2853 3713 dispensem
2890 3664 2900 3697 :
2934 3655 2990 3700 ut
3034 3645 3126 3714 qui
3174 3645 3322 3714 prius
3351 3643 3435 3704 eis.
3486 3644 3744 3702 tenebras
3781 3649 3833 3697 et

2229 3739 2430 3794 malum
2471 3739 2679 3804 ert-avi,
2710 3754 2855 3794 nunc
2885 3739 3060 3794 lucem
3092 3746 3150 3794 et
3191 3753 3378 3808 pacem
3423 3738 3691 3796 tribuam.
3735 3736 3832 3805 Ego

2229 3832 2374 3888 enim
2403 3847 2524 3886 sum
2559 3832 2722 3898 Deus,
2747 3833 2836 3901 qui
2868 3832 3056 3888 nonin
3094 3845 3322 3886 Vacuum
3369 3831 3562 3886 θείεινί
3609 3841 3829 3892 terram;

2231 3933 2289 3980 ut
2313 3935 2463 3980 esset
2505 3925 2722 3981 deserta
2750 3934 2806 3982 et
2829 3925 3100 3996 squalida,
3127 3924 3224 3982 sed
3253 3935 3312 3979 ut
3338 3923 3598 3986 homines
3639 3923 3830 3980 habita-

2232 4028 2353 4073 rent
2375 4019 2428 4072 in
2461 4034 2545 4074 ea.
2581 4018 2694 4087 Ego
2725 4019 2946 4074 extendi
2971 4018 3090 4074 sive
3116 4018 3322 4072 ﬁrmavi
3350 4016 3554 4084 cados,
3591 4027 3650 4074 ut
3673 4015 3831 4086 Ange-

2232 4110 2411 4165 lortun
2435 4120 2624 4167 essent
2653 4111 3043 4172 habitaculum.
3085 4109 3490 4190 Steuarumque
3541 4123 3645 4166 eos
3673 4106 3831 4168 varis-

2235 4213 2345 4258 tate
2398 4204 2664 4268 distinxi;
2718 4213 2774 4259 et
2825 4201 3092 4272 imperavi
3136 4203 3366 4272 singulis
3408 4217 3518 4272 quo
3559 4206 3832 4258 currerent

2233 4298 2445 4364 ordine,
2472 4309 2527 4354 et
2570 4297 2784 4354 dierum
2822 4312 2887 4354 ac
2918 4296 3190 4352 mensium
3214 4310 3603 4364 seniorumque
3630 4295 3828 4362 diversa

2233 4392 2408 4461 spatia
2453 4391 2814 4460 complerent.
2839 4391 2940 4456 Qui
2969 4389 3134 4460 igitur
3162 4390 3361 4449 coelum
3391 4389 3500 4446 feci
3531 4398 3592 4446 et
3623 4401 3826 4451 terram,

2235 4487 2362 4554 quid
2409 4501 2662 4556 magnum
2689 4495 2796 4548 est,
2828 4485 2878 4538 si
2933 4500 3101 4541 unum
3152 4500 3337 4556 regem
3394 4484 3720 4547 creaverim,
3745 4479 3830 4551 qui

2238 4593 2357 4634 mea
2380 4579 2629 4632 mandata
2653 4590 2940 4633 conservet
2961 4586 3050 4642 ;et
3075 4593 3273 4636 omnes
3301 4572 3828 4647 viasilliusdirigatn?

534 4683 652 4733 suo,
676 4669 802 4738 quid
826 4671 956 4739 facis
988 4688 1006 4724 :
1028 4682 1077 4726 et
1099 4688 1230 4742 Opus
1257 4682 1402 4726 tuum
1425 4675 1614 4744 absque
1635 4677 1876 4730 manibus
1893 4686 1968 4731 est
1985 4677 2011 4731 ?
2046 4675 2132 4734 νο
2157 4659 2206 4719 D
2233 4671 2353 4741 ipse
2384 4672 2530 4726 enim
2558 4654 2944 4740 juSSttrus'est,
2977 4679 3039 4728 ut
3066 4669 3365 4728 aediﬁcetur
3391 4671 3586 4736 civitas
3613 4685 3725 4726 mea
3742 4667 3829 4730 1¢°

532 4759 624 4828 qui
645 4760 772 4814 dicit
797 4764 956 4832 patri,
980 4764 1106 4833 quid
1131 4782 1347 4836 generos
1369 4782 1388 4820 :
1417 4775 1466 4818 et
1488 4766 1852 4837 muliori,quid
1873 4768 2132 4835 parth

535 4923 663 4978 dine
691 4925 836 4992 loqui
869 4923 1290 4995 Hieronymum,
1314 4933 1426 4980 tum
1457 4940 1522 4980 ex
1556 4924 1810 4982 inferiori
1851 4933 2130 4991 contextu,

539 5005 651 5048 tum
689 4995 921 5047 maxime
947 5009 1016 5048 ex
1050 4998 1432 5063 subsequentis
1486 4997 1609 5050 libri
1664 4995 2006 5064 prml‘atione,
2040 4997 2133 5053 ubi

536 5067 605 5120 de
636 5073 852 5132 reet'pta
878 5067 1105 5130 pristina
1127 5068 1485 5122 sanitateDeo
1506 5068 1706 5134 gratias
1730 5071 2130 5137 agensqutme,

539 5139 735 5207 inquit,
767 5150 955 5191 suut'ro
979 5151 1256 5192 Lsscuoas
1285 5147 1628 5205 percusserat,
1661 5139 1716 5194 in
1753 5137 1969 5194 redibile
1998 5141 2136 5206 velo.-

536 5211 692 5281 citate
707 5210 924 5281 sanavit.
948 5209 1119 5281 Antea
1155 5209 1304 5270 nullo
1333 5208 1502 5280 ferme
1543 5224 1706 5265 sensu
1739 5211 2023 5281 legebatur
2049 5227 2138 5264 su-

539 5279 642 5335 bito
667 5279 928 5352 rlttngoris
953 5280 1121 5352 turbo,
1153 5291 1258 5334 etc.

608 5361 636 5390 ι
667 5349 890 5407 Unicum
913 5351 1219 5417 nobilitatis,
1249 5361 1356 5408 etc.
1387 5349 1710 5406 Prml‘atione
1738 5353 1790 5406 in
1814 5352 2010 5408 librum
2032 5351 2137 5410 Job

539 5423 840 5484 secundum
881 5422 1047 5481 LXX.
1084 5423 1150 5476 ad
1197 5423 1420 5486 Paulam
1449 5431 1505 5478 et
1537 5423 1910 5490 Eustochium,
1941 5425 2134 5486 eodem

539 5495 700 5550 mtttln
729 5495 967 5563 loquitur
994 5505 1214 5549 sanctus
1248 5496 1446 5550 Doctor
1471 5512 1482 5548 :
1519 5494 1873 5564 Quapmpter.
1906 5513 1934 5548 ο
1963 5493 2137 5560 Paula

537 5576 584 5618 et
609 5565 964 5627 Eustochium,
999 5568 1206 5617 unicum
1234 5566 1518 5620 nobilitatis
1551 5579 1597 5620 et
1632 5567 1936 5620 humilitatis
1961 5583 2136 5620 exem-

541 5636 677 5704 plar,
708 5645 816 5690 etc.
861 5636 1131 5690 ΜΑιιτιΑΝ.

2233 4766 2488 4830 rusalem,
2517 4772 2578 4819 et
2601 4761 2806 4835 captivi
2834 4763 3063 4819 redeant
3092 4765 3148 4820 in
3171 4762 3440 4824 luderent.
3473 4763 3592 4824 Non
3619 4762 3686 4822 ob
3713 4772 3829 4829 prc-

2237 4925 2443 4998 eisdem
2466 4922 2835 4998 restituendis
2875 4922 3163 4998 manante;
3206 4923 3524 4998 perpetior;
3579 4921 3663 4974 vix
3695 4918 3827 4998 enim

2240 4996 2369 5051 mihi
2399 4995 2626 5062 pristina
2651 4997 2853 5048 sanitas
2876 4991 3127 5048 redditur
3149 4991 3176 5046 a
3205 4991 3323 5048 Deo
3361 4995 3713 5055 miscratore,
3747 4991 3827 5056 qui

2239 5068 2461 5136 respicit
2495 5077 2695 5142 terram
2720 5077 2774 5122 et
2795 5066 3002 5142 smpitts
3028 5063 3155 5118 facit
3186 5082 3305 5117 cam
3338 5077 3592 5118 tremere.
3631 5065 3822 5142 Itaque,

2241 5140 2478 5211 benigne
2516 5139 2722 5202 lector,
2765 5137 2990 5211 si__li_ct-.t_
3024 5151 3190 5206 parva
3233 5150 3566 5211 componere
3606 5137 3824 5211 magnis,

2242 5205 2398 5280 pleni
2423 5211 2737 5266 emendatio
2763 5205 3183 5263 editionismea}
3219 5218 3308 5263 tuo
3340 5205 3550 5274 judicio
3584 5207 3820 5259 resetva-

2245 5281 2350 5336 tur.
2394 5282 2663 5336 ΜΑιιτιΑιι.

2315 5366 2338 5392 ε
2370 5354 2573 5414 unum
2621 5353 2833 5426 Victor.
2870 5351 3080 5426 justitia
3125 5352 3188 5426 in
3244 5359 3418 5426 recto,
3458 5341 3821 5426 quidquidudq

2242 5425 2438 5480 Gratco
2468 5427 2540 5480 sit
2566 5423 2794 5495 codice;
2825 5416 3230 5495 ip'qu'tltustlam
3260 5416 3412 5478 enim
3432 5416 3822 5495 eictuplaribus

2245 5496 2428 5578 legere
2456 5508 2532 5578 (-35!
2559 5493 2933 5578 dtxutoadvnuf
3091 5565 3104 5578 .
3188 5565 3200 5578 ι

2314 5556 2341 5606 ἃ
2369 5569 2422 5620 In
2452 5569 2803 5622 Ambrosian.
2831 5583 2933 5620 ms.
2993 5565 3325 5634 antiquiore.
3348 5556 3816 5636 quemadmodum

2242 5646 2302 5693 et
2331 5640 2386 5693 in
2414 5640 2540 5694 aliis
2561 5639 2997 5709 Hietonymiante
3018 5633 3287 5696 version'ts
3313 5635 3563 5700 κιιιιωι.
3597 5633 3816 5699 illiciti“

621 5704 647 5742 δ
680 5706 884 5759 Reddat
917 5709 1193 5776 pristinam
1233 5711 1530 5762 sanitatem.
1573 5710 1726 5776 Quod
1758 5710 1810 5764 in
1842 5707 2144 5765 condendis
2246 5710 2534 5764 mandastis
2587 5710 2733 5763 mihi.

546 5775 659 5846 suis
687 5775 1110 5852 Commentariis
1134 5779 1444 5858 patiebatur
1477 5775 1861 5852 Hieronymus,
1887 5781 1939 5836 id
1962 5796 2065 5852 ego
2087 5781 2142 5836 in

2320 5792 2344 5834 ε
2379 5781 2524 5838 Idem
2555 5796 2656 5836 ms.
2697 5799 2710 5835 :
2739 5781 2851 5853 Ego
2878 5782 3138 5838 suscitabo
3155 5795 3280 5836 eum
3299 5794 3422 5838 cum
3452 5775 3679 5850 iustitia.
