3932 6338
420 285 528 343 44⁵1

1667 277 1727 336 S.
1767 274 2039 334 EUSEBII
2078 272 2468 334 HIEBONYMI

3610 279 3712 338 448

419 399 561 477 [οι-ιε
591 398 986 458 Theodotionis
1012 403 1234 452 utantur
1261 397 1525 466 editione,
1558 400 1649 468 qui
1705 400 2002 472 transtulit,
2034 400 2084 459 A
2112 394 2256 470 [VuL
2291 397 2631 470 habitaretur]
2663 398 2903 462 formavit
2923 397 3067 452 illam
3094 413 3228 470 :ego
3248 396 3525 455 Dominus.
3549 410 3596 477 et
3623 418 3716 456 non

421 493 492 552 In
514 506 563 551 te
588 505 661 548 est
689 493 858 560 fortis,
874 500 1046 544 etnon
1073 501 1148 544 est
1168 493 1302 545 alius
1322 502 1509 557 prteter
1524 510 1638 547 eum
1664 492 1802 549 Deus
1826 513 1844 551 :
1864 515 2020 570 prop-

421 599 562 644 terea
580 599 636 642 tu
665 586 812 656 fortis
837 585 1166 640 absconditus
1186 582 1328 639 Deus
1359 583 1527 640 Israel
1555 585 1815 644 Salvator.
1838 591 2023 658 Quod-

423 692 659 746 cumque
693 691 753 732 se
796 679 1081 746 verterint,
1115 693 1225 733 nim
1250 679 1501 732 valebunt
1529 679 1753 749 laqueos
1777 682 2020 737 veritatis

424 773 686 844 ell'ugere.
722 769 828 826 Fac
855 770 1000 826 enim
1029 786 1153 828 esse
1185 772 1240 826 in
1271 771 1413 843 Cyro
1443 771 1634 839 Demn,
1665 783 1719 827 et
1749 788 1855 828 non
1895 789 2021 829 esse

427 866 593 920 alium
648 873 849 932 pra-ter
877 878 1000 918 eum
1052 863 1142 926 oui
1185 864 1255 917 sit
1299 864 1351 917 iu
1393 862 1536 935 Cyro
1564 865 1723 935 Deus,
1748 865 2022 934 quomodo

423 955 551 1028 Cyri
584 971 832 1025 personze
859 955 964 1011 dici
996 957 1302 1020 conveniet,
1347 955 1472 1009 Vere
1495 965 1546 1008 tu
1568 972 1622 1010 es
1643 954 1783 1010 Deus
1809 958 2024 1012 abscon-

428 1049 589 1116 ditus,
621 1045 757 1101 Deus
796 1043 962 1100 Israel
1012 1045 1292 1101 Salvator?
1324 1045 1466 1117 Ergo
1513 1047 1654 1101 Deus
1703 1051 1751 1100 in
1785 1063 1895 1118 quo
1941 1058 2025 1104 est

433 1141 600 1209 Deus,
637 1141 898 1196 Dominus
949 1152 1133 1195 uoster
1161 1139 1324 1196 Jestis
1355 1140 1607 1196 Christus
1639 1141 1839 1197 reetius
1869 1142 2024 1198 intel-

427 1234 620 1306 ligitur
644 1245 700 1288 et
726 1234 932 1301 verius,
961 1233 1051 1302 qui
1095 1234 1148 1287 in
1196 1233 1488 1304 EVangelio
1521 1231 1794 1300 loquitur:
1825 1233 1936 1303 Ego
1981 1245 2028 1289 et

432 1322 591 1380 Pater
629 1341 763 1378 unus
779 1340 956 1377 sumus
980 1321 1161 1397 (Joan.
1194 1341 1244 1393 κ,
1275 1325 1392 1396 50).
1422 1334 1448 1362 α
1484 1326 1584 1393 Qui
1613 1325 1756 1380 Deus
1785 1328 2030 1396 appella-

431 1427 518 1473 tur
548 1415 900 1472 absentiditlls
925 1428 1144 1484 propter
1167 1417 1427 1487 assumpti
1447 1417 1690 1487 corporis
1716 1433 2031 1473 sacramen-

428 1518 564 1579 tum,
599 1519 654 1565 et
683 1508 826 1562 Deus
856 1510 1024 1566 lsrael
1051 1509 1312 1578 Salvator,
1351 1511 1494 1580 quod
1529 1517 1916 1578 interpretatur
1939 1512 2030 1567 Je-

431 1621 547 1663 sus.
577 1605 676 1662 Hic
705 1610 848 1660 enim
878 1615 1034 1675 Juxta
1055 1607 1320 1673 Angulum
1349 1605 1657 1662 Galirielem
1679 1606 1902 1661 salvaliit
1939 1621 2034 1675 po-

434 1702 622 1772 pulum
653 1715 807 1754 suum
825 1699 958 1770 (Luc
1005 1698 1068 1772 i).
1084 1701 1298 1770 Confusi
1317 1711 1435 1754 sunt
1457 1710 1506 1756 et
1528 1700 1834 1755 erubuerunt
1857 1716 2033 1753 omnes

2121 501 2193 546 est
2213 491 2372 544 alius.
2409 490 2530 544 Non
2558 491 2611 544 in
2633 490 2932 545 abscondito
2959 491 3158 546 locutus
3187 509 3302 546 sum
3321 534 3336 557 ,
3366 493 3420 546 in
3449 494 3563 547 loco
3583 502 3721 549 terra

2122 585 2405 638 tenebroso.
2440 583 2558 637 Non
2584 583 2696 637 dixi
2716 585 2899 638 semini
2927 581 3090 637 Iacob
3120 600 3138 637 :
3170 586 3602 658 frustra‘quterite
3629 603 3722 640 me.

2125 675 2241 751 Ego
2269 677 2517 731 Dominus
2545 677 2758 747 loquens
2772 677 3053 749 justitiam,
3076 678 3393 731 annuntians
3413 687 3573 731 recta.
3597 675 3728 732 Con-

2125 772 2432 843 gregamini,
2463 783 2512 825 et
2533 769 2716 834 venite,
2750 781 2796 822 et
2827 772 3054 825 accedite
3078 771 3257 837 simul,
3290 772 3379 842 qui
3399 769 3585 825 saluati
3610 773 3727 827 estis

2125 881 2190 918 ea:
2227 864 2458 935 gentibus
2486 880 2504 916 :
2538 865 2825 917 nescierunt
2870 865 2959 933 qui
2997 861 3164 917 levant
3204 862 3404 936 lignum
3455 866 3731 931 sculptura:

2125 972 2268 1022 sate;
2316 967 2362 1009 et
2391 967 2573 1026 rogant
2602 953 2769 1008 Deum
2815 971 2916 1009 non
2955 958 3258 1009 salvantem.
3308 956 3646 1018 Aununtiate,
3686 967 3731 1010 et

2126 1052 2307 1111 veuite.
2331 1059 2376 1104 et
2397 1049 2741 1104 consiliamini
2769 1049 2926 1103 simul
2956 1065 2974 1104 :
3001 1051 3118 1116 quis
3138 1050 3378 1103 auditum
3405 1051 3525 1117 fecit
3554 1050 3649 1102 hoc
3669 1050 3730 1105 ab

2127 1143 2313 1207 initio,
2353 1159 2416 1196 ea;
2455 1156 2576 1196 tunc
2606 1141 2632 1180 δ
2660 1143 2902 1214 praedixit
2949 1141 3126 1196 illud?
3184 1142 3456 1213 Numquid
3499 1158 3601 1196 non
3647 1161 3736 1218 ego

2134 1236 2380 1292 Dominus
2407 1280 2420 1303 ,
2463 1249 2512 1292 et
2551 1255 2652 1292 non
2690 1249 2764 1291 est
2813 1239 2950 1291 ultra
3003 1237 3142 1292 Deus
3194 1239 3388 1309 absque
3435 1241 3552 1294 me?
3597 1238 3737 1295 Deus

2120 1332 2294 1402 justus
2325 1341 2372 1385 et
2403 1333 2609 1386 salvans
2638 1347 2740 1386 non
2777 1341 2852 1386 est
2898 1345 3085 1400 prater
3119 1349 3219 1386 me.
3256 1332 3627 1386 Convertinn'ui
3670 1336 3738 1388 ad

2132 1438 2242 1487 me,
2270 1433 2316 1476 et
2349 1423 2482 1476 salvi
2510 1424 2678 1492 eritis,
2709 1439 2884 1476 omnes
2915 1423 3045 1493 ﬁnes
3071 1435 3222 1478 terra:
3250 1441 3269 1479 .·
3299 1426 3424 1495 quia
3455 1443 3548 1494 ego
3575 1424 3738 1492 Deus,

2133 1525 2179 1569 et
2219 1533 2324 1569 non
2349 1525 2423 1568 est
2464 1518 2618 1570 alius.
2654 1513 2720 1570 In
2761 1517 3055 1588 memetipso
3085 1518 3256 1581 iuraui
3291 1533 3309 1571 :
3352 1517 3647 1587 egredietur
3678 1518 3744 1572 de

2135 1623 2223 1661 ore
2251 1624 2360 1661 meo
2382 1609 2605 1679 justitite
2629 1609 2854 1672 uerbum,
2897 1620 2944 1662 et
2975 1626 3076 1663 non
3099 1620 3416 1664 revertetur:
3455 1613 3578 1680 quia
3612 1610 3743 1664 milii

2135 1700 2432 1754 curvabitur
2454 1717 2603 1754 omne
2622 1718 2777 1770 genu,
2800 1711 2848 1754 et
2863 1702 3061 1773 jurabit
3089 1703 3254 1755 omnis
3284 1703 3484 1772 lingua.
3519 1702 3663 1774 Ergo
3687 1706 3743 1758 in

433 1793 608 1857 simul,
649 1792 855 1847 Scriba:
884 1791 1135 1847 videlicet
1172 1802 1227 1847 et
1275 1793 1552 1847 Phariszei.
1584 1791 1650 1846 Et
1703 1791 1941 1846 abierunt
1981 1795 2033 1844 in
2068 1789 2113 1849 Β
2142 1793 2364 1848 Domino
2393 1793 2575 1847 dicet:
2621 1793 2756 1848 Meae
2797 1803 2918 1848 sunt
2957 1795 3181 1864 justitite
3221 1804 3268 1847 et
3307 1795 3582 1862 imperium
3616 1811 3635 1848 :
3675 1798 3746 1849 ad

433 1886 736 1954 confusione
756 1886 1091 1956 fabricatores
1127 1885 1441 1957 erroris.qui
1473 1887 1524 1940 in
1553 1895 1667 1940 toto
1695 1887 1898 1940 mundo
1926 1887 2038 1941 dis-

438 1979 782 2032 semiuavcre
807 1977 1170 2044 mendacium,
1199 1989 1256 2032 ut
1287 1994 1407 2031 eum
1432 1979 1676 2034 dicerent
1709 1979 1777 2033 ab
1806 1979 2039 2050 Aposto-

440 2069 509 2125 lis
534 2070 680 2124 furto
705 2085 829 2125 esse
859 2071 1126 2127 sublatum
1157 2071 1374 2143 (Matth.
1409 2071 1626 2146 xxvut).
1672 2073 1832 2128 Israel
1857 2086 2036 2128 autem

441 2165 684 2221 salvatus
716 2165 767 2220 iu
802 2164 1035 2221 DOmino
1061 2168 1240 2222 salute
1270 2178 1498 2234 aeterna,
1529 2167 1914 2234 Apo~tolorum
1959 2169 2038 2222 in-

439 2259 704 2330 tell-gitur
743 2260 966 2330 chorus,
1013 2268 1071 2315 et
1101 2259 1155 2314 hi
1201 2260 1297 2331 qui
1329 2275 1426 2330 per
1455 2261 1751 2331 Apostolus
1788 2259 2040 2316 credide-

439 2358 588 2407 runt.
622 2349 774 2406 Unde
803 2350 1004 2407 dicitur
1049 2355 1114 2407 ad
1140 2367 1272 2408 eos:
1307 2353 1427 2408 Non
1452 2355 1841 2424 confundemini
1877 2371 2039 2425 neque

439 2446 765 2516 erubescetis,
793 2464 899 2503 nou
928 2448 1100 2504 solum
1135 2450 1188 2504 in
1219 2449 1473 2517 praesenti
1514 2451 1739 2517 su-culu,
1774 2451 1868 2504 sed
1898 2461 1950 2504 et
1985 2451 2038 2503 in

439 2536 640 2594 futuro.
669 2538 920 2596 Servisse
946 2551 1125 2595 autem
1150 2541 1200 2595 ei
1221 2538 1534 2612 Egyptum.
1567 2552 1623 2596 et
1655 2540 1959 2610 Aitbiupas,
1985 2551 2041 2596 et

439 2630 681 2698 Sabaim,
711 2631 961 2687 excelsos
987 2631 1130 2688 viros
1169 2645 1333 2702 atque
1378 2634 1664 2699 sublimes,
1695 2649 1852 2688 nemo
1881 2633 2040 2689 dubi-

437 2733 538 2789 tat,
587 2741 710 2779 cum
756 2726 806 2780 ei
836 2725 1095 2779 mumlum
1143 2725 1320 2779 videat
1349 2739 1470 2780 esse
1516 2728 1845 2794 subiectum,
1889 2737 1940 2780 et
1972 2741 2036 2780 ex

441 2830 734 2887 paucarum
765 2831 985 2872 nomine
1023 2815 1323 2879 nationum,
1357 2832 1475 2887 quae
1507 2815 1752 2872 habitant
1782 2819 1832 2872 in
1855 2829 2038 2874 extre-

441 2910 548 2965 niis
571 2910 767 2964 ﬁnibus
797 2920 982 2976 terrae,
1008 2920 1234 2966 cunctos
1263 2911 1527 2966 caelorum
1549 2911 1821 2976 cardines,
1844 2920 1900 2968 et
1923 2929 2040 2966 nm-

441 3003 529 3058 nia
564 3013 719 3058 terras
759 3005 936 3058 littora
970 3007 1017 3058 ei
1055 3004 1331 3061 creditura
1364 3008 1674 3075 perspiciat.
1721 3007 1874 3064 Unde
1924 3009 2040 3076 pul-

438 3098 572 3154 cbre
595 3095 745 3164 quasi
772 3097 1145 3152 laborantibus
1167 3099 1220 3152 in
1242 3113 1431 3155 errore
1451 3099 1798 3166 idololatrite,
1819 3114 2038 3156 cessare

437 3186 593 3243 labor
623 3186 841 3259 Egypti
886 3193 1221 3245 nominatur.
1250 3188 1406 3244 Nulla
1435 3192 1582 3246 enim
1610 3207 1745 3261 gens
1766 3193 1839 3247 ita
1867 3193 2036 3247 idolo-

438 3281 613 3338 latri:e
652 3281 832 3337 dedita
875 3281 975 3336 luit
1003 3323 1018 3348 ,
1073 3291 1128 3337 et
1181 3290 1288 3338 tam
1336 3285 1750 3340 innumerabilia
1793 3296 2041 3356 portenta

441 3385 700 3432 venerata
731 3384 834 3438 est,
864 3391 1024 3447 quam
1056 3373 1348 3446 anptus,
1378 3377 1447 3432 de
1473 3393 1575 3446 qua
1609 3394 1768 3446 supra
1813 3382 1958 3447 (xix,
1991 3378 2044 3451 l)

441 3467 674 3539 legimus
706 3486 720 3523 :
755 3467 887 3522 Ecce
921 3467 1175 3522 Dominus
1203 3468 1446 3522 ascendet
1473 3485 1630 3537 super
1651 3469 1834 3522 nubem
1861 3473 2038 3540 levem,

441 3571 490 3614 et
517 3563 838 3630 ingredietur
869 3560 1181 3633 lEgyptum,
1205 3572 1252 3614 et
1283 3562 1619 3616 movebuntur
1644 3565 1920 3617 simulacra
1946 3564 2048 3618 1E-

443 3651 588 3721 gypti
607 3668 637 3702 ιι
662 3651 794 3718 facie
815 3651 953 3716 ejus,
977 3662 1026 3704 et
1049 3667 1139 3704 cor
1167 3650 1387 3722 ngypti
1409 3654 1622 3706 tabescet
1651 3654 1701 3706 in
1725 3655 1892 3707 medio
1913 3656 2044 3722 ejus.

447 3741 620 3798 Porro
664 3743 806 3810 quod
856 3745 906 3794 in
945 3741 1299 3810 Septuaginta
1342 3743 1586 3798 additum
1633 3757 1714 3800 est
1760 3763 1772 3799 :
1824 3743 2048 3800 Innova—

446 3835 575 3890 mini
587 3836 655 3890 ad
676 3852 772 3894 me.
790 3836 1005 3904 insulae,
1024 3837 1102 3891 sic
1115 3852 1178 3891 ex
1191 3853 1395 3907 ponere
1410 3854 1718 3908 possumus,
1735 3840 2050 3896 utdicamus

448 3929 606 4004 551
643 3931 909 3987 Ecclesias
945 3933 1015 3987 de
1040 3933 1295 4004 gentibus
1319 3946 1670 4004 emigregatas
1715 3937 1959 3990 innovari
1994 3938 2047 3992 in

445 4024 688 4090 Christo,
712 4025 975 4095 appellari
999 4026 1224 4086 insulas.
1249 4027 1392 4097 quod
1417 4037 1823 4095 persecutormu
1843 4031 2047 4086 rabiem

451 4122 825 4194 prorellasque
862 4123 1201 4188 sustineant,
1233 4134 1290 4178 et
1330 4123 1568 4179 fundata:
1608 4140 1770 4194 supra
1818 4136 2047 4195 petram,

451 4216 595 4270 nulla
623 4216 899 4270 turbinum
934 4217 1078 4270 mole
1115 4217 1450 4286 quatiuntur.
1484 4218 1691 4273 Hebraei
1723 4223 1883 4274 stulta
1915 4235 2050 4277 cou-

448 4307 692 4362 tentinue
717 4308 964 4363 nituntur
985 4324 1256 4376 asserere,
1292 4325 1462 4381 usque
1498 4312 1562 4365 ad
1599 4327 1720 4367 eum
1755 4314 1930 4368 locum
1963 4315 2052 4370 tibi

451 4398 650 4470 legitur
680 4418 693 4456 :
717 4399 944 4456 Tantum
971 4403 1025 4457 in
1056 4414 1105 4457 te
1130 4413 1235 4470 est,
1265 4402 1438 4471 Deus,
1459 4417 1508 4460 et
1535 4423 1637 4461 nou
1661 4419 1736 4462 est
1765 4409 1953 4477 absque
1983 4421 2052 4473 te,

453 4491 615 4555 Deus,
645 4494 727 4549 vel
751 4495 815 4548 ad
844 4487 1144 4552 Jerusalem
1168 4539 1183 4559 .
1211 4498 1297 4553 vel
1333 4498 1397 4553 ad
1429 4502 1626 4572 Cyrum
1656 4501 1782 4556 dici.
1818 4502 1930 4556 lloc
1957 4517 2053 4556 au-

455 4601 562 4647 tem
617 4591 757 4661 quod
808 4593 1054 4657 sequitur
1094 4611 1105 4646 :
1151 4591 1280 4649 Vere
1323 4603 1382 4648 tu
1425 4611 1478 4649 es
1524 4594 1662 4650 Deus
1700 4595 2048 4662 absconditus,

455 4681 593 4738 Deus
625 4681 794 4738 Israel
822 4684 1046 4739 salvator
1065 4727 1080 4747 ,
1121 4685 1303 4740 subito
1329 4685 1394 4740 ad
1425 4689 1851 4756 omnipotentem
1887 4689 2054 4744 Deum

453 4779 838 4848 apostropham
874 4777 1014 4844 fieri,
1046 4795 1168 4834 cum
1196 4781 1358 4834 etiam
1387 4780 1566 4835 stultis
1595 4782 1932 4850 perspicuum
1963 4788 2054 4849 sit,

454 4882 619 4922 unum
660 4880 972 4925 contextum
1017 4885 1141 4926 esse
1181 4872 1487 4936 sermonis,
1521 4887 1619 4926 nec
1649 4889 1807 4942 posse
1836 4887 2055 4930 sensum

457 4960 620 5016 dividi
651 4963 742 5030 qui
781 4965 832 5015 in
865 4963 983 5031 ipso
1019 4963 1346 5019 narrationis
1374 4964 1564 5020 ordine
1599 4977 1651 5020 et
1683 4967 1893 5021 ratione
1919 4981 2054 5022 cou-

454 5051 676 5122 junctus
702 5063 808 5108 est.

532 5143 693 5214 (Vers
747 5145 818 5201 18
868 5146 1047 5216 seqq.)
1089 5147 1224 5213 Quia
1256 5150 1363 5204 lucc
1389 5150 1514 5205 dicit
1561 5150 1832 5217 Dominus,
1879 5171 2058 5210 creans

454 5239 640 5304 caelos,
673 5232 783 5307 ipse
816 5237 952 5294 Deus
983 5241 1214 5310 formans
1238 5251 1450 5306 terram,
1480 5253 1528 5297 et
1569 5248 1760 5314 faciens
1781 5264 1920 5306 eam.
1951 5250 2058 5320 ipse

453 5333 642 5403 plastes
672 5335 782 5407 ejus
811 5348 830 5388 :
859 5349 963 5388 non
991 5333 1046 5388 in
1081 5349 1270 5389 uanum
1303 5337 1488 5390 creauit
1528 5353 1668 5405 eam,
1711 5350 1764 5393 ut
1802 5339 2056 5396 habitetur

528 5501 571 5571 ξ
579 5492 741 5571 Addit
761 5492 905 5549 Vict.
939 5509 1007 5548 ex
1033 5493 1357 5566 quibusdam
1389 5511 1555 5564 mss.,
1589 5497 1658 5553 Et
1679 5514 1772 5571 ego
1793 5501 1846 5554 in
1875 5498 2053 5568 Patre,

455 5576 504 5620 st
528 5562 685 5620 Pater
703 5568 758 5618 in
779 5581 858 5620 me
877 5576 972 5620 est.

523 5633 550 5672 δ
583 5637 809 5707 Legerat
834 5637 1083 5712 Martian.
1111 5639 1164 5712 iu
1193 5651 1364 5708 recto,
1389 5651 1439 5696 et
1465 5643 1567 5697 sul)
1591 5642 1895 5698 afﬁrmandi
1916 5657 2054 5712 quo-

454 5719 562 5776 que
591 5720 714 5783 uitta
755 5709 972 5783 predixi
1004 5708 1180 5783 illud,
1221 5713 1340 5783 ipso
1379 5727 1542 5768 sacro
1579 5726 1728 5771 testo
1769 5708 2058 5771 renitente.

537 5785 560 5813 ο
605 5775 683 5832 Ex
733 5779 970 5848 quodam
1027 5775 1269 5839 Mediceo
1315 5796 1419 5838 ms.
1491 5783 1698 5843 Victor.
1758 5789 2057 5857 separauit,

688 6317 1452 6336 β

2139 1903 2254 1940 eum
2279 1887 2476 1941 uenient
2495 1928 2511 1952 ,
2537 1895 2588 1942 et
2616 1888 2998 1957 confundentur
3025 1902 3196 1941 omnes
3222 1887 3310 1956 qui
3351 1897 3640 1958 repugnant
3674 1889 3744 1946 ei.

2139 1974 2206 2030 In
2243 1977 2464 2032 Dom'no
2502 1979 2904 2045 iusti/imbitur,
2939 1988 2985 2032 et
3026 1978 3329 2032 laudabitur
3375 1995 3528 2033 omne
3571 1995 3746 2035 semen

2141 2067 2308 2123 Israel
2349 2085 2367 2123 :
2405 2067 2591 2123 LXX:
2628 2069 2718 2123 Sic
2753 2070 2881 2123 dicit
2925 2069 3171 2123 Dominus
3220 2071 3310 2141 qui
3349 2072 3468 2140 fecit
3507 2073 3692 2125 calum
3727 2089 3745 2126 :

2137 2163 2232 2217 iste
2265 2161 2399 2216 Deus
2418 2164 2508 2234 qui
2536 2164 2757 2218 ostendit
2777 2174 2969 2217 terram
2987 2205 3000 2224 ,
3030 2172 3076 2218 et
3106 2164 3228 2232 fecit
3256 2181 3388 2222 eam.
3412 2167 3518 2236 ipse
3545 2175 3568 2202 ε
3590 2183 3749 2233 para-

2139 2257 2208 2309 uit
2237 2272 2348 2309 eam
2377 2273 2395 2310 :
2427 2273 2529 2310 non
2554 2258 2606 2310 in
2636 2273 2851 2310 vacuum
2882 2258 3003 2326 fecit
3040 2273 3183 2322 eam,
3211 2259 3301 2312 sed
3336 2267 3392 2312 ut
3421 2257 3746 2313 habitaretur

2142 2352 2414 2421 plasmauit
2444 2366 2575 2404 eam.
2619 2349 2734 2424 Ego
2777 2368 2890 2404 sum
2920 2351 3202 2417 Dominus,
3235 2365 3283 2404 et
3326 2369 3424 2406 non
3466 2365 3540 2408 est
3580 2358 3742 2409 ultra.

2143 2443 2267 2497 Non
2307 2444 2362 2496 in
2403 2445 2706 2498 abscondito
2747 2445 2951 2498 locutus
2991 2462 3127 2510 sum,
3160 2461 3322 2516 neque
3359 2447 3412 2498 in
3451 2446 3560 2500 loco
3586 2457 3748 2500 terra:

2141 2535 2422 2590 tenebroso.
2477 2534 2600 2588 Non
2641 2537 2751 2589 dixi
2789 2537 2972 2590 semini
3009 2534 3208 2601 Iacob,
3254 2553 3438 2591 vanum
3483 2536 3696 2606 quierite
3721 2555 3744 2592 :

2142 2643 2236 2700 ego
2265 2643 2375 2680 sum
2404 2624 2660 2681 Dominus
2687 2629 2776 2699 qui
2813 2631 2993 2696 loquor
3017 2629 3300 2701 justitiam,
3329 2631 3571 2682 annuntio
3597 2630 3747 2682 ueri-

2143 2732 2316 2778 tatem.
2357 2720 2750 2795 Congrcgamini
2776 2733 2821 2774 et
2850 2721 3032 2788 uenite,
3065 2718 3090 2757 ά
3121 2733 3168 2777 et
3193 2722 3393 2775 consuli
3419 2739 3446 2775 e
3473 2719 3622 2774 simul
3653 2723 3749 2790 qui

2143 2816 2414 2869 salvamini
2444 2817 2508 2867 de.
2533 2814 2768 2886 gentibus
2796 2830 2815 2880 ;
2844 2831 2945 2866 non
2971 2824 3316 2887 cognoverunt
3341 2815 3430 2885 qui
3454 2826 3658 2885 pariunt
3679 2812 3751 2866 li-

2141 2929 2297 2983 gnum
2319 2912 2598 2982 sculpturte
2624 2925 2731 2963 sua:
2761 2925 2778 2963 :
2805 2920 2954 2962 orant
2983 2911 3103 2962 deos
3131 2926 3232 2963 non
3253 2907 3530 2963 salvantes.
3565 2909 3625 2963 Si
3648 2925 3750 2962 mt-

2142 3008 2406 3068 nuntiant,
2448 3003 2609 3076 5&2
2651 3004 3066 3076 appropinquent
3111 3013 3168 3056 ut
3215 3003 3378 3056 sciant
3415 3001 3590 3066 simul,
3630 3004 3749 3073 quis

2141 3100 2322 3152 audita
2345 3102 2464 3170 fecit
2487 3085 2603 3150 Ιιαῖό
2631 3095 2695 3149 ab
2735 3096 2905 3156 initio,
2937 3104 3057 3149 tunc
3088 3097 3451 3150 annuntiatum
3482 3105 3554 3149 est
3583 3095 3750 3150 vobis.

2146 3190 2336 3245 Nonne
2363 3208 2454 3262 ego
2481 3187 2737 3242 Dominus
2767 3186 2926 3253 Deus,
2955 3201 3000 3242 et
3025 3206 3125 3242 non
3144 3201 3217 3243 est
3245 3190 3382 3242 alius
3409 3189 3597 3260 absque
3626 3205 3710 3242 me
3734 3206 3751 3244 :

2136 3287 2316 3356 justus
2345 3294 2393 3339 et
2423 3284 2626 3340 salvans
2662 3299 2764 3337 non
2804 3292 2879 3336 est
2916 3293 3103 3353 prtcter
3135 3299 3234 3338 me.
3269 3280 3644 3336 Conrertimini
3680 3283 3752 3335 ad

2147 3397 2244 3442 me,
2276 3390 2321 3435 et
2345 3378 2471 3434 salvi
2493 3381 2633 3433 eritis
2662 3379 2724 3432 ab
2753 3380 2995 3432 extremis
3018 3387 3186 3430 terrw.
3227 3375 3336 3446 Ego
3357 3393 3472 3430 sum
3504 3374 3668 3438 Deus,
3701 3385 3754 3430 et

2148 3491 2253 3527 non
2285 3483 2357 3527 est
2396 3473 2553 3526 alius.
2602 3471 2700 3525 Per
2731 3471 3081 3536 memetipsum
3112 3473 3268 3539 iuro:
3316 3471 3417 3524 nisi
3463 3470 3754 3540 egredietur

2149 3570 2210 3619 de
2236 3583 2322 3620 ore
2348 3581 2459 3619 meo
2473 3566 2677 3635 justitia
2706 3583 2724 3618 :
2755 3580 3010 3618 sermones
3033 3564 3132 3617 mei
3161 3581 3264 3617 non
3287 3573 3604 3626 averrentur,
3628 3566 3757 3631 quia

2151 3659 2273 3713 milii
2304 3660 2589 3713 incurvubit
2628 3675 2775 3712 omne
2815 3675 2981 3729 genu,
3020 3669 3067 3710 et
3098 3657 3301 3730 Jurabit
3339 3666 3389 3711 et
3424 3658 3759 3728 conﬁtebitur

2151 3757 2316 3810 omnis
2353 3753 2532 3826 lingua
2576 3752 2683 3807 Deo
2714 3755 2888 3806 dicens
2923 3769 2940 3807 :
2971 3751 3215 3817 Iustitia,
3248 3761 3297 3805 et
3331 3754 3502 3824 gloria
3538 3756 3606 3805 ad
3637 3769 3758 3806 eum

2151 3848 2335 3912 ueniet,
2357 3855 2403 3898 et
2426 3849 2812 3915 ronfundentur
2827 3863 3000 3899 omnes
3016 3847 3103 3914 qui
3119 3856 3362 3916 separant
3374 3862 3428 3898 se
3445 3864 3475 3897 a
3499 3845 3721 3900 Domino
3741 3861 3759 3900 :

2143 3940 2522 4012 justificabitur
2551 3949 2597 3992 et
2625 3942 2676 3992 in
2708 3938 2816 3992 Deo
2845 3939 3220 4012 gloriﬁcabitur
3242 3955 3393 3992 omne
3419 3956 3592 3993 semen
3620 3939 3760 4006 ﬁlio-

2152 4048 2268 4085 rum
2313 4029 2501 4085 Israel.
2548 4030 2766 4085 Vocatis
2809 4030 3077 4101 Egypto,
3119 4043 3172 4085 et
3211 4029 3527 4096 Ethioliia,
3562 4040 3619 4083 et
3654 4030 3758 4086 Sa-

2155 4126 2298 4181 baitn
2340 4125 2474 4179 viris
2503 4126 2769 4187 excelsis,
2801 4139 2898 4195 per
2921 4140 3043 4196 qua:
3081 4134 3421 4178 monstratur
3449 4125 3604 4178 salus
3637 4127 3762 4180 uui-

2155 4233 2436 4273 versat-uin
2475 4219 2716 4288 gentium
2745 4219 3122 4278 barbararum,
3157 4226 3212 4272 et
3253 4220 3420 4272 totius
3461 4217 3647 4272 mundi
3685 4219 3758 4274 ad

2159 4309 2324 4365 Deum
2347 4311 2654 4375 conversio,
2679 4311 2916 4364 os1eudit
2942 4311 3081 4364 Deus
3099 4310 3361 4379 justitiam
3385 4325 3542 4364 suam
3569 4327 3583 4374 ;
3611 4310 3759 4380 quod

2156 4419 2260 4458 nou
2291 4406 2466 4458 solum
2497 4403 2808 4459 .lud.eorum
2845 4407 2915 4455 sit
2947 4406 3232 4466 llomiuns,
3265 4403 3357 4456 sed
3388 4410 3443 4456 et
3469 4403 3744 4472 gentium.

2161 4498 2278 4563 Ipse
2314 4503 2456 4552 enim
2498 4496 2620 4551 οωΙί
2669 4494 2841 4548 factor
2880 4505 2936 4550 et
2977 4504 3139 4550 terrm
3179 4495 3463 4565 aequaliter
3508 4483 3759 4550 omnium

2158 4593 2300 4648 Deus
2331 4603 2454 4658 est,
2485 4600 2539 4645 et
2570 4604 2678 4643 non
2707 4589 2780 4644 ob
2811 4589 2969 4644 aliain
3009 4604 3225 4644 causam
3259 4593 3466 4644 creavit
3507 4599 3709 4646 terram
3739 4631 3757 4658 ,

2158 4691 2342 4744 nisiut
2371 4686 2648 4742 hominum
2684 4695 2827 4741 esset
2859 4685 3262 4751 habitaculum,
3299 4685 3390 4756 qui
3426 4702 3583 4740 suum
3626 4685 3762 4740 ado-

2159 4792 2342 4839 rarent
2367 4794 2414 4837 et
2453 4781 2821 4851 intelligere-ut
2851 4779 3199 4848 Creatmem,
3233 4791 3288 4836 et
3322 4781 3463 4834 idola
3504 4783 3761 4836 universa

2158 4882 2592 4932 contemnerent.
2614 4873 2744 4929 Nam
2770 4875 2896 4928 etin
2921 4886 3106 4928 monte
3127 4873 3282 4942 Sina,
3306 4874 3374 4929 de
3396 4876 3619 4930 excelso
3641 4874 3766 4945 ejus

2160 4971 2363 5025 vertice
2405 4969 2520 5024 haec
2561 4969 2905 5024 audientibus
2953 4970 3164 5038 pupulis
3207 4981 3290 5024 cst
3336 4969 3589 5024 loculus:
3637 4966 3765 5023 Non

2162 5073 2311 5116 erunt
2339 5062 2426 5116 tibi
2457 5062 2531 5116 dii
2565 5062 2722 5116 alieni
2753 5064 2942 5132 absque
2975 5078 3084 5124 me,
3116 5078 3208 5115 nec
3237 5064 3395 5133 facies
3425 5061 3519 5113 tibi
3558 5060 3765 5114 idolum

2162 5154 2362 5227 (Exod.
2407 5172 2503 5219 xx,
2550 5157 2602 5223 5,
2653 5154 2733 5224 At).
2787 5155 2894 5211 Sed
2944 5155 3160 5221 melius,
3210 5163 3268 5209 ut
3308 5158 3409 5209 hoc
3439 5153 3649 5209 dictum
3697 5157 3768 5210 de

2166 5249 2486 5320 Evangelica
2517 5249 2898 5317 prmdicatione
2924 5249 3212 5303 credamus
3244 5267 3257 5303 :
3288 5247 3503 5319 Moyses
3526 5248 3675 5302 enim
3708 5249 3766 5303 in

2161 5342 2479 5398 abscoiidita
2509 5340 2802 5397 solitudine
2827 5342 2919 5396 uni
2948 5352 3152 5396 tantum
3181 5341 3389 5397 locutus
3419 5349 3508 5396 est
3540 5339 3764 5412 potiulo.

2164 5499 2652 5576 quam_lectiooem
2683 5498 2908 5576 Grgrcus
2936 5515 3150 5576 quoque
3178 5500 3413 5576 διώρισεν
3435 5503 3654 5572 prohat.

2237 5570 2264 5610 ά
2310 5572 2480 5627 Verba
2507 5583 2554 5625 et
2572 5570 2824 5625 consulite
2848 5574 2900 5625 in
2936 5570 3281 5627 Ambrosianl
3311 5570 3449 5626 cod;
3474 5592 3579 5625 non
3611 5583 3768 5629 sunt.

2166 5645 2229 5772 fit
2261 5645 2621 5716 Symmachus
2642 5643 2864 5716 quidem
2887 5655 2946 5702 et
2970 5644 3121 5714 Vulg.
3151 5644 3376 5699 accedite
3396 5647 3775 5716 interpretum

2197 5732 2278 5773 ur.
