3932 6384
174 363 274 422 M9

673 355 1316 416 COMMENTARIORUSI
1358 353 1425 414 IN
1467 353 1700 416 ISAIAM
1744 355 2174 416 PROPHETAM
2212 357 2348 416 LIB.
2388 358 2530 417 XIII.
2571 358 2730 416 CAP.
2771 357 2957 417 XLVI.

3348 360 3455 421 450

173 479 547 548 Apostolorum
599 485 777 532 autem
832 492 995 532 sonus
1025 519 1040 543 ,
1092 479 1144 532 in
1197 479 1508 532 universum
1562 479 1749 533 orbem
1777 481 1828 541 Ἀ
1858 479 2056 534 dentur
2090 480 2180 550 qui
2220 480 2368 547 prius
2409 481 2555 533 illius
2589 478 2888 549 Evangelio
2924 479 3299 550 repugnabant
3334 495 3349 545 ;
3400 487 3457 535 et

173 575 297 628 exiit
319 614 333 633 ,
363 585 416 625 ct
445 571 598 625 verba
628 586 812 623 eorum
853 584 1022 640 usque
1051 570 1117 622 ad
1151 582 1310 625 terra:
1338 571 1600 624 terminos
1631 586 1754 640 per-

173 663 608 732 venvrnntU’sal.
635 667 814 720 xviii).
845 662 965 716 Non
989 663 1122 723 dixi.
1140 664 1335 734 inquit,
1364 665 1545 719 semini
1564 664 1749 732 Iacob,

169 761 359 828 frustra
372 754 577 826 quaerite
599 770 693 808 me.
719 754 993 810 Οωιοιυιιι
1020 757 1164 811 enim
1192 757 1300 810 illis
1324 771 1482 826 regna
1505 755 1749 825 promisi,

170 859 222 903 et
245 848 466 914 primunt
504 844 570 896 ad
593 859 688 899 eos
713 847 922 900 locutus
945 863 1062 900 sum
1101 865 1112 900 :
1148 846 1267 901 Non
1289 848 1402 901 ueni
1421 847 1520 900 nisi
1547 848 1615 899 ad
1635 863 1750 902 oves

170 939 384 1013 perditas
401 941 577 993 donius
592 936 761 993 Israel
783 938 998 1006 (Matth.
1019 956 1144 1004 xxv,
1159 939 1272 1008 24).
1298 941 1354 996 EI
1386 940 1753 994 idcircolocuo

170 1042 250 1087 tus
273 1047 384 1086 snm
401 1032 663 1098 justitiam
689 1041 742 1087 et
763 1035 1080 1088 annuntiavi
1107 1044 1273 1096 recta,
1300 1035 1415 1089 sire
1436 1036 1749 1101 veritatem,

170 1134 222 1177 ut
253 1123 567 1192 imaginibus
596 1124 754 1194 Legis
773 1135 827 1179 et
856 1125 1203 1180 mercimoniis
1219 1126 1532 1191 derelictis,
1561 1143 1752 1196 seque-

171 1227 347 1270 rentur
371 1215 638 1285 Evangelii
666 1215 975 1271 vetitatem.
1008 1217 1116 1273 Srd
1144 1219 1266 1287 quia
1297 1219 1373 1272 illi
1402 1219 1630 1274 credere
1658 1234 1754 1273 no-

165 1307 391 1374 luerunt,
420 1319 472 1363 et
501 1307 751 1377 indignos
778 1325 838 1365 se
863 1309 1245 1378 judictiverunt
1271 1313 1473 1378 Salute;
1505 1320 1754 1383 propter-

167 1414 222 1454 ea
262 1401 379 1454 dicti
433 1402 724 1470 gentibus:
769 1399 1185 1473 Congregatnini
1229 1404 1296 1458 de
1333 1415 1444 1459 toto
1483 1406 1615 1460 urbe
1647 1423 1662 1470 ;
1700 1415 1755 1461 et

164 1495 333 1550 venite
371 1503 427 1549 et
457 1495 703 1550 accedite
741 1495 808 1550 ad
842 1511 930 1551 me
967 1497 1127 1551 simul
1167 1499 1257 1567 qui
1293 1497 1487 1552 salvari
1525 1500 1656 1552 estis
1685 1513 1753 1553 ex

159 1587 431 1658 gentibus.
466 1586 572 1641 Per
593 1587 736 1656 quod
759 1587 1022 1652 ostendit,
1048 1604 1154 1642 non
1185 1589 1370 1643 statim
1403 1604 1594 1644 omnes
1623 1605 1755 1660 gen-

161 1689 236 1734 tes
261 1695 379 1735 esse
403 1679 743 1749 credituras,
779 1681 872 1736 sed
905 1682 1165 1747 paulatim
1193 1691 1247 1736 et
1283 1698 1380 1750 per
1405 1696 1608 1750 partes.
1647 1684 1750 1738 lle-

155 1772 313 1842 nique
342 1775 586 1843 Corripit
617 1789 711 1828 ens
744 1775 832 1845 qui
865 1774 915 1828 iii
954 1790 1144 1829 errore
1180 1775 1411 1843 pristino
1440 1791 1753 1844 permanse-

1853 573 2237 641 justilicabitur
2277 583 2442 640 atque
2480 571 2784 626 laudabitur
2813 585 2975 625 omne
3015 585 3202 626 semen
3244 569 3451 636 Israel,

1855 679 2084 734 quorum
2137 663 2452 733 przedicatio
2489 671 2545 716 et
2574 663 2838 717 sententis
2876 661 3210 716 fertilissima
3253 663 3307 715 in
3340 671 3454 717 toto

1854 757 1987 810 orbe
2030 757 2340 810 uberrimos
2378 754 2556 810 attulit
2599 755 2827 810 fructus.
2874 755 3002 811 Sive
3039 757 3187 825 juxta
3225 753 3454 825 Septua-

1853 849 1998 918 ginta
2031 847 2209 902 omnis
2251 847 2426 918 lingua
2453 846 2642 915 jnrans
2675 856 2730 902 et
2757 847 3028 901 confitens
3070 847 3239 902 Deum
3260 889 3275 910 ,
3307 847 3454 904 dicet

1853 940 1994 1012 quod
2020 940 2227 1009 justitia
2252 951 2306 993 et
2333 940 2504 1009 gloria
2534 941 2699 994 totius
2725 939 2876 993 orbis
2901 939 2969 995 ad
2993 955 3113 995 enin
3148 946 3327 997 veniat
3353 984 3366 997 .
3399 948 3457 996 et

1853 1033 2255 1088 confundantur
2284 1032 2491 1098 Judaei,
2534 1034 2625 1104 qui
2666 1048 2726 1086 se
2756 1032 2825 1086 ab
2862 1048 2928 1087 eo
2975 1045 3251 1102 separant.
3292 1031 3456 1108 5“

1855 1126 1916 1181 IIi
1941 1137 2119 1182 autem
2151 1127 2240 1194 qui
2271 1126 2338 1178 de
2375 1126 2547 1196 Stirpe
2581 1126 2816 1180 ﬁliorum
2857 1125 3023 1180 Israel
3072 1127 3175 1180 orti
3212 1140 3367 1185 sunt.
3397 1135 3457 1183 et

1853 1221 1943 1289 qni
1975 1220 2044 1274 de
2075 1219 2461 1289 Apostolorum
2488 1219 2698 1275 semine
2731 1219 3154 1288 pnllulavernnt.
3188 1229 3238 1275 et
3272 1219 3456 1276 credi-

1853 1313 2052 1368 derunt
2081 1313 2132 1367 itt
2156 1312 2397 1380 Christo,
2425 1313 2659 1368 habeant
2679 1313 2942 1384 justitiam
2971 1322 3023 1368 et
3047 1310 3275 1384 gloriam
3304 1326 3456 1368 selu-

1857 1407 2153 1479 piternam.

1930 1497 2084 1572 (Cap.
2142 1497 2608 1554 XLVI.—V’ers.
2659 1499 2711 1562 I,
2756 1497 2840 1568 2.)
2873 1496 3182 1559 Confractus
3228 1506 3303 1552 est
3343 1495 3461 1560 Bel,

1855 1594 2102 1646 contritus
2129 1602 2204 1645 est
2230 1591 2379 1646 Nabo
2403 1608 2423 1646 :
2453 1595 2592 1662 facta
2620 1600 2737 1646 sunt
2767 1590 3050 1645 simulacra
3077 1606 3255 1645 eorum
3281 1588 3461 1644 bestiis

1857 1696 1903 1741 et
1923 1687 2197 1758 juinentis,
2235 1701 2395 1740 onera
2418 1694 2584 1739 vestra
2608 1685 2753 1756 gravi
2780 1683 3008 1756 pondere
3032 1700 3187 1754 usque
3211 1686 3277 1736 ad
3307 1681 3463 1737 lassi-

1857 1779 2109 1831 tudinem.
2154 1776 2567 1841 Contabuerunt,
2617 1788 2664 1832 et
2703 1780 2928 1831 contrita
2955 1787 3074 1830 sunt
3105 1777 3310 1830 simul:
3356 1791 3459 1830 non

153 1880 302 1932 rum,
334 1867 540 1921 dieens
576 1885 588 1920 :
624 1867 936 1923 Nescierunt
974 1870 1061 1938 qui
1102 1871 1272 1924 levant
1301 1871 1500 1940 lignum
1529 1868 1638 1942 [ΑΙ.
1681 1873 1753 1924 si-
1784 1882 1833 1944 Β
1860 1884 2133 1943 patuerunt
2170 1873 2376 1927 salvare
2407 1882 2717 1940 portantem,
2752 1880 2799 1924 et
2827 1870 3003 1924 anima
3033 1886 3208 1930 eorum
3251 1869 3303 1920 in
3334 1884 3459 1938 cap-

153 1958 322 2031 gnum]
350 1959 648 2030 sculptura?
671 1975 804 2025 stite,
838 1971 886 2013 et
907 1971 1094 2031 ragont
1129 1961 1292 2017 Deum
1323 1979 1422 2015 non
1448 1965 1751 2017 sulcantem.

155 2049 217 2106 Et
242 2065 321 2104 εει
355 2067 568 2105 sensus
604 2069 616 2104 :
649 2052 764 2106 Non
808 2053 1196 2108 intellexerunt
1233 2069 1518 2109 sermones
1562 2070 1712 2110 uicos
1738 2096 1754 2123 ,

149 2144 571 2200 simulacrorum
626 2143 787 2218 543
834 2161 1054 2200 suorum
1106 2162 1276 2202 onere
1317 2147 1658 2217 praagravati,
1700 2156 1756 2203 et

147 2251 434 2307 sperantes
486 2241 537 2291 in
574 2239 679 2302 eis,
730 2255 780 2291 in
824 2239 1021 2307 quibus
1059 2240 1204 2294 nulla
1245 2248 1328 2295 est
1377 2239 1548 2294 salus.
1602 2237 1756 2295 Unde

149 2331 424 2401 Apostolis
480 2332 811 2401 praecipitur,
845 2343 900 2386 ut
940 2344 1266 2402 opportune,
1309 2333 1621 2403 importune
1661 2349 1758 2388 au—

152 2423 397 2479 nuntient
422 2422 724 2477 Veritatem
756 2427 772 2490 (
809 2423 851 2478 II
877 2422 1013 2480 Titii.
1039 2427 1139 2495 tv),
1173 2433 1228 2480 et
1256 2425 1439 2480 ineant
1467 2427 1755 2481 consilium

151 2517 334 2572 salutis
366 2517 647 2588 gentium.
683 2517 796 2571 I‘loc
819 2526 1025 2584 autem,
1059 2519 1108 2572 id
1138 2529 1244 2582 est,
1273 2529 1330 2572 ut
1358 2504 1760 2590 congregaren-

157 2619 241 2665 tur
263 2623 317 2665 et
339 2609 606 2664 vet-irent
636 2625 702 2664 ex
729 2609 984 2680 gentibus
1014 2609 1233 2679 plurimi
1273 2611 1362 2682 qni
1389 2613 1756 2675 Salvarentur.

156 2707 220 2758 ab
249 2705 409 2759 initio
464 2703 678 2758 locutus
705 2716 784 2757 εει
814 2703 990 2768 Dens,
1025 2717 1078 2758 et
1107 2714 1427 2758 cunctorum
1461 2704 1760 2774 Propheta-

151 2812 266 2852 rum
300 2815 397 2853 ora
425 2798 783 2863 ci-cinerunt,
816 2798 908 2869 qni
941 2813 1198 2853 sermone
1230 2798 1437 2852 Domini
1466 2800 1760 2870 loqueban-

154 2899 260 2955 tur,
293 2903 504 2962 prieter
540 2907 702 2962 quem
742 2893 921 2945 nullus
950 2903 1033 2946 est
1069 2890 1229 2945 alius.
1266 2889 1436 2944 Filius
1466 2892 1610 2945 enim
1654 2905 1760 2946 non

155 2985 360 3053 absque
392 2999 463 3040 eo
490 3023 507 3049 ,
539 2984 632 3037 sed
667 2984 718 3036 in
749 2996 816 3037 eo
862 2983 1003 3036 Deus
1032 2992 1137 3035 est.
1169 2980 1511 3050 l’ulchrcque
1547 2981 1760 3051 jungit:

153 3074 294 3130 Deus
321 3079 538 3149 justus.
571 3089 910 3145 nequaquam
943 3074 1104 3127 unius
1130 3075 1341 3144 gentis,
1379 3073 1473 3126 sed
1517 3072 1763 3128 universi

151 3171 361 3231 mundi.
391 3172 481 3226 coi
504 3173 742 3241 loquitur
763 3188 776 3223 :
799 3167 1251 3225 Conrertimiiiiad
1270 3184 1369 3232 me,
1385 3177 1434 3222 et
1454 3167 1583 3221 salvi
1602 3168 1760 3234 eritis,

1858 1966 2105 2019 tivitarem
2135 1964 2245 2018 ibit.
2278 1963 2420 2018 LXX
2450 1982 2463 2016 :
2496 1960 2690 2017 Cecidit
2712 1961 2827 2024 Bel.
2859 1961 3107 2015 contritus
3137 1968 3211 2014 est
3234 1956 3419 2033 Dagon
3441 1973 3462 2013 :

1857 2059 1998 2129 facta
2026 2069 2144 2112 sunt
2166 2057 2433 2117 sculptilia
2464 2072 2644 2110 eorum
2673 2055 2726 2107 in
2764 2054 2950 2108 bestius
2977 2063 3024 2106 et
3045 2055 3312 2125 jumenta,
3340 2065 3462 2118 por-

1859 2149 1977 2203 tatis
2004 2165 2064 2202 ea
2104 2148 2352 2222 colligata
2390 2150 2541 2219 quasi
2581 2163 2712 2201 onus
2753 2144 3052 2210 laboranti,
3101 2153 3150 2198 et
3175 2141 3459 2208 deﬁcienti,

1859 2252 1904 2297 et
1933 2243 2208 2307 esurienti,
2260 2258 2354 2296 nec
2388 2240 2688 2310 prwralenti
2718 2239 2873 2293 simul
2899 2281 2914 2303 ,
2950 2237 3038 2310 qui
3079 2254 3180 2291 non
3222 2241 3462 2306 poterunt

1859 2335 2061 2391 salvare
2089 2337 2154 2388 de
2183 2335 2315 2389 bello
2348 2351 2366 2388 :
2396 2334 2498 2402 ipsi
2527 2341 2698 2387 autem
2725 2331 2911 2402 captivi
2937 2329 3079 2383 ducti
3101 2337 3242 2383 sunt.
3273 2325 3302 2366 δ
3331 2326 3464 2382 Post

1861 2437 2205 2484 vocationem
2243 2429 2522 2499 gentium,
2565 2433 2622 2480 et
2650 2425 2974 2480 electionem
3012 2421 3354 2477 credentium
3395 2434 3464 2474 ex

1860 2522 2051 2590 Israel,
2081 2524 2222 2577 idola
2252 2523 2529 2578 corruisse
2558 2529 2810 2575 testatur.
2836 2517 3069 2581 Cecidit.
3101 2515 3320 2591 cecidit.
3349 2514 3467 2569 sive

1861 2615 2174 2670 confractus
2202 2625 2288 2670 eSt
2329 2613 2422 2668 Bel
2453 2629 2468 2670 :
2501 2628 2664 2682 quem
2703 2597 2886 2667 Graeci
2912 2610 3119 2673 Belum,
3155 2608 3331 2664 Latini
3361 2604 3462 2662 Sa-

1864 2720 2082 2764 turnum
2113 2717 2334 2764 vocant.
2361 2705 2529 2777 Cujus
2567 2713 2717 2761 tanta
2761 2703 2866 2758 fuit
2904 2701 3045 2772 apud
3074 2714 3292 2757 veteres
3329 2698 3462 2754 reli-

1862 2805 1977 2874 gio,
2013 2814 2069 2857 ut
2101 2803 2152 2859 ei
2188 2819 2294 2857 non
2331 2804 2508 2856 solum
2551 2801 2820 2856 humanas
2862 2797 3070 2853 hostias
3110 2796 3459 2865 captivorum

1865 2896 2295 2966 ignobiliumqne
2324 2897 2663 2957 mortalium,
2691 2891 2787 2948 Sed
2817 2903 2872 2948 et
2901 2905 3031 2946 suos
3065 2901 3087 2928 °
3120 2890 3329 2945 liberos
3361 2888 3466 2942 im-

1865 2993 2159 3042 molarent.
2208 2986 2359 3041 Nubo
2390 2996 2572 3040 autem
2613 2997 2669 3041 et
2708 2986 2891 3056 ipsum
2934 2983 3140 3037 idolum
3172 2989 3280 3046 est,
3321 2977 3468 3051 quod

1868 3080 2268 3148 interpretatur
2321 3081 2594 3151 prophetia
2647 3091 2701 3134 et
2761 3078 3060 3142 divinatio,
3106 3091 3272 3148 quam
3342 3081 3469 3144 post

1870 3172 2153 3242 Evangelii
2192 3171 2478 3226 veritatem
2519 3173 2570 3224 in
2605 3177 2721 3224 toto
2748 3170 2883 3223 orbe
2916 3171 3249 3223 coiiticuisse
3288 3165 3464 3238 signi-

149 3280 327 3319 omnes
356 3263 495 3333 ﬁnes
513 3273 688 3329 terrai;
713 3263 939 3332 impleto
965 3262 1060 3315 iIIO
1082 3261 1401 3332 qnodl’ater
1425 3260 1561 3315 FIIIO
1578 3274 1765 3327 ΓΘΡΙὊ·
1793 3275 1839 3339 C
1873 3269 2019 3324 ﬁgat,
2063 3267 2215 3332 Sive,
2255 3266 2407 3335 juxta
2670 3263 2874 3334 Dagon,
2916 3264 3008 3333 qui
3059 3273 3237 3316 [amen
3269 3262 3321 3313 in
3361 3259 3466 3315 ﬂe.

149 3360 304 3413 misit
339 3375 352 3410 :
392 3355 619 3410 Postula
645 3374 675 3409 a
699 3371 800 3421 me,
833 3367 878 3410 et
910 3355 1042 3409 dabo
1075 3355 1166 3409 tibi
1211 3363 1383 3426 gentes
1409 3351 1762 3407 hwreditatem

147 3462 327 3516 tuam,
371 3461 422 3504 et
457 3451 827 3520 possessionem
858 3459 996 3502 tuam
1025 3450 1272 3503 terminos
1323 3456 1474 3501 terra:
1501 3444 1675 3518 (Paul.
1705 3461 1762 3510 tt,

150 3543 226 3615 8).
259 3543 544 3611 Juratqne
578 3556 672 3610 per
699 3543 1089 3612 setlietipsnnt,
1147 3541 1403 3610 quoniam
1429 3547 1455 3576 δ
1495 3544 1764 3594 sententia

153 3637 262 3691 oris
287 3634 402 3692 sui.
441 3641 499 3688 et
526 3633 749 3687 verbum
777 3634 920 3702 quod
950 3632 1172 3702 protulit
1200 3632 1368 3687 semel
1401 3646 1566 3699 super
1589 3631 1766 3685 salute

152 3733 426 3802 gentium.
477 3743 820 3796 nequaquam
857 3729 1067 3781 irritum
1114 3729 1241 3786 liat;
1274 3725 1367 3780 sed
1411 3724 1765 3794 repromissio

153 3823 274 3894 ejus
296 3837 477 3890 opere
509 3821 868 3890 compleatur,
895 3819 1129 3874 dicentis
1159 3833 1319 3887 supra
1348 3836 1360 3872 :
1398 3815 1765 3872 Conrertimini

156 3916 223 3969 ad
252 3934 356 3983 me,
389 3927 439 3971 et
464 3915 596 3970 solvi
636 3915 801 3980 eritis,
841 3929 1020 3967 omnes
1047 3913 1178 3984 ﬁnes
1204 3923 1372 3966 teme.
1403 3912 1552 3967 Jurat
1582 3925 1762 3964 autem

156 4009 468 4065 secundum
499 4008 818 4075 Apostolutn
847 4004 1036 4078 (Hebr.
1061 4015 1161 4074 vt),
1194 4016 1249 4059 iit
1273 4021 1370 4075 per
1395 4004 1528 4058 duas
1552 4020 1639 4058 ros
1662 4005 1765 4058 imo

153 4103 390 4158 mobiles
414 4144 432 4168 ,
475 4103 531 4156 in
563 4101 757 4171 quibus
794 4098 1132 4167 impossibile
1186 4113 1265 4153 εει
1300 4096 1520 4152 mentiri
1563 4096 1765 4160 Deum,

154 4193 372 4251 ﬁrmam
407 4195 849 4250 consolationem
889 4191 1224 4254 habeamus;
1258 4189 1354 4244 si-d
1385 4201 1435 4242 et
1469 4187 1572 4241 hoc
1595 4191 1766 4254 jnrat,

153 4291 298 4359 quod
339 4290 516 4344 idolis
549 4287 860 4350 dero-lictis,
898 4300 1061 4341 omne
1099 4299 1239 4354 genu
1278 4284 1326 4336 ei
1353 4282 1632 4343 ﬂectatur,
1659 4294 1769 4337 cte-

156 4381 406 4450 lcsdnm,
449 4381 837 4442 terrestrium,
871 4387 926 4433 et
965 4377 1303 4432 inl'ernorum
1329 4415 1344 4436 ,
1377 4388 1430 4430 et
1469 4371 1647 4428 omnis
1677 4387 1772 4439 per

158 4475 309 4531 illum
355 4479 519 4545 jutet
568 4476 748 4545 lingua
803 4472 1109 4528 mortalium
1151 4468 1412 4542 (Philipp.
1455 4466 1538 4537 tt).
1577 4466 1631 4520 Iit
1665 4481 1771 4537 quo

158 4571 463 4642 perspicue
489 4570 829 4638 Signiﬁcainr
853 4567 1083 4638 populus
1109 4564 1468 4619 christianos.
1501 4560 1664 4615 Moris
1691 4568 1774 4613 est

1869 3361 2054 3416 braico
2085 3377 2189 3414 non
2215 3360 2468 3413 habetur.
2502 3357 2568 3413 Et
2595 3365 2680 3411 est
2708 3357 2908 3409 idolum
2939 3355 3252 3418 Ascalonis,
3279 3351 3465 3418 Gazae,

1868 3466 1923 3512 et
1981 3455 2312 3525 reliquarum
2367 3452 2588 3506 urbium
2622 3446 2977 3504 Philisthiim.
3039 3447 3102 3500 Et
3151 3461 3182 3500 a
3229 3442 3460 3512 Speciali

1867 3550 2067 3604 transit
2121 3548 2187 3600 ad
2227 3545 2534 3617 generale:
2578 3542 2750 3596 Facta
2794 3553 2914 3595 sunt
2958 3540 3243 3593 simulacra
3290 3551 3467 3591 eorum

1869 3640 2045 3695 bestiis
2076 3642 2176 3711 etj
2217 3638 2421 3692 mentis.
2470 3635 2587 3691 Non
2619 3651 2726 3704 quo
2757 3633 3048 3688 simulacra
3079 3628 3365 3699 gentilium
3409 3626 3466 3683 in

1868 3733 2107 3803 praedam
2161 3731 2459 3785 besnarnm
2504 3737 2556 3783 et
2595 3725 2974 3798 joiuentmum
3019 3721 3267 3792 esposita
3310 3721 3462 3774 sint:

1865 3829 1962 3887 sed
1991 3843 2098 3897 quo
2131 3826 2329 3896 religio
2352 3823 2657 3887 nationum,
2687 3821 2978 3876 simulacra
3010 3816 3121 3873 sint
3143 3817 3464 3882 bestiarum,

1866 3929 1923 3976 et
1954 3921 2234 3975 brutorutn
2279 3914 2660 3979 animantium,
2698 3929 2819 3983 quae
2857 3909 3091 3965 maxime
3135 3909 3188 3961 in
3227 3904 3468 3977 Egypto

1867 4012 2054 4067 divino
2093 4010 2262 4066 cultui
2310 4017 2627 4063 consecrata
2666 4016 2812 4062 sunt.
2856 4003 2934 4059 De
2968 4000 3166 4072 quibus
3207 3997 3468 4069 Virgilius

1870 4104 2112 4177 (.IEneid.
2151 4119 2263 4169 viti,
2303 4102 2431 4173 698)
2464 4120 2478 4156 :

1933 4239 2364 4301 Omnigeuumque
2388 4236 2539 4287 deum
2563 4241 2802 4295 monstra,
2828 4238 2878 4282 et
2904 4231 3110 4282 latrator
3133 4227 3345 4281 Anubis.

1947 4365 2080 4420 Nam
2113 4374 2167 4419 et
2200 4363 2459 4433 pleraque
2486 4360 2682 4433 Oppida
2721 4375 2913 4415 eorum
2952 4373 3019 4415 es
3058 4358 3256 4414 bestiis
3297 4365 3354 4414 et
3386 4356 3477 4428 ju-

1875 4456 2073 4510 mentis
2109 4455 2307 4510 habent
2341 4455 2558 4508 ttulititta
2588 4495 2602 4513 .
2636 4462 2798 4509 κυνῶν
2825 4472 2852 4505 :I
2883 4470 3043 4515 cane,
3069 4455 3190 4508 λέων
3228 4469 3256 4506 a
3283 4453 3430 4507 leone
3457 4467 3476 4506 .‘

1873 4550 2052 4620 θμοῦίς
2081 4547 2261 4616 lingua
2287 4544 2534 4615 Egyptta
2566 4546 2634 4600 ali
2665 4545 2837 4610 hirco,
2870 4547 3032 4600 λύκων
3063 4560 3094 4600 a
3123 4545 3281 4614 lupo,
3310 4555 3370 4599 ut
3400 4553 3480 4598 ta-

166 4635 312 4717 eniui
357 4635 730 4719 ecclesiastiri
761 4635 979 4714 Christo
1001 4671 1158 4727 ‘genu
1201 4656 1457 4711 ﬂectere:
1497 4653 1640 4723 quod
1682 4651 1777 4706 Ju-
1803 4664 1856 4724 ι)
1879 4655 2031 4696 ceam
2061 4638 2130 4693 de
2177 4637 2530 4727 tortmdoloso
2556 4644 2613 4690 et
2649 4636 2899 4691 horribili
2925 4653 3089 4707 ci'pe.
3129 4647 3186 4693 et
3208 4635 3236 4675 ⁴¹
3265 4638 3478 4702 οιθνίιυ

163 4753 289 4819 ἀειοὶ.
324 4755 533 4810 mentis
565 4751 878 4824 superbiam
921 4751 1391 4811 demonStranies,
1416 4743 1638 4803 omnino
1669 4757 1773 4798 non

168 4847 403 4904 faciunt.
456 4845 569 4902 Sed
610 4856 664 4902 et
711 4843 891 4901 omnis
934 4843 1116 4909 lingua
1171 4848 1485 4895 cunctarum
1534 4835 1775 4910 gentium

167 4936 552 4999 barbararum.
591 4952 695 4992 n0n
731 4937 782 4991 itt
815 4934 1122 5008 synztgogis,
1153 4933 1244 4988 sed
1272 4932 1324 4988 iti
1351 4931 1554 4987 Christi
1588 4931 1777 4986 Eccle-

169 5031 264 5086 siis
289 5033 594 5088 comitetur
626 5032 817 5086 Deum.
849 5028 1039 5084 Omnis
1068 5037 1251 5080 autem
1286 5024 1464 5094 lingua
1493 5022 1770 5078 Clit-istum

172 5126 442 5180 conlitens
465 5165 482 5191 ,
519 5125 570 5177 iti
608 5122 838 5176 Domino
866 5122 1150 5189 loquetur,
1190 5125 1246 5171 et
1271 5115 1413 5170 dicet
1442 5133 1453 5168 :
1493 5114 1629 5169 Mea:
1663 5123 1783 5170 sunt

163 5217 430 5285 justitiw,
484 5223 541 5270 et
585 5231 763 5270 meum
806 5222 892 5269 est
940 5209 1252 5282 imperium,
1295 5223 1402 5263 non
1446 5209 1630 5277 populi
1678 5209 1776 5263 Ju-

173 5305 446 5364 dzeornm.
478 5307 563 5362 Ad
589 5323 712 5363 eum
737 5316 944 5362 cunctis
973 5313 1163 5376 gentes
1192 5303 1437 5367 venient,
1466 5307 1523 5356 et
1551 5298 1780 5355 confun-

248 5476 274 5503 ιι
315 5467 482 5522 Unus
524 5466 872 5522 Ambrosian.
907 5483 920 5519 :
961 5463 1216 5520 sententia
1259 5462 1363 5517 oris
1391 5462 1490 5515 mei
1528 5461 1591 5514 de
1615 5459 1787 5524 verba,

179 5536 520 5610 quodiseine‘l
563 5539 776 5610 protuli.
811 5549 918 5610 t-tc.

253 5609 278 5645 δ
322 5609 446 5664 Duo
481 5602 850 5668 Atiiltrosiani,
893 5606 1276 5675 Consequenter
1317 5613 1428 5674 post
1474 5602 1791 5658 vocationem

175 5695 412 5752 gentium
443 5696 476 5752 :7
503 5693 555 5735 et
582 5696 705 5734 mox
726 5723 741 5752 ,
759 5680 914 5752 idola
948 5677 1266 5752 desfrua'isse
1296 5684 1532 5752 testatur.

257 5763 279 5790 ο
322 5751 536 5805 Confer
560 5751 983 5817 Tertttllizittunt,
1003 5750 1293 5820 Apttltiget.
1321 5762 1373 5802 c.
1399 5747 1432 5802 9
1460 5763 1478 5812 ,‘
1502 5744 1792 5800 Minucium

181 5836 411 5892 quoque
442 5820 706 5892 Felicem,
735 5833 794 5874 ut
827 5821 985 5892 alios
1016 5834 1360 5892 praeteream.

256 5888 284 5929 δ
315 5883 456 5949 Ἠιιε
477 5883 768 5949 referenda
798 5901 925 5949 sunt
942 5883 1162 5950 Minucii
1189 5889 1390 5949 Felicis
1413 5887 1580 5947 verba
1607 5886 1666 5944 in
1689 5883 1792 5942 0c-

1879 4732 2084 4788 ventris
2114 4727 2301 4792 inﬂati,
2341 4742 2463 4798 qme
2497 4726 2777 4783 Pelusiaca
2819 4727 3012 4799 religio
3051 4741 3156 4784 est.
3207 4729 3364 4792 Haec,
3395 4729 3480 4783 in-

1879 4831 2029 4901 quit,
2059 4826 2348 4882 sitnulacra
2385 4840 2507 4896 qua:
2535 4838 2641 4878 non
2672 4831 2896 4892 possunt
2918 4823 3136 4877 salvare
3169 4831 3478 4891 portantes,

1880 4923 2018 4980 nihil
2044 4931 2175 4977 sunt
2206 4921 2350 4976 aliml
2385 4918 2493 4975 nisi
2513 4934 2677 4974 onera
2711 4916 3080 4980 sacerdotum,
3102 4915 3265 4990 54⁵
3292 4913 3482 4986 depri-

1886 5017 2086 5074 mcntia
2117 5031 2216 5072 eos
2245 5031 2420 5086 usque
2448 5014 2514 5068 ad
2549 5011 2954 5068 lassitudinem.
2992 5010 3124 5080 Qua:
3152 5027 3277 5066 cum
3312 5011 3484 5083 capti-

1885 5113 2027 5167 vitas
2052 5111 2284 5175 renerii,
2309 5123 2408 5176 pro
2435 5107 2614 5176 pretio
2635 5103 3001 5170 metallorum,
3025 5105 3095 5160 de
3118 5103 3317 5177 quibus
3339 5101 3486 5159 facta

1882 5215 2030 5270 sunt,
2058 5204 2335 5256 ducuntur
2365 5199 2540 5269 prima
2564 5197 2804 5268 captiva,
2835 5208 2892 5254 et
2916 5198 3153 5252 animam
3182 5214 3335 5254 suam
3367 5200 3486 5252 sive

1879 5294 2238 5368 portantium,
2271 5292 2508 5346 liberare
2539 5305 2648 5346 non
2677 5297 2924 5361 possunt.
2957 5288 3074 5345 Non
3105 5305 3215 5360 quo
3237 5300 3384 5345 muta
3409 5288 3486 5342 si—

1896 5455 2064 5516 tavio,
2101 5469 2149 5509 c.
2181 5454 2252 5508 28
2281 5469 2301 5508 :
2334 5451 2502 5506 Iidem
2528 5450 2772 5522 /Egyptt'i
2797 5468 2913 5504 cum
2940 5452 3205 5522 plerisque,
3233 5451 3492 5508 vobiscum

1898 5527 1961 5592 (ἲ.
1995 5534 2218 5580 vestrum
2260 5526 2310 5576 id
2341 5536 2420 5578 est
2452 5519 2738 5585 Romanis)
2765 5537 2867 5593 non
2897 5519 3062 5593 magis
3093 5519 3308 5593 Isidem,
3338 5539 3494 5593 quam

1898 5589 2138 5670 ceparum
2187 5594 2501 5649 acrimonias
2542 5601 2794 5670 metuunt.
2843 5591 2953 5670 Nec
2986 5589 3305 5656 Serapidem
3333 5589 3496 5670 magis

1896 5662 2047 5740 quam
2077 5670 2321 5740 strepitus
2350 5682 2439 5740 per
2466 5662 2710 5740 pudenda
2738 5662 2968 5740 corporis
2997 5677 3264 5740 expressos
3293 5662 3496 5740 treiii'i's-

1897 5732 2039 5797 cuiit.
2068 5732 2359 5804 'I‘ne'tqihil.
2370 5737 2437 5792 ad
2458 5735 2764 5790 Antolicnni
2782 5732 2880 5790 lib.
2913 5748 2931 5789 ι
2958 5748 2972 5786 :
3005 5732 3178 5804 ἤχους
3205 5737 3491 5809 αἰσχύνης,

1897 5829 2052 5869 sonos
2081 5809 2443 5884 turpitudinis,
2483 5815 2659 5864 vocat.
