3932 6312
533 222 638 287 δι

1782 214 1842 271 8.
1878 206 2161 273 886E311
2199 207 2580 273 HIERONYMI

3715 212 3812 280 ιω

533 337 780 395 mulacra
807 334 1049 391 habeant
1085 330 1323 386 anlmam
1352 334 1410 384 et
1441 327 1678 400 allquem
1725 341 1948 384 sensum
1979 326 2134 382 dolo-
2161 346 2212 410 Α
2238 330 2394 401 ponit
2422 328 2659 384 animam
2698 337 2852 383 suam
2878 336 2979 396 pro
3007 321 3200 381 ovibus
3224 320 3338 380 suis
3377 321 3571 395 (Jo‘an.
3599 324 3693 397 ι).
3719 327 3810 395 Qui

537 433 634 497 ris,
662 445 784 503 qua}
833 424 1178 484 insensibilia
1225 432 1355 479 sunt
1381 439 1397 489 ;
1425 421 1523 478 sed
1553 437 1664 493 quo
1692 428 2136 498 καταχρηστικῶς

535 532 765 578 vocetur
789 520 995 585 anima,
1035 529 1090 573 et
1121 516 1365 573 membra
1408 530 1596 571 earum
1633 531 1817 570 rerum
1853 529 1972 585 quae
2010 515 2139 568 abs-

533 633 640 690 que
681 630 849 672 sensu
888 621 946 670 et
977 611 1240 668 membris
1275 619 1423 666 sunt.
1454 609 1718 679 Alioquin
1741 615 1797 664 et
1827 605 1881 664 in
1901 606 2138 662 Prover-

534 711 637 767 biis
674 707 878 780 legitur
901 724 922 759 ς
955 702 1026 759 1η
1050 719 1207 759 manu
1231 703 1460 775 linguae,
1489 716 1627 754 mors
1656 710 1703 752 et
1745 699 1868 754 vita.
1906 697 2000 753 Vel
2034 697 2138 752 hoc

533 801 866 866 dicendum,
911 799 1055 871 quod
1105 797 1489 867 gravissimum
1534 809 1674 850 onus
1731 793 1784 848 in
1832 791 2090 862 gentibus
2119 829 2135 857 ,

532 911 690 956 error
709 894 874 952 fuerit
900 891 1246 956 idololatria,
1278 904 1400 960 qua:
1431 887 1677 944 cultores
1707 901 1835 942 suos
1857 884 2135 955 deprime-

532 988 625 1046 bat
665 988 730 1042 ad
769 997 995 1052 terram,
1031 993 1086 1040 et
1129 983 1345 1038 salvare
1383 996 1496 1036 non
1534 988 1778 1052 poterat,
1815 978 2138 1047 animasque

533 1098 723 1141 eorum
745 1079 983 1137 faciebat
1011 1077 1230 1133 diabolo
1258 1085 1314 1132 et
1333 1075 1679 1132 daemonibus
1706 1088 1830 1129 esse
1866 1072 2130 1142 captivas.

613 1174 918 1248 (Vers.i,5
952 1170 1135 1243 seqq.)
1162 1171 1356 1226 Audite
1369 1186 1470 1237 me,
1492 1168 1676 1223 domus
1700 1165 1891 1233 Iacob,
1920 1173 1964 1219 et
1990 1178 2140 1218 omne

532 1268 801 1323 residuum
841 1267 1023 1320 domus
1069 1263 1260 1330 Israel,
1307 1263 1395 1333 qui
1437 1261 1716 1330 portamini
1753 1276 1785 1311 a
1825 1274 1938 1312 meo
1970 1269 2132 1323 utero,

533 1361 622 1431 qui
651 1359 920 1429 gestamini
963 1374 994 1411 tt
1034 1373 1147 1412 mea
1192 1356 1363 1412 vulva.
1419 1352 1596 1426 Usque
1644 1353 1712 1406 ad
1752 1359 2013 1406 senectam
2041 1366 2136 1420 ego

529 1455 666 1527 ipse,
691 1462 747 1508 et
787 1467 951 1523 usque
990 1450 1057 1505 ad
1086 1466 1244 1504 canos
1275 1464 1368 1522 ego
1395 1445 1611 1516 portabo
1635 1461 1654 1500 :
1685 1461 1776 1515 ego
1813 1444 1939 1516 feci,
1969 1452 2017 1496 et
2045 1459 2136 1514 ego

527 1550 701 1619 feram
723 1563 742 1600 .'
771 1564 863 1620 ego
887 1543 1134 1618 portabo,
1179 1553 1227 1597 et
1269 1541 1498 1596 salvabo.
1534 1536 1631 1595 Cui
1677 1536 2003 1592 assitnilastis
2033 1551 2133 1600 me,

531 1649 585 1696 et
613 1638 927 1710 aquuastis
954 1647 1002 1690 et
1032 1636 1370 1707 comparastis
1415 1649 1514 1698 me,
1560 1641 1606 1688 et
1637 1631 1834 1704 fecistis
1874 1627 2138 1683 similem?

2243 433 2427 478 autem
2477 419 2852 476 mercenarius
2877 425 2983 485 est,
3016 415 3169 486 cujus
3205 431 3316 474 non
3351 427 3473 472 sunt
3514 432 3665 486 oves,
3701 435 3808 476 cum

2239 518 2438 574 viderit
2454 516 2660 588 lupum,
2679 513 2840 586 fugit.
2871 513 3005 581 Quia
3025 512 3191 585 igitur
3219 513 3320 568 feci
3343 521 3399 566 et
3413 513 3582 584 genui
3605 513 3806 583 liberos,

2239 626 2342 681 ego
2377 612 2544 666 feram
2589 619 2646 665 et
2685 609 2804 680 ipse
2831 606 3080 678 portabo.
3127 607 3288 664 Juxta
3337 605 3689 678 Septuaginta
3733 610 3808 680 qui

2235 704 2540 762 dixerunt:
2577 702 2681 770 Qui
2718 700 3004 773 portamini
3031 715 3099 754 ea:
3139 709 3312 767 utero,
3359 709 3407 756 et
3449 699 3720 754 erudimiai
3755 702 3807 757 ab

2238 798 2466 870 infantia
2510 813 2671 867 usque
2709 796 2777 850 ad
2821 803 3154 859 senectutem.
3195 793 3307 849 hoc
3351 793 3646 865 signiﬁcat,
3683 797 3805 868 quod

2239 889 2440 946 frustra
2479 889 2653 959 legem
2682 887 2776 943 Dei
2807 886 2896 943 die
2921 901 2989 942 ac
3003 895 3169 942 nocte
3201 885 3559 952 ntediteutur,
3595 903 3698 942 non
3732 887 3809 942 lia-

2241 983 2434 1040 bentes
2483 980 2730 1038 notitiam
2779 979 2907 1048 Dei,
2951 979 3049 1036 sed
3100 978 3386 1035 hominum
3422 993 3493 1036 ac
3531 979 3806 1036 bestiarum

2235 1078 2536 1136 simulacra
2565 1085 2891 1133 venerantes
2918 1073 3228 1130 :intantum
3271 1083 3334 1128 ut
3372 1075 3718 1144 correptione
3741 1076 3809 1130 iu-

2239 1171 2461 1242 digeaut
2492 1167 2822 1240 prophetali,
2851 1182 2953 1238 per
2979 1181 3145 1238 quam
3165 1166 3413 1238 loquitur
3434 1165 3508 1221 ad
3535 1180 3633 1222 eos
3653 1167 3806 1222 Deus:

2239 1264 2336 1321 Cui
2378 1262 2707 1318 assimilastis
2737 1277 2838 1323 me.
2876 1269 2925 1316 et
2951 1260 3262 1330 adaequatis
3284 1261 3307 1313 ?
3333 1266 3392 1314 et
3405 1259 3619 1329 reliqua
3644 1278 3658 1313 ε
3687 1260 3810 1331 quod

2235 1373 2428 1414 aurum
2469 1364 2863 1426 argentumque
2895 1353 3253 1420 contulerint,
3295 1361 3357 1408 et
3400 1353 3673 1411 conducto
3707 1362 3806 1409 stac

2243 1451 2422 1506 tuario
2451 1449 2682 1505 fecerint
2705 1447 2870 1515 idola,
2905 1457 2958 1503 et
2999 1445 3353 1502 adoraverint
3385 1460 3555 1516 opera
3581 1461 3810 1502 manium

2239 1559 2480 1611 suarum,
2521 1555 2643 1612 quat
2688 1548 2976 1611 portentur
3021 1538 3287 1606 humeris,
3317 1547 3378 1594 et
3421 1538 3639 1593 conlisa
3669 1546 3810 1609 atque

2237 1638 2478 1695 stabilita
2519 1652 2579 1690 se
2609 1651 2719 1690 non
2766 1635 2982 1690 valeant
3016 1646 3387 1698 commovere,
3433 1647 3543 1688 nec
3581 1631 3812 1700 prodesse

533 1733 641 1802 Qui
684 1731 932 1802 confertis
972 1745 1159 1784 aurum
1187 1727 1252 1783 de
1292 1727 1526 1791 sacculo,
1567 1733 1617 1778 et
1642 1731 1910 1796 argentum
1945 1729 2138 1774 statera
2165 1748 2216 1808 Β
2242 1730 2326 1786 his
2357 1747 2384 1783 ει
2408 1730 2611 1800 quibus
2641 1729 2920 1784 ωιυηιυιι,
2963 1725 3245 1782 “anile-sta
3295 1724 3738 1790 transcurrimus,
3760 1732 3812 1781 ut

529 1826 858 1900 pandemus,
885 1823 1225 1878 conducentss
1253 1821 1546 1890 auriﬁcem,
1577 1827 1633 1872 ut
1661 1819 1820 1888 faciat
1853 1816 2057 1871 Deum:
2089 1825 2138 1870 et

533 1920 813 1990 procidunt
855 1927 903 1971 et
943 1918 1192 1971 adorant.
1227 1914 1448 1968 Portant
1479 1914 1631 1968 illum
1673 1913 1726 1967 in
1773 1911 2022 1976 humeris,
2052 1925 2139 1984 ge-

535 2018 732 2065 stantes
757 2019 811 2066 ιι
849 2018 1100 2078 ponentes
1125 2009 1179 2061 in
1207 2005 1322 2060 loco
1349 2022 1466 2071 suo,
1517 2012 1568 2060 et
1606 2003 1778 2072 stabit,
1824 2020 1884 2058 ac
1919 2003 1985 2057 de
2024 2003 2139 2056 loco

531 2119 628 2157 suo
653 2117 753 2156 non
776 2097 1077 2154 movebitur.
1114 2098 1221 2154 Sed
1248 2114 1363 2152 cum
1386 2095 1720 2150 clamaverint
1766 2094 1836 2147 ad
1865 2111 2002 2159 eum,
2035 2110 2140 2148 non

531 2192 745 2249 audiet:
767 2192 832 2248 de
857 2191 1194 2246 tribulatione
1220 2207 1325 2244 non
1351 2187 1570 2242 salrabit
1597 2204 1706 2242 eos.
1729 2185 1880 2242 LXX
1906 2203 1920 2240 :
1949 2187 2140 2264 _Audite

536 2300 638 2352 me,
666 2283 855 2338 domus
884 2280 1070 2352 Jacob,
1104 2292 1150 2335 et
1172 2297 1348 2336 omnes
1369 2280 1603 2352 reliquid:
1633 2278 1804 2334 Israel
1845 2279 1934 2346 qui
1959 2287 2140 2348 porta-

539 2376 668 2430 mini
694 2376 758 2429 de
782 2386 948 2441 utero,
975 2383 1022 2428 et
1045 2374 1321 2428 erudimint'
1347 2390 1380 2428 a
1402 2373 1618 2444 parvulo
1644 2389 1802 2444 usque
1823 2373 1891 2426 ad
1908 2381 2139 2426 senectu-

533 2479 650 2525 tem.
699 2467 814 2542 Ego
855 2484 993 2533 sum,
1018 2478 1065 2522 et
1096 2466 1260 2521 donec
1285 2469 1564 2521 senescatis
1589 2482 1684 2540 ego
1709 2482 1823 2520 sum
1862 2480 1880 2518 :
1903 2481 1998 2537 ego
2023 2481 2139 2520 sus-

533 2561 670 2614 tineo
709 2575 797 2613 nos
824 2575 842 2614 :
870 2574 964 2630 ego
994 2557 1114 2628 feci,
1143 2567 1191 2611 et
1233 2573 1329 2629 ego
1370 2555 1587 2625 portabo
1633 2571 1651 2609 :
1683 2571 1780 2628 ego
1828 2556 2134 2627 suscipiam,

535 2662 584 2709 et
605 2649 775 2706 salvos
805 2666 889 2702 vos
915 2649 1126 2717 faciam.
1158 2647 1257 2702 Cui
1284 2647 1616 2700 assimilastis
1642 2663 1721 2702 me
1745 2646 1770 2699 ἒ)
1807 2645 2008 2713 Videte,
2043 2663 2135 2700 ex-

537 2746 756 2816 cOgitate
783 2743 872 2812 qui
915 2741 1098 2796 erratis
1127 2750 1177 2796 et
1215 2742 1463 2812 confertis
1493 2758 1678 2795 aurum
1710 2740 1774 2794 de
1813 2741 2040 2807 sacculo,
2089 2752 2137 2795 et

529 2843 810 2908 argentum
826 2835 880 2886 in
897 2843 1090 2887 statera
1105 2834 1421 2905 appenditis,
1442 2843 1488 2887 et
1517 2833 1802 2888 conducitis
1826 2832 2096 2900 auriﬁcem
2119 2848 2138 2887 :

530 2927 772 2997 fecerunt
817 2942 975 2996 opera
1023 2942 1297 2992 manuum,
1349 2935 1395 2980 et
1442 2927 1699 2980 incurvuti
1747 2926 2137 2979 adoraverunt:

531 3030 748 3093 portant
768 3021 968 3076 illudin
988 3019 1241 3086 humeris,
1261 3029 1306 3074 et
1335 3019 1550 3073 vadunt.
1578 3019 1640 3073 Si
1665 3031 1838 3074 aufem
1865 3018 2136 3090 posuerint

2240 1822 2444 1880 Christi
2471 1821 2847 1876 misericordia
2879 1819 3061 1874 clausa
3093 1833 3420 1874 reseremus.

2309 1915 2508 1987 (Vers.
2533 1915 2567 1969 8
2589 1929 2740 1982 seqq.
2765 1911 2782 1983 )
2816 1910 3129 1967 Mementote
3159 1909 3298 1965 istud
3315 1954 3334 1978 ,
3368 1920 3414 1964 et
3437 1909 3746 1980 fundamini,
3771 1918 3811 1961 et

2239 2008 2423 2076 redite,
2437 2006 2886 2077 prcevaricatores,
2909 2006 2976 2057 ad
2990 2019 3100 2059 cor.
3131 2001 3500 2057 ltecordmnini
3527 2002 3707 2071 prioris
3728 2017 3811 2056 sa:-

2240 2102 2370 2170 culi,
2402 2100 2643 2172 quoniam
2687 2115 2779 2170 ego
2805 2113 2922 2152 sum
2957 2095 3116 2164 Deus,
3157 2106 3203 2150 et
3245 2113 3346 2149 non
3385 2104 3466 2150 est
3496 2095 3631 2149 ultra
3670 2093 3807 2162 Deus,

2239 2209 2334 2246 nec
2352 2201 2426 2246 est
2446 2192 2630 2246 similis
2663 2191 2780 2244 mei.
2815 2189 3142 2244 Anuuntians
3185 2187 3248 2242 ab
3289 2186 3511 2242 exordio
3538 2187 3806 2256 nouissima,

2239 2296 2286 2340 et
2308 2284 2370 2337 ab
2392 2286 2540 2338 initio
2569 2299 2682 2350 qua?
2709 2283 2928 2337 uadum
2972 2287 3111 2354 facta
3137 2291 3289 2350 sunt,
3317 2283 3496 2337 dicens
3519 2298 3538 2336 :
3565 2282 3810 2336 consilium

2241 2393 2410 2430 meum
2437 2376 2611 2443 stabit,
2643 2385 2690 2429 et
2736 2377 2902 2429 omnis
2947 2375 3184 2429 voluntas
3220 2391 3332 2428 mea
3367 2375 3487 2442 ﬁet.
3538 2374 3728 2429 Vacuus
3754 2373 3807 2428 ob

2245 2469 2458 2523 Oriente
2485 2485 2649 2537 avem,
2680 2478 2726 2522 et
2764 2469 2834 2521 de
2861 2477 3000 2522 terra
3037 2468 3320 2540 longinqua
3343 2469 3516 2522 virum
3555 2466 3810 2522 voluntatis

2241 2577 2399 2627 mete;
2426 2571 2473 2614 et
2501 2560 2707 2615 locutus
2735 2576 2871 2630 sunt,
2903 2572 2950 2614 et
2981 2559 3239 2614 adducam
3267 2560 3426 2630 illud,
3457 2559 3614 2614 creati
3647 2568 3694 2613 et
3733 2562 3808 2629 fa—

2240 2655 2372 2706 ciant
2398 2652 2554 2708 illud.
2585 2651 2765 2708 LXX:
2813 2652 3120 2708 Mementote
3146 2652 3356 2722 borum,
3397 2663 3447 2708 et
3479 2651 3809 2726 ingemiscite:

2239 2748 2378 2818 agite
2421 2747 2776 2814 paenitentiam
2818 2746 2906 2815 qui
2947 2745 3154 2800 erratis.
3193 2743 3532 2800 Revertimini
3571 2743 3731 2813 corde,
3767 2751 3808 2798 et

2239 2847 2542 2892 mementote
2569 2838 2802 2909 priorum
2829 2854 2860 2889 a
2883 2838 3078 2892 steculo
3097 2853 3117 2892 .'
3137 2837 3386 2906 quoniam
3412 2855 3509 2909 ego
3535 2854 3645 2892 sum
3665 2834 3804 2905 Deus,

2241 2943 2288 2985 et
2317 2950 2419 2986 non
2451 2945 2524 2986 est
2553 2930 2713 3003 547
2739 2929 2884 2984 ultra
2907 2942 3098 3001 praeter
3120 2947 3220 2986 me.
3251 2930 3361 2998 Qui
3401 2934 3654 2988 annuntio
3683 2930 3806 3002 pritts

2239 3025 2515 3078 novissima
2544 3034 2813 3094 antequam
2842 3023 2971 3092 ﬁant
2997 3032 3047 3077 et
3077 3023 3460 3095 conquerantur,
3495 3036 3543 3079 et
3561 3024 3688 3091 dixi,
3715 3037 3806 3075 ont-

533 3115 670 3171 illud
699 3117 752 3170 in
783 3116 898 3169 loco
925 3131 1042 3182 suo,
1070 3124 1261 3182 manet,
1287 3124 1337 3168 et
1361 3131 1462 3168 non
1489 3114 1774 3167 movebitur
1797 3129 1815 3168 ε
1839 3123 1886 3168 et
1913 3114 2001 3184 qui
2027 3113 2134 3166 cla-
2157 3132 2208 3196 ρ
2241 3119 2319 3172 nis
2342 3119 2575 3173 voluntas
2593 3133 2707 3171 mea
2735 3118 2910 3186 stabit,
2943 3127 2992 3174 et
3019 3130 3204 3174 cuncta
3231 3135 3348 3188 qua:
3361 3121 3593 3193 cogitari
3617 3119 3803 3191 facium.

536 3210 753 3264 moverit
783 3209 852 3262 ad
879 3207 1036 3276 illud,
1064 3225 1164 3262 non
1189 3209 1391 3277 audiet,
1421 3217 1468 3263 et
1494 3208 1557 3262 de
1587 3208 1734 3262 malis
1763 3223 1865 3261 non
1901 3206 2135 3262 liberabit

532 3319 666 3360 eum.
721 3302 1072 3374 Nequaquam
1117 3317 1240 3357 eum
1272 3301 1518 3371 appellat
1569 3301 1761 3368 Jacob,
1795 3315 1896 3355 nec
1941 3299 2132 3368 lsrael,

531 3396 676 3469 quod
704 3405 759 3452 et
791 3397 966 3468 ipsum
993 3397 1202 3466 absque
1231 3396 1617 3464 conjunctione
1645 3396 1791 3450 servi
1823 3404 1880 3450 et
1906 3395 2057 3464 pueri
2081 3403 2138 3449 et

535 3491 695 3546 electi
746 3489 800 3544 in
841 3489 1246 3558 sugillationem
1281 3489 1470 3558 populi
1509 3488 1618 3543 dici
1669 3503 1834 3558 supra
1879 3487 2139 3559 exposui-

503 3593 695 3638 'mus:
739 3583 838 3638 sed
886 3584 1060 3638 multo
1099 3583 1285 3649 vilius,
1327 3581 1522 3637 domus
1551 3581 1745 3648 Jacob,
1781 3591 1834 3635 et
1873 3581 2136 3651 reliquias

531 3679 722 3742 Israel,
773 3679 843 3732 ob
883 3678 1346 3748 propinquitatem
1397 3678 1577 3732 carnis
1627 3684 1683 3730 et
1733 3675 2036 3745 sanguinis,
2081 3684 2136 3729 et

531 3770 692 3842 quasi
721 3770 884 3824 faeces
919 3768 1270 3836 reliquiarum
1302 3767 1492 3825 Israel.
1529 3769 1808 3838 Docetque
1838 3781 1935 3822 eos
1967 3767 2135 3821 instar

531 3879 829 3938 puerorum
858 3874 1021 3935 atque
1050 3863 1392 3933 lactentium,
1429 3866 1500 3918 ita
1529 3881 1556 3918 a
1593 3864 1723 3930 Deo,
1757 3861 1914 3932 quasi
1943 3863 2133 3916 matris

533 3967 712 4026 utero,
745 3966 802 4012 et
831 3956 986 4012 vulva
1037 3955 1386 4026 praegnantis,
1439 3973 1504 4011 ex
1548 3954 1787 4028 Egypto
1840 3969 1965 4010 esse
2003 3968 2132 4025 por-

535 4057 696 4105 talos.
724 4049 838 4103 Non
866 4063 975 4118 quo
1016 4046 1305 4103 iueﬂ‘abilis
1333 4046 1495 4122 5“
1535 4047 1632 4102 Dei
1663 4044 2131 4116 incompreltensi~

533 4143 768 4212 bilisque
791 4139 1079 4210 maiestas,
1111 4150 1203 4195 aut
1250 4151 1462 4197 uterum
1489 4139 1719 4206 habent,
1763 4146 1858 4194 aut
1886 4138 2128 4206 vulvam,

523 4233 830 4305 pedesque,
869 4242 926 4288 et
966 4248 1179 4304 manus,
1221 4242 1281 4290 et
1308 4245 1506 4291 caetera
1541 4232 1798 4304 corporis
1841 4230 2126 4296 membra;

525 4326 630 4384 sed
657 4341 764 4397 quo
783 4341 882 4382 nos
907 4325 1160 4380 affectum
1191 4325 1286 4381 Dei
1313 4341 1408 4396 per
1431 4336 1622 4382 nostra
1645 4325 1812 4381 verba
1829 4324 2128 4381 discamus.

525 4419 790 4489 Alioquin
831 4427 888 4474 et
935 4417 988 4472 in
1032 4418 1334 4473 centesimo
1364 4433 1509 4474 nono
1539 4417 1754 4488 psalmo
1795 4432 1864 4474 ex
1895 4430 2128 4487 persons

2238 3209 2342 3276 Qui
2374 3225 2497 3264 voco
2540 3209 2602 3264 ob
2639 3209 2848 3264 Oriente
2877 3227 3041 3279 avent,
3075 3221 3124 3266 et
3169 3212 3236 3267 de
3267 3223 3405 3267 terra
3437 3214 3728 3287 longinqua,
3755 3208 3805 3265 dt

2236 3305 2416 3372 quibus
2445 3304 2666 3375 cogitavi
2695 3320 2711 3357 :
2741 3303 2944 3358 locutus
2959 3321 3098 3374 sunt,
3125 3315 3176 3359 et
3198 3305 3432 3360 adduxi:
3453 3306 3620 3362 creari
3640 3313 3682 3360 et
3699 3300 3800 3376 feci.

2235 3397 2372 3464 Quia
2404 3412 2502 3452 vos
2535 3398 2650 3467 ipse
2680 3397 2861 3466 genui,
2896 3398 3010 3468 ipse
3037 3399 3272 3468 portari,
3308 3409 3363 3454 et
3393 3401 3469 3455 ab
3499 3397 3708 3455 infantis
3729 3411 3803 3451 us-

2235 3506 2342 3562 que
2381 3490 2448 3545 ad
2497 3501 2858 3559 senectutem,
2905 3505 3018 3545 non
3071 3499 3253 3547 vestro
3303 3493 3529 3562 merito,
3573 3491 3659 3548 sed
3700 3499 3804 3544 mea

2231 3581 2442 3649 pietate
2467 3580 2753 3637 salvamini
2778 3599 2791 3638 :
2825 3581 3070 3638 deserite
3099 3582 3243 3638 idola
3271 3599 3394 3654 quae
3419 3584 3653 3653 fecistis,
3681 3579 3804 3638 etad

2233 3675 2397 3728 unius
2449 3673 2541 3729 Dei
2572 3675 2776 3730 cultum
2819 3675 3177 3730 revertimini.
3221 3676 3383 3748 Agite
3427 3678 3800 3749 ptemtentiam,

2233 3766 2578 3837 ingemiscite
2610 3783 2710 3838 pro
2741 3784 2928 3826 errore
2966 3770 3057 3840 qui
3091 3784 3187 3825 vos
3228 3772 3444 3836 tenuit;
3495 3773 3654 3829 immo
3695 3769 3805 3824 fun-

2235 3856 2462 3925 damiui,
2512 3875 2582 3914 ne
2633 3875 2850 3916 rursum
2883 3861 3098 3917 subitus
3147 3861 3478 3920 idololatriae
3528 3880 3621 3921 vos
3661 3861 3798 3919 turbo

2234 3950 2522 4006 subvertat
2547 3967 2560 4005 :
2594 3961 2648 4008 et
2678 3952 2852 4008 redite
2876 3952 2944 4009 ad
2972 3967 3088 4024 cor,
3113 3953 3172 4009 id
3201 3963 3306 4025 est,
3338 3955 3409 4012 ad
3439 3965 3674 4013 mentem
3701 3966 3803 4008 ves-

2237 4049 2400 4110 tram,
2425 4041 2516 4112 qui
2545 4043 2834 4098 simulacra
2865 4054 3188 4100 venerantes
3217 4046 3367 4102 velut
3389 4048 3585 4105 furiosi
3610 4049 3658 4104 in
3677 4047 3801 4114 ligus

2235 4133 2620 4206 impiugebatis
2635 4145 2693 4192 et
2708 4136 2936 4207 lapides.
2958 4137 3043 4193 Ab
3073 4138 3229 4194 initio
3245 4140 3591 4198 considerate
3619 4137 3798 4206 mundi,

2234 4228 2376 4299 quod
2405 4238 2610 4300 praeter
2639 4245 2728 4286 me
2756 4230 2936 4285 nullus
2979 4231 3050 4284 sit
3075 4231 3238 4299 Deus,
3277 4247 3382 4288 nec
3411 4234 3557 4290 alius
3589 4229 3798 4303 potuerit

2232 4321 2378 4376 scire
2403 4332 2652 4391 ventura,
2677 4323 2780 4378 nisi
2803 4338 2908 4393 ego
2936 4324 3026 4393 qui
3057 4338 3155 4396 per
3176 4325 3483 4396 Prophetas
3507 4328 3684 4382 nuntio
3699 4335 3800 4393 quis

2231 4412 2475 4471 facturus
2506 4431 2625 4471 sum
2654 4434 2664 4468 :
2696 4425 2755 4470 ut
2775 4431 2905 4471 cum
2939 4419 3197 4488 przedicta
3220 4420 3592 4492 complevero,
3615 4419 3799 4476 divina-

531 4510 627 4566 Dei
659 4510 764 4566 hoc
803 4510 947 4566 idem
973 4511 1215 4567 canitur.
1257 4509 1320 4568 lu
1353 4526 1420 4568 eo
1447 4512 1591 4567 enim
1627 4512 1747 4568 loco
1781 4511 1869 4567 ubi
1903 4511 2133 4581 Septua-
2157 4515 2210 4576 ι)
2239 4508 2388 4564 tione
2443 4509 2668 4579 probem
2721 4508 3080 4566 divinitatem.
3134 4511 3250 4584 Ego
3308 4513 3452 4569 enim
3511 4511 3797 4585 mysterium

521 4603 678 4673 ginta
707 4604 1130 4671 transtuleram,
1155 4618 1227 4657 ea:
1253 4613 1403 4658 suere
1428 4613 1552 4659 ante
1573 4604 1854 4675 luciferum
1877 4604 2032 4674 genui
2059 4611 2129 4670 te,

535 4693 590 4750 in
629 4695 859 4750 Hebraeo
910 4693 1174 4766 scriptum
1230 4695 1432 4760 habet,
1486 4711 1747 4751 manu
1785 4705 1956 4756 cmi:
1985 4695 2131 4766 quod

528 4787 946 4859 interpretatur,
983 4791 1051 4843 de
1093 4790 1265 4844 uulua.
1301 4788 1360 4844 In
1395 4791 1816 4858 praesentiarum
1861 4805 1990 4844 vero
2021 4803 2130 4844 non

529 4881 707 4935 solum
736 4883 807 4938 de
839 4891 1020 4949 utero,
1058 4891 1115 4940 et
1153 4883 1220 4939 de
1255 4884 1412 4938 vulva
1437 4882 1706 4951 scriptum
1753 4891 1858 4950 est,
1889 4880 1994 4937 hoc
2021 4891 2128 4948 est,

532 4987 777 5029 asseres
827 4984 990 5061 tum
1039 4987 1097 5030 et
1144 4992 1409 5033 manu
1449 4986 1634 5040 cmi:
1660 4975 1759 5031 sed
1811 4989 1974 5030 unum
2031 4982 2130 5036 ut:

527 5079 655 5136 quae
685 5067 998 5135 praepositio
1025 5068 1296 5138 signiﬁcat
1319 5086 1390 5126 etc
1419 5085 1530 5124 meo
1555 5079 1725 5135 utero,
1763 5068 1886 5123 sive
1911 5083 1979 5122 ea:
2017 5083 2132 5123 mea

531 5158 705 5212 uulua.
731 5159 806 5214 Et
840 5167 926 5215 est
949 5173 1180 5215 sensus;
1223 5161 1328 5229 Qui
1360 5176 1458 5218 vos
1485 5163 1648 5233 genui
1687 5161 1757 5217 ab
1787 5159 2033 5226 infantia,
2077 5168 2134 5216 et

527 5265 653 5307 meo
692 5259 850 5308 utero
879 5251 1146 5323 vulvaque
1171 5254 1402 5323 gestavi,
1435 5255 1551 5323 ipse
1579 5271 1749 5326 usque
1781 5254 1849 5310 ad
1884 5263 2134 5310 senectu-

525 5350 636 5397 tem
657 5353 972 5415 protegam,
1002 5357 1340 5411 linamenta,
1378 5345 1479 5400 sed
1501 5356 1770 5413 vestram,
1791 5354 1862 5402 ut
1899 5361 1996 5401 eos
2025 5344 2132 5402 do-

511 5442 647 5492 neat
693 5435 883 5495 divina
929 5439 1307 5497 misericordia
1357 5450 1483 5497 esse
1527 5440 1846 5496 salvandos.
1886 5440 2128 5500 'Creatn‘r

528 5533 674 5589 enim
701 5531 944 5588 omnium
978 5531 1157 5604 parcit
1177 5541 1444 5590 creatura
1467 5547 1611 5601 suae,
1655 5542 1712 5590 et
1728 5540 1927 5605 pastor
1952 5534 2131 5592 bonus

2233 4601 2378 4672 quod
2407 4613 2556 4658 retro
2577 4602 2789 4658 cunctis
2807 4606 3262 4669 generationibus
3287 4606 3469 4663 fuerat
3497 4609 3795 4681 ignoratum,

2229 4695 2399 4750 immo
2429 4695 2716 4750 consilium
2745 4711 2927 4752 meum
2960 4705 3229 4754 staturum
3261 4714 3384 4756 esse
3414 4714 3564 4757 nunc
3583 4699 3726 4760 dico;
3749 4699 3798 4749 ut

2230 4801 2352 4842 cum
2393 4786 2527 4841 illud
2564 4788 2814 4844 videritis
2844 4787 3123 4857 effectum,
3168 4791 3376 4846 nullum
3407 4792 3594 4847 sciatis
3619 4787 3794 4851 Deum,

2232 4881 2334 4936 nisi
2379 4895 2506 4936 eum
2553 4882 2646 4951 qui
2697 4881 2814 4938 hmc
2845 4881 3020 4938 futura
3051 4886 3331 4956 cognovit,
3359 4885 3532 4941 immo
3553 4875 3797 4956 praecepit

2231 4972 2369 5026 ﬁeri.
2405 4972 2518 5044 Ego
2534 4987 2653 5028 sum
2677 4975 2770 5046 qui
2799 4975 2868 5030 ab
2891 4973 3116 5031 Oriente
3138 4991 3274 5032 voco
3295 4992 3472 5046 avem,
3495 4985 3524 5014 ι
3553 4984 3610 5032 ιιι
3625 4975 3798 5044 putant

2235 5063 2470 5134 Hebraei,
2494 5063 2695 5139 Cyrum
2720 5081 2906 5138 regem
2931 5066 3246 5136 Persarum,
3265 5069 3381 5125 sive
3403 5068 3619 5124 Darium
3641 5061 3799 5119 Hado-

2233 5173 2355 5215 rum
2387 5159 2724 5231 principem;
2757 5169 2814 5218 et
2843 5160 2911 5217 de
2935 5169 3077 5217 terra
3109 5162 3402 5234 longinqua
3426 5163 3602 5218 virum
3628 5157 3796 5213 volun-

2236 5252 2362 5307 tatis
2412 5268 2570 5321 mem,
2604 5253 2694 5322 qui
2745 5252 2963 5322 expleat
3011 5267 3227 5308 omnem
3270 5254 3601 5309 voluntatem
3643 5258 3793 5304 meam

2231 5354 2426 5401 contra
2453 5345 2788 5416 Babylonem
2825 5355 2993 5414 atque
3014 5343 3324 5401 Chaldaeo.
3341 5345 3482 5402 ﬁsse
3517 5353 3580 5400 stt
3602 5353 3696 5398 nos
3713 5350 3794 5391 ve-

2236 5454 2355 5494 rum
2402 5454 2526 5494 esse
2555 5439 2955 5507 convincimus,
3003 5436 3291 5494 Dominum
3329 5437 3692 5501 Salvatorem,
3733 5427 3790 5484 de

2236 5547 2345 5602 quo
2387 5540 2443 5588 et
2469 5529 2690 5588 Balaam
2725 5531 3088 5589 vaticinatur:
3120 5529 3328 5587 Orietur
3351 5529 3501 5589 stella
3537 5545 3603 5587 es
3627 5520 3787 5586 Iacob.

603 5731 629 5760 ⁸
655 5720 1033 5786 Ambrosiam,
1065 5741 1188 5780 uoco
1220 5739 1365 5780 avem
1389 5722 1605 5783 Ἡρὸτωί
1632 5726 1825 5798 Cyrum
1846 5740 1954 5782 esse
1970 5738 2142 5795 regem
2169 5722 2473 5781 Persarum.

846 6299 1491 6310 r#___r.___
