3932 6314
529 239 640 299 λεδ

1783 231 1846 289 S.
1887 225 2162 288 EUSEBII
2203 222 2592 285 HIERONYMI

3722 222 3819 282 486

531 359 728 428 Aquila
779 367 1181 420 seuua'ruucu;
1213 350 1577 426 Symmachus
1621 354 1680 409 τὸ
1711 353 1964 413 σιωπηλόν
1991 374 2089 410 σου
2113 370 2126 406 :
2153 351 2209 412 Α
2232 350 2414 421 regni:
2437 349 2603 403 iratus
2628 362 2745 401 sum
2775 351 2959 400 contra
2983 341 3233 417 populum
3259 355 3450 404 meum,
3479 343 3820 394 contaminari

530 451 676 521 quod
706 465 806 503 nos
839 447 1152 515 exprimere
1194 460 1489 516 possumus
1537 446 1938 500 taciturnitatem
1967 454 2130 510 tuam,

527 540 672 612 quod
703 539 870 594 taceri
894 539 1090 594 debeat
1127 554 1237 608 prae
1264 537 1619 594 verecundia.
1645 537 1798 607 Quod
1830 537 2045 608 quidem
2080 545 2134 592 et

528 634 583 690 iu
633 629 859 686 Cantico
888 628 1240 686 Canticorum
1291 629 1546 702 legimus,
1598 630 1690 684 ubi
1745 644 1964 698 sponsa:
2017 627 2136 697 pul-

528 724 784 782 cbrituilo
814 723 1183 780 describitur:
1235 722 1300 778 ad
1330 731 1640 779 extremum
1672 720 1842 778 infert
1884 739 1898 776 :
1931 720 2134 790 Absque

526 819 876 874 taciturnitate
906 827 998 872 tua
1018 817 1201 884 (Cant.
1226 818 1321 890 tv)
1352 836 1366 873 :
1401 817 1711 874 nolentibus
1742 817 1831 885 qui
1862 815 2134 886 interpre-

529 913 623 968 tati
664 921 791 967 suut
824 910 1129 967 transferre
1180 927 1403 981 nomen,
1451 910 1595 982 quod
1629 909 1681 965 in
1713 919 1903 966 sancta
1948 908 2134 979 Scrip-

525 1014 649 1062 tura
673 1014 897 1062 sonziret
941 1005 1356 1068 turpitudinem.
1414 1006 1691 1074 Recteque
1739 1014 1929 1060 contra
1961 1001 2134 1073 Baby-

528 1099 711 1155 lonem
748 1097 1134 1153 inverecundis
1183 1099 1358 1153 utitur
1398 1099 1718 1153 nominibus
1767 1095 1941 1169 (licet
1984 1094 2130 1151 nulla

529 1192 601 1248 sit
653 1190 950 1261 turpitudo,
1005 1191 1228 1246 humani
1276 1194 1527 1261 corporis
1574 1191 1882 1246 membrum
1935 1204 2135 1246 vocare

528 1285 748 1340 nomine
777 1300 882 1340 suo
905 1285 947 1354 ).
991 1285 1078 1340 cui
1112 1284 1426 1355 praecipitur
1457 1292 1516 1340 ut
1559 1285 1729 1340 nudet
1775 1292 2021 1353 pectora,
2078 1292 2134 1340 et

526 1393 684 1433 crura
713 1393 778 1433 ac
829 1377 1028 1434 femina
1079 1379 1314 1448 aperiat,
1344 1391 1398 1434 et
1427 1377 1586 1432 vadat
1632 1393 1688 1432 in
1731 1378 2128 1447 captivitatem,

524 1468 880 1542 videaturque
904 1471 1198 1541 ignominia
1215 1459 1362 1540 ejus,
1387 1481 1438 1525 et
1455 1469 1758 1540 Opprobrio
1782 1477 1964 1538 pateat
1988 1483 2133 1524 scm-

529 1563 770 1632 piterno.
825 1564 888 1616 Et
938 1561 1042 1616 hoc
1093 1560 1356 1616 Dominus
1405 1560 1602 1617 fecisse
1649 1575 1711 1618 se
1752 1560 1908 1630 dicit,
1943 1569 2000 1615 ut
2052 1559 2133 1614 ul-

526 1656 732 1712 tioiiem
761 1662 982 1726 caperet
1010 1656 1078 1710 de
1097 1671 1182 1722 ea,
1212 1671 1330 1722 quae
1364 1656 1640 1727 oppressit
1667 1656 1924 1726 populum
1945 1669 2126 1724 suum,

522 1759 580 1805 et
627 1749 832 1802 nullum
883 1763 982 1820 pro
1023 1763 1088 1805 ea
1127 1749 1312 1805 audiat
1334 1756 1699 1820 preCatorem,
1728 1751 1819 1818 qui
1849 1749 1984 1803 iram
2018 1747 2126 1802 Do-
2156 1734 2203 1796 Β

523 1843 656 1899 mini
682 1858 782 1899 suo
807 1843 986 1919 lenire
1030 1856 1258 1900 conetur
1298 1859 1554 1900 occursu.
1598 1843 1888 1916 Signiﬁcat
1940 1852 2124 1898 autem

523 1936 795 2009 Angelum
823 1939 1003 2006 gentis
1031 1937 1345 2009 Babylonia:
1375 1937 1688 2007 praesidem,
1717 1936 1814 2007 qui
1853 1952 1976 1992 cum
2021 1952 2128 1992 cte—

522 2037 653 2084 teris
680 2029 905 2099 Angelis
935 2029 1176 2098 loquitur
1201 2048 1212 2082 :
1248 2028 1556 2084 Curavimus
1577 2028 1916 2101 Babylonem,
1944 2039 1993 2084 et
2022 2047 2127 2086 non

518 2131 594 2176 est
633 2129 836 2176 curata.
870 2121 1025 2190 Quod
1078 2133 1260 2176 autem
1288 2121 1641 2194 Septuaginta
1688 2124 2121 2195 transtulerunt,

521 2216 664 2287 quod
671 2217 880 2287 justum
899 2217 1050 2270 estde
1072 2225 1118 2270 te
1139 2221 1396 2287 auferam,
1422 2233 1746 2288 nequaquam
1768 2217 1906 2272 ultra
1921 2218 2128 2272 tradam

521 2307 834 2376 hominibus,
886 2309 1210 2364 subauditur
1255 2307 1576 2382 Babylonem
1611 2327 1631 2366 :
1676 2311 1762 2368 vel
1818 2319 1966 2368 certe
2028 2314 2129 2369 hoc

517 2401 662 2470 quod
686 2403 896 2472 justum
928 2413 1035 2473 est,
1063 2414 1116 2460 et
1147 2405 1386 2459 ablatqu
1418 2404 1488 2461 de
1512 2404 1810 2477 Babylone.
1837 2405 2130 2475 Disputant

517 2496 711 2566 Stoici,
743 2499 910 2553 multa
957 2514 1017 2555 rc
1049 2500 1245 2570 turpia,
1283 2514 1446 2565 prava
1489 2499 1778 2555 hominum
1829 2513 2129 2557 consuetu-

519 2590 670 2660 dine,
701 2591 886 2649 verbis
917 2593 1150 2648 honesta
1199 2605 1360 2656 esse;
1407 2601 1465 2647 ut
1498 2591 1868 2662 parricidium,
1919 2594 2129 2651 adulte-

435 2695 438 2698 '
519 2685 684 2753 rium,
720 2684 1101 2751 homicidium,
1137 2684 1428 2752 incestum,
1460 2693 1517 2741 et
1543 2696 1741 2741 caetera
1774 2688 1857 2742 bis
1899 2687 2124 2743 similia.

520 2774 868 2847 Rursumque
899 2791 960 2831 re
985 2775 1237 2844 honesta,
1273 2778 1591 2832 nomimbus
1619 2779 1794 2835 videri
1823 2782 2038 2851 turpia;
2072 2790 2130 2836 ut

513 2866 723 2923 liberos
764 2881 1078 2938 procreare,
1107 2867 1449 2926 inﬂationem
1481 2870 1689 2926 ventris
1712 2873 1924 2942 crepitu
1968 2873 2126 2946 dige-

521 2975 664 3030 rere,
691 2961 870 3016 alvum
887 2961 1127 3018 relevare
1141 2971 1410 3031 stercore,
1426 2964 1662 3020 vesicam
1682 2965 2127 3022 urinweﬂ‘usiout!

523 3051 756 3110 laxare:
780 3053 1020 3123 denique
1067 3071 1175 3110 non
1210 3071 1370 3126 posse
1419 3074 1540 3127 nos,
1576 3069 1632 3113 ut
1662 3059 1915 3128 dicimus,
1944 3077 1973 3115 a
2005 3072 2126 3117 ruta

2233 442 2593 498 Itii’reditatem
2623 456 2810 496 meam.
2835 437 2950 510 Ego
2979 435 3100 492 dedi
3149 451 3234 489 eos
3263 434 3317 488 iu
3347 449 3551 488 manum
3577 440 3744 498 tuam,
3775 442 3822 484 ts

2234 551 2351 590 vero
2380 550 2484 589 non
2514 533 2705 588 dedisti
2729 532 2820 587 ἐἰς
2864 527 3277 583 misericordiam
3299 542 3319 582 :
3347 527 3460 581 seni
3501 524 3631 598 [AL
3664 522 3820 596 senis]

2234 630 2528 702 aggravasti
2549 633 2740 704 jugum
2793 624 2967 695 ualde,
2999 635 3049 679 et
3103 623 3304 691 dixisti,
3355 623 3411 676 in
3453 627 3704 676 retentum
3747 635 3820 674 ero

2234 723 2448 780 domina
2479 738 2498 778 :
2529 738 2632 776 non
2662 718 2966 776 intellexisti
2995 719 3102 774 hazc
3131 718 3187 773 in
3231 715 3386 772 corde
3417 725 3526 782 tuo,
3559 729 3722 785 neque
3746 729 3820 768 re-

2235 815 2449 870 cordata
2488 831 2540 870 es
2572 816 2986 868 nouissimorum.
3041 811 3256 868 Primus
3294 823 3489 866 versus
3513 808 3669 880 juxta
3696 806 3820 880 Sep-

2235 908 2473 980 tuaginta
2524 923 2646 962 cum
2678 905 3056 978 superioribus
3081 903 3392 974 capulatur,
3417 910 3476 957 ut
3503 913 3570 958 sit
3604 915 3820 956 sensus:

2233 1005 2303 1060 Et
2341 1003 2458 1059 hicc
2491 1003 2654 1058 faciet
2681 1001 2772 1073 qui
2802 1001 2944 1057 eruit
2979 1010 3031 1056 te
3063 998 3328 1056 Dominus
3356 993 3612 1065 sabaoth,
3643 1010 3823 1054 nomen

2232 1097 2352 1169 ejus
2377 1098 2612 1154 Sani-tus
2636 1097 2821 1153 Israel.
2857 1095 3030 1152 Porro
3053 1094 3207 1166 juxta
3248 1092 3606 1161 Hebraicum,
3630 1107 3698 1147 ex
3720 1105 3824 1160 per-

2233 1204 2370 1245 sciua
2421 1189 2604 1260 populi
2659 1188 2934 1260 Propheta
2982 1187 3239 1258 loquitur,
3282 1184 3427 1257 quod
3483 1183 3604 1239 haec
3653 1183 3826 1240 tecerit

2233 1295 2425 1339 contra
2471 1282 2802 1354 Babylonem
2855 1283 3117 1336 Dominus
3152 1281 3518 1348 exercituum,
3558 1276 3715 1347 cujus
3742 1293 3827 1330 uo-

2234 1391 2358 1432 meu
2392 1378 2465 1431 sit
2489 1376 2725 1430 Sanctus
2748 1374 2934 1430 Israel.
2969 1372 3321 1443 Rursumque
3356 1372 3423 1426 ad
3455 1372 3632 1440 ipsum
3667 1368 3826 1440 Baby-

2235 1469 2422 1525 lonem
2451 1484 2634 1525 sermo
2655 1468 2928 1540 dirigitur.
2963 1465 3100 1523 Sede
3130 1476 3324 1533 tacens,
3357 1466 3473 1520 sive
3501 1474 3822 1533 compuncta,

2234 1573 2291 1620 et
2322 1578 2540 1618 tuorum
2571 1563 2864 1618 criminum
2895 1559 3206 1616 recordare.
3253 1558 3545 1633 Ingredere
3575 1558 3826 1613 tenebras:

2232 1660 2358 1729 quia
2395 1673 2507 1727 pra:
2550 1656 2873 1713 confusione
2912 1665 2970 1711 et
2997 1654 3293 1726 ignominia
3328 1653 3505 1709 lucem
3550 1651 3697 1708 ferre
3731 1667 3825 1707 non

2229 1753 2506 1807 sustines:
2538 1766 2884 1822 nequaquam
2938 1750 3242 1817 vocaberis,
3295 1763 3402 1803 non
3448 1747 3617 1802 unius
3667 1745 3822 1817 regni,

2229 1846 2325 1903 sed
2365 1861 2464 1903 nec
2510 1848 2757 1900 omnium
2808 1860 3104 1917 regnorum
3137 1843 3689 1912 domina.Simulque
3714 1842 3826 1909 quis

2229 1941 2442 1996 oeculta
2467 1941 2698 2010 quaestio
2727 1942 3074 1997 nascebatur:
3100 1955 3198 1994 cur
3223 1940 3554 1995 irasceretur
3580 1937 3719 1993 Deus
3745 1935 3827 1991 ad-

2231 2050 2426 2090 versus
2474 2035 2784 2105 Ctoildzeos,
2817 2049 2957 2106 quos
2989 2035 3103 2104 ipse
3133 2034 3282 2090 misit
3309 2033 3374 2088 ad
3400 2033 3730 2102 capiendum
3759 2029 3826 2087 ls-

2230 2129 2345 2184 rael
2377 2146 2388 2182 :
2425 2127 2732 2198 respondit,
2778 2129 2975 2183 iratum
3019 2144 3081 2182 se
3109 2135 3296 2184 contra
3343 2127 3610 2198 populum
3661 2139 3824 2194 suum,

2229 2221 2508 2291 corripere
2540 2236 2637 2275 eos
2668 2219 2926 2289 voluisse,
2958 2237 3064 2275 non
3091 2220 3324 2291 perdere
3348 2263 3362 2286 ,
3387 2219 3705 2289 verberare,
3728 2235 3826 2275 non

2229 2312 2504 2368 occidere.
2539 2311 2671 2368 Illos
2700 2322 2882 2368 autem
2911 2313 3112 2368 abusos
3140 2326 3262 2368 esse
3287 2311 3618 2368 crudelitate
3645 2325 3759 2370 sua.
3780 2317 3828 2366 et

2229 2405 2352 2476 plus
2381 2406 2710 2475 imposuisse
2738 2407 3015 2477 plagarum
3042 2420 3206 2477 quam
3231 2403 3327 2461 Dei
3359 2405 3494 2460 ultio
3523 2403 3823 2476 ﬂagitabat:

2231 2517 2596 2573 magnumque
2627 2501 2939 2575 Babyloniae
2968 2501 3311 2557 crudelitatis
3341 2500 3595 2556 iudicium
3626 2507 3726 2565 est,
3755 2513 3820 2554 oe

2229 2594 2453 2650 senibus
2481 2593 2704 2665 quidem
2727 2593 3070 2664 pepercisse,
3094 2608 3325 2663 quorum
3359 2606 3492 2648 aetas
3513 2592 3671 2648 etiam
3694 2590 3826 2646 inter

2230 2685 2420 2743 hostes
2451 2687 2781 2745 venerabilis
2808 2698 2912 2743 est.
2943 2687 3052 2745 Sed
3076 2697 3132 2743 et
3156 2689 3260 2744 hoc
3283 2689 3500 2759 signum
3535 2685 3820 2758 superbiae,

2230 2781 2374 2852 quod
2409 2781 2666 2852 prieseuti
2709 2783 2966 2836 felicitate
2995 2780 3250 2852 decepta,
3277 2780 3584 2835 futurorum
3614 2793 3716 2835 neu
3741 2793 3822 2834 co-

2230 2875 2419 2946 gitarit
2443 2875 2716 2940 ambigua.
2747 2874 2910 2949 552
2937 2874 3081 2948 Ergo
3112 2891 3328 2945 semper
3358 2873 3411 2930 in
3442 2874 3724 2945 prosperis
3743 2872 3823 2928 de-

2229 2965 2423 3023 bemus
2443 2981 2640 3022 cavere
2661 2975 2921 3022 ventura:
2947 2981 3046 3023 nec
3063 2965 3294 3022 traditos
3320 2965 3482 3022 nobis
3498 2968 3818 3038 Opprimere,

2236 3064 2324 3130 qui
2356 3062 2423 3116 ad
2451 3061 2554 3116 hoc
2583 3062 2927 3127 erudiuntur,
2951 3072 3013 3116 ut
3052 3060 3304 3116 meliores
3332 3059 3485 3114 ﬁant.

515 3148 775 3217 rutulain,
798 3147 877 3202 sic
899 3148 1774 3227 bnoxpownxévtnenLc'facere.
1801 3152 1961 3226 551
1988 3154 2126 3226 Ergo
2153 3121 2200 3186 θ
2303 3157 2498 3226 (Vers.
2529 3159 2583 3225 8,
2615 3175 2772 3230 seqq.
2803 3159 2823 3231 )
2878 3157 2944 3213 Et
2989 3173 3125 3213 nunc
3171 3156 3300 3212 audi
3350 3155 3483 3224 hac,
3515 3157 3740 3212 delicata
3764 3157 3818 3210 ἰι

521 3255 849 3317 suasurum
880 3244 1124 3329 (Ῥω),
1157 3243 1300 3313 quod
1327 3244 1523 3316 Aquila
1545 3250 1754 3316 posuit,
1780 3258 1837 3300 ut
1864 3249 2122 3315 diximus,

516 3336 756 3393 verenda
816 3338 1059 3392 mulieris
1126 3338 1494 3407 appellantur.
1553 3339 1719 3408 Cujus
1789 3340 2122 3412 etymologia

517 3430 659 3503 apud
707 3446 807 3489 eos
837 3443 1018 3499 sonat,
1067 3432 1245 3486 sitiens
1274 3444 1439 3500 tuus;
1471 3443 1528 3489 ut
1567 3433 1898 3505 inexpletam
1947 3435 2126 3505 Baby-

518 3525 662 3580 lonis
707 3524 907 3580 indicet
948 3525 1311 3592 voluptatem.

585 3615 782 3684 (Vers.
811 3615 846 3668 4
876 3615 1074 3686 seqq.)
1111 3615 1430 3686 Redemptor
1473 3627 1648 3673 noster
1677 3617 1934 3672 Dominus
1972 3635 2122 3675 eaer-

519 3708 740 3769 cituum,
770 3722 954 3761 nomen
973 3707 1148 3767 illius.
1175 3707 1403 3764 Sanctus
1432 3705 1620 3764 Israel.
1654 3710 1791 3765 Sede
1841 3721 2034 3777 larens,
2078 3719 2124 3767 et

513 3799 653 3854 intra
681 3799 733 3854 in
766 3801 1021 3867 tenebras,
1055 3797 1171 3870 ﬁlia
1200 3798 1614 3867 Chaldaeorum;
1656 3804 1780 3873 quia
1826 3819 1930 3858 non
1975 3819 2124 3858 voca-

520 3892 654 3948 beris
688 3894 828 3948 ultra
859 3893 1074 3947 domina
1105 3909 1406 3968 regnorum,
1444 3895 1614 3949 iratus
1659 3911 1777 3950 sum
1819 3913 1980 3964 super
2026 3913 2122 3968 po-

512 3985 696 4058 pulum
727 4004 921 4054 meum,
958 3989 1308 4042 contaminari
1333 3985 1690 4044 hereditatem
1715 4006 1903 4056 meum,
1931 4001 1978 4043 et
2000 3991 2123 4046 dedi

521 4094 608 4135 eos
637 4081 688 4134 in
723 4097 882 4134 manu
902 4089 991 4134 tua
1014 4096 1034 4135 :
1058 4097 1161 4134 non
1179 4079 1402 4152 posuisti
1422 4082 1496 4134 eis
1522 4081 1921 4136 misericordias.
1953 4082 2122 4155 Super

519 4188 690 4227 senem
721 4172 1024 4244 aggravasti
1067 4173 1258 4242 jugum
1307 4182 1457 4228 tuum
1501 4173 1672 4237 ualde,
1721 4183 1771 4230 et
1811 4175 1994 4230 dixisti
2008 4222 2032 4245 ,,
2067 4177 2121 4231 in

519 4266 888 4336 sempiternum
916 4279 1006 4318 ero
1052 4264 1265 4318 domina
1292 4280 1312 4320 :
1337 4281 1442 4320 non
1469 4267 1691 4336 posuisti
1717 4265 1830 4322 haec
1851 4285 2008 4336 super
2029 4284 2120 4322 cor

518 4364 688 4424 tuum,
720 4372 879 4422 neque
918 4358 1192 4410 recordata
1231 4373 1284 4411 es
1307 4358 1572 4412 nouissimi
1617 4359 1716 4413 tui.
1749 4358 1897 4414 LXX
1925 4379 1935 4414 :
1969 4360 2120 4417 Dixit

516 4451 608 4520 qui
634 4449 770 4506 eruit
798 4460 847 4505 te
890 4447 1146 4504 Dominus
1199 4450 1436 4520 sabaotlt,
1491 4467 1674 4507 nomen
1706 4454 1842 4524 ejus,
1889 4454 2117 4510 Sanctus

518 4540 712 4599 Israel.
753 4541 900 4600 Sede
930 4553 1260 4613 compuncta,
1297 4543 1567 4610 ingredere
1615 4546 1666 4599 in
1697 4551 1953 4616 tenebras,
2003 4550 2117 4616 ﬁlia

514 4635 879 4693 Chaldieorum
909 4653 929 4692 :
978 4653 1303 4710 nequaquam
1347 4637 1489 4692 ultra
1553 4638 1816 4694 vocaberis
1856 4643 2114 4713 fortitudo

2227 3249 2470 3304 habitans
2503 3250 2844 3318 conﬁdenter,
2893 3265 3012 3321 qua:
3067 3249 3198 3303 dicis
3238 3250 3292 3304 in
3337 3249 3498 3304 corde
3554 3262 3642 3306 tuo
3675 3266 3695 3305 :
3722 3248 3817 3319 Ego

2225 3359 2362 3404 sum.
2386 3351 2433 3397 et
2464 3359 2565 3397 non
2595 3353 2670 3396 est
2693 3350 2882 3414 prteter
2913 3358 2993 3397 me
3018 3342 3246 3407 amplius
3265 3357 3286 3396 :
3309 3359 3412 3396 non
3439 3342 3630 3398 sedebo
3659 3343 3815 3405 ridua,

2226 3445 2274 3491 et
2300 3435 2548 3508 ignorabo
2576 3435 2924 3490 sterilitatem.
2949 3433 3020 3488 Et
3057 3435 3257 3490 uenient
3282 3434 3376 3488 tibi
3398 3436 3502 3489 duo
3531 3435 3645 3491 lucc
3663 3433 3816 3489 subito

2224 3525 2278 3580 in
2305 3527 2387 3580 die
2415 3543 2539 3596 una,
2587 3524 2834 3582 sterilitas
2879 3536 2927 3580 et
2976 3527 3199 3582 viduitas
3233 3542 3252 3581 :
3297 3526 3540 3582 universa
3592 3535 3815 3583 uenerunt

2222 3635 2377 3689 super
2405 3629 2472 3684 te,
2505 3629 2714 3692 propter
2739 3620 3124 3674 multitudinem
3176 3618 3564 3688 maleficiorum
3605 3632 3812 3685 tuorum,

2224 3719 2272 3764 et
2331 3721 2541 3782 propter
2586 3709 2836 3765 duritiam
2911 3713 3294 3766 incantatorum
3379 3722 3600 3768 tuorum
3681 3710 3812 3765 velte-

2223 3812 2417 3857 menter
2442 3802 2462 3876 [
2493 3802 2650 3873 Vulg.
2682 3803 3027 3859 vehementem
3125 3802 3195 3859 Et
3246 3805 3497 3875 ﬁduciam
3528 3805 3749 3861 habuisti
3768 3804 3813 3856 in

2224 3896 2427 3950 malitia
2454 3906 2565 3957 tua,
2588 3906 2638 3951 et
2667 3895 2852 3951 dixisti
2878 3913 2897 3952 :
2923 3896 3044 3950 Non
3075 3907 3149 3952 est
3173 3895 3263 3968 qui
3291 3896 3456 3951 videat
3476 3914 3565 3952 me
3585 3915 3605 3953 :
3632 3897 3814 3971 sapien-

2222 3990 2293 4043 tia
2322 3999 2410 4044 tua
2434 3998 2481 4044 et
2512 3990 2728 4044 scientia
2759 4000 2848 4043 tua
2885 3989 2995 4044 haec
3022 3991 3335 4057 dcceperunt
3373 4000 3444 4057 te,
3487 4003 3541 4045 et
3571 3990 3743 4046 dixisii
3764 3987 3809 4041 in

2221 4084 2376 4140 corde
2397 4094 2484 4139 tuo
2510 4101 2528 4139 :
2552 4101 2644 4156 ego
2674 4101 2809 4146 smn.
2841 4092 2889 4138 et
2921 4093 3107 4149 praeter
3134 4100 3212 4140 me
3241 4100 3341 4138 non
3373 4095 3450 4138 est
3495 4085 3687 4140 altera.
3723 4079 3810 4134 Ve-
3849 4117 3860 4134 .

2223 4177 2326 4231 niet
2355 4193 2510 4249 super
2530 4185 2578 4229 te
2598 4174 2814 4239 malum,
2857 4184 2907 4229 et
2960 4176 3155 4228 nescies
3211 4185 3382 4229 ortum
3409 4177 3553 4248 ejus,
3601 4174 3808 4229 etii-ruet

2222 4287 2376 4339 super
2404 4281 2452 4326 te
2481 4269 2774 4338 calamitas,
2824 4285 2982 4340 quam
3009 4284 3113 4322 non
3157 4269 3350 4339 poteris
3394 4269 3631 4338 expiare,
3663 4263 3806 4320 veniet

2221 4379 2376 4434 super
2405 4373 2452 4418 te
2477 4372 2683 4436 repente
2709 4362 2936 4428 miseria,
2965 4377 3123 4433 quam
3151 4363 3362 4416 nescies.
3396 4361 3511 4415 Duo
3545 4359 3702 4414 simul
3729 4370 3805 4410 ve-

2225 4454 2377 4510 nit-nt
2429 4454 2722 4526 Babyloni,
2765 4453 3034 4508 sterilitas
3080 4463 3135 4508 et
3172 4451 3429 4520 viduitas,
3465 4460 3524 4506 ut
3557 4467 3656 4507 nec
3683 4447 3803 4504 ﬁlios

2221 4548 2443 4616 habeat,
2501 4547 2552 4602 id
2593 4555 2698 4614 est,
2735 4544 3014 4615 subjectos
3042 4545 3148 4602 sibi
3183 4545 3456 4617 populos;
3492 4560 3595 4601 nec
3621 4547 3798 4606 virum,

2223 4657 2384 4714 quem
2436 4654 2621 4709 regem
2663 4651 2953 4710 possumus
3005 4638 3354 4712 intelligere:
3387 4653 3510 4711 qua:
3541 4637 3665 4694 dum
3705 4647 3800 4688 non

510 4783 791 4850 contextu,
819 4773 910 4850 qui
958 4773 1238 4850 conceptis
1267 4771 1453 4850 verbis
1491 4787 1614 4850 nos_
1642 4773 1808 4850 docet
1850 4775 2105 4850 Theodo-
2130 4789 2184 4850 ι)
2209 4786 2366 4850 tuens
2391 4782 2577 4850 mente,
2623 4784 2684 4829 ut
2713 4775 2787 4850 sit
2833 4788 3027 4830 sensus
3057 4790 3172 4850 non
3223 4776 3392 4832 licere
3425 4763 3614 4830 mentis
3645 4769 3800 4826 dimi-

425 4858 429 4862 '
511 4849 714 4900 tionem
761 4843 1010 4905 posuisse
1056 4846 1231 4914 ipsum
1293 4844 1518 4914 verbum
1575 4843 1900 4900 llehraicum
1949 4848 2103 4905 Lata:

509 4923 684 4997 Ῥω
704 4914 1003 4978 Samtlterh,
1026 4913 1109 4969 vel
1138 4913 1525 4977 Semmatheclt.
1561 4925 1618 4969 ut
1647 4916 1842 4985 Aquila
1874 4919 2106 4988 legebat.

515 5003 706 5061 ϐακε-τι
735 5004 988 5058 similiter
1019 5003 1334 5078 Symmachi
1367 5014 1576 5078 mutant
1597 5007 1650 5060 iu
1681 5006 1823 5063 hunc
1861 5009 2104 5078 modum,

513 5081 606 5137 τήν
631 5078 889 5135 σιώπησὶν
909 5095 1006 5130 σου
1031 5115 1047 5139 ,
1073 5076 1232 5146 quod.
1256 5091 1364 5132 etc.
1407 5077 1678 5133 Maenas.

584 5177 657 5220 -_-
683 5146 826 5202 Idem
862 5145 1257 5220 AmbroSIauu-i
1306 5145 1656 5204 Samtheacc:
1702 5150 1912 5220 Aquila,
1965 5151 2104 5208 Sim-

515 5218 740 5274 matlter.
761 5218 916 5285 Quod
953 5232 1119 5283 porro
1145 5233 1242 5284 pro
1263 5220 1323 5274 τὸ
1349 5221 1602 5278 σιωπηλόν
1623 5242 1716 5276 σου
1743 5218 1768 5290 (“
1783 5222 1836 5276 in
1867 5224 2102 5278 Ambro-

508 5293 664 5364 siauo
700 5301 783 5346 ΤΟ
810 5299 1264 5364 (ςιΩῐιΒΛΟΝᾳοῐε
1302 5292 1354 5364 in
1399 5291 1686 5364 Surgeriu.
1730 5295 1869 5364 apud
1929 5293 2104 5350 Mont-

510 5361 656 5435 I'attc.
687 5373 1002 5422 corruptius
1020 5403 1036 5427 ,
1077 5362 1136 5417 τὸ
1155 5361 1473 5418 σιωπωλενόν
1496 5361 1623 5432 σου)
1667 5361 1878 5435 veteres
1905 5367 2106 5435 vulgati

515 5431 746 5508 ltltrirnv
764 5435 1022 5508 σιὼπησξν
1040 5454 1138 5508 acu
1163 5435 1545 5501 praeferebant,
1564 5431 1629 5489 ex
1658 5434 1763 5490 alia
1789 5431 2105 5508 Symmachi

511 5504 752 5560 editione
783 5506 1030 5560 l'ortaSsis
1058 5504 1407 5574 de-umptum
1441 5515 1544 5561 est.

584 5584 612 5646 ς
657 5574 937 5646 Eratoluu
987 5584 1284 5646 mentam‘a
1324 5587 1517 5638 menta.
1564 5577 1708 5646 quod
1757 5576 2106 5634 Martianteus

511 5641 616 5715 loci
648 5645 806 5714 hujus
837 5661 1059 5701 sensum
1107 5644 1331 5699 minime
1385 5641 1696 5715 assecutus,
1739 5649 1868 5702 dum
1919 5665 2108 5703 emen-

509 5712 644 5769 dare
666 5712 978 5781 contendit,
1000 5716 1073 5774 de
1098 5716 1329 5773 ridiculo
1354 5732 1548 5776 errore
1573 5712 1861 5791 depravat,
1904 5721 2108 5778 substi-

2217 4847 2461 4903 nutivum
2493 4844 2694 4901 facere.
2729 4845 2837 4901 Res
2864 4863 2995 4903 vero
3022 4847 3242 4915 clamat,
3275 4850 3342 4902 de
3370 4858 3487 4902 ruta
3529 4855 3585 4902 et
3629 4853 3796 4898 menta

2218 4918 2402 4974 herbis
2433 4932 2745 4972 sermonem
2798 4915 2886 4972 hic
2933 4933 3078 4987 esse,
3126 4920 3411 4984 sciantque
3458 4931 3670 4977 omnes.
3701 4926 3796 4987 non

2215 4989 2382 5044 licere
2433 4989 2573 5042 sicut
2601 5003 2631 5043 a
2665 4998 2783 5044 ruta
2812 4985 3073 5058 rutulam,
3099 4991 3169 5044 ita
3199 5005 3228 5044 a
3277 4998 3456 5045 menta
3515 4985 3796 5058 mentulam

2211 5062 2619 5140 ὑποκοριστικῶς
2651 5061 2856 5140 dicere.
2897 5051 3213 5140 Cicerolih:
3245 5077 3296 5117 Ix
3327 5060 3475 5140 Eum.
3520 5059 3680 5140 eoid.
3708 5051 3792 5140 ἓξ,

2209 5130 2391 5202 queut'
2434 5137 2613 5187 l0eum
2661 5131 2720 5188 S.
2769 5130 2991 5188 Doctor.
3047 5133 3284 5187 alludit:
3317 5131 3456 5186 [iuta
3509 5137 3572 5184 et,
3600 5137 3792 5202 vitelli“:

2209 5195 2404 5273 inquit.
2435 5211 2574 5257 recte
2603 5213 2876 5266 utrumque
2901 5204 3094 5258 dicitur
3123 5220 3140 5257 :
3168 5203 3284 5256 υοιο
3308 5217 3530 5258 maniam
3557 5195 3790 5273 pusillam

2208 5272 2298 5328 ita
2329 5277 2598 5345 appellare
2624 5283 2678 5328 ut
2706 5273 2972 5340 rutulnm;
3006 5293 3108 5330 non
3139 5273 3278 5329 licet.
3329 5275 3446 5330 Alia
3477 5287 3672 5341 nempe
3696 5272 3787 5345 «ξι,

2207 5335 2383 5429 call“;
2403 5335 2668 5402 bbacteua
2697 5345 2819 5415 ejus
2850 5335 3088 5402 nominis
3135 5350 3188 5403 in
3218 5347 3546 5402 diminutivo
3595 5335 3789 5411 signiﬁ-

2213 5429 2379 5472 cauo.

2279 5541 2350 5552 —
2395 5511 2567 5567 Mente
2609 5515 2800 5582 facere.
2845 5511 2941 5569 Hic
2963 5528 3178 5581 quoque
3216 5528 3315 5585 pro
3363 5521 3548 5580 mente,
3590 5509 3784 5585 puniunt

2205 5593 2456 5656 πιοηρεηι.
2496 5601 2529 5636 α
2571 5578 2749 5656 menta
2792 5578 2992 5656 facere.
3017 5578 3149 5653 Qua:
3190 5578 3352 5656 lectio
3379 5597 3418 5638 s-
3443 5578 3602 5639 nsum
3627 5578 3779 5633 alium

2214 5669 2280 5708 ac
2311 5653 2505 5709 falsum
2537 5653 2802 5724 obtrudit,
2819 5665 2878 5711 ut
2899 5658 3096 5727 legenti
3120 5655 3460 5712 mauifestum
3487 5669 3610 5712 esse
3635 5656 3778 5721 pote-

2208 5725 2300 5782 rit.
2330 5725 2606 5784 Murus.
