3932 6404
147 411 254 470 457

606 409 1256 472 COMMENTARIORUM
1296 409 1365 468 IN
1406 410 1643 469 ISAIAM
1681 410 2107 471 PROPHETAM
2146 413 2275 472 LIB.
2320 415 2461 478 XIII.
2503 384 2657 476 CA.P.
2699 416 2938 476 XLVIII.

3340 421 3446 480 458

147 540 353 604 sperat,
384 542 611 607 repente
639 534 913 590 sustinuit.
946 531 1138 604 Neque
1176 531 1321 589 enim
1349 540 1565 602 poterat
1593 529 1747 585 arbi-

1872 551 2126 617 :eutibus,
2155 553 2284 621 quid
2336 564 2627 612 venturum
2658 557 2763 624 sit,
2807 556 3081 627 Propheta
3127 559 3446 630 respondit:

151 627 283 684 trari
326 628 473 700 quod
521 629 725 692 Persae,
773 626 974 681 nullius
1023 634 1153 682 ante
1206 624 1563 694 fortitudinis,
1595 639 1740 690 eam,

147 717 292 792 Cyro
331 728 616 791 regnante,
662 728 1012 789 superarent,
1062 728 1119 774 et
1147 733 1262 774 suae
1290 716 1625 788 subjicerent
1651 731 1748 786 po-

148 812 347 869 testati.
402 812 532 880 ρων
558 828 801 885 perpessa
824 828 901 878 es,
934 811 1133 883 inquit,
1165 828 1270 866 non
1313 809 1485 867 solum
1535 818 1748 882 propter

146 904 437 977 superbiam
456 912 506 959 et
520 904 907 979 abundantiam
932 917 1234 960 cunctarum
1250 921 1407 974 opum
1430 914 1587 975 atque
1615 901 1749 958 deli-

147 998 273 1069 cias,
294 998 389 1054 sed
414 1007 464 1053 et
489 1008 701 1072 propter
714 996 1103 1054 multitudinem
1123 999 1503 1069 maleﬁciorum
1519 1008 1745 1065 tuorum,

148 1102 195 1147 et
219 1092 609 1153 incantatorum
655 1101 884 1161 tuorum,
912 1093 968 1147 in
1004 1092 1189 1164 quibus
1218 1092 1448 1148 habuisti
1476 1091 1746 1162 ﬁduciam.

145 1186 216 1244 Et
233 1189 556 1262 uenietsuper
577 1197 627 1243 te
653 1187 852 1243 malum
880 1189 1022 1261 quod
1046 1196 1202 1244 antea
1218 1187 1499 1255 nesciebas,
1526 1197 1573 1242 et
1601 1188 1751 1259 cujus

145 1283 417 1356 ignorabas
442 1291 633 1338 ortum.
663 1282 793 1339 Sive
823 1290 886 1338 ut
913 1282 1275 1354 Septuaginta
1307 1280 1713 1338 transtulerunt
1737 1298 1748 1333 :

152 1379 331 1436 Veniet
374 1396 529 1450 super
548 1389 597 1433 te
626 1377 872 1450 perditio,
905 1387 957 1433 et
988 1377 1184 1434 nescies
1211 1392 1229 1431 :
1257 1380 1427 1450 fovea,
1457 1385 1507 1429 et
1559 1374 1755 1430 incides

145 1473 202 1529 in
224 1489 339 1529 eam
364 1488 383 1528 :
415 1482 474 1528 ut
519 1488 641 1545 qua:
666 1473 885 1529 cunctis
930 1472 1190 1544 gentibus
1211 1472 1447 1543 parabas
1472 1468 1756 1540 captivita-

143 1564 218 1620 tis
263 1566 490 1634 malutu,
521 1565 641 1636 ipsa
670 1564 887 1623 incidas
942 1567 996 1620 in
1050 1563 1266 1620 foveam
1317 1578 1481 1635 quam
1529 1561 1753 1632 parasti.

138 1659 276 1728 Quae
300 1659 591 1730 perSpieua
621 1669 751 1716 sunt
775 1705 791 1730 ,
824 1660 938 1715 cito
983 1674 1251 1716 sermone
1294 1658 1751 1714 transcurrimus.

214 1761 234 1832 (
261 1759 419 1815 Vers.
452 1758 520 1814 12
546 1756 749 1830 seqq.)
782 1756 881 1813 Sta
925 1774 1042 1813 cum
1095 1757 1510 1811 incantatoribus
1553 1756 1678 1824 tuis,
1710 1763 1757 1809 et

137 1870 262 1911 cum
292 1852 624 1909 multitudine
653 1852 1033 1923 maleﬁciorum
1059 1862 1286 1921 tuorum,
1316 1852 1372 1906 in
1399 1851 1583 1921 quibus
1613 1848 1758 1905 labo-

1855 642 1995 699 Ecce
2021 647 2148 717 [acti
2173 657 2294 700 sunt
2321 649 2476 718 quasi
2496 649 2718 720 stipula,
2748 650 2883 723 ignis
2930 651 3193 706 deuorauit
3241 668 3329 707 eos
3353 670 3371 718 ;
3398 662 3457 709 ut
3550 696 3567 711 .

1849 739 1941 809 qui
1972 736 2364 796 salutem'aliis
2392 742 2807 812 promittebant,
2850 757 2948 800 sua
2982 746 3296 816 ignorarent
3325 761 3455 817 sup-

1849 829 2008 900 plicia
2040 846 2054 884 :
2089 847 2190 886 nec
2219 830 2443 887 dubium
2480 833 2636 904 quitt,
2670 834 2899 890 ardente
2930 837 3087 907 urbe,
3119 837 3454 895 habitatores

1849 921 1969 992 ejus
1992 937 2159 977 vorax
2183 921 2402 979 ﬂamma
2424 926 2852 996 consumpserit.
2880 926 3145 1000 Quodque
3170 932 3415 1001 sequitur
3440 951 3453 988 :

1853 1013 1976 1069 Non
2000 1024 2120 1070 sunt
2142 1031 2327 1085 pruna:
2351 1016 2535 1087 quibus
2562 1015 2826 1088 caleﬁant,
2861 1035 2955 1074 nec
2983 1022 3130 1091 focus
3153 1032 3209 1076 ut
3238 1022 3455 1079 sedeant

1850 1107 1921 1161 ad
1946 1122 2082 1175 eum,
2115 1108 2195 1163 sic
2243 1108 2453 1164 Hebraei
2492 1108 2825 1165 edisserunt.
2879 1109 3093 1167 Nullam
3124 1111 3326 1171 habent
3360 1129 3451 1172 ca-

1854 1199 1988 1256 loris
2003 1201 2309 1271 scientiam,
2329 1217 2430 1256 nec
2453 1201 2853 1259 illuminantem
2879 1217 3127 1273 sensum,
3152 1210 3243 1276 qui
3263 1223 3454 1264 eorum

1857 1293 2107 1348 tenebras
2134 1294 2307 1364 possit
2329 1294 2629 1365 discutere,
2659 1305 2714 1351 et
2732 1295 2904 1368 frigus
2927 1299 3130 1354 erroris
3144 1300 3453 1369 expellere.

1857 1383 1962 1439 Pro
1996 1400 2106 1456 quo
2132 1387 2322 1443 nescio
2344 1388 2475 1458 quid
2505 1389 2772 1454 ,voleutes
2816 1389 3169 1462 Septuaginta
3216 1401 3458 1450 transtu-

1857 1474 2068 1530 lerunt:
2095 1475 2270 1531 Habes
2290 1478 2537 1534 carbones
2562 1480 2719 1550 ignis,
2749 1481 2946 1535 sedebis
2970 1499 3125 1554 super
3150 1500 3235 1538 eos
3256 1502 3271 1539 :
3293 1484 3457 1557 554

1858 1566 1911 1620 lii
1936 1579 2085 1622 erunt
2111 1568 2201 1622 tibi
2242 1570 2296 1623 in
2321 1571 2683 1640 adjutorium;
2715 1574 2817 1629 nisi
2850 1573 2987 1630 forte
3017 1590 3309 1646 possumus
3354 1580 3459 1633 hoc

1858 1661 2065 1732 dicere,
2093 1664 2235 1733 quod
2296 1664 2468 1719 multo
2499 1665 2688 1720 utilior
2740 1668 2813 1723 sit
2856 1664 2994 1738 ignis
3042 1679 3097 1725 et
3146 1671 3461 1729 incendium

1861 1754 2148 1829 Babyloni,
2180 1772 2342 1828 quam
2376 1756 2597 1813 fuerunt
2624 1760 2766 1829 magi
2797 1771 2853 1816 et
2877 1760 3166 1833 Gazareni,
3199 1764 3475 1838 astrologi

1860 1857 1917 1904 et
1938 1849 2326 1905 incantatores.
2360 1849 2460 1905 Hic
2488 1851 2632 1905 enim
2664 1866 2759 1908 eos
2789 1868 2886 1923 per
2913 1868 3105 1925 pmnas
3144 1865 3304 1928 atque
3330 1872 3460 1928 sup-

139 1948 274 2003 rasti
298 1949 364 2002 ab
387 1946 738 2004 adolescentia
767 1956 878 2011 tua.
910 1948 957 2001 si
1004 1950 1137 2018 forte
1160 1946 1286 2017 quid
1316 1945 1482 2018 prosit
1526 1945 1638 2010 tibi,
1663 1952 1753 1999 aut
1785 1932 1834 1993 B
1861 1942 2021 2014 plicia
2072 1942 2138 1997 ad
2187 1943 2560 2013 pmnitentiam
2594 1953 2891 2014 provocat;
2931 1946 3009 2002 illi
3066 1962 3165 2016 per
3213 1963 3457 2006 errorem

140 2041 191 2096 si
217 2042 386 2110 possis
412 2040 525 2106 ﬁeri
557 2042 766 2112 fortior.
815 2039 1066 2113 Defecisti
1111 2041 1167 2093 in
1208 2038 1543 2094 multitudine
1579 2038 1753 2093 consi-

142 2135 338 2191 liorum
367 2145 573 2190 tuorum
603 2151 621 2189 :
649 2144 783 2191 stent
834 2143 882 2189 et
916 2132 1116 2189 solvent
1160 2142 1210 2187 te
1252 2148 1476 2198 augures
1502 2129 1640 2199 cteli,
1671 2128 1760 2195 qui

141 2226 629 2301 contemplabantur
656 2226 856 2295 sidera,
888 2236 935 2282 et
960 2224 1319 2299 supputabunt
1362 2239 1582 2291 menses,
1615 2231 1762 2276 utea:

142 2324 219 2379 eis
263 2323 631 2378 annuntiarent
658 2330 878 2377 uentura
923 2321 1036 2375 tibi.
1094 2319 1227 2374 Ecce
1274 2318 1404 2389 facti
1460 2324 1582 2373 sunt
1610 2317 1761 2389 quasi

142 2416 365 2490 stipula,
417 2416 551 2488 ignis
594 2415 874 2470 combussit
905 2427 1035 2469 eos:
1066 2429 1171 2468 non
1219 2410 1509 2467 liberabant
1560 2410 1762 2465 animas

146 2527 272 2566 suas
299 2510 364 2564 de
408 2525 565 2563 manu
594 2509 819 2579 ﬁamnue
844 2523 863 2562 :
895 2521 997 2561 non
1025 2514 1147 2560 sunt
1174 2520 1359 2577 pruna:
1386 2504 1570 2576 quibus
1616 2503 1761 2557 cale-

150 2604 303 2675 ﬁant,
336 2619 426 2659 nec
453 2605 601 2676 focus
632 2611 686 2657 ut
714 2603 930 2657 sedeant
958 2601 1026 2655 ad
1049 2616 1164 2655 eum
1205 2617 1223 2656 :
1254 2601 1329 2656 sic
1350 2604 1493 2673 facta
1515 2607 1639 2655 sunt
1669 2596 1763 2653 tibi

150 2697 207 2752 in
233 2698 638 2770 quibuscumque
679 2695 843 2769 553
891 2694 1220 2749 laborareras
1244 2709 1264 2748 :
1311 2694 1655 2765 negotiatores
1684 2695 1765 2745 tut

154 2791 221 2846 ab
249 2790 600 2846 adolescentia
625 2798 717 2843 tua
744 2789 1098 2857 unusquisque
1124 2787 1181 2841 in
1206 2787 1289 2840 via
1309 2802 1406 2840 sua
1430 2794 1766 2841 erraverunt:

154 2905 263 2944 non
310 2899 384 2943 est
422 2876 511 2959 qui
541 2884 704 2941 salvet
736 2894 803 2940 te.
838 2881 983 2939 LXX
1011 2900 1025 2938 :
1051 2882 1148 2938 Sta
1190 2898 1327 2935 nunc
1354 2880 1407 2934 in
1452 2881 1769 2933 incantatio-

155 2984 310 3041 nibus
339 2986 442 3038 tuis
467 2991 515 3037 et
540 2984 594 3037 in
624 2981 801 3037 multis
826 2977 1102 3048 maleﬁciis
1131 2977 1254 3043 tuis,
1288 2990 1405 3044 qute
1426 2973 1661 3028 discebas
1703 2972 1768 3027 ab

154 3073 510 3130 adolescentia
527 3080 638 3141 tua,
665 3080 690 3109 δ
709 3072 757 3126 si
777 3069 1025 3144 prodesse
1048 3067 1140 3122 tibi
1166 3073 1383 3138 possunt
1408 3080 1428 3120 :
1444 3073 1495 3120 et
1521 3062 1773 3117 laborasti

156 3170 213 3224 in
244 3169 476 3224 consiliis
507 3168 608 3223 tuis
635 3182 654 3222 :
685 3174 817 3221 stent
861 3174 908 3222 et
953 3166 1150 3219 saluam
1202 3170 1252 3215 te
1281 3161 1472 3231 faciant
1518 3157 1772 3229 astrologi

82 3308 97 3317 .
156 3261 297 3331 caeli,
324 3262 415 3332 qui
465 3257 883 3331 contemplantur
934 3255 1111 3312 stellas
1136 3272 1155 3311 :
1190 3254 1497 3310 annuntient
1526 3250 1772 3321 tibiquid

1861 2035 2068 2093 ducunt
2096 2036 2161 2091 ad
2192 2036 2529 2109 superbiam.
2558 2036 2751 2093 Omnis
2781 2037 2937 2094 labor
2978 2038 3096 2109 ejus
3124 2050 3181 2095 et
3210 2042 3458 2110 negotia-

1863 2142 2010 2189 tores
2039 2132 2203 2201 illius,
2235 2147 2374 2204 quos
2404 2148 2592 2205 magos
2634 2133 3017 2206 intelligimus,
3059 2135 3164 2192 hoc
3210 2138 3458 2208 profecit,

1861 2235 1922 2283 ut
1952 2229 2324 2299 unusquisque
2368 2243 2465 2285 sua
2509 2239 2723 2286 erraret
2766 2232 2890 2297 via;
2939 2244 2992 2288 et
3046 2233 3164 2306 ipse
3213 2234 3463 2304 perditus

1862 2322 2095 2378 salutem
2126 2322 2283 2378 alteri
2312 2338 2421 2378 non
2463 2324 2757 2394 praeberet.
2806 2324 3215 2399 luterrogemus
3244 2343 3340 2385 eos
3369 2329 3467 2398 qui

1863 2412 2113 2469 diversas
2133 2423 2527 2470 asseruntesse
2557 2425 2806 2482 naturas,
2833 2428 3015 2472 utrum
3047 2418 3284 2491 Babylon
3311 2421 3468 2475 mala:

1867 2515 2075 2561 natura:
2102 2507 2193 2573 sit,
2248 2520 2318 2561 an
2365 2506 2562 2563 boum?
2602 2508 2659 2565 Si
2691 2509 2849 2563 multa
2879 2509 3138 2579 dixerint,
3193 2513 3337 2582 quod
3372 2528 3470 2570 eos

1865 2614 2232 2670 responsuros
2288 2614 2411 2655 esse
2465 2616 2572 2655 non
2624 2601 2849 2656 dubium
2882 2612 2986 2673 est,
3037 2605 3313 2673 quomodo
3343 2620 3472 2675 pro-

1865 2702 2089 2749 vocatur
2117 2692 2184 2748 ad
2232 2693 2639 2764 penitentiam,
2677 2704 2733 2750 et
2762 2695 2965 2751 dicitur
3001 2696 3094 2751 ei:
3148 2696 3287 2754 Sede
3322 2714 3465 2753 com-

1868 2796 2079 2856 puncta,
2109 2787 2249 2841 intra
2279 2787 2332 2840 in
2361 2786 2614 2851 tenebras.
2646 2786 2761 2857 ﬁlia
2783 2786 3173 2845 Chaldazorum.
3208 2792 3285 2846 Ac
3312 2790 3468 2846 dein-

1869 2892 2002 2947 ceps
2041 2890 2159 2947 post
2185 2882 2653 2937 enumerationem
2688 2890 3038 2951 peccatorum
3061 2892 3119 2938 et
3147 2884 3467 2949 criminum,

1871 2972 2049 3028 Habes
2077 2974 2326 3029 carbones
2354 2975 2514 3048 ignis,
2548 2976 2746 3030 sedebis
2770 2993 2927 3047 super
2952 2993 3038 3032 eos
3064 2994 3083 3032 :
3113 2978 3169 3031 hi
3198 2988 3348 3033 erunt
3378 2978 3475 3032 tibi

1871 3064 1928 3118 in
1947 3065 2272 3136 adjutorium
2298 3069 2321 3120 ἱ)
2349 3067 2412 3121 Et
2434 3068 2562 3137 quid
2592 3067 2696 3122 sibi
2718 3067 2851 3122 velit
2888 3068 3031 3139 quod
3065 3069 3297 3124 infertur
3317 3070 3471 3141 juxta

1875 3155 2098 3211 eosdem
2128 3156 2480 3226 Septuaginta
2508 3176 2520 3211 :
2551 3156 2824 3214 Lnborasti
2871 3160 2926 3214 in
2974 3164 3374 3219 commutatione
3411 3164 3474 3218 ab

1877 3248 2264 3303 adolescentia?
2290 3249 2418 3316 Qua:
2452 3260 2534 3305 cst
2582 3249 2687 3305 ista
2743 3254 3134 3324 commutatio?
3163 3255 3361 3327 Utique
3408 3257 3478 3313 de

155 3326 439 3411 uenturum
466 3352 532 3406 sit
562 3326 716 3423 super
747 3359 812 3405 te.
848 3348 985 3404 Ecce
1020 3364 1197 3403 omnes
1244 3346 1394 3417 quasi
1424 3343 1695 3416 phrygana
1716 3342 1771 3395 in
1798 3326 1844 3390 C
1877 3342 2021 3399 bono
2072 3344 2129 3399 in
2177 3343 2407 3399 malum.
2448 3342 2528 3399 Ex
2581 3359 2689 3414 quo
2731 3345 3079 3414 perspicuum
3125 3357 3230 3414 est,
3274 3326 3475 3405 natura

157 3447 283 3518 igne
311 3443 723 3499 comburentur:
750 3452 795 3495 et
839 3456 944 3495 non
1001 3450 1175 3495 eruent
1225 3439 1455 3493 animam
1507 3451 1656 3491 suam
1710 3434 1774 3489 de

160 3539 415 3608 ﬂamma;
441 3534 564 3605 quia
589 3531 747 3587 habes
783 3532 1030 3587 carbones
1056 3532 1217 3604 ignis,
1250 3528 1451 3584 sedebis
1481 3543 1635 3599 super
1659 3542 1769 3581 eos.

163 3629 241 3684 Hi
262 3637 419 3683 erunt
463 3626 554 3681 tibi
604 3626 660 3680 in
710 3625 1056 3698 adjutorium.
1091 3621 1368 3677 Laborasti
1395 3622 1451 3675 in
1490 3628 1773 3675 commuta-

161 3723 306 3777 tione
337 3729 428 3776 tua
446 3719 512 3774 ab
542 3717 898 3775 adolescentia
920 3735 939 3774 :
969 3718 1120 3773 homo
1148 3718 1201 3771 in
1231 3716 1507 3785 semetipso
1535 3716 1727 3769 erravit
1751 3729 1771 3769 :

164 3818 262 3873 tibi
300 3804 606 3872 autemnon
636 3815 734 3870 erit
783 3814 949 3870 salus.
986 3812 1253 3869 Habuisse
1293 3811 1627 3882 Babylonem
1657 3824 1773 3864 om-

164 3926 409 3982 nemque
427 3909 757 3977 Chaldatam,
778 3907 1184 3963 incantatorum
1213 3914 1270 3961 et
1288 3919 1575 3975 augurum,
1606 3910 1661 3958 et
1677 3901 1774 3957 ha-

163 4006 442 4062 riolorum
480 4012 535 4059 et
564 4001 967 4059 Gazarenorum
1017 3998 1288 4067 studium,
1318 4012 1456 4069 quos
1508 4011 1609 4052 nos
1650 4011 1774 4050 aru-

167 4098 358 4170 spices
386 4095 745 4168 appellamus,
778 4093 1022 4149 Danielis
1047 4092 1341 4161 PrOpttetce
1363 4091 1532 4146 lectio
1557 4088 1772 4157 probat,

167 4190 266 4262 qui
311 4188 382 4244 ad
425 4202 614 4244 eorum
646 4186 960 4252 consilium,
1012 4192 1212 4240 cuncta
1260 4197 1415 4252 reges
1448 4179 1776 4252 Babylonios

168 4276 378 4342 fecisse
400 4290 818 4339 commemorat.
851 4281 957 4336 Pro
984 4294 1051 4334 eo
1081 4291 1299 4348 quoque
1326 4276 1470 4347 quod
1496 4290 1594 4329 nos
1616 4273 1776 4343 juxta

168 4374 568 4448 Symmachum
595 4384 651 4430 et
676 4372 1116 4430 Theodotionem
1175 4367 1520 4439 interpretati
1548 4380 1734 4421 sumus
1760 4381 1775 4419 :

171 4470 334 4527 Stent
364 4476 412 4522 et
438 4469 635 4523 solvent
666 4477 714 4522 te
738 4483 963 4541 augures
983 4466 1120 4534 cteli,
1139 4460 1500 4535 Septuaginta
1525 4458 1780 4515 manifes—

174 4562 292 4619 tius
345 4560 761 4629 transtulerunt,
796 4559 946 4614 Stent
976 4568 1026 4614 et
1066 4558 1266 4613 salvam
1293 4565 1342 4610 te
1385 4553 1582 4627 faciant
1607 4562 1778 4607 astro-

176 4656 290 4729 logi
320 4655 479 4723 caeli;
519 4653 612 4726 qui
641 4653 807 4725 vulgo
831 4652 1172 4725 appellantur
1201 4646 1591 4715 mathematici,
1611 4654 1669 4703 et
1708 4660 1777 4703 ex

173 4756 458 4805 astrorum
479 4762 639 4803 cursu
666 4748 932 4818 lapsuque
961 4744 1225 4813 siderum,
1259 4758 1349 4800 res
1376 4744 1643 4798 humanas
1663 4740 1779 4812 regi

175 4844 543 4901 arbitrantur.
577 4841 734 4899 Unde
759 4850 816 4897 et
844 4840 983 4912 Magi
1005 4839 1075 4895 de
1105 4838 1326 4895 Oriente
1350 4846 1643 4904 venerunt,
1677 4836 1785 4891 Do-

177 4937 320 4995 mini
365 4935 584 4992 stellam
615 4949 676 4990 se
702 4933 904 4989 vidisse
943 4932 1209 5000 dicentes,
1232 4932 1318 4987 vel
1348 4948 1418 4990 ex
1447 4932 1582 4988 artis
1608 4930 1785 4986 scien-

1876 3439 2070 3504 bonos,
2122 3436 2402 3494 voluntate
2453 3437 2630 3493 malos
2674 3438 2827 3493 'lieri.
2888 3438 3132 3511 Denique
3207 3442 3474 3498 infertur:

1875 3532 2049 3588 Homo
2094 3532 2149 3587 in
2193 3532 2465 3604 semetipso
2493 3534 2703 3599 erravit,
2752 3547 2859 3588 non
2892 3541 3109 3604 natura,
3141 3534 3234 3590 sed
3279 3537 3479 3592 mentis

1874 3625 2125 3682 arbitrio.

1947 3717 2116 3790 (Cap.
2148 3715 2617 3774 XLVlll.-Vers.
2651 3718 2677 3772 1
2713 3717 2899 3790 seqq.)
2925 3719 3114 3775 Audite
3142 3721 3276 3790 haec,
3296 3723 3481 3780 domus

1873 3812 2057 3878 Iacob,
2081 3814 2171 3886 qui
2212 3814 2467 3867 vocamini
2495 3813 2703 3868 nomine
2739 3814 2927 3881 Israel,
2962 3825 3011 3869 et
3046 3814 3111 3870 de
3162 3817 3308 3888 aquis
3337 3817 3480 3873 Iuda

1875 3907 2053 3963 existis
2071 3923 2090 3961 :
2115 3907 2202 3978 qui
2217 3906 2438 3981 jurastis
2461 3905 2660 3979 [νοις.
2676 3908 2876 3979 juratis
2892 3907 2913 3982 ]
2932 3908 2983 3962 in
3014 3911 3222 3965 nomine
3242 3908 3481 3976 Domini,

1877 4008 1923 4053 et
1970 3996 2069 4052 Dei
2098 3998 2271 4053 Israel
2312 3997 2685 4064 recerdamini,
2734 4015 2837 4053 non
2888 3999 2942 4053 in
2971 4000 3182 4054 veritate
3221 4017 3382 4071 neque
3431 4002 3485 4057 in

1867 4091 2097 4166 justitia.
2142 4090 2222 4147 De
2263 4092 2468 4147 civitate
2491 4094 2628 4146 enim
2659 4102 2840 4148 sancta
2868 4094 3034 4147 vocati
3066 4103 3188 4148 sunt
3209 4110 3227 4148 :
3252 4102 3300 4147 et
3328 4110 3483 4164 super

1878 4180 2389 4257 Dominum[Vulg.
2421 4183 2594 4257 Deus]
2629 4184 2798 4239 Israel
2836 4186 3154 4240 constabiliti
3200 4195 3319 4241 sunt
3340 4203 3358 4241 .'
3380 4187 3483 4242 Do-

1880 4276 2050 4331 minus
2075 4276 2395 4331 exercituum
2425 4293 2611 4331 nomen
2640 4279 2774 4349 ejus.
2823 4274 2953 4332 [hoc
2980 4276 3258 4334 Chaldaeis
3299 4288 3354 4336 et
3383 4280 3484 4336 Ba-

1876 4367 2117 4438 byloniis
2161 4377 2392 4423 ventura
2426 4366 2673 4438 praedixi,
2726 4378 2786 4424 et
2818 4384 3047 4426 necesse
3085 4382 3171 4427 est
3209 4374 3355 4444 quod
3388 4389 3484 4446 per

1879 4459 2182 4531 Prophetas
2207 4474 2361 4515 meos
2388 4460 2603 4517 locutus
2633 4475 2776 4529 sum,
2812 4462 2979 4519 rebus
3007 4465 3244 4535 expleri.
3275 4465 3354 4521 Tu
3384 4483 3482 4522 au-

1882 4562 2014 4616 tem,
2048 4551 2244 4607 domus
2270 4553 2460 4621 Jacob,
2504 4563 2559 4609 et
2587 4554 2679 4624 qui
2708 4555 2978 4610 vocamini
3008 4560 3233 4615 nomine
3286 4560 3480 4623 Israel,

1882 4652 1938 4702 et
1963 4643 2055 4716 qtti
2084 4642 2153 4698 de
2172 4657 2312 4714 aqua
2334 4641 2474 4699 Juda
2506 4643 2698 4698 existis
2717 4689 2731 4711 ,
2761 4652 2816 4700 et
2846 4655 3044 4700 cmtera
3074 4664 3196 4717 qua:
3244 4664 3485 4719 sequun-

1808 4717 1858 4778 D
1885 4746 1996 4807 tur,
2025 4735 2153 4791 audi
2183 4734 2448 4791 attentius
2469 4748 2594 4806 quae
2635 4733 2885 4791 dicturus
2910 4751 3054 4791 sum.
3085 4737 3155 4793 Et
3180 4717 3480 4795 notandum

1885 4830 2029 4904 quod
2070 4843 2412 4899 nequaquam
2461 4842 2558 4883 eos
2583 4827 2822 4900 appellet
2871 4828 3064 4894 Jacob,
3107 4829 3201 4885 sed
3255 4829 3478 4889 domum

1885 4925 2091 4991 Jacab;
2116 4938 2218 4980 nec
2247 4922 2436 4990 Israel,
2460 4921 2552 4994 qui
2576 4923 2679 4979 hoc
2702 4921 2842 4977 falso
2862 4922 3212 4993 appellantur
3234 4927 3476 4999 nomine,

181 5030 286 5099 tia,
314 5028 343 5069 δ
372 5029 463 5085 vel
489 5043 557 5082 ex
588 5024 851 5083 vaticinio
900 5024 1117 5079 Balaam
1148 5022 1440 5094 Prophetas
1469 5025 1576 5093 sui,
1600 5023 1693 5094 qui
1734 5022 1787 5077 itt
1886 5034 2011 5074 cum
2043 5032 2180 5088 opus
2213 5031 2324 5072 non
2353 5015 2590 5070 habeant
2624 5013 2882 5069 nominis.
2911 5012 2978 5069 Et
3003 5015 3068 5070 de
3087 5015 3255 5088 aquis,
3283 5018 3479 5091 inquit,

179 5125 444 5183 Numeris
484 5122 697 5177 dixerat
748 5137 762 5175 :

182 5221 259 5276 de
286 5216 457 5274 Israel
487 5217 506 5287 (
534 5215 695 5270 Num.
729 5229 877 5281 xstv,
910 5211 1039 5284 17).
1063 5210 1159 5266 Isti
1188 5210 1352 5282 igitur
1380 5210 1469 5280 qui
1495 5216 1792 5278 suppetant

181 5326 434 5380 menses,
460 5322 743 5378 annosque
758 5305 1126 5373 dinumerant,
1157 5314 1211 5359 et
1233 5302 1489 5359 horarum
1519 5309 1793 5357 momenta

186 5407 479 5470 librantes,
524 5403 830 5456 futurorum
878 5397 1167 5454 scientiam
1221 5394 1564 5466 pollicentur,
1610 5392 1794 5448 dicant

186 5498 289 5555 tibi
319 5494 448 5567 quid
478 5506 649 5564 super
686 5498 741 5546 te
785 5489 1049 5545 Dominus
1092 5485 1439 5558 cogitaverit,
1471 5483 1684 5554 illisque
1718 5493 1798 5538 ta-

267 5623 295 5652 ει
324 5611 418 5668 Sic
453 5608 656 5661 habent
691 5618 822 5659 mss.
853 5599 919 5657 ad
957 5601 1207 5659 Grtrcum
1234 5597 1516 5671 exemplar
1543 5597 1577 5654 ἃ
1601 5596 1794 5671 δυνήσῃ

187 5677 729 5761 ὦγμλῃθῆνσᾳᾏιιῐθθ
744 5682 1132 5761 erat,qute‘non
1159 5673 1406 5761 prodesse
1554 5669 1793 5761 possunt.

266 5757 295 5797 δ
334 5750 539 5808 Recole
563 5762 687 5817 quae
703 5762 864 5813 supra
879 5748 1257 5817 annotavitth
1288 5748 1340 5796 in
1364 5759 1413 5796 c.
1440 5757 1552 5810 xix,
1580 5755 1725 5795 vers.
1758 5755 1798 5817 ιξ

813 5119 1026 5175 Orietur
1055 5117 1207 5173 stella
1236 5133 1300 5172 ea;
1323 5116 1511 5186 Jacob,
1551 5126 1600 5172 et
1637 5117 1789 5171 homo
1890 5111 2036 5166 Iuda
2076 5109 2275 5176 existis,
2297 5118 2319 5148 ο
2347 5113 2661 5185 σεμνοτερῶς
2690 5122 2852 5176 aquas
2896 5120 3099 5162 vocans
3130 5122 3229 5178 pro
3271 5112 3485 5180 semine,

1892 5212 1953 5258 ut
1983 5215 2322 5273 nequaquam
2351 5213 2449 5254 eos
2480 5200 2741 5253 virtutum
2765 5198 3204 5257 Patriarcharum
3233 5203 3376 5259 tilias
3403 5221 3488 5261 os-

1895 5297 2151 5354 tenderet
2179 5310 2325 5364 csse,
2350 5294 2445 5350 sed
2470 5294 2740 5352 carnium.
2774 5297 2843 5353 Et.
2869 5308 3021 5354 recte
3044 5309 3211 5370 aquas
3236 5300 3373 5357 .luda
3395 5319 3490 5372 ap.

1898 5390 2149 5461 pellavit,
2182 5392 2309 5456 quia
2339 5387 2455 5443 sola
2488 5397 2618 5445 tunc
2647 5390 2702 5444 in
2739 5400 2880 5445 terra
2920 5390 3108 5446 Judwa
3154 5391 3330 5448 adhuc
3370 5409 3494 5460 per—

1901 5480 2161 5538 manebat
2177 5477 2388 5544 tribus;
2415 5486 2472 5534 et
2512 5494 2701 5534 semen
2731 5480 2896 5535 David
2933 5480 3029 5535 illo
3052 5490 3300 5551 tempore
3333 5485 3494 5558 555

1897 5591 2756 5676 manuscriptishexemplaribus;
2782 5608 2888 5649 non
2918 5599 3346 5676 awpértxwﬂpov
3371 5618 3495 5662 cum

1899 5666 2060 5745 editis
2090 5664 2262 5719 libris.
2293 5664 2580 5745 Significat
2625 5664 3147 5745 autemsemnoteibs
3169 5709 3183 5731 ,
3215 5664 3339 5727 eum
3360 5691 3497 5745 qua-

1904 5738 2026 5793 dam
2090 5739 2396 5792 reverentia
2453 5745 2508 5789 et
2551 5738 2905 5805 verecunde,
2950 5740 3066 5794 sive
3121 5738 3506 5805 vetterabtiude

297 5807 565 5878 cIEodem
584 5807 846 5890 'seusu'in
885 5816 1208 5890 ΑΑιιιιιςοεὶιιη
1239 5807 1628 5890 σεμνοστρεπῶς,
1658 5809 1804 5881 Quod
1906 5810 2079 5890 dictas
2101 5823 2223 5890 esse
2276 5809 2802 5890 aquas_pro_setn_ine.
2827 5807 3056 5866 Codices
3086 5825 3220 5865 mss.
3248 5828 3507 5890 corrupte

180 5908 299 5968 est,
338 5895 526 5968 digne,
558 5888 860 5949 uerecunde,
892 5888 1005 5968 sive
1035 5885 1267 5968 Itoneste.

259 5956 343 6017 ζ..
363 5956 688 6037 σῖμνότερῶς
713 5974 895 6027 aquas,
917 5967 1024 6016 etc.
1052 5959 1164 6013 Hoc
1187 5958 1347 6015 modo
1365 5956 1469 6030 legi
1495 5963 1710 6031 oportet
1737 5969 1806 6011 ex

652 6054 927 6114 l’naoL.
978 6049 1215 6113 XXIV.

1910 5880 2099 5952 legunt
2120 5886 2623 5939 CBMNOTIPETIQE.
2666 5879 2933 5937 Maurus.

2959 6044 3034 6110 15
