3932 6314
533 307 643 371 459

1789 300 1847 359 S.
1889 292 2167 362 EUSEBll
2206 294 2586 360 HIERONYMI

3732 309 3829 366 460

528 429 738 498 regium
786 420 1129 481 servabatur.
1166 416 1293 487 Qui,
1336 416 1535 491 inquit,
1588 418 1806 487 iurastis
1852 422 1905 474 in
1937 422 2146 475 nomine
2170 424 2224 486 Α
2248 420 2645 475 submerserim
2672 416 2885 489 Rubro,
2917 427 3116 474 tet-rant
3141 418 3586 489 repromissionis
3610 423 3827 482 tradide.

532 515 783 584 Domini,
840 530 949 570 non
989 522 1047 567 ut
1096 510 1381 567 honoretis
1435 512 1771 579 Dominum;
1816 512 1911 568 sed
1966 521 2030 569 ut
2062 529 2144 569 as-

529 617 753 677 sumpto
797 606 1019 664 nomine
1063 607 1278 663 faciatis
1305 605 1583 676 injuriam,
1613 606 1742 662 dum
1775 623 1898 662 eum
1947 616 2140 663 testem

529 703 699 760 vestri
727 701 896 756 vultis
924 715 1051 757 esse
1080 699 1377 766 mendacii,
1412 709 1468 755 et
1496 701 1846 770 requiescitis
1878 702 1929 755 in
1953 708 2144 755 sancta

529 796 777 861 civitate,
802 801 861 850 et
883 808 1048 865 super
1068 792 1358 848 Dominum
1386 790 1554 849 Israel
1575 793 1911 859 innitimini;
1941 805 1997 847 ttt
2021 793 2141 863 jac-

526 892 655 951 tetis
685 887 1027 943 habitatores
1072 901 1172 941 vos
1218 900 1345 942 esse
1375 886 1530 942 urbis
1572 886 1903 954 Jerusalem,
1950 895 2006 941 et
2039 885 2145 939 Do-

535 983 669 1038 mini
701 981 935 1037 sabuotli
968 978 1175 1035 habere
1204 977 1574 1050 privilegium,
1607 992 1730 1034 cum
1760 992 1916 1035 cassa
1943 977 2141 1043 Jacob,

529 1075 697 1132 Israel
723 1086 778 1130 et
809 1074 962 1129 urbis
987 1083 1214 1141 sancta,
1242 1081 1298 1128 et
1330 1070 1430 1128 Dei
1456 1072 1853 1142 omnipotentis
1894 1087 2146 1129 assuma—

533 1169 605 1224 tis
632 1165 922 1222 vocabula.

611 1263 634 1335 (
660 1262 816 1318 Vers.
842 1263 894 1326 3,
927 1261 961 1316 4
984 1257 1182 1331 seqq.)
1208 1257 1399 1314 Priora
1423 1274 1486 1315 ea:
1512 1268 1630 1313 tunc
1659 1259 1987 1325 aununtiavi,
2012 1267 2059 1310 et
2079 1274 2143 1312 ea:

530 1373 622 1415 ore
672 1372 787 1413 meo
818 1355 1078 1420 exierunt,
1103 1362 1151 1408 et
1178 1354 1361 1407 audita
1393 1353 1490 1422 feci
1532 1368 1594 1406 ea
1615 1368 1636 1407 :
1658 1360 1873 1419 repente
1898 1357 2142 1414 aper-atas

532 1465 675 1515 sum,
705 1457 755 1504 et
782 1457 1047 1502 verterunt.
1079 1445 1221 1502 Scivi
1248 1447 1383 1499 enim
1413 1444 1535 1516 quia
1564 1444 1727 1499 durus
1758 1460 1810 1498 es
1839 1451 1917 1509 tu,
1951 1450 1999 1497 et
2026 1458 2145 1497 ner-

531 1560 625 1601 vus
653 1543 853 1615 ferreus
878 1542 1050 1597 cervix
1076 1549 1188 1606 tua,
1221 1551 1265 1595 et
1294 1543 1440 1608 frons
1469 1551 1557 1592 tua
1582 1554 1749 1594 aznea.
1785 1536 2023 1593 Praedixi
2049 1536 2144 1590 tibi

529 1653 597 1697 ea:
621 1644 746 1691 tunc
764 1652 783 1690 :
812 1645 1087 1705 antequam
1130 1634 1381 1694 venirent.
1410 1631 1633 1687 indicaui
1659 1631 1775 1696 tibi,
1805 1646 1871 1685 ne
1900 1634 2036 1700 forte
2063 1630 2143 1683 tli-

533 1744 673 1783 ceres
700 1742 719 1781 :
754 1726 900 1784 idola
929 1741 1039 1780 mea
1066 1728 1297 1797 fecerant
1329 1729 1459 1788 Iure.
1490 1731 1539 1777 et
1563 1723 1832 1791 sculptilia
1859 1738 1993 1784 mea,
2016 1737 2144 1776 con—

2249 513 2374 580 rim,
2404 523 2597 583 gentes
2625 512 2777 568 robis
2807 513 2986 567 varias
3014 513 3372 583 subingorim.
3402 512 3509 569 Sed
3544 530 3679 572 nova
3722 534 3825 588 qua:

2244 616 2437 663 contra
2482 607 2815 682 Babylonem
2851 608 3086 662 tacturus
3126 622 3271 674 sum,
3306 610 3496 662 nuntio
3519 649 3534 674 ,
3568 618 3629 664 ut
3671 609 3827 680 impn-

2244 698 2385 755 dens
2409 698 2523 753 mis
2556 702 2630 753 tui
2665 699 3006 755 mendacium
3051 699 3383 769 conlutetur,
3416 703 3509 769 qui
3562 708 3618 756 te
3648 706 3825 761 asseris

2244 792 2389 849 scire
2416 807 2541 863 quae
2574 776 2774 849 nescis.
2804 793 2888 848 Ab
2925 793 3081 848 initio
3110 797 3254 848 enim
3294 808 3547 849 meorum
3594 797 3826 865 pra-vari-

2245 897 2398 941 cator
2418 902 2480 942 es
2510 887 2936 952 mandatorum;
2967 897 3022 940 et
3065 887 3134 943 de
3164 898 3355 942 ventre
3384 898 3823 959 trausgressorem

2245 978 2460 1033 vocavit
2489 990 2542 1035 te
2570 979 2737 1057 Deus,
2769 980 2989 1050 quando
3017 979 3084 1034 dc
3108 978 3345 1050 Egyptn
3374 980 3658 1048 liberatus,
3688 983 3823 1051 quasi

2244 1086 2371 1128 meo
2397 1082 2589 1127 ventre
2634 1082 2939 1139 conceptus
2974 1088 3058 1136 es,
3092 1084 3149 1125 et
3176 1070 3464 1138 educatus,
3490 1084 3549 1129 et
3581 1075 3822 1129 eruditus.

2244 1162 2420 1233 Caput
2451 1166 2603 1220 bovis
2632 1165 2850 1238 Egypti
2876 1165 3231 1230 desiderasti,
3265 1166 3496 1222 dicens:
3527 1165 3605 1221 Hi
3631 1177 3745 1222 sunt
3767 1169 3829 1224 dii

2244 1258 2344 1326 tui,
2374 1256 2562 1327 Israel,
2613 1260 2704 1330 qui
2752 1268 2801 1311 te
2828 1260 3120 1314 eduxerunt
3149 1260 3215 1314 de
3259 1270 3401 1314 terra
3431 1258 3679 1333 ﬂggpti.
3728 1260 3829 1316 Non

2247 1348 2410 1419 igitur
2462 1360 2556 1405 ttto
2590 1352 2807 1417 merito,
2853 1353 2948 1408 sed
3006 1368 3128 1407 mea
3181 1351 3567 1408 misericordia
3614 1354 3827 1409 furorem

2245 1460 2427 1500 meum
2456 1445 2672 1515 distuli,
2717 1462 2787 1501 ne
2830 1447 3047 1515 penitus
3099 1449 3378 1516 inter-ires,
3421 1458 3479 1504 et
3532 1449 3606 1503 ob
3635 1448 3827 1502 laudem

2245 1539 2483 1594 nominis
2515 1541 2620 1594 mei
2649 1539 2937 1596 infrenabo
2968 1548 3041 1601 te.
3076 1549 3135 1595 ut
3160 1555 3251 1596 me
3280 1540 3433 1611 quasi
3457 1541 3763 1610 iumentum
3789 1550 3833 1598 et

2246 1634 2298 1688 in
2335 1633 2510 1690 l'renis
2539 1648 2712 1703 equus
2754 1634 3001 1703 sequaris
3048 1634 3269 1688 invitus.
3320 1630 3457 1689 Ecce
3482 1636 3669 1689 rscoxi
3700 1647 3765 1700 te,
3786 1633 3831 1688 id

2245 1734 2361 1794 est,
2416 1726 2673 1795 probavi,
2728 1727 3003 1796 quomodo
3051 1725 3321 1781 conﬂatur
3362 1741 3676 1796 argentum.
3726 1726 3832 1782 Sive

522 1818 714 1890 ﬂatilia
758 1819 1134 1875 mandaverunt
1185 1818 1306 1873 ista.
1350 1817 1481 1885 Qum
1518 1816 1751 1882 audisti,
1784 1817 1900 1871 vide
1930 1817 2143 1870 omnia:
2174 1820 2223 1881 Β
2248 1836 2357 1876 non
2402 1820 2453 1874 in
2485 1819 2711 1888 divitiis,
2742 1820 2837 1876 sed
2887 1822 2940 1875 in
2975 1819 3196 1876 fornace
3246 1819 3595 1890 paupertatis
3623 1819 3833 1890 probare

523 1929 613 1969 tios
639 1924 811 1970 autem
838 1924 863 1950 ει
892 1931 996 1968 non
1025 1914 1402 1969 annuutiastis.
1432 1911 1629 1965 Audita
1656 1913 1757 1983 feci
1788 1913 1880 1966 tibi
1908 1928 2039 1966 nova
2072 1927 2141 1967 ea;

526 2015 688 2064 tunc:
714 2016 759 2063 et
790 2014 1092 2062 conservata
1127 2022 1245 2076 qua!
1273 2007 1479 2061 nescis:
1507 2006 1660 2061 modo
1699 2015 1879 2063 creata
1915 2016 2058 2075 sunt,
2091 2016 2143 2062 et

522 2121 628 2159 non
653 2119 718 2159 ea:
748 2113 911 2157 tunc:
943 2108 991 2154 et
1019 2109 1144 2155 ante
1162 2101 1325 2160 diem.
1355 2107 1405 2155 et
1436 2116 1541 2153 non
1571 2100 1769 2157 audisti
1798 2118 1882 2167 ea,
1917 2117 1980 2155 ne
2009 2103 2142 2169 forte

525 2196 672 2250 diras
717 2210 734 2248 :
766 2210 881 2248 ecce
922 2192 1137 2265 cognovi
1169 2208 1250 2247 ea.
1284 2189 1470 2264 Neque
1498 2192 1721 2261 audisti,
1752 2209 1918 2265 neque
1943 2209 2141 2266 cogno-

527 2291 672 2356 visti,
707 2305 871 2361 neque
909 2304 975 2345 etc
1020 2295 1143 2341 tunc
1188 2296 1373 2358 aperta
1402 2295 1475 2341 est
1505 2287 1649 2343 auris
1688 2295 1779 2341 tua
1799 2303 1818 2342 :
1848 2288 1955 2342 scio
1982 2289 2140 2353 enim,

530 2385 657 2456 quia
686 2383 1031 2452 prtevaricans
1062 2380 1509 2452 prtevaricaberis,
1531 2390 1578 2435 et
1612 2390 2045 2453 transgressorem
2081 2396 2148 2434 etc

519 2489 697 2534 uentre
782 2477 957 2533 vocavi
1030 2485 1097 2530 to.
1179 2475 1405 2545 Propter
1484 2491 1669 2533 nomen
1750 2491 1918 2529 meum
1993 2475 2146 2544 longe

524 2571 721 2643 faciam
758 2574 984 2641 furorem
1038 2583 1209 2622 meum
1234 2583 1254 2620 .'
1300 2576 1349 2621 et
1393 2566 1549 2620 laude
1594 2582 1706 2619 mea
1745 2566 2016 2634 infrenabo
2059 2573 2143 2632 te,

520 2682 586 2721 ne
608 2665 855 2720 intereas.
891 2660 1027 2717 Ecce
1048 2662 1230 2717 excuti
1259 2668 1330 2726 te,
1378 2659 1468 2714 sed
1498 2675 1602 2715 non
1651 2660 1802 2729 quasi
1828 2666 2099 2728 argentum
2123 2675 2142 2714 :

524 2757 659 2827 elegi
710 2763 761 2807 te
818 2755 869 2807 in
924 2752 1129 2805 camino
1185 2751 1526 2822 paupertatis.
1588 2748 1807 2823 PrOptcr
1855 2766 1954 2819 me,
1988 2766 2147 2820 prop—

529 2852 711 2900 terme
737 2844 952 2913 faciam,
985 2850 1038 2895 ut
1084 2841 1572 2912 nonblaspltemer:
1616 2851 1661 2896 et
1705 2841 1928 2913 gloriam
1978 2856 2145 2897 meam

536 2938 689 2991 alteri
747 2951 849 2988 non
908 2933 1063 2989 dabo.
1111 2930 1292 2988 LXX:
1331 2932 1518 2987 Priora
1571 2934 1746 2986 adhuc
1798 2935 2144 2991 annuntiari.’

527 3045 576 3087 et
612 3035 678 3088 de
706 3048 793 3087 ore
834 3048 944 3086 meo
974 3045 1177 3102 egressa
1214 3038 1369 3085 sunt:
1427 3039 1475 3083 et
1504 3029 1742 3083 auditum
1796 3029 1995 3098 factum
2034 3037 2144 3084 est:

521 3127 693 3183 subito
743 3126 843 3195 feci
867 3168 883 3194 ,
912 3134 959 3179 et
989 3132 1254 3191 venerunt,
1281 3123 1389 3177 scio
1417 3122 1542 3193 quia
1573 3124 1737 3175 durus
1792 3138 1844 3176 es
1873 3138 1891 3175 :
1941 3129 1987 3176 et
2015 3136 2140 3174 ner-

2251 1921 2303 1966 te
2334 1911 2500 1967 volui.
2540 1912 2614 1967 Ex
2649 1928 2757 1981 quo
2788 1913 3096 1967 ostenditur
3123 1920 3181 1967 et
3209 1910 3417 1966 divitiis
3445 1923 3500 1965 et
3532 1920 3833 1982 paupertate

2242 2004 2541 2075 plerosque
2590 2003 2812 2073 tentari,
2846 2004 2895 2059 si
2946 2013 3041 2060 aut
3091 2002 3197 2059 illis
3238 2003 3377 2058 male
3410 2002 3723 2070 abutantur,
3750 2012 3829 2056 aut

2241 2099 2526 2169 penuriam
2558 2112 2902 2167 nequaquam
2936 2099 3137 2152 virtute
3159 2096 3490 2155 sustineant.
3512 2097 3739 2167 Propter
3759 2111 3834 2151 me
3930 2104 3932 2119 ‘

2244 2205 2376 2261 ergo
2404 2191 2619 2255 iaciam,
2650 2206 2717 2245 ne
2747 2190 3156 2260 lilasptzcmetur
3184 2204 3384 2247 noiueu
3427 2206 3615 2246 nicum
3646 2207 3695 2245 tu
3725 2205 3835 2261 gen-

2248 2286 2413 2347 tibus,
2447 2294 2501 2339 et
2531 2294 2720 2351 putent
2751 2300 2844 2340 vo;
2874 2299 2981 2339 non
3015 2300 3135 2339 mea
3166 2285 3269 2351 ira,
3298 2284 3397 2339 sed
3430 2284 3700 2339 idolorum
3725 2297 3833 2339 διιο-
3930 2352 3932 2361 Ι

2246 2394 2365 2434 rum
2397 2377 2601 2434 auxilio
2631 2394 2752 2433 ωδε
2778 2389 3086 2445 superatos.
3118 2375 3382 2445 Quodque
3412 2376 3602 2442 infert,
3633 2376 3686 2449 gl
3717 2378 3836 2431 riunt
3930 2386 3932 2449 ί

2244 2486 2416 2525 meum
2438 2468 2594 2526 alteri
2623 2488 2729 2524 non
2761 2471 2918 2534 dabo,
2944 2472 3048 2526 hoc
3072 2470 3364 2540 signiﬁcat,
3398 2486 3465 2526 ne
3492 2470 3629 2525 idola
3650 2480 3835 2539 pttteno

2245 2573 2333 2619 tur
2356 2567 2703 2635 oppressisse
2736 2564 2993 2632 populum
3026 2563 3146 2619 Dei.
3188 2562 3285 2619 Vel
3329 2575 3482 2619 certe
3524 2578 3646 2621 cum
3686 2560 3834 2628 dicit,

2242 2658 2398 2712 antri
2433 2674 2536 2711 non
2588 2655 2743 2726 dabo,
2778 2657 3020 2713 ostendit
3046 2671 3106 2712 se
3151 2654 3311 2711 animi
3336 2657 3452 2721 jam
3499 2655 3735 2721 dedisse,
3765 2654 3835 2706 al-

2251 2754 2349 2809 teri
2378 2753 2526 2809 enim
2575 2751 2643 2808 ad
2673 2751 3075 2807 distinctionem
3107 2750 3307 2820 prioris
3334 2750 3554 2809 dicitur.
3596 2747 3833 2817 Pictique

2244 2856 2584 2913 nostrorum,
2615 2855 2677 2898 ut
2694 2843 2848 2914 juxta
2875 2842 3020 2899 LXX
3050 2844 3378 2912 ltitcrpretes
3405 2858 3579 2912 pauca
3601 2841 3837 2911 perstriu‘

2242 2953 2395 3008 μιν,
2427 2937 2494 2993 de
2519 2936 2720 2991 Christi
2745 2937 2982 2993 adventu
3013 2946 3299 2992 autumant
3330 2935 3675 3004 prophetali,
3705 2931 3832 3003 quod

2249 3042 2476 3099 repente
2526 3029 2706 3086 veniat
2736 3032 3071 3100 insperatus,
3102 3042 3161 3089 et
3190 3031 3488 3086 durissimo
3521 3030 3722 3100 populo
3763 3029 3834 3083 sui

2249 3126 2595 3182 demonstret
2622 3124 2972 3194 praesentiant
2990 3141 3011 3190 ;
3043 3124 3133 3179 cui
3176 3124 3338 3198 557
3384 3140 3676 3193 tnnnqnam
3712 3123 3833 3177 Deus

524 3236 620 3276 vus
664 3223 865 3291 ferreas
915 3216 1102 3272 collum
1144 3224 1321 3283 tuum,
1379 3220 1426 3267 et
1459 3217 1604 3284 frons
1643 3220 1734 3265 tua
1759 3228 1942 3268 terrea:
1973 3222 2021 3266 et
2051 3228 2147 3267 an-
2181 3220 2226 3281 ρ
2257 3236 2417 3275 aures
2443 3218 2739 3290 aperuerit,
2772 3219 2896 3288 quia
2922 3218 3283 3274 incrassatum
3306 3218 3473 3272 iverit
3502 3232 3605 3272 cor
3633 3217 3764 3283 ejus,
3791 3223 3833 3266 et

525 3315 762 3370 nuntiari
818 3312 909 3366 tibi
957 3310 1084 3365 olim
1116 3320 1391 3378 antequam
1422 3307 1653 3362 venirent
1682 3321 1835 3377 super
1866 3314 1931 3359 te.
1970 3304 2139 3358 Antii-

529 3419 642 3465 tum
669 3408 761 3462 tibi
794 3405 937 3479 feci:
982 3421 1046 3459 ne
1076 3405 1208 3475 forte
1237 3403 1455 3469 diceres,
1486 3402 1610 3463 quia
1648 3398 1790 3453 iiala
1836 3398 1963 3452 mihi
2004 3401 2140 3468 fece-

530 3512 672 3569 runt,
702 3498 969 3570 sculptilia
998 3502 1046 3548 et
1075 3493 1365 3562 conﬂatilia
1394 3490 1765 3543 mandaverunt
1790 3487 1940 3542 mihi.
1974 3487 2141 3542 Audi-

525 3595 621 3647 stis
652 3590 850 3657 omnia,
880 3597 929 3641 et
961 3602 1046 3640 vos
1079 3600 1179 3638 non
1210 3582 1561 3652 cognoristts:
1590 3581 1681 3635 sed
1706 3580 1892 3634 audita
1924 3579 2015 3633 tibi
2040 3579 2143 3649 feci

528 3699 665 3738 nova
703 3696 764 3734 ea
790 3694 926 3733 nunc
952 3693 1068 3748 qua:
1106 3678 1292 3746 futura
1321 3683 1462 3727 sunt.
1512 3672 1581 3726 Et
1628 3690 1731 3727 non
1764 3673 1969 3737 dixisti,
2002 3689 2142 3726 nunc

529 3778 685 3848 ﬁunt,
720 3782 765 3830 et
800 3788 900 3826 non
923 3770 1045 3825 olim
1070 3785 1088 3822 :
1120 3780 1167 3822 et
1198 3785 1300 3822 non
1335 3769 1388 3822 in
1417 3768 1677 3839 prioribus
1708 3766 1912 3819 diebus.
1947 3763 2031 3820 Ne
2056 3766 2142 3819 di-

532 3887 620 3926 cas
652 3870 811 3925 etiam
856 3864 976 3918 novi
1022 3879 1084 3917 ea
1107 3876 1126 3916 :
1151 3877 1312 3933 neque
1343 3862 1503 3928 nosti,
1554 3874 1716 3929 neque
1764 3860 1888 3926 scis,
1920 3874 2083 3924 neque
2112 3876 2145 3913 a

530 3962 790 4035 principio
822 3956 1005 4032 aperui
1036 3971 1188 4009 aures
1229 3961 1365 4008 tuas.
1405 3951 1530 4009 Scio
1569 3952 1705 4007 enim
1733 3952 1975 4023 quoniam
2005 3969 2140 4026 pra:-

527 4058 767 4114 uaricans
788 4069 823 4128 p
842 4047 1206 4107 leuarit-aberis
1230 4062 1247 4100 :
1272 4054 1319 4099 et
1346 4044 1555 4116 iniquus
1584 4041 1761 4097 adhuc
1794 4060 1859 4099 ea:
1883 4055 2031 4100 utero
2057 4061 2145 4100 vo-

540 4150 758 4204 caberis.
786 4144 1008 4217 Propter
1052 4156 1233 4196 nomen
1263 4154 1431 4192 meum
1464 4136 1732 4191 ostendam
1777 4137 1871 4193 tibi
1918 4139 2147 4206 furorem

542 4260 713 4300 meum
741 4256 760 4296 :
788 4248 831 4294 et
863 4236 1096 4312 gloriosa
1124 4250 1238 4289 mea
1262 4234 1484 4304 inferam
1508 4248 1661 4304 super
1681 4239 1749 4300 te,
1781 4237 1835 4284 ut
1863 4248 1965 4285 non
1998 4241 2046 4286 te
2068 4234 2149 4289 in-

541 4337 815 4408 terﬁciam.
857 4331 990 4386 Ecce
1019 4329 1227 4383 vendidi
1260 4340 1307 4383 te
1328 4343 1430 4380 non
1457 4333 1666 4397 propter
1691 4334 1964 4397 argentum
1986 4342 2006 4380 :
2037 4328 2146 4383 erui

536 4446 713 4490 autem
741 4441 788 4485 te
815 4429 880 4484 de
902 4433 1119 4500 fornace
1144 4425 1470 4497 paupertatis
1495 4439 1514 4476 :
1540 4421 1704 4496 556
1726 4433 1936 4497 propter
1959 4442 2037 4479 me
2063 4428 2145 4497 [α-

540 4530 696 4589 ciam.
728 4526 854 4598 quia
882 4538 1069 4577 nomen
1101 4534 1273 4575 meum
1305 4517 1596 4588 polluitur:
1624 4526 1673 4571 et
1709 4520 1932 4590 gloriam
1979 4536 2143 4575 meant

2244 3312 2475 3368 auribus
2507 3311 2622 3367 suis
2662 3312 2908 3381 graviter
2946 3310 3201 3365 audierit.
3238 3311 3544 3375 Statimque
3582 3320 3645 3365 ut
3676 3305 3832 3362 Domi-

2244 3422 2346 3461 nus
2375 3408 2443 3460 dc
2487 3415 2643 3460 utero
2672 3403 2918 3468 virginali
2950 3402 3203 3474 profusus
3253 3413 3370 3473 est,
3418 3410 3784 3473 transgressor
3813 3407 3829 3435 ε

2243 3510 2297 3555 et
2324 3500 2541 3568 iniquus
2579 3497 2652 3552 sit
2680 3499 3010 3566 appellatus,
3041 3511 3295 3567 quaerens
3340 3511 3461 3549 etim
3513 3494 3825 3549 interﬁcere.

2240 3590 2510 3660 Quodque
2536 3590 2747 3659 juiigit:
2788 3586 3009 3659 Propter
3032 3604 3218 3643 nomen
3244 3602 3419 3642 meum
3454 3586 3724 3643 ostendant
3752 3580 3833 3635 tibi

2242 3684 2472 3753 furorem
2500 3696 2673 3735 meum
2694 3724 2709 3748 ,
2738 3688 2785 3733 et
2814 3682 3039 3751 gloriosa
3086 3678 3217 3751 [AL
3247 3677 3519 3753 gloriam]
3539 3694 3654 3733 mea
3699 3674 3832 3730 iuda-

2248 3792 2362 3829 cam
2387 3792 2542 3844 super
2570 3785 2639 3841 te,
2664 3788 2829 3830 sensu
2852 3773 3098 3829 abutitur
3127 3773 3402 3843 Apostoli,
3436 3774 3555 3829 sive
3575 3788 3626 3835 at
3646 3767 3835 3827 osn=lus

2244 3865 2451 3921 Paulus
2479 3863 2670 3934 (Rom.
2697 3866 2749 3935 ι)
2777 3864 2845 3921 de
2876 3864 2983 3920 hoc
3012 3864 3133 3920 loco
3159 3864 3323 3919 sumit
3354 3862 3748 3925 testimonium.
3786 3865 3834 3911 ιιι

2247 3958 2524 4014 reveletur
2572 3960 2650 4013 ira
2689 3957 2784 4015 Dei
2814 3958 2881 4013 ad
2912 3957 3202 4015 terrendos
3226 3972 3328 4014 eos
3374 3958 3468 4026 qui
3502 3965 3744 4027 peccant,
3788 3963 3831 4008 et

2242 4064 2441 4127 postea
2462 4054 2744 4110 conversis
2766 4053 2936 4121 gloria
2964 4054 3303 4121 praebeatur;
3334 4050 3492 4121 Ecce,
3525 4051 3620 4112 ait,
3646 4045 3831 4105 vendidi

2246 4156 2295 4200 te
2315 4146 2491 4201 nonin
2514 4145 2756 4218 pecunia,
2781 4145 2871 4199 sed
2894 4144 3101 4199 vendidi
3147 4146 3200 4198 in
3245 4144 3472 4214 peccatis
3499 4143 3622 4211 tuis,
3649 4151 3695 4197 et
3736 4137 3832 4193 erui

2246 4252 2297 4292 te
2326 4237 2392 4295 de
2437 4241 2650 4309 fornace
2680 4238 3020 4309 paupertatis.
3054 4238 3289 4307 Propter
3327 4235 3472 4307 quod
3507 4247 3561 4291 et
3592 4235 3827 4292 Salomon

2248 4332 2438 4405 (Prov.
2472 4333 2552 4402 ut)
2584 4332 2806 4387 divitias
2835 4341 2891 4387 et
2919 4341 3295 4401 paupertatem
3337 4330 3546 4386 habere
3570 4345 3676 4383 non
3708 4325 3828 4390 volt,

2248 4430 2345 4486 sed
2379 4439 2586 4484 tantum
2618 4425 2931 4483 neceSsatia
2962 4427 3226 4497 postulat,
3261 4440 3329 4481 ne
3355 4435 3450 4481 aut
3472 4424 3583 4479 illis
3606 4424 3832 4477 clevezur

2248 4540 2345 4580 cor
2368 4528 2491 4593 ejus
2514 4526 2564 4578 in
2597 4521 2935 4593 superbi-im,
2959 4532 3054 4577 aut
3082 4526 3137 4577 in
3161 4523 3262 4577 ista
3288 4521 3647 4588 compellatur
3672 4517 3832 4573 facere

535 4629 688 4685 alteri
716 4643 820 4681 non
851 4624 1004 4679 dabo.
1054 4620 1301 4677 Praedico
1354 4620 1451 4675 tibi
1509 4619 1840 4690 Babylonios
1892 4632 1924 4670 a
1972 4614 2144 4670 Medis
2174 4614 2225 4675 D
2249 4618 2393 4689 quod
2416 4634 2525 4673 non
2548 4616 2680 4685 vult,
2710 4625 2767 4672 et
2797 4617 2966 4672 Deum
2984 4633 3210 4687 pressus
3236 4616 3421 4685 inania
3445 4613 3826 4684 blatpbentare.

539 4723 834 4791 Persisque
871 4716 1237 4788 superandos,
1279 4723 1337 4768 et
1365 4723 1592 4782 repente
1624 4711 1818 4767 faciam
1850 4709 1994 4779 quod
2033 4709 2138 4764 mi.

535 4829 696 4874 natus
722 4831 869 4881 sum,
898 4830 964 4867 ne
995 4828 1120 4867 cum
1151 4814 1402 4866 venerint
1432 4824 1553 4875 qua:
1579 4806 1836 4875 praedicta
1869 4816 2018 4872 sunt,
2046 4805 2133 4862 vel

534 4908 763 4965 dem-um
790 4918 923 4960 nutu
948 4919 1087 4974 quos
1109 4903 1272 4967 colis,
1294 4902 1379 4955 vel
1405 4899 1628 4956 fortuito
1654 4915 1718 4952 ea
1749 4898 2034 4953 existimes
2055 4913 2140 4953 ac-

537 5001 758 5059 cidisse.
782 4997 893 5053 Nee
918 4998 1064 5066 iacto
1092 4994 1374 5052 scientiam
1402 4994 1731 5059 futurorum,
1769 4992 1863 5047 sed
1892 4993 1967 5046 ob
1997 4990 2024 5030 ιι
2057 4992 2138 5048 in-

540 5093 921 5155 credulitatem
956 5102 1103 5145 tuam
1136 5090 1349 5158 loquor,
1378 5089 1540 5158 cujus
1582 5104 1679 5143 cor
1710 5086 2050 5143 incredulum
2082 5096 2141 5143 et

538 5191 808 5250 cervicem
841 5186 1095 5247 ferream,
1129 5198 1193 5237 ac
1220 5181 1458 5237 {tentem
1489 5196 1697 5237 niueam
1730 5180 1801 5235 ab
1832 5179 1987 5233 initio
2013 5193 2141 5235 esse

2248 4716 2406 4774 Unde
2436 4725 2491 4770 et
2521 4714 2821 4784 Apostolus
2846 4733 2859 4769 :
2893 4714 3180 4774 Habentes.
3224 4714 3423 4784 inquit,
3460 4713 3704 4767 rictumet
3728 4722 3829 4762 oes-

2247 4809 2542 4877 timentam,
2571 4807 2652 4862 Itis
2674 4809 2901 4863 contenti
2922 4810 3082 4864 simus
3112 4809 3166 4878 (Ι
3195 4806 3331 4863 Tim.
3369 4822 3443 4875 vt,
3477 4807 3565 4878 8).

2319 4901 2502 4969 (Vers.
2539 4901 2607 4955 12
2633 4943 2646 4963 .
2678 4902 2747 4957 i5
2792 4909 2973 4972 seqq.)
3014 4902 3150 4956 Audi
3185 4918 3296 4962 me.
3342 4899 3511 4955 Iacob
3555 4908 3601 4954 et
3634 4895 3827 4958 Israel,

2244 5013 2395 5068 quem
2421 5014 2513 5067 ego
2541 5013 2685 5053 voca.
2720 4996 2833 5069 Ego
2858 4999 2971 5067 ipse
3007 5014 3102 5066 ego
3134 4999 3337 5068 primus
3357 5037 3376 5062 ,
3402 5005 3455 5050 et
3497 5012 3591 5069 ego
3632 4987 3831 5048 nouissi-

2244 5107 2382 5145 mus.
2426 5089 2619 5146 dianus
2657 5106 2856 5161 quoque
2896 5106 3015 5147 mea
3041 5090 3279 5161 ftmdatu't
3311 5099 3526 5151 terram,
3563 5099 3611 5143 et
3637 5086 3828 5139 dextera

2244 5198 2361 5236 mea
2392 5199 2568 5237 menra
2593 5194 2667 5237 est
2701 5183 2852 5238 caelos
2882 5199 2894 5234 :
2925 5198 3021 5253 ego
3053 5183 3222 5237 iocari
3242 5180 3265 5253 ‘[
3294 5180 3450 5251 Vulg.
3478 5175 3692 5249 uocabo]
3712 5190 3822 5237 eos,

538 5280 797 5353 cognovi.
834 5278 976 5335 Ecce
1019 5274 1219 5330 audisti
1266 5274 1449 5328 omnia
1486 5289 1607 5344 quae
1653 5283 1877 5328 ventura
1906 5280 2056 5337 sunt,
2091 5280 2146 5326 et
2238 5283 2289 5329 et
2319 5276 2523 5330 stabunt
2552 5275 2731 5330 simul.
2760 5272 3165 5348 Congregamiui
3190 5290 3366 5329 omnes
3405 5289 3494 5328 uos
3534 5283 3581 5326 et
3618 5268 3821 5327 audite:

540 5392 721 5435 tamen
751 5375 901 5431 celas
927 5370 1154 5427 sile-uio
1181 5369 1490 5425 veritatem.
1522 5367 1635 5422 Nec
1671 5383 1832 5423 narro
1868 5367 2145 5436 [it-aeterna

537 5476 736 5545 quibus
757 5485 905 5537 saepe
930 5482 1048 5521 mea
1078 5464 1320 5536 potentia
1350 5461 1705 5533 comprobata
1732 5470 1837 5526 est,
1872 5459 2146 5533 queuiodo

536 5565 818 5622 eduxerim
863 5550 1125 5632 populum
1166 5556 1239 5615 de
1285 5554 1557 5628 Egypto,
1590 5554 1879 5627 Egyptios
1908 5555 1967 5609 in
2004 5553 2143 5608 mari

602 5772 629 5831 ἐι
649 5762 704 5817 lo
726 5761 880 5831 Vulg.
896 5759 998 5815 sub
1018 5757 1396 5831 interrogandi
1414 5769 1565 5821 nota,
1584 5773 1711 5831 nam
1728 5750 2129 5831 enuntiatus?

602 5829 629 5871 δ
658 5831 755 5887 Sic
778 5825 1033 5885 Afnhros.
1062 5843 1190 5885 mss.
1231 5825 1408 5884 Antea
1434 5836 1574 5895 erat,
1606 5825 1668 5882 ob
1689 5826 1985 5885 utilitatem.

2240 5367 2361 5437 quis
2382 5384 2453 5425 ea:
2494 5370 2572 5421 eis
2614 5368 2942 5422 (innantiaoit
2972 5369 3124 5422 lucc?
3156 5366 3411 5422 Dominus
3452 5366 3637 5422 dilexit
3677 5371 3822 5416 eum:

2243 5459 2404 5532 faciet
2428 5457 2746 5513 uoluntatem
2772 5476 2919 5517 suam
2947 5460 3001 5513 in
3025 5458 3292 5531 Babylone
3317 5470 3366 5514 et
3391 5457 3657 5514 brachium
3686 5461 3821 5506 sum

2246 5553 2299 5606 in
2330 5551 2613 5610 Chaldaeis.
2643 5551 2757 5624 Ego
2780 5569 2874 5625 ego
2904 5552 3110 5609 locutus
3138 5568 3252 5609 sum
3285 5563 3332 5607 et
3362 5552 3539 5607 vocavi
3571 5565 3681 5607 estut
3702 5561 3717 5598 :
3737 5542 3821 5597 ade

2315 5767 2335 5796 ο
2364 5756 2517 5814 Unus
2548 5760 2922 5824 Ambrosiam,
2953 5770 3000 5815 et
3026 5758 3271 5814 inimicus
3298 5769 3401 5826 pro
3424 5754 3651 5825 iniquus.
