3932 6384
177 395 278 463 ist

697 409 1346 468 COMMENTARIORIJM
1389 409 1450 464 ΙΝ
1491 407 1728 466 ISAIAM
1767 405 2194 471 PROPHETAM
2237 415 2365 474 LIB.
2410 417 2546 476 XIII.
2587 422 2740 478 CAP.
2787 424 3016 484 XLVIII.

3384 435 3490 490 462.

173 528 308 582 duxi
339 544 478 596 eum,
513 539 565 582 et
602 529 793 584 directa
835 541 910 586 est
951 533 1032 585 ria
1058 536 1192 604 ejus.
1234 532 1475 586 Accedite
1501 531 1570 584 ad
1596 548 1697 596 me,
1728 541 1774 585 et
1801 531 1856 590 Α
1881 533 2173 590 credentes
2205 554 2218 590 :
2250 537 2432 591 Venite
2459 540 2530 592 ad
2556 557 2637 595 me
2664 557 2840 598 omnes
2875 545 2966 611 qui
3010 545 3259 602 laboratis
3287 560 3332 603 et
3363 568 3482 606 one.

174 623 363 678 audite
389 623 500 677 licet:
528 623 704 695 (Vulg.
737 623 856 696 hoc]
884 644 896 678 :
923 643 1025 679 non
1053 643 1085 679 α
1114 627 1369 698 principio
1397 626 1450 679 in
1477 625 1779 679 abscondito

177 713 386 770 locutus
407 733 519 769 sunt
543 732 648 770 ,ἐκ
676 727 906 789 tempore
933 729 1206 789 antequam
1234 721 1400 789 ﬁeret,
1432 719 1499 772 ibi
1523 736 1682 774 erant.
1713 719 1780 774 Et

174 824 314 862 nunc
342 808 594 863 Dominus
622 807 762 864 Deus
791 812 932 865 misit
957 829 1036 866 me
1054 856 1066 875 ,
1102 823 1148 866 et
1176 814 1390 882 spiritus
1417 814 1552 882 ejus.
1597 811 1776 867 LXX:

172 900 314 954 Audi
345 919 457 968 me,
489 901 654 957 Iacob
691 914 737 958 et
774 904 982 972 Israel,
1015 924 1162 978 quem
1205 924 1298 979 ego
1343 925 1492 962 voco.
1525 906 1638 979 Ego
1665 925 1782 962 sum

173 994 396 1062 primus,
427 1004 476 1048 et
503 1011 597 1067 ego
620 997 675 1051 in
714 1000 1080 1069 sempiternum
1107 1017 1125 1054 :
1147 1009 1196 1054 et
1225 1017 1412 1054 manus
1439 1016 1553 1054 mea
1586 1000 1780 1068 funda-

176 1087 245 1140 vit
272 1097 484 1152 terram,
517 1099 564 1141 et
587 1091 798 1145 dea-tera
820 1106 932 1144 mea
953 1092 1179 1159 ﬁrmavit
1199 1091 1402 1146 caelum.
1445 1091 1647 1146 Vocabo
1670 1110 1775 1160 eos,

175 1189 223 1234 et
247 1180 453 1234 stabam
469 1181 625 1235 simul
648 1198 667 1235 :
689 1193 736 1236 et
761 1185 1208 1254 congregabantur
1236 1202 1429 1246 omnes,
1463 1195 1509 1239 ct
1530 1187 1741 1239 audient
1762 1203 1780 1238 :

179 1272 313 1338 Quis
342 1275 419 1329 eis
457 1276 713 1329 nuntiavit
753 1278 902 1332 lucc?
933 1277 1172 1352 Diligens
1209 1291 1288 1344 te,
1323 1281 1422 1348 feci
1472 1281 1783 1333 voluntatem

169 1374 322 1420 tuam
345 1383 501 1434 super
520 1365 841 1439 Babylonem
869 1387 887 1424 :
912 1380 966 1424 ut
996 1373 1255 1441 auferrem
1299 1389 1468 1426 semen
1506 1370 1782 1426 Chaldtco-

163 1475 313 1514 νυνι.
345 1458 458 1529 Ego
485 1462 692 1516 locutus
719 1480 834 1518 sum
861 1472 910 1517 et
951 1481 1048 1536 ego
1097 1468 1290 1520 vocavi.
1326 1467 1535 1520 Adducti
1579 1482 1696 1520 eum
1736 1474 1782 1519 et

167 1568 484 1624 prosperam
509 1554 610 1623 feci
636 1557 770 1609 viam
796 1560 930 1630 ejus.
982 1558 1238 1614 Adducite
1265 1560 1334 1613 ad
1377 1576 1461 1613 me
1488 1602 1500 1620 ,
1529 1569 1576 1613 et
1606 1557 1783 1614 audite

166 1643 287 1701 luet:
315 1663 338 1700 .'
367 1645 492 1700 Non
537 1665 570 1700 a
617 1651 875 1719 principio
921 1651 976 1704 in
1025 1653 1328 1707 abscondito
1377 1654 1578 1706 locutus
1621 1669 1782 1706 sum:

163 1739 390 1808 quando
417 1740 591 1809 fiebat,
618 1741 690 1794 ibi
714 1758 880 1796 erant.
915 1742 982 1796 Et
1010 1761 1144 1798 nunc
1193 1744 1447 1799 Dominus
1476 1745 1616 1799 Deus
1645 1745 1782 1797 misit

167 1847 277 1895 me,
307 1844 355 1886 et
380 1833 595 1901 spiritus
627 1839 758 1906 ejus.
783 1837 992 1905 Quibus
1013 1848 1140 1892 ante
1163 1839 1274 1906 jam
1303 1839 1522 1893 dixerat
1550 1857 1563 1892 :
1593 1839 1781 1892 Audite

1882 629 1983 681 rati
2013 631 2134 683 estis
2157 630 2374 700 (Matth.
2402 634 2612 702 £1.28).
2653 638 2920 692 Etaudite
2954 642 3203 712 lueequa:
3237 660 3264 696 a
3290 647 3493 714 princi-
3589 635 3592 638 i

1882 722 1971 791 pio
1997 724 2050 777 in
2075 724 2396 779 abscondito
2422 743 2540 781 sunt
2564 729 2980 802 55910cntus,
3011 734 3114 790 hoc
3134 747 3216 790 est
3237 753 3336 806 per
3358 742 3492 794 aeni-

1879 823 2062 884 gmata
2091 825 2146 870 et
2179 820 2434 889 mysteria
2469 822 2880 892 Prophetarum,
2915 827 3056 896 quod
3089 833 3306 883 cunctis
3343 841 3489 886 retro

1881 910 2327 978 generationibus
2388 913 2566 968 fuerat
2614 915 2938 985 ignoratum.
2997 922 3225 988 Quando
3288 926 3491 982 ﬁebant

1881 1005 2063 1056 omnia
2095 1020 2121 1055 a
2155 1003 2335 1070 Patre,
2369 1007 2485 1076 ipse
2521 1020 2639 1062 erat
2668 1026 2788 1064 cum
2837 1027 2906 1067 eo
2931 1055 2945 1078 ,
2977 1017 3068 1083 qni
3098 1019 3442 1087 adgaudebat
3469 1067 3481 1084 ,

1883 1095 1972 1162 qui
2027 1097 2193 1150 etiam
2251 1115 2393 1152 nunc
2437 1100 2614 1156 dicit:
2653 1103 2764 1172 Ego
2795 1104 2888 1174 qui
2919 1122 3142 1175 semper
3182 1127 3330 1164 erant
3366 1129 3487 1168 cum

1879 1185 2062 1254 Patre,
2096 1199 2149 1243 et
2180 1187 2232 1242 in
2279 1189 2440 1246 Patre
2467 1237 2480 1259 ,
2512 1202 2568 1247 et
2594 1208 2717 1248 sine
2756 1195 2913 1250 Patre
2946 1213 3238 1268 numquam
3291 1217 3440 1256 eram
3471 1250 3484 1268 ,

1881 1279 2044 1332 etiam
2079 1296 2220 1335 nunc
2244 1282 2296 1335 Io
2319 1298 2441 1348 tuor
2461 1283 2644 1354 (Joan.
2677 1285 2787 1357 XIV)
2825 1304 2838 1340 :
2873 1297 2927 1342 et
2954 1289 3108 1357 juxta
3137 1290 3487 1362 fragilitatem

1882 1371 2062 1424 carnis
2093 1385 2389 1443 assumpta:
2433 1375 2555 1430 dico
2583 1423 2595 1442 ,
2630 1378 2772 1447 quod
2809 1379 3070 1436 Dominus
3104 1383 3246 1438 Dens
3279 1386 3494 1442 miserit

1885 1479 1994 1531 nte,
2027 1475 2081 1519 et
2125 1466 2351 1535 spiritus
2379 1469 2498 1538 ejus
2527 1487 2537 1521 :
2566 1470 2830 1542 brevique
2861 1476 3133 1532 versicqu
3161 1523 3174 1544 ,
3205 1477 3490 1534 Trinitatis

1882 1558 2041 1612 nobis
2071 1563 2383 1617 ostenditur
2411 1575 2839 1623 sacramentum.

1959 1651 2142 1722 (Vers.
2175 1655 2259 1722 l7,
2285 1655 2348 1710 18
2372 1657 2556 1727 seqq.)
2589 1658 2719 1713 Ila’c
2748 1661 2876 1714 dicit
2897 1647 3168 1724 Dominus.
3195 1667 3493 1738 redemptor

1888 1753 2006 1797 tuus
2033 1757 2242 1800 sanctus
2267 1744 2438 1801 Israel
2463 1765 2480 1801 :
2507 1749 2618 1823 Ego
2641 1751 2894 1806 Dominus
2911 1751 3053 1808 Deus
3077 1764 3195 1810 tuus
3228 1758 3419 1814 docens
3447 1769 3494 1813 te

1884 1838 2059 1902 utilia,
2089 1839 2380 1910 gubernans
2406 1851 2456 1895 te
2478 1843 2533 1895 in
2563 1845 2644 1896 via
2666 1862 2772 1915 qua
2794 1845 3050 1902 ambulas.
3081 1846 3294 1902 Utinam
3325 1861 3492 1905 atten-

169 1925 307 1992 ἠως,
341 1925 527 1980 donius
554 1925 743 1994 Iacob,
777 1930 865 1998 qui
887 1932 1145 1984 uocmnini
1166 1933 1373 1985 nomine
1407 1931 1574 1987 Israel
1592 1975 1605 1996 ,
1638 1943 1687 1987 et
1717 1937 1779 1988 de
1813 1919 1853 1976 Ῐῖ
1885 1929 2047 1985 disses
2071 1932 2318 1987 mandata
2343 1951 2476 2000 mea,
2504 1935 2645 2004 facta
2667 1937 2847 2004 fuisset
2872 1940 3007 1992 sicut
3035 1940 3226 2004 fiumen
3259 1953 3492 2012 pcta-tua,

163 2025 328 2090 aquis
348 2021 492 2078 Iuda
514 2026 716 2087 existis,
751 2037 774 2061 η
800 2042 944 2081 nunc
968 2028 1034 2104 ad
1068 2027 1290 2082 eosdem
1322 2028 1485 2100 558
1513 2030 1777 2096 loquitur,

167 2115 317 2169 Audi
345 2134 443 2180 me,
471 2116 636 2172 Jacob
665 2129 713 2172 et
742 2116 930 2182 Israel,
961 2136 1112 2190 quem
1139 2137 1231 2191 ego
1273 2138 1419 2174 roco.
1460 2121 1618 2175 Multi
1647 2124 1779 2176 enim

159 2209 370 2275 vocati,
399 2217 450 2262 et
478 2211 631 2274 pauci
659 2209 810 2264 electi
841 2210 1066 2284 (Matth.
1103 2228 1211 2266 amt
1233 2214 1270 2280 ).
1319 2213 1476 2268 Unde
1522 2230 1629 2267 nuit
1663 2215 1774 2268 ele—

159 2309 316 2365 etas,
347 2303 474 2372 quia
512 2304 741 2359 necdum
780 2315 1103 2374 receperant
1138 2307 1511 2370 Salvatorem;
1547 2307 1640 2362 sed
1683 2321 1777 2361 vo-

160 2406 332 2451 catos
360 2408 662 2467 nuncupat.
709 2398 824 2473 Ego
867 2417 1015 2468 sum,
1045 2402 1274 2472 inquito:
1301 2412 1350 2456 et
1375 2425 1418 2456 ω
1444 2441 1459 2468 ,
1491 2405 1688 2475 primus
1734 2413 1781 2456 et

165 2493 508 2558 novissimus,
541 2495 634 2565 qui
668 2497 819 2561 vivo,
857 2505 912 2551 et
947 2496 1023 2551 fni
1068 2509 1316 2554 mortuus
1345 2499 1549 2571 (Apoc.
1581 2513 1693 2552 atin
1717 2496 1778 2569 );

166 2594 238 2640 ut
284 2587 450 2640 vitam
495 2587 562 2641 ad
607 2589 939 2659 principium
995 2590 1204 2645 referas
1231 2632 1245 2656 ,
1304 2593 1664 2647 novissimum
1716 2591 1782 2645 ad

162 2695 324 2740 eum,
354 2682 443 2749 qui
476 2690 724 2737 mortuus
742 2691 848 2738 est.
878 2683 980 2750 Qui
1013 2701 1064 2736 se
1082 2685 1366 2738 euinanivit
1405 2687 1627 2755 foratum
1650 2685 1781 2738 servi

159 2774 460 2845 accipiens,
487 2789 536 2826 et
567 2775 735 2843 factus
767 2785 845 2830 est
887 2775 1131 2829 obediens
1160 2775 1346 2840 Patri;
1375 2775 1671 2829 ltuntiliavi-t
1701 2793 1783 2829 se—

147 2867 348 2938 s’psum
380 2884 540 2932 usque
563 2867 637 2922 ad
661 2879 898 2935 mortem,
930 2879 979 2922 et
1002 2880 1217 2922 mortem
1245 2870 1410 2922 crucis
1431 2868 1663 2941 (Philip.
1693 2871 1778 2938 tt).

156 2959 370 3015 Manus
407 2976 520 3015 mea
551 2962 788 3029 {ttndavit
834 2971 1045 3016 terram.
1087 2961 1245 3017 Unde
1275 2973 1327 3016 et
1367 2963 1418 3016 in
1467 2961 1784 3014 Prmerbiis

153 3052 418 3124 loquitur
445 3073 458 3110 :
489 3053 628 3108 Deus
653 3057 908 3124 sapientia
937 3073 1030 3110 sua
1062 3055 1296 3124 fundavit
1331 3065 1550 3116 terram.
1583 3063 1629 3107 et
1655 3053 1782 3107 dex-

153 3156 290 3202 tera
310 3145 458 3201 illius
487 3163 662 3201 mensa
687 3159 762 3204 est
794 3147 979 3220 (Prov.
1011 3164 1092 3216 In,
1127 3147 1217 3222 19)
1237 3191 1249 3208 .
1280 3149 1395 3203 sive
1423 3149 1648 3218 ﬁrmavit
1689 3162 1786 3200 εω-

149 3240 259 3296 ιω
287 3243 377 3296 vel
403 3243 607 3308 calum,
641 3252 700 3296 ut
749 3242 892 3298 LXX
932 3244 1347 3298 transtulerunt.
1389 3243 1560 3297 Vocat
1599 3252 1780 3296 autem

143 3334 376 3396 eti-.103,
405 3345 466 3388 ut
490 3335 608 3401 ejus
629 3346 858 3403 pareant
884 3336 1143 3405 jns~ioni,
1175 3345 1231 3392 et
1260 3349 1520 3391 enarrem
1549 3334 1779 3403 gloriam

145 3428 349 3487 illius.
383 3426 441 3481 Si
473 3435 652 3482 autem
693 3430 819 3484 chi
850 3431 1116 3485 obedinnt
1155 3430 1420 3484 voluntati
1453 3428 1697 3493 Domini,
1729 3439 1786 3482 et

151 3537 280 3580 suo
322 3533 560 3577 currunt
598 3522 796 3578 ordine
826 3542 841 3579 :
868 3524 1000 3595 quid
1043 3526 1320 3596 gloriatur
1363 3536 1512 3580 terra
1555 3533 1610 3580 et
1647 3524 1784 3579 cinis

151 3614 374 3690 (Eccli.
419 3613 506 3684 κ),
547 3623 599 3669 et
636 3615 848 3685 ignorat
875 3615 1223 3688 fragilitatem
1263 3617 1453 3672 suam?
1482 3617 1780 3688 Congrega-

151 3707 309 3764 mini
346 3721 524 3760 omnes
562 3723 652 3761 vos
678 3749 692 3773 ,
737 3719 792 3762 et
836 3710 1012 3765 audite
1038 3752 1052 3775 ,
1101 3709 1184 3764 vel
1213 3710 1326 3764 σεειί
1346 3752 1360 3771 ,
1395 3711 1478 3765 vel
1531 3711 1781 3764 universa

153 3809 457 3860 creatura,
491 3798 578 3852 uel
603 3801 785 3853 pinnis
816 3801 1108 3856 multitudo
1132 3801 1319 3857 Israel.
1345 3801 1479 3868 Quae
1507 3811 1634 3857 sunt
1661 3819 1782 3872 qme

157 3889 442 3962 iubentur
464 3891 692 3944 audire?
715 3892 869 3960 Quod
896 3893 1158 3948 Dtuninns
1188 3893 1444 3948 dilexerit
1465 3909 1611 3959 eum,
1642 3892 1782 3949 haud

161 3983 412 4041 dubium
442 3983 568 4054 quin
591 3983 798 4057 Cyrum
831 3987 1160 4055 Duriumque
1185 3987 1486 4057 signiticet,
1512 3988 1608 4058 qui
1634 3978 1783 4041 iecit

163 4078 523 4132 volutantem
547 4079 764 4134 Domini
808 4091 995 4135 contra
1027 4081 1387 4152 Babylonem,
1413 4092 1470 4135 et
1502 4081 1783 4135 brachium

165 4185 342 4227 suum
389 4173 640 4226 exercuit
671 4172 727 4228 in
759 4172 1052 4228 Chaldaeis.
1102 4174 1170 4227 Et
1199 4173 1316 4242 ipse
1357 4174 1570 4228 locutus
1617 4184 1786 4228 estet

171 4265 402 4321 vaeavit
429 4280 554 4318 eum
589 4265 808 4321 nomine
836 4281 958 4335 suo,
983 4275 1039 4320 et
1067 4266 1291 4320 adduxit
1315 4281 1465 4332 enin,
1496 4275 1550 4318 et
1576 4265 1786 4319 directa

173 4371 263 4416 est
297 4359 386 4412 via
409 4357 551 4428 ejus,
578 4369 634 4412 ut
653 4359 836 4413 nullus
866 4360 1075 4413 viribus
1095 4361 1218 4428 ejus
1246 4358 1476 4412 auderet
1507 4359 1782 4412 resistere.

175 4451 344 4510 Unde
380 4461 642 4519 provocat
685 4467 782 4506 eos
811 4461 869 4506 ut
897 4451 1162 4507 accedant
1187 4461 1246 4505 et
1285 4451 1514 4506 audiant
1541 4495 1553 4517 ,
1595 4459 1650 4504 et
1677 4448 1789 4505 Do-

173 4545 336 4601 mino
370 4541 706 4612 praedicente
747 4552 1088 4613 cognoscant
1116 4554 1407 4599 venturum
1447 4557 1574 4597 esse
1607 4557 1786 4612 regem

172 4636 481 4695 Perarqu
511 4645 674 4704 atque
702 4637 978 4691 Medorum
1007 4679 1022 4703 ,
1051 4641 1141 4707 qui
1173 4638 1399 4692 subruat
1431 4635 1783 4707 Babylonem,

1883 2033 1931 2076 et
1951 2025 2162 2094 justitia
2210 2036 2298 2079 tua
2344 2026 2477 2079 sicut
2506 2031 2736 2099 gurgites
2777 2031 2957 2084 maris.
3009 2030 3078 2084 Et
3127 2032 3312 2099 fuisset
3363 2039 3494 2088 sicut

1883 2134 2040 2172 arena
2069 2137 2245 2174 semen
2273 2130 2437 2186 tuum,
2469 2136 2515 2175 et
2549 2123 2708 2194 stirps
2749 2125 2882 2178 uteri
2910 2127 2986 2179 tui
3029 2135 3085 2179 ut
3124 2126 3300 2195 lapilli
3343 2132 3496 2201 ejus:

1889 2227 1994 2265 non
2022 2213 2340 2280 interissent,
2371 2226 2419 2268 et
2464 2232 2565 2268 non
2595 2218 2776 2286 fuisset
2819 2221 3050 2272 attritum
3095 2237 3282 2274 noweu
3315 2225 3428 2294 ejus
3470 2240 3501 2276 a

1882 2303 2017 2373 facie
2047 2320 2179 2358 mea.
2209 2305 2344 2372 Quia
2391 2307 2573 2362 Israeli
2624 2310 2799 2362 futura
2833 2313 3119 2377 promisit,
3156 2314 3336 2368 reddit
3367 2331 3496 2369 cau-

1883 2413 1971 2453 sas
2001 2416 2171 2471 quare
2199 2418 2292 2456 eos
2328 2403 2477 2470 prius
2505 2402 2761 2458 aiﬂixerit
2789 2422 2801 2458 :
2831 2421 2966 2475 quas
2993 2409 3036 2460 si
3071 2409 3322 2463 Vilth-‘I‘ii
3345 2452 3357 2472 ,
3391 2427 3486 2465 ne-

1883 2507 2150 2562 quaquam
2199 2493 2395 2548 similia
2451 2495 2702 2563 patiatur.
2765 2497 2855 2562 Si,
2912 2497 3128 2564 inquit,
3187 2500 3493 2556 attmdisses

1883 2585 2130 2638 mandata
2153 2602 2269 2639 mea
2289 2602 2306 2638 :
2325 2595 2384 2639 ut
2410 2586 2765 2656 Septuaginta
2793 2592 3182 2644 transtulerunt
3207 2593 3319 2646 :vel
3343 2607 3493 2647 certe

1881 2679 2120 2745 Optantis
2152 2679 2347 2733 allecto
2374 2719 2388 2741 ,
2437 2680 2635 2733 utinam
2681 2682 2990 2736 attendisses
3029 2685 3281 2738 mandata
3336 2703 3491 2740 mea:

1883 2785 2004 2836 qua:
2032 2771 2075 2823 si
2105 2769 2365 2835 fecisses;
2402 2770 2593 2826 fuisset
2619 2771 2762 2826 sicut
2795 2773 3016 2828 ﬂumina
3051 2791 3148 2846 pax
3179 2787 3290 2842 tua,
3321 2790 3377 2834 et
3403 2779 3490 2847 ju-

1884 2861 2032 2915 stitia
2058 2872 2143 2914 tua
2164 2864 2303 2916 sicut
2327 2867 2568 2933 gurgites
2590 2866 2756 2920 maris
2782 2883 2796 2918 :
2818 2868 3210 2923 abundantiam
3242 2872 3485 2926 omnium

1886 2969 2066 3007 rerum
2107 2955 2431 3023 copiamque
2462 2957 2796 3025 signiﬁcans.
2828 2957 3092 3030 Quodque
3131 2964 3377 3032 sequitur
3405 2981 3418 3016 :
3443 2974 3494 3018 et

1887 3047 2069 3115 fuisset
2107 3048 2257 3117 quasi
2288 3064 2447 3101 arena
2476 3066 2647 3102 suum
2679 3061 2826 3103 tuum
2853 3094 2867 3117 ,
2900 3064 2944 3106 et
2972 3055 3133 3126 stirps
3169 3058 3306 3109 uteri
3335 3058 3409 3109 tui
3438 3069 3492 3110 ut

1887 3139 2058 3210 lapilli
2083 3141 2198 3210 ejus
2221 3156 2240 3192 ,ο
2262 3140 2478 3194 videtur
2502 3143 2717 3210 quidem
2745 3159 3065 3212 permanere
3098 3149 3148 3200 in
3182 3151 3381 3217 populo
3403 3149 3493 3204 Ju-

1887 3230 2151 3297 da-orum,
2188 3231 2280 3302 qui
2313 3247 2480 3302 usque
2509 3235 2559 3288 in
2595 3245 2919 3302 prasentcm
2956 3240 3135 3301 diem,
3173 3241 3346 3294 instar
3375 3259 3494 3297 ver-

1889 3327 2211 3380 miculorum
2243 3326 2514 3394 pullulant
2537 3326 2684 3382 ﬁlios
2710 3339 2765 3382 et
2792 3339 3057 3396 nepotes;
3093 3334 3186 3386 sed
3213 3335 3492 3403 quomodo

1888 3416 1993 3474 hoc
2036 3421 2091 3472 in
2131 3418 2562 3487 repromissione
2590 3421 2967 3488 accipiesulum
2999 3432 3114 3489 est,
3147 3439 3271 3479 cum
3304 3443 3491 3495 pacem

1880 3511 2259 3581 jusdtiamque
2291 3527 2396 3565 non
2433 3512 2710 3566 habeant?
2741 3515 2849 3566 Aut
2877 3515 3022 3568 cutim
3053 3516 3222 3569 iratus
3253 3528 3335 3571 est
3363 3520 3443 3572 eis
3463 3560 3478 3577 .

1885 3615 1980 3657 aut
2013 3604 2278 3673 placatus.
2311 3603 2366 3658 Si
2397 3604 2598 3669 iratus,
2627 3605 2907 3674 quomodo
2946 3622 3132 3660 seuteu
3161 3607 3286 3676 ejus
3314 3610 3495 3677 quoti-

1884 3693 1974 3750 (Iie
2007 3695 2431 3765 lllIIlliPiiCililll‘?
2462 3698 2516 3752 Si
2543 3697 2808 3766 placatus,
2839 3699 3114 3767 quomodo
3142 3701 3408 3767 serviunt,
3437 3714 3492 3756 et

1888 3805 2076 3860 pacem
2102 3789 2480 3860 justitilmque
2526 3807 2633 3845 non
2677 3792 3006 3860 possident?
3039 3793 3116 3846 Ex
3147 3810 3254 3861 quo
3287 3798 3496 3864 perspi-

1883 3897 2044 3938 cuum
2076 3893 2164 3938 est
2191 3885 2263 3939 de
2293 3885 2608 3954 Apostolico
2625 3883 2744 3940 dici
2773 3902 2915 3940 nunc
2939 3886 3174 3951 seruiue,
3209 3888 3276 3940 de
3307 3905 3416 3956 quo
3437 3901 3494 3944 et

1885 3991 2050 4048 supra
2079 3978 2186 4049 (Ad
2213 3996 2329 4048 cap.
2361 3981 2398 4048 t)
2430 3980 2660 4051 legimus
2686 3997 2700 4035 :
2727 3980 2847 4035 Nisi
2878 3981 3130 4035 Dominus
3160 3981 3378 4035 sabaotlt
3410 4000 3493 4036 re-

1881 4069 2119 4139 liquisset
2148 4073 2293 4125 nobis
2319 4089 2515 4139 semen,
2549 4075 2695 4143 quasi
2722 4073 2956 4127 Sodoma
2997 4074 3293 4141 fuissemus.
3327 4074 3483 4139 Quod

1883 4165 2012 4234 quia
2043 4163 2142 4217 illo
2180 4176 2426 4235 tempore
2467 4180 2802 4234 nequaquam
2839 4164 3051 4217 videtur
3092 4164 3404 4233 expletum,
3437 4166 3490 4220 in

1883 4253 2088 4310 Christi
2117 4257 2426 4326 completur
2455 4258 2689 4309 adventu
2719 4265 2812 4310 :et
2839 4262 2968 4311 ante
2991 4254 3186 4310 facient
3221 4255 3374 4313 illius
3405 4273 3492 4314 se-

1889 4367 2016 4405 men
2048 4362 2331 4420 permanet
2358 4352 2599 4406 Lraelis.

1963 4441 2145 4511 (νει-δ.
2173 4443 2267 4507 ‘29,
2297 4443 2387 4510 2i,
2421 4444 2541 4513 21%.)
2573 4443 2892 4516 Egredimini
2919 4445 2982 4497 de
3008 4443 3296 4516 Babylone,
3329 4449 3492 4518 fugite

1885 4549 1923 4587 ea
1949 4531 2211 4588 Chaldaeis
2236 4549 2255 4587 :
2277 4537 2327 4585 in
2357 4550 2478 4589 uoce
2503 4539 2865 4590 cxsultatiouis
2886 4549 3192 4591 annuuttate
3212 4580 3226 4602 ,
3255 4541 3494 4594 auditum

1893 4627 2050 4698 facile
2075 4626 2194 4688 hoc,
2226 4627 2409 4696 ajerte
2433 4626 2569 4679 illud
2599 4645 2756 4696 usque
2801 4630 2869 4680 ad
2907 4639 3194 4682 extremum
3223 4640 3408 4694 terras,
3441 4644 3489 4682 et

1814 4685 1870 4749 D
1893 4685 2048 4776 dicite
2072 4739 2088 4775 :
2127 4685 2362 4775 Redemit
2392 4718 2642 4773 Dominus
2862 4736 3069 4772 servum
3115 4737 3267 4774 suum
3303 4721 3489 4775 Jacob.

169 4821 469 4893 Pmpheta
490 4822 714 4876 missum
741 4840 766 4873 κ
791 4823 1022 4876 Donnino
1041 4832 1096 4876 et
1117 4824 1307 4892 spiritu
1331 4824 1470 4893 ejus.
1501 4825 1609 4879 Hec
1633 4825 1787 4895 juxta

164 4912 461 4973 Hebraeus
488 4921 547 4968 et
574 4929 765 4968 eorum
792 4916 1130 4983 opinionem.
1159 4917 1429 4972 Caeterum
1456 4919 1606 4987 juxta
1634 4921 1790 4990 Sym-

161 5007 482 5075 machum,
514 5010 604 5078 qui
650 5009 1045 5079 interpretatus
1076 5019 1198 5065 est:
1229 5012 1356 5078 Quis
1384 5014 1428 5065 ei
1466 5015 1790 5068 annuntiavit

161 5099 296 5160 hac
316 5102 355 5156 3.
369 5118 528 5170 quem
569 5099 826 5157 Dominus
857 5104 1060 5171 dilexit,
1083 5106 1170 5173 qui
1193 5105 1316 5174 facit
1346 5107 1660 5162 voluntatem
1682 5111 1795 5180 ejus

158 5196 229 5255 ist
261 5197 547 5267 Babylone
572 5208 662 5251 :et
699 5199 850 5264 juxta
883 5199 1233 5270 Septuaginta
1264 5245 1276 5268 ,
1310 5211 1361 5251 ut
1396 5205 1598 5270 auferat
1623 5218 1795 5256 semen

157 5288 592 5358 Chaldaorum,
619 5291 684 5346 ad
711 5291 920 5346 Domini
947 5308 1231 5362 perSonam
1259 5293 1496 5347 refertur
1519 5312 1530 5346 :
1556 5295 1644 5364 qui
1669 5310 1799 5350 vere

161 5383 432 5442 dilectus
463 5405 490 5440 tt
528 5389 706 5455 Patre,
731 5399 786 5442 et
816 5389 906 5454 qui
937 5388 1063 5442 fecit
1087 5404 1306 5442 omnem
1339 5390 1672 5444 voluntatem
1701 5390 1801 5444 Pa-

155 5485 316 5551 tris,
354 5492 413 5535 et
447 5484 541 5551 qui
565 5481 920 5536 subvertit‘in
951 5482 1262 5554 Babylone,
1297 5483 1400 5536 hoc
1427 5493 1511 5537 est
1533 5529 1545 5550 ,
1579 5484 1630 5537 in
1663 5499 1797 5538 con-

167 5573 423 5632 fusione
458 5576 617 5644 hujus
664 5576 848 5631 mundi
896 5591 1111 5632 omnem
1153 5592 1339 5632 semen
1377 5576 1761 5632 Cltaltla-orum
1785 5624 1799 5648 ,

169 5674 284 5739 qui
310 5671 339 5710 ι»
371 5670 653 5724 daemones
706 5670 1154 5739 interpretantur.
1206 5671 1321 5740 Ipse
1353 5671 1567 5726 locutus
1597 5681 1716 5736 est,
1749 5681 1805 5727 et

172 5763 646 5830 audivit'Filinm
671 5807 686 5832 ,
719 5777 767 5820 et
803 5765 1037 5831 adduxit
1082 5766 1230 5821 illum
1259 5812 1271 5832 ,
1305 5766 1396 5838 qui
1429 5766 1686 5835 inquitur
1732 5767 1800 5824 ad

273 5891 303 5920 ι
345 5880 524 5936 Amen
556 5889 674 5934 emt
699 5881 803 5935 sub
831 5881 1270 5952 interregni-iouis
1295 5891 1449 5945 nota,
1473 5881 1724 5950 anniquid
1743 5881 1809 5933 ad

177 5954 436 6019 eosdem,
481 5963 589 6006 etc.

1898 4814 2023 4871 Non
2051 4817 2289 4869 sitieruut
2317 4815 2372 4868 in
2396 4817 2598 4866 deserto
2635 4830 2750 4866 cum
2779 4816 3018 4866 educeret
3043 4827 3128 4865 eos
3145 4827 3164 4875 ,°
3199 4829 3384 4882 aquam
3431 4815 3494 4868 de

1899 4921 2045 4982 petra
2093 4911 2342 4980 produxit
2399 4910 2505 4974 eis,
2551 4918 2598 4962 ct
2649 4909 2800 4962 scidit
2844 4921 3087 4979 petram,
3126 4916 3175 4960 et
3230 4907 3495 4976 ﬂuxerunt

1899 5019 2066 5077 aqum.
2100 5003 2230 5059 Non
2259 5017 2332 5058 est
2360 5019 2463 5073 pas:
2494 5003 2687 5069 impiis,
2719 5001 2845 5056 dicit
2895 5000 3165 5055 Domnus.
3196 5000 3303 5068 Qui
3333 5019 3496 5074 supra

1897 5101 1952 5156 in
1985 5117 2051 5157 co
2085 5102 2201 5157 loco
2225 5143 2239 5167 ,
2274 5101 2363 5155 ubi
2402 5099 2664 5167 scriptum
2705 5107 2791 5152 est
2815 5113 2828 5149 :
2851 5094 2970 5168 Ego
3000 5114 3095 5169 ego
3122 5099 3322 5152 locutus
3347 5116 3460 5153 sum
3481 5139 3494 5166 ,

1898 5205 1944 5248 et
1974 5195 2150 5248 vocavi
2195 5209 2310 5245 eum
2337 5208 2355 5244 :
2383 5190 2582 5244 adduxi
2609 5205 2756 5256 eum,
2787 5202 2834 5242 et
2863 5190 3062 5246 directa
3102 5200 3178 5244 est
3217 5193 3302 5244 via
3347 5196 3458 5264 ejus
3484 5232 3498 5258 ,

1895 5303 2064 5357 Super
2083 5285 2233 5357 Cyro
2263 5284 2534 5353 Dirioque
2563 5284 2893 5352 intelligunt,
2921 5283 3088 5337 etiam
3116 5282 3234 5336 ha'c
3262 5283 3326 5338 ad
3357 5283 3500 5336 illius

1897 5379 2148 5436 referunt
2193 5388 2472 5444 tempora;
2503 5376 2720 5442 quando
2753 5388 3010 5443 egressus
3049 5384 3133 5426 est
3175 5373 3407 5440 populus
3435 5373 3504 5426 de

1902 5475 2199 5545 Babylone,
2230 5482 2283 5525 et
2316 5470 2449 5539 fugit
2475 5472 2544 5522 de
2571 5467 2886 5531 Chaldteis;
2918 5477 2972 5519 et
3020 5463 3333 5532 redemptus
3365 5475 3448 5518 est
3475 5481 3506 5518 a

1909 5568 2137 5624 Domino
2167 5566 2280 5620 Deo
2309 5578 2427 5618 Sun.
2463 5563 2575 5616 Hoc
2599 5575 2816 5629 quoque
2842 5558 2984 5626 quod
3009 5558 3211 5612 dicitur
3243 5574 3255 5609 :
3287 5557 3409 5612 Non
3438 5561 3510 5613 si-

1911 5666 2095 5720 tierunt
2115 5664 2166 5716 in
2189 5662 2387 5715 deserto
2402 5672 2518 5711 cum
2541 5656 2772 5709 educeret
2802 5667 2907 5714 eos,
2933 5651 3198 5712 ttltuamde
3218 5662 3363 5720 petra
3382 5670 3476 5720 pro
3491 5685 3504 5693 -

1914 5760 2060 5816 duxit
2078 5759 2151 5812 eis
2173 5773 2189 5822 ;
2221 5763 2264 5806 et
2295 5751 2445 5806 scidit
2475 5758 2696 5819 petram,
2724 5757 2768 5799 ct
2787 5745 3252 5814 ﬂuxcrttntaqm:
3277 5742 3404 5799 licet
3429 5761 3518 5801 se-

1994 5876 2020 5913 b
2064 5874 2184 5927 Vitr.
2213 5886 2334 5938 qua:
2379 5865 2629 5933 alterius
2675 5867 3009 5914 animantur
3041 5861 3092 5907 in
3137 5872 3185 5908 ς.
3221 5871 3384 5924 XLIII,
3413 5862 3519 5913 Cui.
