3932 6398
188 384 286 442 ιοε

689 379 1340 441 COMMENTARIORUM
1380 380 1449 438 IN
1491 380 1731 439 ISAIAM
1771 381 2194 440 PROPHETAM
2223 381 2352 439 LIB.
2395 380 2533 439 XIII.
2573 381 2729 439 CAP.
2773 380 2960 440 XLIX.

3379 383 3486 441 ιθσ

180 501 402 556 turmam
429 497 571 555 servi
609 509 687 555 est
719 498 970 570 dignatus
1010 513 1293 554 assumere
1324 499 1343 568 (
1367 495 1605 570 Philipp.
1645 500 1724 569 tt)
1751 546 1764 570 ,
1797 503 1846 562 Α
1875 516 1987 554 nem
2017 497 2188 555 Israel
2216 510 2502 555 convertas.
2540 501 2673 556 Ecce
2695 503 2844 572 posui
2863 503 2918 556 in
2946 513 3305 559 testamentum
3330 520 3487 578 gene-

185 604 241 650 et
267 592 444 661 Israel,
469 593 591 662 quia
615 600 773 646 natus
794 591 970 647 estde
997 591 1208 647 semine
1222 590 1558 646 Iudaeorum.
1585 591 1772 658 Quod-

182 703 282 757 que
301 689 365 742 de
389 685 533 739 nullo
554 685 662 739 alio
683 700 966 740 servorum
1001 685 1233 756 intelligi
1261 695 1459 756 potest,
1479 685 1766 756 jungitur:

185 783 313 850 Quia
333 783 380 834 in
406 790 452 834 te
473 777 737 851 gloriabor
829 781 916 834 AI.
949 779 1327 852 gloriﬁcabor].
1371 781 1510 835 Dicit
1534 780 1678 834 enim
1714 788 1770 835 et

179 878 288 946 ipse
338 875 386 928 in
445 872 785 944 Evangelio,
844 873 1043 941 Pater,
1100 874 1337 945 glori/ica
1392 891 1574 929 nomen
1617 883 1766 927 tuum

179 966 362 1039 (Ioan.
407 980 500 1034 xu,
543 965 658 1034 28).
692 965 796 1033 Qui
826 966 878 1021 in
913 966 1124 1036 psalmo
1153 967 1396 1037 loquitur
1425 967 1491 1021 ad
1524 966 1720 1022 Filium
1750 984 1764 1020 :

177 1058 373 1130 Exurge
395 1103 409 1127 ,
438 1056 612 1129 gloria
641 1075 756 1114 mea
780 1104 794 1128 ,
826 1070 872 1114 et
893 1072 1087 1133 exurge
1111 1105 1125 1128 ,
1160 1062 1460 1128 psalterium
1485 1071 1534 1114 et
1565 1059 1768 1113 cithara

173 1153 302 1226 (Ps.
331 1167 434 1221 ut,
466 1152 558 1222 9),
605 1153 659 1207 id
687 1163 773 1209 est
797 1199 812 1223 ,
857 1156 1099 1208 omnium
1131 1154 1392 1208 virtutum
1425 1154 1648 1209 chorus.
1678 1153 1769 1207 Di-

172 1255 319 1301 cente
345 1253 520 1299 autem
552 1243 686 1300 mihi
720 1245 880 1301 Patre
908 1247 1007 1301 ista
1031 1262 1151 1317 qua:
1180 1247 1374 1313 retuli,
1409 1261 1510 1315 ego
1537 1261 1767 1316 respon-

173 1338 223 1392 di
247 1338 293 1392 ei
322 1354 335 1390 :
379 1337 666 1406 Quomodo
694 1339 750 1393 itt
783 1354 870 1394 me
905 1339 1244 1408 glorilicatus
1273 1353 1335 1395 es
1359 1385 1374 1407 ,
1406 1339 1604 1408 Pater,
1639 1342 1764 1410 quia

167 1433 217 1488 in
249 1447 470 1487 vacuum
515 1433 759 1488 laboravi
789 1478 804 1502 ,
838 1442 893 1489 et
934 1449 1185 1504 magnam
1215 1446 1424 1504 partem
1459 1434 1641 1504 populi
1673 1434 1768 1491 .Iu-

167 1525 395 1582 dmorum
424 1526 593 1600 563
618 1527 684 1582 ad
716 1536 771 1583 te
792 1541 1050 1583 revocare
1071 1543 1178 1583 non
1207 1528 1403 1598 potui?
1430 1527 1558 1583 Hmc
1583 1537 1762 1583 autem

165 1622 404 1678 universa
435 1623 722 1693 dicuntur,
756 1631 817 1678 ut
844 1624 1076 1679 liberum
1110 1624 1348 1680 hominis
1380 1633 1406 1661 ⁸
1435 1634 1766 1680 monstraret

159 1714 450 1770 arbitrium.
488 1716 584 1771 Dei
607 1717 752 1772 enim
779 1731 984 1773 vocare
1004 1726 1123 1786 est,
1156 1725 1213 1772 et
1231 1727 1476 1772 nostrum
1501 1715 1759 1773 credere:

158 1822 250 1863 nec
275 1807 454 1863 statim
493 1807 540 1863 si
564 1822 664 1863 nos
689 1824 796 1864 non
827 1809 1102 1865 credimus
1128 1855 1142 1879 ,
1169 1808 1199 1848 ιι
1227 1808 1587 1879 impossibilis
1619 1810 1762 1864 Deus

1871 594 1975 661 ris,
2015 595 2068 648 in
2097 595 2262 649 lucem
2293 595 2523 668 gentium
2546 640 2561 665 ,
2596 611 2651 650 ut
2693 598 2764 650 sis
2820 597 2965 651 salus
3004 613 3166 668 usque
3201 599 3269 652 ad
3313 608 3484 653 extre-

1871 703 2013 741 mum
2055 698 2226 742 terrm.
2273 687 2498 743 Dicente
2530 705 2617 744 tne
2643 729 2660 753 .
2689 688 2759 743 In
2803 705 3022 744 vacuum
3049 692 3282 745 laboravi
3310 733 3325 757 ,
3369 692 3482 744 sine

1869 797 2030 836 causa
2077 793 2125 836 et
2169 798 2298 836 uane
2338 782 2697 851 fortitudinem
2748 800 2915 838 nteant
2962 785 3306 854 consumpsi:
3355 785 3480 855 quia

1869 877 2044 933 ,11ιὰευὶ
2087 876 2316 932 credere
2347 878 2682 944 noluerunt,
2738 889 2791 933 et
2831 877 3102 946 judicium
3135 895 3314 935 meum
3353 894 3482 934 cum

1867 967 2030 1042 564
2110 969 2342 1023 Domino
2391 978 2512 1034 est;
2567 977 2624 1023 et
2672 983 2812 1035 opus
2861 983 3044 1024 meum
3076 1011 3091 1035 ,
3145 969 3333 1040 quod,
3383 969 3479 1024 illo

1865 1060 1891 1100 ά
1918 1063 2146 1134 juvante
2176 1104 2190 1129 ,
2229 1062 2454 1131 implevi
2484 1107 2498 1130 ,
2543 1077 2668 1117 cum
2713 1061 2949 1116 Domino
2980 1079 2992 1113 :
3027 1063 3310 1132 respondit
3342 1061 3479 1118 mihi

1869 1157 2170 1221 Dominus,
2217 1158 2309 1226 qui
2343 1171 2429 1212 me
2474 1155 2732 1210 formavit
2771 1170 2837 1210 ex
2881 1165 3040 1210 utero
3083 1171 3302 1212 servum
3348 1157 3478 1213 sibi.

1869 1247 1945 1303 Ex
1977 1264 2084 1317 quo
2107 1247 2349 1304 ostendit
2378 1261 2502 1301 eum
2531 1244 2800 1315 appellari
2840 1259 3061 1300 servum
3087 1289 3101 1311 ,
3135 1245 3230 1316 qui
3265 1247 3337 1300 sit
3365 1245 3480 1301 for-

1865 1354 2045 1398 matus
2079 1358 2145 1398 ex
2178 1352 2354 1398 utero.
2394 1341 2499 1409 Qui
2529 1353 2585 1396 et
2628 1341 2682 1395 in
2736 1339 2944 1408 psalmo
2978 1337 3154 1394 dicit:
3204 1337 3280 1393 De
3309 1348 3484 1394 centre

1863 1435 2042 1490 matris
2069 1453 2194 1491 mea:
2227 1437 2364 1492 Deus
2391 1454 2536 1491 meus
2557 1453 2608 1491 es
2639 1445 2695 1490 tu
2723 1436 2852 1510 (Ps.
2886 1452 2974 1505 χι,
3004 1436 3073 1492 10
3096 1437 3138 1508 ).
3170 1435 3310 1504 Quid
3343 1451 3476 1508 ergo

1866 1530 2126 1585 Dominus
2170 1530 2304 1585 dicit
2347 1530 2433 1585 ei?
2465 1529 2536 1586 Ut
2577 1530 2865 1586 reduceret
2897 1529 3066 1585 Iacob
3108 1529 3175 1584 ad
3208 1544 3336 1585 eum
3381 1531 3479 1601 qui

1861 1623 2234 1687 aberraverat,
2264 1624 2373 1694 qui.
2400 1623 2621 1679 deserto
2648 1622 2916 1678 Creatore
2937 1669 2951 1692 ,
2988 1623 3152 1678 idolis
3181 1623 3478 1678 serviebat.

1867 1714 2022 1771 Unde
2043 1725 2102 1770 et
2125 1718 2238 1785 ipse
2266 1716 2507 1785 loquitur
2527 1715 2593 1770 ad
2625 1715 2926 1786 discipulos
2952 1732 2970 1769 :
2995 1715 3061 1769 In
3088 1717 3223 1769 viam
3245 1715 3478 1790 gentium

1863 1823 1924 1860 nc
1963 1807 2129 1861 ieritis
2154 1847 2168 1871 ,
2210 1817 2258 1862 et
2289 1807 2343 1861 in
2374 1807 2608 1861 civitates
2639 1806 3104 1861 Samaritanorum
3133 1822 3196 1860 ne
3234 1808 3481 1872 intretis;

155 1911 258 1965 cat;
283 1899 376 1956 sed
401 1900 706 1971 potentiam
731 1917 882 1956 suam
903 1914 1093 1958 nOSll‘O
1114 1902 1339 1958 arbitrio
1359 1901 1756 1973 derelinquitut
1788 1893 1835 1953 Β
1863 1901 1952 1955 sed
1975 1901 2046 1956 ite
2074 1902 2240 1973 magis
2273 1900 2342 1954 ad
2379 1917 2495 1956 oves
2531 1901 2768 1972 perditas
2798 1901 2985 1954 domus
3017 1893 3190 1954 Israel
3235 1899 3254 1970 (
3281 1897 3479 1954 Matth.

150 1994 266 2064 justi
294 1994 559 2050 voluntas
591 1997 874 2064 prtcmium
901 2007 1289 2067 consequatur.
1323 1996 1460 2064 Quia
1491 2011 1623 2066 ergo
1655 2011 1753 2052 no-

149 2085 354 2141 luerunt
380 2102 486 2158 per
514 2102 598 2142 me
626 2086 680 2142 in
716 2096 767 2142 te
795 2089 1020 2144 credere
1049 2134 1062 2157 ,
1092 2088 1359 2158 judicium
1396 2103 1576 2144 meum
1604 2087 1750 2158 apud

149 2188 195 2234 te
221 2191 300 2236 est
323 2226 337 2249 ,
366 2181 525 2252 quod
561 2183 743 2236 omnia
779 2182 1002 2239 fecerim
1045 2198 1166 2252 qua!
1206 2183 1288 2239 eis
1320 2184 1498 2238 facere
1539 2182 1704 2239 debui
1734 2228 1749 2252 ,

145 2270 320 2328 dicens
349 2271 403 2328 in
439 2273 743 2344 Evangelio
768 2291 780 2328 :
819 2273 934 2346 Ego
958 2284 1005 2328 te
1033 2274 1320 2345 gloriﬁcan
1347 2290 1506 2344 super
1535 2282 1748 2342 terram,

149 2379 292 2435 opere
333 2365 604 2437 completo
649 2366 789 2436 quod
817 2367 1005 2420 dedisti
1034 2363 1162 2419 mihi
1200 2375 1254 2419 ut
1281 2369 1500 2438 facerem
1548 2366 1566 2435 (
1588 2364 1750 2418 Joan.

145 2471 262 2525 χιιι,
293 2457 327 2512 4
348 2459 392 2525 );
424 2469 481 2513 et
519 2459 713 2513 iterum
741 2476 754 2512 :
785 2456 1118 2526 Manifestari
1145 2474 1330 2512 nonten
1361 2469 1507 2512 tuum
1530 2458 1756 2512 homini-

147 2546 251 2603 bus.
287 2550 352 2604 Et
392 2563 542 2619 Opus
571 2565 750 2604 meum
789 2549 904 2605 sive
948 2550 1103 2605 labor
1143 2560 1198 2606 et
1227 2550 1385 2606 dolor
1417 2566 1572 2607 meus
1608 2552 1754 2621 (hoc

143 2642 276 2697 enim
307 2643 591 2714 signiﬁcat
621 2645 814 2713 πόνος)
861 2645 915 2699 in
958 2654 1259 2716 conspectu
1306 2655 1397 2700 tuo
1428 2654 1531 2701 est.
1581 2644 1758 2701 Flevit

142 2735 280 2791 enim
312 2748 367 2792 et
417 2740 473 2792 in
528 2738 829 2809 Evangelia
877 2737 1182 2793 Jerusalem
1214 2738 1384 2810 (an.
1420 2755 1507 2794 XIX
1538 2737 1579 2808 ),
1614 2747 1670 2794 et
1697 2739 1752 2794 in

139 2830 344 2899 psalmo
360 2833 433 2887 ob
453 2832 868 2888 incredulorum
893 2833 1319 2899 multitudinem,
1345 2832 1752 2902 quodammodo

139 2919 327 2978 frustra
347 2940 573 2995 passum
595 2940 653 2980 se
668 2939 791 2981 esse
805 2925 972 2980 dicit:
1001 2925 1129 2993 Qute
1164 2927 1363 2980 utilitas
1404 2926 1456 2978 in
1496 2926 1748 2997 sanguine

143 3032 266 3086 meo,
281 3019 410 3073 dum
441 3020 702 3075 descendo
728 3021 781 3074 in
801 3021 1188 3090 corruptionem
1214 3018 1332 3091 (Ps.
1355 3016 1653 3088 xxix,10)?
1688 3017 1757 3073 Et

132 3107 276 3175 juxta
299 3109 631 3166 llebraicutn
659 3110 900 3177 pendens
924 3112 978 3164 in
1012 3125 1175 3165 cruce
1204 3111 1442 3180 loquitur
1471 3127 1484 3164 :
1525 3107 1702 3176 Longe
1723 3125 1756 3164 a

139 3204 300 3258 salute
324 3221 464 3274 mea,
487 3204 640 3259 verba
664 3215 686 3244 ο
707 3205 1132 3260 lamentationum
1151 3220 1377 3259 mearum
1405 3201 1524 3274 (Ps.
1553 3199 1755 3272 XXIJ).

1852 2010 1915 2056 ιι,
1944 1995 2019 2062 5)
2046 2010 2060 2058 ;
2095 2003 2148 2049 et
2176 1995 2228 2048 itt
2256 1994 2365 2048 alio
2397 1994 2553 2048 loco:
2590 1990 2714 2047 Non
2771 1995 2884 2047 veni
2931 1993 3032 2047 nisi
3062 1993 3131 2046 ad
3161 2008 3276 2046 oves
3301 1992 3481 2062 perdi-

1851 2097 1929 2141 tas
1955 2090 2139 2142 domus
2169 2087 2341 2143 Israel
2367 2090 2386 2158 (
2411 2088 2603 2143 Matth.
2633 2105 2700 2143 xv
2723 2129 2736 2153 ,
2773 2087 2897 2159 24).
2935 2087 3062 2143 11ωο
3089 2088 3254 2158 igitur
3282 2088 3483 2143 volun-

1851 2189 1930 2235 tas
1964 2181 2138 2236 Patris
2170 2181 2289 2250 fuit,
2327 2191 2385 2236 ut
2412 2182 2638 2251 pessimi
2673 2181 2936 2236 vinitores
2966 2183 3199 2236 missum
3224 2181 3475 2253 suscipe-

1854 2284 1975 2330 rent
2007 2273 2204 2328 Filium
2232 2317 2247 2341 ,
2281 2285 2337 2328 et
2374 2273 2586 2330 fructus
2614 2275 2791 2328 vineae
2816 2273 3111 2329 redderent
3138 2319 3152 2344 ,
3178 2274 3272 2345 qui
3303 2275 3478 2330 inter-

1851 2366 2097 2422 fecerunt
2139 2382 2262 2421 eum
2310 2367 2580 2422 dicentes.
2623 2365 2834 2435 Venite,
2871 2367 3169 2422 occidamus
3214 2368 3399 2438 illum,
3429 2379 3480 2422 et

1853 2468 2032 2512 nostra
2076 2460 2174 2512 erit
2204 2459 2482 2514 luet-editas
2533 2459 2770 2533 (Matth.
2809 2475 2926 2527 xxi,
2976 2460 3123 2531 '58);
3173 2469 3230 2517 et
3256 2461 3360 2517 ltoc
3394 2472 3482 2517 est

1852 2553 1995 2624 quod
2026 2569 2168 2609 nunc
2199 2553 2332 2608 dicit
2361 2570 2372 2608 :
2411 2552 2476 2607 Et
2509 2551 2682 2608 Israel
2709 2571 2812 2609 non
2845 2555 3272 2626 congregabitur,
3309 2555 3361 2609 id
3393 2563 3494 2611 est-

1855 2662 1960 2702 non
2007 2656 2313 2702 revertetur
2345 2646 2412 2701 ad
2453 2647 2765 2701 Dominum.
2811 2647 3070 2718 Satisque
3121 2648 3298 2702 miror
3341 2661 3481 2718 quo-

1853 2741 2014 2798 modo
2051 2742 2266 2813 vulgata
2295 2741 2468 2797 editio
2494 2784 2508 2807 ,
2541 2740 2906 2797 fortissimum
2938 2753 3132 2797 contra
3159 2740 3477 2797 .Iuda‘orum

1855 2832 2143 2904 perﬁdiam
2177 2834 2554 2888 testimOuium
2601 2834 2712 2888 alia
2751 2834 3206 2902 interpretatione
3237 2834 3472 2889 subver-

1799 2959 1810 2968 -
1856 2927 1982 2980 terit
2010 2971 2023 2992 ,
2053 2927 2244 2982 dicens
2271 2943 2286 2982 :
2317 2927 2684 2998 Congregabor
2705 2936 2752 2980 et
2774 2928 3110 3000 glori/icabor
3139 2945 3316 2982 coram
3350 2926 3468 2983 Do-

1857 3019 2040 3070 mino:
2085 3021 2206 3072 cum
2265 3017 2568 3074 Tlteodotio
2617 3027 2674 3073 et
2709 3018 3074 3090 Symmachus
3133 3029 3340 3076 nostra:
3393 3022 3476 3076 in-

1859 3110 2240 3176 terpretationi
2327 3121 2646 3180 congruant.
2735 3111 2808 3166 De
2875 3114 3068 3182 Aquila
3126 3124 3308 3170 autem
3363 3130 3475 3172 non

1860 3202 2069 3268 miror,
2153 3201 2297 3272 quod
2383 3203 2547 3258 homo
2620 3204 3030 3262 eruditissimus
3087 3208 3286 3280 lingua
3367 3209 3473 3266 Ile-

205 3294 409 3365 (Vers.
455 3297 522 3363 5,
566 3296 600 3351 6
627 3297 807 3368 seqq.)
842 3295 910 3351 Et
948 3314 1085 3351 nunc
1129 3296 1258 3350 dicit
1303 3294 1600 3362 Dominus,
1642 3298 1757 3366 for-
1786 3277 1832 3340 (ἶ
1867 3293 2066 3349 braica:
2093 3339 2106 3362 ,
2163 3303 2221 3350 et
2265 3294 2488 3350 verbum
2539 3294 2606 3350 de
2650 3297 2822 3351 verbo
2864 3277 3228 3369 exprimens,
3272 3302 3323 3356 itt
3369 3300 3475 3358 hoc

139 3406 284 3444 mons
317 3405 401 3444 me
426 3405 492 3443 et:
511 3399 661 3443 utero
702 3405 905 3444 seruum
934 3392 1031 3446 sibi
1057 3436 1070 3460 ,
1119 3405 1174 3446 ut
1205 3395 1453 3445 reducant
1482 3390 1648 3444 Iacob
1690 3391 1760 3444 ad

139 3502 250 3540 eum
277 3531 292 3553 ,
324 3495 374 3540 et
417 3485 594 3542 Israel
622 3503 726 3541 non
754 3487 1193 3557 congregabitur:
1226 3493 1274 3539 et
1298 3485 1624 3556 gloriﬁcatus
1647 3501 1760 3539 sum

140 3583 188 3636 in
228 3583 397 3637 oculis
441 3581 698 3649 Domini,
748 3591 796 3637 et
833 3579 976 3636 Deus
1013 3597 1153 3634 meus
1187 3581 1358 3651 factus
1398 3590 1475 3635 est
1509 3579 1757 3649 fortitudo

141 3692 267 3731 mea.
296 3675 365 3730 Et
393 3675 536 3731 dixit
561 3692 580 3730 :
613 3693 799 3744 parum
821 3686 897 3730 est
921 3717 937 3744 ,
968 3685 1024 3729 ut
1051 3676 1122 3730 sis
1153 3674 1280 3728 mihi
1307 3691 1481 3728 servus
1503 3675 1573 3728 ad
1593 3674 1758 3728 susci-

143 3771 322 3825 laudas
368 3771 541 3826 tribus
587 3770 790 3838 Jacob,
838 3779 887 3826 et
932 3772 1086 3841 fa’ces
1137 3768 1308 3824 Israel
1355 3768 1750 3824 conuertendas.

149 3860 277 3919 Dedi
309 3864 519 3938 [Vulg.
546 3862 681 3919 Ecce
709 3863 852 3936 dedi]
901 3874 949 3917 te
983 3865 1036 3918 in
1067 3862 1235 3918 lucem
1266 3863 1540 3934 gentium;
1573 3873 1630 3915 ut
1677 3862 1752 3916 sis

148 3957 283 4012 salus
314 3975 430 4014 mea
460 3976 625 4031 usque
661 3959 729 4013 ad
759 3968 1046 4014 extremum
1089 3968 1257 4013 term.
1292 3957 1467 4012 LXX:
1502 3955 1572 4010 Et
1617 3973 1755 4010 nunc
1797 4017 1804 4020 _

145 4052 214 4104 sic
251 4054 378 4107 dicit
424 4051 688 4108 Dominus
717 4054 805 4123 qui
847 4054 1089 4122 formavit
1134 4069 1215 4106 me
1257 4069 1322 4106 ex
1362 4061 1507 4105 utero
1550 4067 1756 4105 servum

147 4144 236 4198 sibi
262 4189 274 4212 ,
306 4157 360 4201 ut
383 4163 758 4219 congregarem
783 4143 946 4199 Iacob
976 4145 1046 4197 ad
1073 4161 1189 4199 eum
1225 4155 1272 4197 et
1301 4143 1472 4196 Israel
1495 4160 1512 4196 :
1542 4157 1761 4213 congre-

148 4235 299 4302 gabor
325 4249 372 4290 et
403 4237 744 4310 glorificabor
768 4253 944 4291 coram
979 4236 1202 4289 Domino
1234 4245 1279 4288 et
1307 4234 1447 4288 Deus
1485 4249 1633 4287 meus
1659 4234 1758 4286 erit

150 4327 393 4396 fortitudo
419 4348 562 4386 mea.
601 4331 666 4385 Et
692 4331 822 4386 dixit
846 4327 973 4383 mihi
1000 4345 1017 4382 :
1053 4327 1301 4398 Magnum
1318 4326 1410 4380 tibi
1431 4335 1502 4379 est
1532 4335 1587 4377 ut
1614 4340 1761 4376 voce-

150 4423 216 4476 ris
239 4441 367 4494 puer
398 4441 547 4480 meus
575 4470 588 4493 ,
635 4431 682 4478 et
715 4424 932 4478 suscites
965 4422 1128 4475 tribus
1166 4418 1330 4473 Jacob
1359 4465 1372 4487 ,
1406 4429 1453 4472 et
1481 4417 1763 4488 dispersio-

1865 3389 1988 3443 loco
2033 3395 2127 3442 aut
2173 3388 2446 3443 simularit
2497 3388 2867 3458 imperitiam,
2915 3401 3009 3445 aut
3069 3392 3475 3450 Pbarisa-orum

1864 3497 2119 3552 perversa
2151 3479 2496 3548 expositione
2523 3480 2786 3550 dectsptus
2831 3484 2937 3551 sit,
2994 3484 3085 3554 qui
3118 3484 3477 3555 interpretari

1861 3577 2051 3644 voluit,
2079 3588 2128 3631 et
2153 3575 2324 3631 Israel
2353 3577 2402 3630 ei
2431 3577 2851 3650 congregabitur,
2886 3579 2989 3633 Itoc
3016 3589 3122 3648 est,
3165 3579 3302 3635 Deo.
3335 3580 3474 3639 Cum

1861 3671 2085 3726 verbum
2117 3669 2442 3726 llebraicum
2492 3685 2580 3739 ιο,
2617 3671 2669 3724 in
2701 3670 2806 3726 hoc
2855 3672 2978 3728 loco
3030 3687 3136 3729 non
3195 3674 3471 3731 scribatur

1860 3777 1956 3834 per
1987 3779 2167 3818 Lauso
2195 3774 2252 3818 et
2283 3777 2393 3818 νιν
2418 3747 2514 3836 (Ὶί)
2548 3779 2566 3818 :
2597 3764 2742 3834 quod
2777 3765 2822 3820 si
2855 3776 3036 3835 esset,
3086 3767 3423 3835 signiﬁcaret
3449 3814 3465 3837 ,

1856 3857 1904 3911 ei
1935 3857 2018 3912 vel
2063 3858 2145 3911 illi
2183 3874 2201 3912 :
2234 3857 2328 3912 sed
2371 3872 2467 3927 per
2515 3873 2696 3912 causa
2745 3867 2801 3914 et
2840 3875 3012 3914 ALEPH
3061 3844 3214 3934 (κθ)
3249 3870 3272 3898 θ
3319 3863 3468 3932 quod

1855 3951 2072 4020 proprie
2097 3997 2111 4018 ,
2145 3968 2246 4005 non
2274 3960 2449 4006 sonat.
2483 3951 2618 4020 Quia
2649 3952 2814 4022 igitur
2840 3967 2946 4007 non
2972 3963 3056 4007 est
3084 3955 3344 4009 reductus
3370 3954 3466 4010 .Ia-

1859 4044 1963 4098 cob
2000 4043 2066 4098 ad
2122 4046 2287 4098 Deum
2316 4089 2330 4111 ,
2389 4058 2490 4099 nec
2523 4042 2690 4098 Israel
2722 4057 3125 4115 congregatus:
3179 4056 3468 4114 propterea

1859 4135 2028 4192 Filius
2055 4137 2297 4206 loqttitur
2318 4137 2424 4190 illis
2454 4151 2561 4190 non
2580 4135 2941 4191 credentibus
2961 4151 2980 4189 :
3000 4135 3322 4207 gloriﬁcatus
3349 4153 3465 4191 sum

1860 4229 1917 4282 in
1943 4227 2107 4282 oculis
2139 4227 2367 4282 Domini.
2419 4228 2476 4282 In
2509 4243 2596 4283 me
2633 4228 2781 4283 enim
2815 4227 2992 4282 uutnis
3024 4227 3258 4281 mundus
3285 4226 3470 4282 credi-

1865 4320 1946 4374 dit
1970 4331 2048 4374 :et
2080 4318 2218 4375 Deus
2244 4337 2388 4375 meus
2418 4321 2588 4391 factus
2609 4330 2680 4374 est
2695 4318 2856 4392 565
2880 4317 3134 4388 fortitudo
3158 4335 3294 4388 mea,
3311 4318 3474 4390 quiet

1869 4415 2184 4471 consolatus
2227 4423 2314 4470 est
2350 4431 2437 4470 me
2483 4415 2697 4471 tristem
2732 4429 2899 4484 super
2941 4413 3246 4485 abjectione
3290 4413 3480 4485 populi

221 4548 245 4576 ¹¹
294 4540 350 4596 1η
398 4540 809 4606 Ambrosianis,
856 4547 1173 4593 monstretur
1208 4534 1478 4590 arbitrium
1504 4549 1522 4587 :
1549 4540 1765 4588 veteres
1792 4531 1846 4590 Ι)
1875 4529 1987 4583 bito
2017 4529 2083 4606 ad
2111 4544 2207 4606 cor
2234 4529 2497 4606 luominis._
2516 4529 2561 4583 si
2586 4530 2736 4584 velit.

154 4609 297 4670 editi.
330 4623 737 4668 monstraretur.

219 4679 248 4719 ιδ
279 4686 470 4742 Active
500 4682 988 4755 [inpossibilisltoc
1021 4681 1145 4736 loco
1166 4695 1274 4755 pro
1304 4679 1561 4755 impotens
1589 4673 1764 4755 sumi-

159 4761 256 4820 tur,
292 4771 397 4812 non
446 4747 668 4823 passiva
701 4751 1119 4826 signiﬁcatione.
1153 4747 1436 4826 Quomodo
1460 4761 1588 4802 vero
1622 4747 1764 4801 Deus

158 4834 206 4878 et
231 4831 399 4892 possit
427 4827 618 4882 facere
650 4823 828 4881 omnia
851 4869 864 4893 ,
900 4835 950 4879 et
982 4835 1161 4877 tamen
1185 4823 1466 4895 potentiam
1486 4834 1637 4873 suam
1669 4834 1763 4870 no-

158 4905 258 4948 stro
307 4901 529 4953 arbitrio
588 4895 919 4960 derelinquat
951 4937 965 4957 .
1021 4894 1373 4949 Consetttiens
1428 4894 1762 4960 Hieronymo

158 4967 491 5038 ᾼιιειιειίιιιις
522 4971 766 5037 explicat
796 4967 892 5023 lib.
923 4966 985 5019 de
1019 4965 1221 5037 Spiritu
1247 4976 1292 5017 et
1316 4963 1438 5038 (Lit.
1472 4979 1518 5038 c_.
1556 4963 1665 5038 33.
1701 4977 1757 5038 tt.

157 5035 222 5091 58
242 5033 264 5102 ξ
285 5055 405 5096 cum
432 5033 629 5096 scribit
647 5039 777 5095 velle
802 5040 964 5093 Deum
989 5033 1162 5090 omnes
1185 5037 1417 5090 homines
1435 5035 1599 5088 salvos
1621 5033 1759 5100 fieri,

161 5123 256 5164 non
289 5113 363 5166 sic
392 5124 567 5167 tamen
594 5123 649 5164 ut
673 5113 744 5165 eis
775 5112 972 5165 adimat
994 5107 1214 5162 liberum
1244 5108 1534 5160 arbitrium.
1571 5102 1638 5158 Et
1661 5101 1759 5156 In-

161 5181 405 5247 ]ideles...
433 5196 622 5238 contra
651 5183 963 5236 uoluntatem
995 5179 1089 5232 I)ei
1118 5179 1286 5244 facere
1306 5193 1424 5230 cum
1441 5180 1554 5247 ejus
1582 5174 1761 5227 Euan-

164 5251 290 5324 gelio
316 5272 421 5309 non
451 5255 675 5308 credunt
704 5296 719 5317 ,
761 5252 1031 5324 experturi
1063 5251 1119 5304 in
1153 5248 1432 5324 suppliciis
1458 5255 1761 5318 potestatem

163 5323 312 5396 ejus,
364 5327 523 5396 cuius
569 5327 626 5379 in
666 5321 1270 5396 donisarriserit-ordinat
1320 5326 1760 5396 contempserunt.

168 5386 308 5464 llinc'
337 5386 544 5464 arguas
577 5397 1004 5464 omnipotentem
1049 5391 1251 5448 Gratia:
1282 5390 1655 5464 operationem
1699 5386 1766 5464 il-

165 5462 268 5538 lam
323 5457 777 5538 abvﬂicronym'o
809 5481 928 5520 ‘uon
961 5464 1234 5538 probari,
1258 5457 1506 5538 Aqualem
1563 5457 1765 5512 ultimis

166 5533 310 5594 hisce
351 5532 699 5609 temporibus
739 5532 1084 5606 Quesoellius
1109 5533 1210 5609 sibi
1252 5532 1443 5609 lingit.
1468 5546 1588 5609 quos
1609 5537 1769 5609 cogat

170 5599 507 5664 voluntatem
553 5608 624 5662 ad
654 5599 789 5677 Opus
831 5609 1029 5662 bonum
1069 5608 1133 5660 ad
1165 5604 1309 5675 quod
1329 5599 1646 5677 iaciendum
1682 5602 1773 5677 dat

171 5691 325 5754 [Iosue
356 5699 370 5735 :
401 5693 458 5735 et
486 5697 616 5750 qum
642 5671 1056 5754 omnipotentia,
1089 5689 1148 5732 ut
1185 5671 1297 5728 vult
1327 5673 1421 5754 ille
1441 5713 1455 5734 ,
1491 5673 1560 5724 ita
1592 5683 1677 5754 est
1702 5671 1771 5754 de

169 5742 371 5826 Gratim
419 5742 823 5826 cujuscumque
853 5750 1089 5826 essentia
1122 5790 1138 5813 ,
1177 5761 1230 5800 ut
1265 5745 1407 5826 trulla
1440 5758 1566 5826 esse
1587 5742 1774 5826 Gra't‘ia.

170 5825 344 5894 possit
364 5812 722 5894 quiu'eflicax
737 5812 829 5876 sit.
851 5812 1192 5894 _N0lt_ilttt|tle
1205 5813 1657 5886 omnipotentiam
1679 5812 1779 5894 ρει

178 5886 401 5964 ἰΙὶειοιις
415 5905 538 5949 mus
565 5902 746 5961 negat,
776 5886 950 5960 neque
978 5890 1174 5956 ἅπλῶς,
1199 5903 1376 5958 neque
1402 5894 1654 5956 respectu
1681 5886 1778 5938 Ita-

1949 4610 1972 4638 ο
2020 4598 2188 4652 Verba
2230 4599 2657 4653 lanientationum
2686 4617 2939 4654 mearum.
2973 4602 3032 4655 In
3078 4603 3342 4657 Psalterio
3373 4617 3473 4657 suo

1871 4671 2160 4735 Hebraico,
2193 4669 2308 4723 sive
2340 4685 2402 4723 ex
2451 4670 2714 4741 llebraica
2761 4671 2991 4726 veritate
3041 4687 3306 4726 converso
3342 4672 3476 4741 legit

1871 4741 1975 4798 Itoc
2005 4741 2189 4804 modo,
2222 4745 2373 4812 longe
2401 4757 2433 4793 a
2460 4740 2630 4793 salute
2649 4757 2763 4794 mea
2779 4743 2929 4812 verba
2959 4743 3161 4811 rugitus
3185 4743 3306 4795 mei.
3335 4740 3469 4810 Quae

1865 4815 2026 4869 verba
2060 4811 2556 4867 cuutdetuscnsum
2580 4820 2839 4866 retinent.
2879 4811 3152 4866 MAB'I'IAN.

1867 4885 2369 4955 —Psetttloltiorott.
2405 4883 2455 4938 itt
2483 4885 2624 4937 hunc
2652 4882 2852 4936 Psaltui
2885 4884 3059 4936 locum
3091 4900 3110 4938 .°
3138 4883 3308 4955 Longe
3334 4902 3366 4939 α
3387 4903 3476 4941 sa-

1866 4957 1972 5012 lute
2000 4972 2112 5010 mea
2133 4958 2282 5010 verba
2305 4954 2610 5025 delictorum
2636 4970 2888 5009 meorum.
2916 4955 3108 5025 Aquila
3130 4954 3268 5010 hunc
3294 4955 3469 5012 locum

1863 5029 1937 5083 sic
1966 5031 2335 5099 interpretatus
2369 5039 2443 5080 est
2466 5067 2484 5099 ,
2517 5024 2694 5098 Longe
2725 5043 2758 5099 τι
2784 5026 2954 5080 salute
2977 5024 3094 5080 mea
3121 5026 3276 5081 verba
3306 5031 3470 5097 genti-

1863 5107 1947 5152 tus
2015 5097 2137 5153 mei.
2205 5097 2551 5169 Symmachus
2579 5138 2594 5161 ,
2638 5097 2803 5169 uerba
2865 5098 3152 5169 gemituum
3211 5116 3464 5156 meorum.

1865 5169 2059 5236 Quinta
2089 5183 2135 5224 et
2164 5167 2306 5224 sexta
2333 5167 2513 5221 Editio
2542 5183 2560 5220 :
2605 5168 2756 5222 verba
2800 5167 3043 5224 clamoris
3083 5172 3204 5227 mei.
3241 5171 3307 5225 Et
3336 5187 3470 5230 sane

1864 5241 2004 5295 haud
2037 5242 2276 5296 occurrit
2319 5241 2372 5294 itt
2402 5238 2611 5295 Latinis
2650 5241 2930 5297 Codicibus
2958 5286 2973 5310 ,
3017 5243 3109 5312 qui
3167 5244 3366 5313 legerit
3390 5246 3472 5299 la-

1865 5315 2222 5367 mentationes.

1937 5382 1964 5421 ά
2001 5382 2346 5438 Ambrosiani
2396 5382 2559 5436 codd.
2591 5427 2604 5450 ,
2658 5383 2796 5448 quod
2827 5385 2920 5438 illo
2966 5383 3174 5447 iubente
3219 5383 3473 5452 complevi

1869 5472 1981 5512 cum
2015 5453 2238 5506 Domino
2265 5469 2407 5519 meo;
2443 5463 2489 5524 et
2516 5456 2811 5524 respondit.
2855 5464 2964 5524 ctc.

1946 5535 1969 5563 ο
2012 5526 2234 5593 Βηνειιι)
2266 5526 2318 5577 in
2352 5522 2633 5577 ltudiernis
2661 5540 2877 5590 quoque
2920 5522 3167 5593 Hebr-teis
3190 5525 3473 5593 exempla-

1871 5597 2021 5654 ribus
2043 5592 2124 5662 Νι),
2143 5637 2156 5655 ,
2183 5612 2286 5647 ιιοιι
2331 5593 2589 5648 scribitur
2627 5593 2836 5647 circillo
2871 5592 3296 5662 superimposito
3322 5605 3379 5649 et
3404 5597 3473 5652 ad

1872 5684 2042 5746 marg.
2093 5660 2165 5746 ἡ
2224 5665 2486 5746 ᾐΡΑθψι
2512 5666 2579 5718 ei.
2600 5662 2813 5746 _Sicque
2835 5666 2967 5746 olitn
2997 5660 3296 5746 Clmldu-us
3314 5681 3474 5746 para-

1876 5735 2128 5812 plu-astes
2156 5735 2299 5806 legit'.
2333 5736 2516 5814 Neque
2544 5737 2683 5814 adeo
2727 5735 2998 5814 putandus
3027 5746 3113 5789 est
3138 5737 3331 5814 Aquila
3367 5744 3471 5814 Icc-

1877 5803 2081 5870 iiouem
2114 5803 2320 5866 temere
2361 5809 2416 5862 in
2433 5803 2874 5864 Christianorum
2906 5803 3096 5862 odium
3137 5803 3478 5866 immutasse.
