3932 6370
181 347 280 404 469

675 341 1327 399 COMMENTARIORUM
1366 339 1434 396 IN
1468 337 1707 399 ΙΘΔΙΑΜ
1746 336 1773 394 Ε

1863 336 2173 397 ιιηιείλιι
2214 336 2343 391 LIB.
2384 333 2523 390 χιιι.
2568 331 2720 389 CAP.
2758 330 2949 388 XLIX.

3357 322 3465 391 470

180 476 335 534 aquas
358 460 647 531 relationis
690 458 926 512 educavit
956 473 1037 512 me
1065 456 1085 526 (
1094 456 1185 513 Ps.
1238 471 1353 513 ml
1371 494 1389 523 ,
1417 455 1498 523 ‘2).
1527 453 1632 522 Qui
1660 468 1757 506 au-
1785 456 1832 512 A
1861 462 2085 525 augusta
2113 463 2261 509 erunt
2278 466 2387 521 prae
2417 449 2825 515 habitatoribus,
2857 458 2907 502 et
2952 446 3111 521 longs
3143 442 3463 515 [agebantur

179 565 282 612 tem
309 557 359 612 in
392 558 543 613 istius
571 553 712 609 modi
746 551 1026 621 viisatque
1051 550 1261 606 semitis
1291 556 1481 620 pastus
1514 546 1680 603 luerit
1700 553 1759 601 et

178 649 869 720 itutrilue,necesuriet,nec
886 646 1055 711 sitiet,
1076 661 1254 718 neque
1282 646 1524 701 calorem
1550 644 1759 698 sentiet

176 745 300 798 solis
328 763 343 798 :
368 757 413 800 el
440 745 752 815 implebitur
782 741 852 796 de
881 741 976 797 illn
1011 739 1155 809 quod
1200 738 1464 807 scriptum
1496 746 1578 792 est
1607 754 1625 789 :
1652 735 1756 791 Per

176 833 305 893 diem
322 836 400 892 sol
423 852 523 891 non
557 846 667 889 uret
690 844 761 895 te,
801 848 962 902 neque
980 831 1105 885 luna
1131 846 1223 902 per
1250 838 1450 884 noctem
1476 826 1596 899 (Ps.
1625 841 1753 893 cxx,

177 935 248 1006 6).
277 932 344 991 Ut
388 946 483 985 uec
513 929 745 984 adversa
797 942 896 982 nec
919 940 1182 997 prospera
1216 923 1374 994 hujus
1415 921 1601 978 saeculi
1629 935 1758 977 sen-

175 1027 286 1087 tiat.
333 1023 609 1092 Siquidem
662 1019 977 1075 misericors
1020 1025 1076 1073 et
1120 1016 1412 1073 miserator
1452 1013 1752 1079 Dominus,

176 1122 286 1192 ipse
309 1116 683 1173 consolabilur
711 1124 767 1168 et
796 1122 948 1184 reget
973 1125 1092 1177 eos,
1112 1118 1167 1165 et
1200 1109 1434 1164 deducet
1464 1107 1530 1161 ad
1573 1106 1757 1163 lentes

180 1226 449 1279 aquarum.
476 1208 604 1267 Sive
626 1216 652 1245 ιι
683 1206 893 1276 putabit
930 1205 1060 1260 illos
1091 1203 1159 1259 ad
1192 1203 1393 1272 iantes,
1443 1200 1514 1257 de
1560 1200 1758 1271 quibus

171 1306 416 1375 sctiplutu
446 1313 531 1359 est
561 1322 572 1354 ε
603 1300 903 1357 Benedicite
956 1298 1187 1355 Domino
1211 1298 1276 1352 de
1325 1294 1556 1366 fontibus
1586 1290 1758 1351 Israel

171 1399 281 1472 (Ps.
329 1414 490 1465 urit,
518 1396 639 1468 27).
675 1396 735 1452 Et
774 1398 827 1449 in
867 1394 977 1449 alin
1008 1394 1169 1447 loco:
1204 1390 1427 1447 Haurite
1475 1404 1639 1460 aquas
1692 1386 1757 1442 de

167 1496 379 1565 fontibus
409 1494 701 1550 Salratmis
729 1488 859 1562 (lsa.
898 1505 997 1555 xtl,
1025 1490 1104 1559 ὅ).
1154 1486 1219 1543 lii
1248 1484 1430 1540 iantes
1481 1483 1535 1538 in
1584 1480 1757 1538 veleri

166 1587 287 1644 'l‘est
302 1596 526 1656 intento,
556 1597 612 1643 et
632 1600 774 1642 novo
795 1593 945 1641 sunt.
965 1582 1270 1649 Omniaque
1290 1577 1615 1636 oﬁ‘endicnla
1636 1590 1759 1647 quis

163 1681 497 1738 credentium
531 1688 789 1746 poterant
820 1677 1096 1749 impedire
1118 1688 1364 1743 gressus,
1395 1672 1653 1731 Dominus
1678 1668 1762 1727 eis

162 1785 330 1834 vertet
359 1778 411 1831 itt
442 1777 698 1847 planum,
730 1784 787 1830 et
817 1773 1033 1830 excelsa
1066 1767 1397 1835 Itttmiliahit,
1445 1777 1613 1836 alque
1653 1763 1756 1818 ltu-

159 1870 300 1927 milia
329 1869 676 1937 snhlimabit,
714 1876 773 1922 ut
800 1870 902 1922 iter
923 1867 1142 1935 planum
1165 1863 1403 1918 habeant
1428 1868 1590 1933 alque
1611 1873 1759 1913 cam-

165 1974 359 2035 pestre.
409 1962 521 2031 Qui
578 1962 690 2017 sint
712 1970 893 2013 autem
922 1959 1009 2013 isti
1040 1958 1235 2027 quibus
1267 1964 1605 2026 praeparetur
1646 1951 1757 2021 via,

159 2055 299 2125 ponit
330 2054 683 2113 manifestius
720 2072 732 2103 τ
761 2051 894 2107 Ecce
921 2052 1007 2107 isti
1039 2051 1102 2105 de
1115 2051 1266 2121 longe
1286 2048 1528 2103 venient:
1560 2054 1611 2101 et
1644 2046 1759 2102 ecce

153 2148 230 2202 illi
249 2146 309 2202 ab
332 2145 785 2219 Aquilone563
810 2155 858 2201 et
883 2143 1038 2208 mari,
1070 2154 1118 2196 et
1144 2143 1233 2200 isti
1250 2142 1313 2197 de
1336 2152 1476 2197 terra
1495 2138 1756 2197 Australi.

151 2237 387 2306 Quatuor
419 2244 616 2304 plagas
651 2239 803 2293 urbis
864 2235 1184 2302 ostendens,
1239 2231 1518 2288 Orientem
1544 2240 1601 2293 et
1622 2230 1763 2299 Seps

152 2330 507 2397 tentrionem,
541 2329 893 2387 Occidentem
935 2337 992 2384 et
1020 2325 1326 2389 Meridiem,
1365 2339 1464 2394 pro
1509 2323 1753 2390 Oriente,

150 2421 293 2491 longe
324 2422 513 2488 [insuit
550 2439 564 2477 :
600 2438 697 2492 pro
729 2419 965 2476 Australi
998 2419 1178 2490 plaga,
1208 2418 1262 2474 in
1295 2416 1528 2475 Hebrum
1561 2415 1759 2486 legitur

149 2529 279 2571 sum
311 2516 519 2587 (Dim)
553 2516 694 2584 quod
730 2514 871 2575 LXX
898 2513 1181 2571 Persarum
1226 2509 1570 2578 interpretati
1606 2517 1759 2567 sunt.

150 2607 333 2662 Caneri
370 2611 443 2663 ita
482 2608 624 2663 utin
658 2608 896 2663 Hebraeo
931 2606 1135 2675 legitur
1161 2610 1559 2672 expresserunt
1577 2601 1754 2669 sinim,

150 2699 285 2768 quod
312 2714 415 2756 nos
442 2698 793 2769 interpretati
818 2711 1007 2753 sumus
1029 2696 1099 2750 ab
1124 2695 1356 2751 Australi
1373 2691 1486 2766 [AL
1506 2689 1753 2763 Austro]:

150 2790 276 2846 illttd
302 2790 657 2861 Sttspieatttes
685 2789 831 2860 quod
877 2802 1034 2843 mons
1064 2786 1217 2843 Sinni
1246 2787 1298 2840 itt
1331 2785 1568 2840 Australi
1600 2792 1760 2853 parte

149 2886 354 2953 positus
385 2886 484 2954 sit,
519 2885 673 2954 iusta
700 2883 922 2939 Ahacuc
950 2880 1280 2947 Pronhetotn
1315 2895 1328 2931 ι
1357 2876 1497 2933 Deus
1525 2877 1588 2932 ab
1626 2876 1762 2932 Aus-

149 2984 223 3030 tro
250 2979 419 3032 ueniet
446 2994 465 3034 :
493 2986 544 3032 et
558 2989 769 3031 sanctus
791 2974 857 3029 de
878 2983 1048 3029 monte
1066 2971 1279 3027 Pltaran
1296 2968 1537 3027 umbroso
1561 2978 1611 3023 et
1637 2984 1760 3023 con-

147 3069 300 3125 denso
324 3071 521 3141 (Abac.
558 3071 664 3143 ιιι).
701 3071 756 3127 Si
805 3082 991 3125 autem
1019 3068 1197 3133 sinim,
1232 3076 1291 3122 nt
1334 3063 1475 3120 LXX
1517 3071 1762 3118 transtu-

149 3163 349 3229 lerunt,
387 3165 589 3220 Persas
649 3164 1031 3234 intelligimus,
1081 3160 1172 3230 qui
1223 3158 1292 3214 ad
1338 3157 1615 3213 Orientem
1662 3154 1754 3211 siti

144 3269 291 3325 sunt,
330 3258 469 3313 illud
496 3258 645 3327 quod
676 3274 835 3327 supra
867 3258 1067 3315 dicitur
1100 3273 1113 3309 :
1143 3254 1282 3310 Ecce
1304 3254 1389 3309 isti
1421 3253 1487 3307 de
1504 3253 1657 3323 longe
1675 3268 1759 3307 ve-

144 3353 305 3417 nient,
340 3351 411 3407 ad
447 3355 707 3407 Austrum
740 3350 945 3405 referre
973 3349 1298 3420 poterimus.
1333 3345 1758 3413 Praeciuilurque

142 3444 301 3501 cretis
327 3452 387 3502 et
422 3453 613 3507 terrui,
646 3444 726 3498 vel
777 3443 864 3497 his
901 3443 1196 3498 virtutibus
1223 3457 1344 3511 qua:
1382 3441 1434 3495 in
1471 3440 1613 3498 cmlo
1643 3455 1759 3494 mo-

144 3548 336 3593 rantur
366 3551 420 3591 et
458 3547 629 3607 terra,
669 3538 752 3592 vel
806 3536 1027 3607 Angelis
1065 3544 1122 3592 et
1165 3535 1495 3603 hominibus,
1552 3543 1609 3589 ut
1657 3533 1756 3590 Dei

143 3629 444 3683 concinant
468 3628 682 3684 laudes.
740 3627 809 3684 Et
838 3630 926 3697 qui
958 3629 1010 3682 in
1039 3627 1257 3683 excelso
1303 3628 1559 3682 virtutum
1595 3625 1753 3695 positi

147 3731 292 3788 sunt,
326 3721 539 3779 tuentis
591 3722 832 3777 Ιςιιιῑιίίιιιι
861 3721 1036 3792 jnbito
1065 3732 1113 3776 et
1156 3722 1518 3777 exsultatione
1551 3730 1757 3776 testen-

150 3825 250 3873 tur.
282 3819 427 3887 Quia
460 3819 764 3873 consolatus
789 3828 864 3873 est
896 3816 1147 3872 Dominus
1186 3818 1435 3889 populum
1463 3834 1634 3886 suum,
1659 3830 1757 3872 eos

149 3913 234 3980 qui
265 3929 335 3969 ex
374 3912 596 3969 Ιιιάειιὶβ
623 3912 854 3968 credere
884 3912 1191 3966 voluerunt.
1224 3911 1288 3965 Et
1319 3925 1616 3980 pauperum
1652 3909 1753 3962 ltu-

150 4003 471 4074 miliumque
501 4020 733 4059 suorum
766 4004 1022 4059 mi~erlus
1047 4014 1134 4059 est
1164 4020 1177 4057 :
1206 4004 1321 4058 sive
1366 4005 1544 4057 omnis
1575 4001 1757 4072 populi

150 4096 251 4160 sui,
282 4097 377 4167 qui
401 4098 474 4153 de
503 4097 731 4154 Oriente
756 4106 811 4152 et
840 4095 1166 4158 Occidente.
1222 4094 1494 4166 Aquilone
1522 4105 1577 4151 et
1618 4098 1758 4149 Aus-

151 4196 234 4244 tro
261 4191 328 4246 ad
361 4208 492 4247 eutn
519 4203 746 4245 vocatus
766 4201 845 4246 est
867 4232 880 4255 ,
911 4205 1018 4245 non
1042 4189 1249 4244 habens
1280 4192 1475 4258 Legem
1500 4204 1602 4243 nec
1629 4189 1760 4243 Pro-

154 4281 360 4350 phetas,
393 4299 501 4339 nec
534 4284 759 4339 divitias
807 4281 1124 4353 Spiritnales
1152 4299 1168 4336 :
1203 4281 1297 4336 sed
1328 4280 1600 4345 desertus,
1630 4295 1760 4349 pan-

153 4388 242 4440 per
270 4388 323 4431 et
351 4376 609 4442 humilis,
637 4380 850 4431 cunctis
876 4375 1218 4431 dzemonibus
1242 4372 1572 4442 subiacebat.

218 4466 403 4538 (Vers.
438 4468 510 4524 14
543 4468 731 4538 seqq.)
766 4467 831 4521 Et
856 4469 987 4523 dixit
1011 4466 1142 4523 Sion
1174 4482 1193 4521 .·
1221 4464 1509 4535 Dereliquit
1548 4480 1626 4517 me
1656 4463 1762 4518 Do-

152 4560 339 4625 minus.
374 4571 424 4617 et
463 4563 729 4618 Dominus
754 4562 947 4616 oblitus
971 4574 1045 4617 est
1072 4562 1192 4615 mei.
1238 4558 1509 4630 Numquid
1529 4557 1760 4613 oblivisci

153 4664 313 4721 potest
340 4655 539 4711 mulier
582 4656 839 4725 infantem
867 4671 1038 4723 suum,
1090 4666 1147 4709 ut
1174 4670 1275 4709 non
1306 4654 1619 4706 misereatur
1645 4650 1762 4720 ﬁlio

154 4749 284 4801 uteri
313 4751 398 4804 sui
424 4752 451 4806 7
482 4749 556 4805 Ει
585 4750 636 4804 si
661 4749 759 4804 illa
788 4750 946 4803 oblita
977 4750 1156 4817 fuerit,
1183 4765 1275 4818 ego
1299 4747 1478 4819 [\‘ulg.
1506 4745 1657 4801 addit
1685 4754 1766 4798 ta-

156 4842 292 4915 men]
350 4862 457 4899 non
498 4846 781 4901 obliviscar
828 4846 922 4898 tui.
976 4842 1104 4897 Ecce
1147 4844 1204 4897 in
1231 4841 1470 4895 manibus
1495 4842 1621 4895 meis
1669 4840 1764 4895 dc-

158 4936 335 5004 scripsi
362 4946 414 4991 te
437 4953 458 4992 r
479 4938 628 4991 muri
651 4937 727 4990 tui
768 4950 947 4989 coram
974 4935 1139 4989 oculis
1177 4934 1306 4987 meis
1349 4949 1571 5004 semper.
1612 4932 1773 4988 Vene-

159 5038 275 5080 runt
293 5038 589 5084 structores
617 5029 694 5083 tui
717 5044 736 5083 :
780 5026 808 5067 δ
830 5038 878 5082 et
904 5028 993 5094 qui
1023 5038 1074 5080 te
1094 5024 1450 5080 destruaeraut
1475 5035 1523 5079 et
1548 5025 1773 5093 dissipa-

160 5132 354 5187 verunt,
385 5123 613 5177 srcibuut
651 5138 683 5175 a
711 5133 779 5175 te.
828 5118 967 5175 Leos
1008 5118 1064 5174 in
1094 5118 1313 5172 circuitu
1344 5117 1521 5170 oculos
1551 5127 1688 5184 tuos,
1722 5124 1772 5170 et

161 5211 289 5277 vide,
315 5231 500 5270 omnes
552 5215 645 5268 isti
679 5214 977 5286 congregati
1020 5220 1162 5275 sunt,
1195 5220 1444 5264 venerunt
1490 5209 1603 5263 tibi.
1643 5209 1772 5263 Viro

160 5317 270 5374 ego,
303 5305 433 5362 dicit
464 5305 727 5361 Dominus
751 5323 771 5361 :
792 5306 912 5376 quia
974 5304 1210 5359 ontnibus
1232 5302 1314 5357 bis
1339 5303 1470 5356 velut
1496 5318 1773 5356 ornamen-

166 5405 211 5449 to
251 5402 510 5467 vestieris,
537 5398 955 5455 etcircumdabis
990 5398 1080 5452 tibi
1109 5413 1195 5451 eos
1219 5397 1367 5466 quasi
1398 5412 1610 5463 sponsa,
1649 5394 1773 5458 quia

164 5491 360 5548 deserta
387 5504 484 5550 tua
511 5503 563 5549 et
588 5492 898 5549 solitudines
919 5498 1121 5561 tute,'et
1148 5500 1283 5546 terra
1300 5489 1466 5544 ruina:
1494 5497 1599 5543 tua:
1634 5502 1771 5542 nunc

234 5658 260 5686 η
293 5651 678 5716 Ambrosiam,
708 5650 814 5703 sive
843 5645 1065 5719 portabit
1088 5643 1229 5719 illos,
1257 5654 1363 5699 etc.

236 5720 262 5760 ι’
310 5722 473 5792 Vulg.
485 5762 503 5789 ,
526 5721 852 5778 destruentes

173 5789 315 5847 bunt.

247 5832 462 5945 :fVulg.
496 5862 588 5919 hic
640 5878 747 5947 nou
778 5859 961 5933 habet,
993 5860 1085 5941 sed
1146 5858 1432 5917 Hebraeum
1463 5859 1599 5943 ﬂatu
1629 5853 1773 5933 quod

1856 549 1945 617 qui
1986 545 2325 601 absorbebant
2350 551 2417 597 te.
2451 541 2635 597 Adhuc
2663 543 2837 596 dicent
2872 541 2925 595 iu
2965 537 3179 599 auribus
3215 538 3338 599 ιιιύς.
3363 534 3463 605 ﬁlii

1859 633 1971 708 [AL
2014 636 2167 709 ﬁliis}
2205 636 2495 692 sterilitatis
2541 636 2965 706 tuw:Augustus
3008 640 3085 687 est
3122 628 3246 687 mihi
3294 629 3461 697 locus.

1854 735 1942 802 [ac
1960 733 2190 799 spatium
2222 731 2367 797 mihi,
2396 739 2455 784 ut
2499 727 2748 784 habitent.
2782 725 2849 783 Et
2882 727 3025 785 dices
3061 725 3113 781 in
3137 721 3297 778 corde
3317 732 3407 777 tuo
3441 735 3462 776 :

1860 825 1992 891 Quis
2031 824 2211 896 genuit
2253 822 2381 877 mihi
2419 822 2592 878 istos?
2624 820 2736 892 Ego
2771 819 2966 874 sterilis
2994 827 3043 873 ct
3070 833 3175 875 non
3223 815 3457 884 pariens,

1855 917 2225 985 transmigrata
2265 924 2315 972 et
2369 914 2574 985 captiua
2622 928 2641 966 :
2682 920 2729 971 et
2779 912 2906 965 istos
2972 908 3089 978 quis
3166 902 3461 969 enptririt!

1857 1008 1970 1082 Ego
2017 1009 2263 1065 destituta
2326 1017 2373 1063 et
2447 1007 2562 1062 sola
2612 1022 2629 1063 .°
2675 1022 2724 1060 et
2797 1002 2960 1078 569
3014 1002 3102 1058 isti
3156 1001 3241 1057 ubi
3290 1010 3313 1041 ε
3358 996 3462 1054 .Itic

1856 1101 2046 1156 erant?
2082 1101 2223 1157 LXX
2260 1119 2272 1154 :
2325 1099 2469 1156 Dixit
2493 1109 2665 1157 autem
2704 1098 2835 1156 Sion
2860 1115 2878 1152 :
2931 1096 3219 1168 Dereliquit
3244 1111 3324 1150 me
3352 1091 3463 1151 Do-

1856 1195 2045 1262 minus,
2079 1204 2126 1248 et
2170 1192 2308 1248 Deus
2345 1193 2532 1247 oblitus
2560 1200 2633 1249 est
2687 1191 2804 1247 mei.
2841 1187 3110 1260 Numquid
3139 1186 3465 1242 obliuiscetur

1855 1286 2042 1340 mulier
2096 1285 2298 1358 parvuli
2355 1286 2469 1351 sui,
2512 1294 2567 1340 ut
2616 1299 2720 1341 non
2758 1282 3060 1339 misereatur
3107 1290 3286 1345 partus
3330 1276 3463 1333 uteri

1856 1378 1976 1433 sui?
2047 1376 2145 1433 Sin
2194 1386 2366 1433 autem
2440 1386 2487 1432 et
2547 1377 2733 1433 Iterum
2787 1376 2947 1432 oblita
3002 1373 3160 1446 fuerit
3215 1368 3400 1424 mulier
3441 1384 3462 1423 :

1856 1471 1945 1526 sed
2006 1487 2098 1544 ego
2155 1486 2260 1526 non
2314 1469 2584 1526 obliviscar
2634 1468 2746 1534 tui,
2809 1467 2934 1525 dicit
2993 1464 3271 1523 Domitius.
3328 1459 3462 1519 Ecce

1855 1581 2014 1634 super
2041 1580 2225 1621 manus
2254 1578 2390 1619 meas
2436 1563 2647 1635 depinai
2688 1576 2863 1621 muros
2892 1568 3007 1615 tuos
3029 1576 3047 1613 :
3093 1566 3141 1612 et
3171 1571 3350 1611 coram
3377 1570 3458 1612 ms

1858 1676 1913 1714 es
1934 1675 2154 1726 semper.
2175 1655 2391 1729 Citoque
2415 1655 2779 1725 tediﬁcaberis,
2798 1670 2833 1709 a
2850 1653 3036 1725 quibus
3058 1652 3322 1706 destructa
3345 1649 3461 1717 {ue-

1858 1768 1984 1808 ras:
2016 1761 2063 1807 et
2087 1753 2241 1822 quite
2264 1750 2664 1816 dissipaverunt,
2698 1746 3030 1819 egredientur
3057 1759 3120 1799 ex
3141 1755 3209 1798 te.
3238 1740 3380 1797 Lena
3403 1741 3458 1797 in

1793 1822 1834 1882 Β
1863 1843 2082 1899 circuitu
2120 1843 2300 1898 oculos
2330 1853 2478 1904 tuos.
2512 1851 2560 1897 et
2588 1840 2746 1896 vide:
2802 1855 2978 1894 omnes
3022 1837 3109 1893 isti
3160 1835 3460 1907 congregati

1862 1944 2001 1998 sunt,
2034 1944 2278 1993 venerunt
2309 1935 2378 1995 ad
2404 1944 2472 1989 te.
2518 1932 2646 1989 Vivo
2671 1948 2765 2005 ego
2791 1972 2808 1998 ,
2863 1930 2991 1986 dicit
3025 1927 3309 1983 Dominus:
3336 1927 3458 1998 quia

1864 2030 2101 2083 omnibus
2129 2026 2210 2081 his
2239 2028 2388 2100 quasi
2418 2033 2722 2085 ornamento
2759 2021 3013 2087 vestieris,
3038 2032 3087 2081 et
3116 2016 3461 2075 circumdabit

1862 2121 1954 2177 tibi
1980 2137 2066 2176 eos
2093 2119 2244 2193 quasi
2274 2118 2462 2177 monile
2490 2131 2727 2187 sponsae:
2749 2114 2998 2187 quoniam
3019 2111 3223 2167 deserta
3252 2122 3343 2169 tua
3363 2150 3378 2176 ,
3409 2118 3457 2162 et

1860 2230 1976 2285 qua?
1996 2214 2273 2285 dissipata,
2303 2221 2350 2270 et
2397 2227 2511 2283 qua:
2537 2219 2862 2273 corruerunt.
2914 2204 3070 2262 Nunc
3097 2201 3457 2275 angustaberis

1864 2325 1971 2380 prta
2001 2307 2408 2365 habitatoribus:
2434 2318 2485 2361 et
2508 2308 2662 2380 longe
2687 2305 2812 2375 ﬁent
2841 2320 2873 2358 a
2914 2310 2962 2357 te
3000 2299 3087 2374 qui
3124 2310 3173 2356 te
3212 2298 3460 2355 humilia-

1861 2413 2058 2457 uerant.
2092 2400 2283 2459 Dicent
2305 2401 2441 2455 enim
2466 2399 2521 2454 in
2547 2397 2757 2454 auribus
2782 2395 2904 2456 luis.
2935 2394 3033 2463 ﬁlii
3053 2393 3152 2459 tui,
3182 2408 3309 2463 quos
3338 2405 3461 2464 per?

1862 2494 2079 2550 didisti:
2118 2493 2386 2562 Angustus
2416 2491 2541 2547 nti/ti
2583 2489 2727 2545 locus
2767 2495 2842 2541 est
2867 2502 2886 2542 ε
2913 2489 2997 2558 [ac
3047 2482 3172 2539 milii
3213 2483 3379 2539 locum
3403 2489 3460 2537 ut

1862 2588 2104 2645 habitem.
2125 2584 2194 2640 Et
2223 2586 2359 2639 dices
2381 2585 2432 2637 in
2452 2583 2606 2639 corde
2631 2592 2750 2634 tuo:
2793 2578 2920 2646 Quis
2946 2576 3122 2648 genuit
3143 2574 3271 2629 mihi
3295 2572 3460 2628 istos?

1862 2681 1975 2753 Ego
2006 2688 2184 2737 autem
2227 2677 2415 2750 absque
2445 2675 2618 2732 liberis
2645 2685 2695 2731 et
2730 2675 2908 2736 vidua,
2942 2682 2987 2729 et
3035 2671 3159 2727 istos
3183 2668 3298 2740 quis
3330 2683 3457 2720 euu-

1860 2774 2000 2828 tritn't
2029 2773 2193 2827 mihi?
2223 2770 2334 2843 Ego
2357 2768 2603 2825 derelicta
2648 2782 2765 2823 sum
2805 2764 2941 2827 sola.
2980 2772 3030 2818 et
3052 2762 3138 2821 isti
3161 2760 3245 2821 ubi
3271 2760 3456 2815 erant?

1859 2864 2160 2920 Jerusalem
2179 2874 2234 2919 et
2262 2864 2393 2919 Sinn
2426 2868 2658 2930 quatuor
2677 2857 2855 2912 modis
2884 2860 2938 2914 in
2966 2852 3270 2923 Scripturis
3294 2865 3455 2907 satic-

1860 2958 1931 3013 tis
1960 2958 2159 3014 debere
2191 2956 2436 3028 intelligi,
2477 2968 2625 3023 saepe
2655 2949 3095 3007 memoravimus.
3124 2945 3267 3013 Uno,
3293 2944 3449 3015 just:

1861 3049 2103 3111 Iudaeus.
2132 3064 2293 3115 quam
2322 3047 2530 3118 plangit
2555 3042 2820 3101 Dominus
2847 3042 2900 3095 in
2934 3037 3259 3114 Evangelio,
3290 3032 3452 3093 Jeru-

1862 3144 2047 3202 salem.
2072 3140 2371 3196 Jerusalem
2392 3179 2408 3205 ,
2458 3152 2576 3209 qua:
2604 3136 2798 3191 occidis
2826 3132 3144 3205 PrOpItetas,
3173 3141 3222 3201 et
3247 3129 3458 3199 lapidas

1861 3253 1946 3292 eos
1969 3236 2055 3308 qui
2081 3234 2150 3291 ad
2178 3244 2225 3290 te
2251 3232 2398 3289 missi
2435 3240 2554 3288 sunt
2586 3228 2806 3294 (Matth.
2837 3243 2990 3293 xxttt,
3023 3226 3135 3296 57).
3164 3225 3231 3282 Et
3263 3224 3319 3281 in
3346 3224 3456 3283 alio

1861 3330 1982 3384 loco
2010 3351 2026 3392 ;
2056 3326 2185 3383 Cum
2208 3325 2438 3382 uideritis
2461 3319 2775 3383 circumdari
2800 3319 2867 3374 ab
2893 3319 3121 3377 exercitu
3158 3315 3457 3375 Jerusalem

1861 3431 1980 3476 tunc
2007 3421 2187 3475 scitote
2213 3419 2339 3489 quia
2372 3414 2805 3487 appropinquavit
2837 3410 3088 3467 desolatio
3134 3409 3289 3482 ejus(
3321 3406 3456 3475 Luc,

1860 3533 1973 3581 χιιι,
2006 3515 2120 3587 20).
2168 3511 2451 3580 Secundo,
2497 3511 2822 3567 Sanctorum
2854 3514 2935 3561 est
2960 3501 3332 3574 congregatio,
3364 3500 3458 3570 qui

1860 3610 1912 3665 in
1940 3625 2069 3676 pace
2090 3605 2303 3662 Domini
2333 3614 2391 3660 et
2412 3604 2466 3658 in
2480 3603 2742 3661 virtutum
2759 3597 2981 3668 specula
3003 3592 3310 3657 constituti,
3337 3606 3456 3649 rec-

1858 3713 1913 3760 te
1962 3701 2304 3773 appellantur
2346 3701 2474 3753 Sion
2500 3736 2518 3762 ,
2559 3695 2628 3750 de
2658 3708 2766 3765 qua
2816 3692 3049 3749 dicitur:
3082 3688 3455 3745 Fundamenta

1858 3804 1967 3873 ejus
1995 3799 2325 3856 initiantibus
2346 3795 2575 3851 sanctis:
2606 3792 2777 3863 diligit
2811 3789 3061 3845 Dominus
3085 3796 3263 3856 portas
3294 3783 3451 3851 Sion,

1855 3913 2008 3967 super
2034 3894 2206 3951 omnia
2236 3890 2568 3948 tabernacula
2612 3885 2776 3944 Jacob
2799 3884 2921 3958 (Ps.
2953 3898 3186 3949 ιικιινι,
3220 3880 3297 3953 ι).
3349 3879 3457 3937 Ne-

1856 4003 1963 4059 que
1985 3989 2128 4042 enim
2164 3984 2514 4040 fundamenta
2540 3979 2783 4038 Judaicze
2813 3977 2981 4043 Sion,
3020 3990 3183 4045 quam
3206 3971 3457 4027 videmus

1859 4098 1983 4139 esse
2013 4083 2346 4136 destructum
2367 4117 2385 4143 ,
2415 4092 2444 4129 ιι
2480 4074 2711 4129 Domino
2739 4079 2867 4128 sunt
2894 4068 3096 4125 dilecta
3118 4107 3136 4133 ,
3185 4073 3277 4120 aut
3307 4062 3454 4131 quod

1860 4189 1887 4229 a
1922 4174 2151 4228 Domino
2171 4170 2433 4226 dilectum
2462 4174 2566 4232 est,
2591 4160 2801 4218 destrui
2835 4160 3028 4227 pnlttit.
3058 4153 3247 4211 Tertio
3268 4152 3455 4222 appel-

1860 4268 2002 4323 latur
2031 4263 2335 4321 Jerusalem
2377 4255 2667 4315 multitudo
2695 4250 3048 4323 Angelnrum.
3106 4245 3449 4303 Dntninatiu-

1860 4373 2011 4423 nunt,
2042 4366 2099 4412 et
2128 4355 2485 4417 Puteslatum,
2527 4358 2581 4405 et
2611 4360 2776 4403 omne
2800 4341 2949 4414 quod
2981 4341 3035 4403 in
3069 4339 3159 4399 Dei
3193 4338 3446 4395 ministe-

1865 4450 1945 4505 rio
1979 4448 2330 4504 constitutum
2358 4452 2463 4499 est.
2498 4441 2577 4497 De
2605 4453 2709 4507 qua
2737 4434 3046 4501 Jerusalem
3073 4443 3127 4489 et
3157 4430 3459 4502 Apostolus

1816 4568 1836 4613 ς
1865 4542 2223 4613 loqui-batur:
2268 4537 2398 4602 Qua:
2424 4544 2595 4591 autem
2619 4546 2829 4587 sursum
2860 4536 2936 4585 est
2952 4525 3267 4595 Jerusalem,
3292 4524 3459 4587 libera

1865 4648 1963 4704 est,
1986 4652 2100 4706 qua:
2128 4643 2203 4690 est
2226 4646 2388 4687 mater
2415 4630 2646 4687 omnium
2666 4636 2900 4681 nostrum
2928 4622 3127 4696 (Galat.
3154 4636 3230 4685 tv,
3252 4618 3370 4690 26).
3398 4616 3465 4675 Et

1867 4736 1919 4790 in
1953 4732 2061 4787 alio
2086 4730 2206 4784 loco
2228 4745 2242 4782 :
2268 4724 2374 4783 Sed
2389 4721 2676 4781 accessistis
2701 4718 2770 4773 ad
2796 4717 2925 4773 Sion
2949 4727 3194 4773 montem,
3212 4720 3259 4766 et
3279 4709 3463 4764 civita-

1863 4839 1961 4883 tem
1997 4825 2086 4880 Dei
2109 4821 2338 4882 viventis.
2381 4814 2672 4871 Jerusalem
2697 4812 2949 4867 caelestem
2982 4805 3171 4875 (llebr.
3197 4818 3305 4870 xu,
3338 4798 3460 4870 Si).

1867 4921 2071 4990 Quarto
2118 4916 2422 4987 appellatur
2459 4908 2762 4967 Jerusalem
2813 4918 2974 4974 quam
3002 4898 3175 4957 Judaei
3205 4906 3261 4953 et
3288 4892 3465 4953 nostri

1869 5014 2218 5070 Jttdnizantes
2234 5007 2398 5080 57o
2415 5005 2566 5076 juxta
2594 5000 2829 5070 Apnealy
2842 4996 2977 5067 psiut
3002 4992 3232 5052 Joannis
3247 5034 3264 5059 ,
3299 5004 3461 5060 quam

1873 5123 1979 5163 non
2008 5104 2338 5175 intelligunt,
2374 5103 2566 5168 putant
2593 5108 2812 5151 auream
2843 5099 3007 5160 atque
3035 5098 3361 5160 summatum
3391 5083 3460 5142 de

1872 5199 2183 5256 cmieslihus
2214 5191 2518 5262 ponendam
2550 5186 2738 5258 (Apoc.
2772 5185 2906 5256 ut),
2936 5182 3090 5253 cujus
3116 5179 3381 5238 terminos
3410 5185 3469 5233 et

1869 5292 2139 5349 inﬁnitam
2193 5283 2531 5342 latitudinem
2579 5281 2742 5337 etiam
2795 5278 2851 5336 in
2909 5274 3215 5333 Ezechielis
3267 5272 3462 5335 ultima

1873 5397 2027 5458 parte
2048 5381 2081 5422 ιι
2109 5380 2368 5439 describi.
2400 5379 2532 5448 Qua:
2561 5392 2687 5432 cum
2716 5374 2791 5431 ita
2819 5386 2879 5427 se
2908 5370 3180 5431 habeant,
3214 5378 3359 5425 nunc
3388 5363 3471 5417 di-

1872 5453 2131 5552 ligentius
2183 5473 2505 5531 intuendum
2554 5475 2671 5535 est,
2721 5479 2844 5535 qua
2884 5477 2951 5520 ex
2999 5468 3234 5531 quatuor
3272 5453 3478 5512 dixerit

1867 5641 1956 5693 est
1994 5634 2103 5698 ubi,
2155 5631 2199 5687 si
2247 5639 2305 5685 ut
2334 5629 2441 5684 dno
2474 5624 2637 5681 verba
2668 5623 2818 5693 legas
2864 5625 2927 5672 ’κ
2974 5635 3001 5674 e
3033 5663 3047 5688 ,
3111 5616 3215 5689 pho
3271 5619 3370 5681 ΠΣ),
3417 5621 3472 5670 et

906 5729 958 5774 te
1006 5727 1053 5773 et
1106 5702 1439 5784 dissipantes,
1497 5729 1531 5766 a
1571 5720 1618 5767 te
1662 5711 1777 5765 αἱ·
1879 5718 2168 5784 utrumque
2190 5702 2485 5784 signilif-al.

1950 5758 2159 5834 [Otila
2194 5758 2315 5832 erigat
2353 5769 2635 5837 descripsi:
2671 5763 3027 5837 quamobrem
3081 5758 3475 5817 Tillemontius

1878 5850 2062 5919 addita
2099 5849 2217 5933 haec
2249 5846 2317 5927 ab
2344 5836 2940 5917 Hieronytuo’putavit,
2971 5848 3097 5913 cum
3130 5839 3254 5919 post
3271 5842 3483 5901 annum
