3932 6320
529 263 630 320 ΠΙ

1780 258 1838 313 S.
1885 254 2157 315 EUSEBII
2201 251 2588 313 HIEBONYMI

3683 256 3772 316 472

531 377 664 435 Sion
688 420 703 445 ,
733 376 1025 448 Dereliquit
1052 390 1132 430 me
1158 371 1432 441 Dominus,
1483 383 1531 426 et
1559 371 1816 429 Dominus
1838 372 2027 428 oblitus
2055 380 2132 427 est
2159 372 2208 433 Α
2236 386 2452 429 mecum
2482 371 2662 441 capiat
2690 369 2940 428 latitudo.
2965 369 3045 426 Tu
3066 378 3245 426 autem
3267 370 3465 427 ltetitite
3491 373 3772 444 magnitudi-

534 471 655 526 mei.
689 468 799 525 Nec
824 468 1047 524 dubium
1072 476 1157 523 est
1197 465 1327 538 quin
1375 468 1727 537 congregatio
1774 463 2127 530 Sanctorum,

2234 479 2358 520 nem
2389 479 2497 519 non
2519 463 2706 520 valens
2734 479 2829 520 ore
2851 463 3126 535 proferre,
3158 463 3212 519 in
3237 469 3327 519 tuo
3357 464 3513 520 corde
3533 465 3673 522 tacita
3694 481 3770 522 co-

534 579 656 635 quae
688 564 839 633 prior
865 562 1043 618 fuerat
1085 561 1138 616 in
1168 561 1403 628 Judaeis,
1453 571 1509 616 et
1546 577 1576 614 a
1609 560 1840 616 Domino
1867 559 2130 617 derelicta
2229 557 2448 629 gitabis,
2494 566 2550 613 et
2576 557 2761 615 dices:
2797 558 2926 626 Quis
2956 557 3082 612 mihi
3109 557 3235 612 istos
3263 559 3477 628 genuit?
3526 559 3626 631 Ego
3649 576 3770 617 eram

533 662 639 723 est,
675 656 779 710 ista
806 662 1240 723 commemoret,
1270 664 1325 709 et
1353 668 1491 711 voce
1519 652 1859 725 laerymabili
1889 667 2134 724 conque-

527 760 680 804 ratur
701 764 762 805 se
786 763 909 805 esse
942 748 1213 804 desertam
1239 790 1255 815 ,
1309 756 1363 803 et
1392 747 1610 802 Domini
1659 748 1862 803 auxilio
1892 747 2126 803 destitu-

532 851 663 896 tam.
705 840 805 896 Cui
848 839 1132 911 respondit
1170 841 1336 906 Deus,
1390 840 1623 894 naturali
1654 848 1823 896 utens
1873 838 2131 894 similitu-

534 932 693 989 dine:
726 932 783 987 Si
818 942 999 1003 potest
1024 932 1163 1000 ﬁeri,
1190 941 1248 986 ut
1278 938 1453 987 mater
1479 932 1560 986 sui
1589 929 2133 987 obliviscaturinfan-

533 1027 626 1095 tis,
652 1036 708 1083 et
733 1027 800 1083 ad
828 1034 1038 1097 partum
1074 1027 1346 1082 viscerum
1370 1041 1593 1082 suorum
1623 1043 1731 1081 non
1746 1026 1998 1082 flectatur
2025 1025 2129 1080 mi-

529 1120 1038 1191 sericordia,etego
1071 1119 1367 1177 obliviscar
1390 1121 1490 1175 tui.
1519 1121 1647 1176 Plus
1677 1120 1885 1191 aliquid
1904 1119 2082 1175 dicam
2113 1137 2127 1174 :

534 1214 639 1269 etsi
670 1213 766 1269 illa
815 1213 983 1269 oblita
1036 1214 1221 1280 fuerit,
1277 1212 1503 1269 vincens
1554 1215 1753 1269 mentis
1783 1213 1980 1269 duritia
2008 1215 2131 1283 jura

533 1315 776 1372 naturas;
800 1322 902 1378 ego
935 1317 1114 1362 tamen
1146 1321 1250 1361 non
1270 1305 1563 1362 obliviscar
1591 1316 1899 1363 creaturam
1925 1322 2128 1373 meam,

536 1409 591 1455 et
613 1399 938 1457 Sanctorum
965 1401 1178 1455 animas
1210 1414 1426 1470 semper
1451 1400 1502 1454 in
1520 1415 1643 1455 meo
1665 1398 1832 1455 corde
1864 1399 2130 1456 retinebo.

539 1491 689 1549 Scito
719 1492 864 1548 enim
890 1501 971 1558 ιιι,
1002 1492 1125 1563 qua:
1151 1500 1204 1547 te
1228 1493 1447 1562 penitus
1471 1492 1756 1548 arbitraris
1785 1492 2129 1558 derelictam,

536 1586 588 1641 in
615 1585 749 1641 meis
774 1584 1104 1655 descriptam
1135 1599 1258 1641 esse
1283 1585 1535 1640 manibus
1555 1596 1719 1655 atque
1740 1584 2048 1655 depictam;
2076 1595 2133 1641 et

533 1695 724 1735 muros
763 1688 883 1735 tuos
914 1694 1098 1735 coram
1147 1680 1326 1735 oculis
1378 1678 1514 1735 meis
1554 1679 1760 1750 jugiter
1782 1694 2127 1750 permanere.

2231 652 2432 708 sterilis
2451 660 2508 709 et
2528 652 2708 722 vidua,
2743 653 2959 708 deserta
2986 660 3149 723 atque
3179 652 3390 721 captiva
3419 652 3471 707 in
3501 653 3773 723 populolu-

2234 746 2495 811 dmorum,
2528 745 2670 800 filios
2701 744 2905 800 habere
2926 743 3220 809 desieram,
3250 742 3415 799 multo
3438 753 3657 813 tempore
3681 759 3779 802 non‘

2234 852 2576 909 pepereram.
2628 837 2756 892 Post
2808 837 3065 908 Aggaeum
3120 844 3176 891 et
3209 834 3519 890 Zachariam
3560 846 3609 892 et
3636 836 3773 892 Mala-

2235 932 2445 1000 chiam,
2498 930 2680 987 nullos
2710 931 2850 986 alios
2893 929 3199 1000 Prophetas
3253 944 3420 1001 usque
3457 929 3520 984 ad
3547 929 3770 986 Joannem

2235 1025 2533 1095 Baptistam
2561 1023 2841 1090 videram;
2883 1033 2939 1079 et
2966 1022 3242 1093 quomodo
3287 1037 3409 1092 qua:
3441 1020 3630 1078 fueram
3656 1022 3769 1089 sola,

2235 1128 2289 1174 et
2320 1118 2421 1172 viri
2470 1118 2674 1173 auxilio
2703 1115 2994 1185 destituta,
3061 1122 3243 1171 tantos
3286 1114 3423 1170 filios
3447 1114 3633 1171 habere
3656 1130 3771 1171 nune

2235 1209 2412 1283 cmpi?
2440 1211 2508 1268 Ut
2533 1218 2713 1268 autem
2741 1211 2981 1266 sciamus
3004 1224 3171 1280 super
3197 1216 3402 1279 petram
3430 1205 3774 1263 etfundamen-

2236 1315 2348 1362 tum
2387 1305 2595 1361 Christi
2621 1320 2690 1361 ex
2740 1318 2973 1375 utroque
3003 1303 3204 1374 populo
3260 1301 3511 1358 :edilicari
3552 1301 3687 1368 Sion,
3717 1300 3770 1356 ad

2236 1396 2523 1453 credentes
2570 1396 2769 1452 Paulus
2802 1396 3075 1467 loquitur:
3131 1392 3405 1463 .Edilicati
3439 1410 3585 1464 super
3611 1395 3770 1465 {unda-

2234 1499 2459 1545 mentum
2482 1489 2849 1559 Apostolorum
2888 1496 2936 1542 et
2966 1486 3346 1559 Prophetarum
3372 1487 3481 1559 ipso
3507 1502 3683 1541 summa
3703 1485 3772 1539 la-

2236 1584 2356 1655 pide
2375 1584 2640 1656 angulari,
2670 1584 2757 1655 qui
2788 1591 2863 1639 est
2890 1580 3044 1637 Jesus
3070 1580 3328 1637 Christus.
3375 1577 3580 1652 (Ephes.
3608 1594 3659 1641 ιι,
3679 1575 3772 1649 ιο.)

2239 1678 2317 1733 Ex
2365 1692 2475 1749 quo
2514 1676 2861 1749 perspicuum
2894 1684 2998 1744 est,
3047 1688 3214 1729 unum
3255 1687 3381 1729 esse
3417 1671 3777 1728 fundamentum

534 1773 612 1829 Ex
643 1789 751 1845 quo
772 1772 1039 1829 discimus
1059 1814 1074 1840 ,
1099 1788 1444 1845 nequaquam
1468 1770 1775 1828 Jerusalem
1808 1773 1860 1828 in
1884 1772 2135 1828 Palaesti-
2165 1760 2212 1819 Β
2241 1774 2628 1845 Apostolorum
2676 1781 2729 1828 et
2766 1769 3188 1843 Prophetarum,
3245 1767 3527 1823 Dominum
3571 1774 3777 1824 nostrum

528 1879 615 1920 na:
645 1864 866 1936 regione
894 1864 1266 1935 quaerendam,
1287 1879 1410 1935 quae
1430 1865 1596 1920 totius
1625 1865 1921 1934 provincia:
1950 1865 2134 1922 deter-

527 1956 664 2011 rima
697 1964 804 2021 est,
833 1964 891 2010 et
912 1956 1125 2011 saxosis
1157 1954 1265 2028 [ΑΙ.
1289 1954 1494 2027 saxeis]
1517 1957 1792 2012 montibus
1823 1968 2132 2028 asperatur,

526 2058 584 2105 et
615 2050 898 2117 penuriam
932 2051 1137 2118 patitur
1177 2047 1333 2114 sitis,
1386 2049 1460 2103 ita
1512 2059 1569 2104 ut
1599 2049 1920 2105 ctelestibus
1953 2059 2136 2107 utatur

529 2138 762 2209 pluviis,
797 2147 852 2195 et
873 2140 1156 2195 raritatem
1211 2139 1438 2195 fontium
1489 2140 1852 2197 cisternarum
1889 2150 2139 2198 exstruc-

530 2234 682 2289 tione
711 2232 954 2299 soletur;
984 2232 1080 2289 sed
1103 2234 1159 2288 in
1193 2232 1289 2288 Dei
1310 2234 1583 2300 manibus,
1617 2235 1683 2290 ad
1711 2251 1871 2307 quam
1904 2235 2135 2294 dicitur:

534 2323 931 2380 Festinauerunt
972 2335 1254 2381 structores
1299 2328 1395 2380 tui.
1421 2325 1548 2383 Sive
1583 2328 1739 2397 juxta
1783 2327 1971 2385 LXX:
2023 2327 2138 2385 Cito

527 2418 868 2488 azdiﬁcaberis
897 2435 930 2472 a
959 2418 1147 2490 quibus
1170 2419 1440 2474 destructa
1468 2423 1662 2493 fueras.
1696 2422 1743 2477 Α
1768 2423 1974 2478 Iudaeis
1993 2425 2137 2480 enim

530 2508 834 2575 destructa,
881 2526 911 2565 a
949 2510 1160 2566 Judaeis
1190 2511 1459 2568 aedificata
1504 2525 1607 2568 est.
1642 2514 1778 2583 Qua:
1822 2516 1894 2571 ob
1923 2516 2138 2587 culpam

530 2601 849 2658 Scribarum
884 2603 1403 2674 Pharismorumque
1432 2605 1676 2673 deserta,
1698 2608 1762 2662 ad
1794 2608 2141 2678 praedicatio-

532 2709 657 2750 nem
688 2694 1075 2764 Apostolorum
1113 2693 1314 2751 Christi
1345 2704 1680 2768 congregata
1710 2708 1793 2754 est
1818 2709 1926 2755 tam
1949 2701 2019 2757 de
2049 2701 2142 2758 ιιι-

534 2784 711 2852 dacis,
759 2802 923 2856 quam
966 2786 1035 2841 de
1063 2785 1345 2856 gentibus.
1394 2787 1691 2860 Sequitur:
1752 2790 1816 2845 Et
1863 2794 1951 2862 qui
1977 2802 2026 2849 te
2052 2793 2144 2850 de-

534 2887 833 2932 struxerant
861 2888 909 2932 et
940 2878 1337 2947 dissipaverunt,
1364 2882 1691 2954 egredientur
1736 2900 1799 2939 ea:
1827 2895 1874 2938 te
1909 2902 1923 2940 :
1957 2886 2145 2943 docto-

537 2986 628 3027 res
660 2970 919 3041 pessimi;
950 2979 1010 3026 ut
1049 2986 1392 3043 necpraquam
1445 2975 1701 3030 mandata
1734 2986 1789 3033 et
1822 2977 2143 3035 traditiones

536 3063 788 3135 sequaris
821 3063 1102 3119 hominum
1127 3062 1346 3135 (Matth.
1372 3065 1484 3136 xv),
1513 3067 1606 3123 sed
1636 3068 1811 3140 legem
1846 3069 1961 3126 Dei.
1998 3071 2141 3127 Dici.

2237 1867 2424 1922 Jcsum
2457 1865 2758 1921 Christum.

2310 1959 2492 2032 (Vers.
2544 1958 2637 2028 2'3,
2669 1958 2791 2026 25.)
2836 1954 2969 2012 Htec
2999 1956 3132 2011 dicit
3185 1954 3441 2010 Dominus
3471 1952 3630 2009 Deus:
3671 1950 3778 2006 Ecce

2238 2054 2346 2108 levo
2376 2052 2559 2127 [ναις.
2595 2050 2793 2124 levabo]
2849 2049 2919 2106 ad
2949 2060 3126 2125 gentes
3175 2066 3389 2105 manum
3438 2063 3620 2112 meum,
3663 2054 3704 2100 et
3724 2043 3779 2098 ad

2240 2147 2461 2218 papulas
2488 2142 2732 2201 excitabo
2758 2143 2965 2215 signum
2992 2158 3201 2196 meum:
3232 2150 3283 2195 et
3314 2139 3523 2209 afferent
3547 2139 3668 2210 ﬁlios
3690 2148 3778 2191 tuos

2240 2239 2295 2293 in
2335 2237 2503 2305 ulnis,
2559 2246 2607 2290 et
2632 2236 2773 2305 ﬁlias
2818 2243 2937 2290 tuas
2985 2250 3139 2307 super
3164 2233 3409 2289 humeros
3438 2229 3699 2303 portabunt.
3726 2226 3779 2281 lit

2240 2339 2391 2385 erunt
2421 2344 2568 2402 reges
2599 2328 2810 2383 nutricii
2832 2328 2940 2396 tui,
2971 2336 3021 2381 et
3051 2326 3244 2398 regina:
3274 2325 3492 2381 nutrices
3518 2332 3625 2378 tute.
3657 2319 3784 2376 Vultu

2240 2425 2296 2479 in
2336 2434 2528 2479 terram
2576 2422 2797 2477 demisso
2822 2418 3118 2475 adorabunt
3164 2428 3233 2485 te,
3279 2426 3329 2473 et
3358 2417 3594 2491 pulverem
3627 2411 3785 2485 pedum

2244 2526 2453 2570 tuorum
2482 2506 2715 2588 lingent:
2740 2521 2787 2566 et
2811 2513 2938 2567 scies
2963 2512 3088 2584 quia
3111 2527 3203 2582 ego
3224 2508 3388 2582 572
3408 2507 3641 2563 Dominus.
3657 2518 3787 2575 super

2240 2622 2345 2678 quo
2369 2622 2471 2660 non
2502 2603 2892 2674 confundentur
2914 2603 3004 2675 qui
3035 2610 3341 2675 exspectant
3368 2618 3497 2655 eum.
3524 2596 3648 2655 LXX
3672 2618 3684 2650 :
3713 2593 3788 2651 Sic

2244 2696 2379 2753 dixit
2414 2695 2670 2753 Dominus
2721 2694 2866 2750 Deus
2891 2711 2909 2749 :
2943 2692 3081 2748 Ecce
3108 2692 3250 2747 elevo
3279 2708 3434 2765 super
3447 2701 3602 2765 gentes
3622 2702 3791 2742 nionem

2242 2805 2433 2855 meam,
2465 2801 2513 2844 et
2540 2805 2697 2859 super
2717 2786 2921 2843 insulas
2944 2786 3125 2842 levabo
3153 2788 3364 2859 signum
3384 2802 3560 2855 meum,
3583 2794 3626 2836 et
3650 2779 3790 2835 addu-

2244 2892 2360 2938 cent
2388 2884 2527 2952 ﬁlios
2550 2892 2664 2938 tuos
2686 2884 2742 2936 in
2761 2883 2880 2936 sinu
2898 2922 2913 2947 ,
2942 2891 2992 2937 et
3023 2882 3164 2952 ﬁlias
3197 2890 3319 2936 tuas
3340 2881 3395 2936 in
3423 2878 3633 2934 humeris
3651 2882 3794 2949 porta-

2247 2977 2392 3031 bunt.
2426 2975 2492 3030 Et
2522 2984 2671 3029 erunt
2696 2990 2843 3045 reges
2872 2973 3086 3028 nutricii
3110 2973 3187 3026 tui
3208 2988 3228 3027 :
3280 2982 3327 3028 et
3355 2971 3596 3045 principes
3623 2968 3793 3041 femina

2249 3068 2481 3122 nutrices
2501 3076 2607 3121 tua:
2631 3082 2649 3121 :
2676 3082 2835 3136 super
2858 3067 3045 3137 faciem
3070 3073 3223 3120 terra
3246 3064 3537 3119 adorabunt
3556 3072 3618 3128 te,
3642 3068 3683 3116 et
3701 3057 3793 3129 pul-

533 3170 735 3230 turque
766 3158 834 3213 ad
867 3172 1007 3227 eam,
1044 3169 1105 3213 ιιι
1127 3159 1307 3216 elevet
1336 3161 1529 3216 oculos
1559 3137 1773 3235 suos‘in
1808 3164 2064 3234 circuitu,
2088 3177 2143 3223 et
2169 3137 2214 3199 (ἶ
2248 3177 2414 3217 verem
2437 3161 2632 3233 pedum
2659 3168 2864 3214 tuorum
2894 3158 3092 3230 lingent
3118 3175 3137 3225 ;
3166 3169 3218 3214 et
3245 3160 3380 3215 scies
3405 3158 3520 3231 quia
3543 3172 3625 3231 ego
3647 3152 3793 3210 Domi-

534 3248 718 3304 videat
742 3248 885 3305 lilios
914 3251 1003 3321 qui
1032 3249 1085 3307 ei
1130 3250 1346 3307 fuerant
1382 3255 1722 3324 congregati.
1763 3255 1838 3311 De
1862 3258 2060 3327 quibus
2087 3267 2144 3314 et

540 3342 802 3398 Dominus
826 3343 1190 3414 loquebatur:
1235 3343 1424 3399 Levate
1451 3346 1631 3400 oculos
1661 3357 1875 3412 vestros,
1909 3363 1955 3403 et
1976 3351 2159 3411 videte,

533 3434 661 3505 quia
678 3438 798 3507 jam
846 3436 978 3489 albas
1006 3446 1126 3489 sunt
1180 3444 1376 3508 segetes
1401 3438 1471 3490 ad
1498 3439 1793 3492 metendum
1848 3438 2027 3511 (loan.
2062 3457 2140 3511 tv,

536 3524 652 3597 55).
683 3528 752 3582 Et
771 3540 831 3582 ut
861 3543 1087 3583 securos
1120 3541 1221 3583 nos
1251 3529 1454 3583 faciat:
1521 3528 1647 3584 Vivo
1679 3547 1792 3604 ego,
1826 3533 2004 3603 inquit
2033 3533 2141 3589 Do-

538 3619 718 3673 minus
747 3619 913 3690 (quod
938 3621 1093 3689 juxta
1121 3619 1728 3691 vetusTestamentum,
1754 3623 2145 3696 571jurandi

537 3707 738 3765 dicitur
767 3709 1213 3782 consuetudine),
1268 3711 1390 3780 quia
1417 3712 1656 3766 omnibus
1687 3713 1767 3767 his
1815 3716 1950 3769 velut
1983 3732 2144 3771 orna-

540 3813 712 3857 mento
738 3804 990 3875 vestieris,
1024 3815 1073 3859 et
1102 3805 1444 3860 circumdabis
1475 3807 1566 3862 tibi
1596 3823 1683 3863 eos
1708 3854 1722 3878 ,
1781 3813 1933 3879 quasi
1955 3828 2145 3885 sponsa

534 3894 823 3949 circumdat
847 3896 1039 3951 monile
1067 3896 1187 3951 sibi.
1216 3894 1374 3951 Felix
1407 3898 1499 3968 qui
1528 3899 1664 3955 tanti
1694 3902 1874 3957 meriti
1904 3914 2008 3973 est,
2029 3916 2147 3961 tan-

541 3997 719 4060 tuaque
766 3990 1014 4062 virtutis,
1066 4001 1129 4047 ut
1172 4002 1556 4049 ornamentum
1614 3996 1827 4052 dicatur
1859 3997 2141 4057 Ecclesia).

538 4082 677 4139 Puto
707 4094 889 4141 autem
926 4087 1025 4142 has
1057 4086 1305 4144 diversas
1333 4089 1631 4159 significari
1652 4092 1858 4162 gratias
1887 4093 2146 4164 spiritua-

540 4174 623 4230 les
645 4220 659 4243 ,
688 4192 785 4246 per
805 4194 942 4248 quas
969 4194 1187 4248 sponsae
1215 4188 1444 4236 ornatur
1484 4182 1731 4238 ambitio.
1768 4185 1842 4240 De
1870 4201 1978 4255 qua
2006 4195 2064 4242 et
2089 4187 2144 4242 in

538 4269 958 4340 quadragesimo
988 4284 1185 4343 quarto
1224 4275 1436 4343 psnlmo
1465 4277 1710 4332 canitur:
1755 4278 1934 4334 Astitit
1961 4282 2147 4353 regina

541 4379 574 4417 ιι
601 4364 798 4420 dextris
821 4368 921 4420 tuis
948 4367 1003 4421 in
1028 4368 1213 4421 uestitu
1238 4369 1516 4439 deaurato,
1546 4371 1871 4441 circumdata
1902 4375 2148 4430 varietate

466 4487 469 4490 ‹
540 4454 660 4528 (Ps.
695 4472 844 4526 xuv,
874 4457 942 4513 10
961 4457 1004 4531 ).
1032 4456 1197 4527 Quae"
1222 4460 1368 4516 enim
1396 4462 1544 4531 prius
1571 4461 1789 4519 deserta
1820 4465 2057 4535 fuerant,
2088 4478 2143 4522 et

540 4548 749 4620 dilapsa
785 4551 837 4605 in
874 4550 1200 4608 solitudines
1230 4560 1287 4608 et
1330 4553 1542 4624 ruinas,
1591 4554 1917 4613 adveniente
1942 4557 2146 4614 Christi

541 4639 869 4713 Evangelio,
931 4642 1382 4700 iustaurabuntur
1449 4653 1508 4703 et
1589 4656 1793 4703 tantam
1866 4649 2149 4707 habebunt

542 4733 909 4791 habitatorum
974 4737 1422 4806 multitudinem,
1494 4747 1553 4794 ut
1608 4754 1704 4794 cos
1766 4755 1966 4812 capere
2032 4757 2141 4799 non

542 4827 770 4896 possint.
828 4827 903 4883 lta
952 4830 1275 4899 dumtaxat,
1348 4838 1407 4886 ut
1456 4840 1836 4901 persecutores
1889 4834 2145 4904 fugentur

542 4919 756 4988 procul,
812 4920 895 4975 vel
931 4922 984 4976 hi
1023 4922 1092 4978 de
1145 4924 1341 4992 quibus
1370 4939 1534 4995 supra
1578 4925 1846 4982 disimus:
1903 4927 2006 4996 Qui
2054 4930 2146 4986 de-

541 5010 807 5065 struebant
836 5024 905 5081 te,
936 5022 985 5067 et
1005 5015 1344 5086 dissipabunt,
1374 5018 1586 5073 exibunt
1613 5037 1645 5071 a
1665 5028 1733 5074 te.
1769 5020 2003 5091 Filiique
2033 5029 2146 5078 ste-

542 5102 767 5159 rilitatis
816 5113 922 5159 tua:
971 5120 1111 5177 quos
1138 5110 1370 5178 putabas
1403 5120 1454 5164 te
1486 5111 1702 5181 penitus
1734 5112 2056 5182 perdidisse.
2090 5127 2146 5170 et

541 5195 650 5250 illis
681 5193 789 5269 [Αι.
821 5196 893 5251 ab
924 5196 1056 5268 illis]
1089 5209 1143 5254 te
1173 5214 1296 5255 esse
1324 5201 1621 5272 viduatam,
1650 5204 1822 5260 dicent
1844 5206 1898 5259 in
1929 5207 2143 5262 auribus

546 5290 648 5344 tuis
677 5305 696 5344 :
724 5289 989 5364 Angustus
1017 5293 1148 5348 mihi
1184 5303 1263 5350 est
1299 5294 1445 5350 locus
1472 5297 1526 5352 in
1557 5302 1870 5372 synagogis,
1904 5304 1988 5369 [ac
2016 5303 2145 5358 mihi

543 5385 771 5456 spatium
786 5385 845 5439 in
873 5386 1155 5457 Eeclesiis,
1175 5397 1230 5442 ut
1244 5386 1467 5444 habitem
1494 5390 1677 5457 latius,
1699 5404 1753 5448 ut
1774 5408 1881 5449 non
1900 5395 2144 5466 eornpriv

544 5492 662 5533 mar
713 5479 1070 5552 blasphemiis
1118 5482 1472 5554 Judreorum,
1526 5496 1586 5542 ut
1620 5495 1789 5543 totum
1829 5488 2018 5545 orbem
2049 5497 2141 5545 tua

538 5614 670 5681 41⁸5,
695 5616 912 5685 expleto
937 5620 1048 5688 jam
1069 5620 1122 5676 in
1150 5620 1493 5677 Ezechielem
1525 5621 1938 5681 Commentario
1965 5626 2138 5681 hocce

542 5699 682 5766 opus
708 5702 864 5766 suum
907 5690 1219 5766 rgegerat._
1244 5692 1415 5766 Quod-
1437 5694 1481 5748 si
1525 5697 1707 5766 mi‘nus
1732 5697 2014 5766 probetur,
2036 5711 2136 5766 ,ιφ-

534 5754 905 5821 scribendum,
933 5754 1174 5815 Ese'chiel
1203 5754 1463 5818 ini'ultima
1491 5756 1637 5835 parte
1665 5754 1956 5841 deieripsit.
1986 5754 2141 5824 Nunc.

2246 3272 2367 3325 nus,
2414 3263 2460 3308 et
2493 3271 2595 3309 non
2647 3252 3032 3324 confundentur
3057 3253 3145 3324 qui
3190 3263 3490 3325 exspectant
3513 3267 3604 3305 me.
3655 3246 3719 3303 Ad
3752 3242 3794 3300 id

2245 3346 2391 3418 quod
2421 3345 2662 3403 Ecclesia
2693 3345 2933 3401 dixerat:
2968 3343 3084 3418 Ego
3105 3345 3301 3400 sterilis
3330 3356 3477 3417 atque
3507 3342 3707 3415 captiva,
3736 3338 3793 3391 is-

2246 3451 2325 3494 tos
2353 3440 2470 3511 quis
2494 3440 2669 3513 genuit
2696 3438 2865 3493 mihi?
2887 3437 2998 3511 Ego
3028 3438 3279 3492 destituta
3307 3447 3355 3493 et
3380 3438 3520 3505 sola,
3550 3445 3593 3491 ct
3622 3431 3695 3488 isti
3718 3427 3789 3483 tibi

2247 3532 2332 3587 hic
2361 3533 2549 3587 erant?
2581 3530 2866 3601 respondit
2895 3530 3188 3586 Dominus:
3223 3530 3439 3586 Miraris
3466 3544 3559 3585 cur
3587 3527 3673 3581 ista
3699 3521 3789 3577 sint

2248 3624 2425 3680 facta?
2449 3623 2800 3695 Nequaquam
2834 3623 3124 3679 miraberis
3153 3638 3279 3680 cum
3306 3621 3559 3688 audieris,
3586 3616 3691 3690 quia
3710 3625 3790 3683 ego

2246 3716 2314 3772 ad
2343 3725 2534 3788 gentes
2567 3716 2864 3772 levaverim
2894 3731 3114 3771 manum
3141 3731 3345 3773 meam.
3373 3716 3449 3772 De
3474 3728 3571 3787 qua
3591 3723 3639 3767 et
3657 3709 3792 3766 Sanc-

2248 3817 2335 3864 tus
2380 3809 2658 3879 loquitur:
2702 3808 2780 3864 Tu
2810 3810 3055 3881 formasti
3100 3826 3201 3874 me,
3254 3821 3301 3866 et
3333 3809 3544 3879 posuisti
3583 3815 3792 3877 superine

2247 3919 2460 3957 manum
2501 3911 2644 3957 tuam
2699 3901 2816 3974 (Ps.
2847 3918 3107 3970 cxxxvm,
3137 3900 3220 3974 4).
3280 3903 3348 3959 Ει
3405 3902 3517 3973 ipse
3556 3898 3787 3955 Salvator:

2249 3993 2422 4051 Nemo
2451 4005 2617 4067 potest
2643 4011 2825 4067 rapere
2854 3995 2920 4049 de
2973 4011 3131 4049 manu
3180 3994 3360 4051 Patris
3406 3994 3502 4049 mei
3544 3989 3701 4065 (locu.
3733 3999 3786 4047 ιν

2247 4087 2385 4158 29).
2444 4087 2515 4143 Ει
2570 4088 2869 4159 Apostolus
2909 4088 3137 4144 Petrus:
3202 4087 3564 4143 Humiliamini
3608 4084 3688 4139 sub
3722 4092 3792 4145 Ρο-
3894 4114 3895 4163 ι

2248 4183 2371 4237 tenti
2416 4197 2572 4236 manu
2604 4179 2724 4249 Dei,
2758 4190 2814 4235 ut
2847 4197 2937 4236 σοι
2978 4181 3170 4235 exultet
3218 4182 3275 4235 in
3330 4191 3549 4248 tempore
3583 4168 3789 4230 uisitatio-

2250 4277 2329 4331 nis
2383 4274 2430 4344 (Ι
2459 4274 2605 4330 Petr.
2633 4291 2687 4343 ν,
2731 4275 2828 4347 6).
2875 4273 2984 4331 Ista
3044 4288 3238 4330 manus
3291 4273 3358 4329 ad
3412 4282 3592 4343 gentes
3622 4268 3787 4323 levata.

2249 4371 2366 4439 ipsa
2420 4376 2509 4423 est
2547 4368 2616 4425 de
2657 4383 2764 4439 qua
2821 4368 2911 4422 hic
2993 4365 3135 4423 idem
3221 4365 3492 4437 Propheta
3554 4355 3787 4428 loquitur:

2256 4460 2370 4516 Erit
2392 4460 2549 4515 radix
2574 4458 2747 4525 Iesse,
2768 4459 2859 4530 qui
2878 4469 3141 4530 exsurget,
3160 4468 3218 4512 ut
3241 4461 3479 4530 princeps
3499 4455 3560 4510 sit
3576 4447 3791 4521 gentium:

2253 4555 2307 4608 in
2332 4558 2505 4623 ipsum
2547 4561 2721 4624 gentes
2763 4550 3045 4622 sperabunt
3091 4551 3229 4623 (lsa.
3258 4568 3334 4616 xt,
3387 4548 3496 4621 Ill).
3526 4545 3625 4603 Nec
3649 4539 3789 4596 solum

2255 4661 2472 4703 manum
2519 4659 2672 4698 suam
2726 4643 2929 4700 levabit
2975 4645 3044 4701 ad
3088 4653 3318 4715 gentes;
3380 4643 3474 4700 sed
3522 4647 3574 4696 et
3615 4634 3789 4704 signum

2245 4754 2402 4796 suum
2433 4736 2695 4792 exaltabit
2716 4735 2770 4792 in
2795 4737 3036 4808 populis.
3086 4737 3234 4793 Haud
3265 4737 3485 4793 dubium
3515 4731 3630 4800 quin
3646 4718 3787 4781 resil-

2250 4832 2361 4887 lum
2388 4829 2569 4886 crucis
2592 4871 2607 4895 ,
2666 4839 2725 4884 ut
2752 4828 3044 4900 impleatur
3071 4830 3203 4886 illud
3241 4830 3387 4901 quod
3426 4826 3663 4896 scripturn
3687 4821 3789 4873 est:

2251 4924 2520 4981 Laudibus
2557 4925 2671 4996 ejus
2715 4923 2871 4996 plena
2898 4935 2974 4979 est
3004 4934 3162 4980 terra.
3225 4926 3290 4980 Et
3319 4926 3548 4980 iterum:
3586 4915 3647 4971 In
3680 4903 3794 4965 omni

2252 5030 2389 5075 terra
2411 5019 2726 5073 admirabile
2755 5035 2939 5074 nomen
2975 5022 3092 5093 ejus
3137 5020 3254 5093 (Ps.
3281 5034 3398 5086 vm,
3425 5018 3496 5090 1).
3529 5013 3664 5068 Tunc
3683 5001 3791 5059 atie-
3894 5016 3895 5021 ‘

2252 5120 2376 5168 rent
2406 5111 2459 5166 iu
2502 5111 2667 5176 trinis,
2717 5112 2836 5167 sive
2866 5111 2920 5165 in
2949 5110 3074 5165 sinu
3106 5111 3241 5167 lilios
3266 5111 3421 5175 Sion,
3470 5115 3523 5163 et
3550 5102 3673 5157 tilias
3695 5094 3788 5163 eius

2251 5204 2546 5277 portabunt
2568 5205 2620 5259 in
2640 5204 2902 5260 humeris.
2920 5203 3110 5271 Qualis
3138 5204 3235 5258 fuit
3253 5213 3309 5260 et
3339 5204 3583 5261 Lazarus,
3606 5199 3788 5249 omnes-

2249 5316 2355 5371 que
2383 5301 2557 5355 sancti
2583 5299 2673 5370 qui
2694 5300 3042 5368 requieseunt
3067 5299 3120 5354 in
3142 5299 3265 5353 sinu
3282 5290 3657 5361 Abrahre(Luc.
3675 5278 3782 5349 va).

2245 5403 2303 5450 et
2349 5393 2549 5448 anima:
2600 5392 2977 5457 credentium,
3020 5390 3089 5446 ad
3118 5404 3253 5461 quas
3292 5387 3487 5446 Paulus
3536 5371 3785 5453 Apostolus

2248 5485 2607 5558 loquebatur:
2636 5484 2794 5540 Lacte
2822 5501 2911 5540 vos
2929 5485 3107 5547 potavi
3129 5483 3172 5556 (Ι
3202 5482 3322 5541 Car.
3352 5497 3431 5549 ιιι,
3454 5478 3533 5549 2).
3572 5474 3632 5530 Et
3653 5463 3783 5525 alibi:

2247 5624 2552 5680 restitutam
2574 5638 2606 5679 a
2634 5621 2882 5679 Martian.
2934 5620 3224 5677 lectionem
3256 5632 3387 5674 mss.
3420 5624 3624 5687 quoque
3646 5595 3784 5661 ποθίτί

2248 5694 2595 5762 confirmant,
2619 5703 2673 5750 et
2699 5708 2892 5750 sensus
2923 5693 3261 5750 rectissimus
3285 5687 3499 5761 probat.
