3932 6352
122 371 235 431 378

706 373 1356 436 COMMENTARIORUM
1396 376 1466 436 IN
1506 379 1748 439 ISAIAM
1787 380 2208 442 PROPIIE'I'AM
2249 386 2381 444 LIB.
2423 387 2561 445 XIII.
2603 387 2765 447 CAP.
2801 387 2866 445 L.

3338 393 3447 450 474

68 550 87 571 λ
126 489 321 548 Filioli
348 492 449 547 mei
477 508 606 563 quos
631 493 813 549 iterum
860 494 1116 565 parturio,
1169 495 1333 550 donec
1358 494 1597 554 Christus
1622 499 1732 571 [οι--
1761 502 1809 564 Α
1838 518 1978 557 meos
2020 520 2219 572 eruam,
2264 515 2311 561 et
2350 507 2616 561 comedent
2641 509 2730 578 qui
2758 506 3130 565 tribulattcrunt
3159 520 3227 577 te,
3257 526 3444 567 carnes

121 595 298 641 metur
324 587 380 641 in
413 587 550 641 vobis
577 585 779 658 (Galat.
824 585 1033 658 Iv,19).
1074 586 1144 643 Et
1167 587 1220 643 in
1252 588 1360 645 alio
1381 589 1541 646 loco:
1569 593 1732 658 Quasi

120 681 311 735 nutrix
337 683 506 752 foveat
530 680 670 750 ﬁlios
691 697 812 736 suos
835 698 853 736 :
879 682 955 736 sic
975 681 1331 739 desiderantes
1352 700 1461 750 vos,
1493 688 1731 758 cupimus

119 771 396 847 impartire
410 771 548 826 vobis
562 788 664 826 non
677 773 844 827 solum
862 771 1206 845 Euangelium
1219 774 1432 843 Christi,
1448 775 1539 831 sed
1550 787 1597 831 et
1608 778 1725 830 ani-

120 878 234 916 mas
246 872 452 920 nostras
480 864 525 933 (I
544 863 727 920 Thess.
752 881 812 930 n,
830 865 907 937 8).
926 866 1179 937 Alioquin
1204 866 1492 923 ridiculum
1514 876 1597 923 est
1619 883 1729 924 mo-

122 970 184 1011 re
207 954 443 1012 Iudaico
463 958 789 1028 grandaevos
806 957 950 1014 filios
977 968 1034 1015 et
1057 960 1198 1015 filias
1225 961 1276 1016 in
1295 960 1437 1017 ulnis
1458 960 1729 1017 humeris-

119 1063 228 1119 que
260 1050 487 1120 portari.
512 1049 695 1121 Reges
717 1062 898 1107 autem
922 1052 1142 1107 nutricii
1161 1098 1176 1123 ,
1218 1064 1272 1109 et
1292 1053 1494 1123 reginae
1526 1053 1727 1125 princi-

118 1155 330 1212 pesque
359 1142 620 1211 nutriees,
656 1144 948 1200 manifeste
971 1145 1268 1215 Apostolos
1291 1157 1347 1201 et
1376 1145 1726 1216 Apostulicos

116 1234 417 1289 ostendunt
446 1235 635 1290 viros:
669 1235 850 1308 qualis
896 1236 999 1292 fuit
1028 1245 1085 1292 et
1110 1237 1411 1305 Abraham,
1464 1238 1534 1293 ad
1559 1254 1721 1309 quem

115 1327 352 1383 dicitur:
378 1325 492 1383 Rea:
520 1345 551 1382 a
581 1328 690 1384 Deo
718 1338 743 1366 ιι
773 1340 827 1384 ιιι
854 1330 909 1384 in
933 1330 1077 1384 nobis
1097 1348 1151 1385 es
1180 1326 1335 1401 (Gen.
1364 1347 1517 1401 χχιιι,
1548 1330 1637 1402 6);
1669 1343 1724 1388 et

114 1434 353 1491 quorum
380 1435 476 1476 cor
517 1422 571 1476 in
596 1436 759 1476 manu
792 1421 882 1478 Dei
908 1421 1197 1493 est(Prov.
1237 1420 1390 1494 XXI):
1415 1423 1504 1493 qui
1534 1421 1723 1478 dicunt

113 1515 473 1571 credentibus
501 1533 514 1571 :
537 1515 701 1583 Quasi
724 1518 877 1572 modo
904 1520 1013 1573 nati
1034 1520 1262 1590 parvuli,
1294 1519 1653 1586 rationabiles,
1676 1529 1722 1573 et

113 1606 309 1679 absque
330 1607 454 1663 dolo
477 1609 559 1663 lac
575 1610 863 1665 desiderate
880 1610 922 1683 (l
948 1610 1093 1666 Petr.
1120 1628 1177 1681 ιι,
1196 1610 1279 1684 9).
1304 1612 1568 1684 Princeps
1589 1628 1724 1684 quo-

108 1716 245 1773 que,
276 1702 329 1757 id
353 1713 457 1771 est,
479 1700 752 1782 ἄρχουσα,
776 1704 923 1775 quod
948 1704 1100 1761 Sara:
1125 1720 1323 1762 nomen
1345 1706 1506 1779 573
1524 1717 1714 1762 sonat:

110 1804 170 1851 et
222 1797 450 1868 reginas,
502 1798 618 1854 sive
676 1798 885 1871 regina,
938 1801 1007 1856 de
1056 1817 1162 1871 qua
1194 1802 1246 1857 in
1288 1802 1716 1873 quadragesimo

1832 611 1977 657 suas.
2018 606 2069 651 et
2098 586 2268 651 bibent
2309 600 2461 669 quasi
2499 599 2676 654 vinum
2706 617 2893 656 novum
2916 604 3225 674 sanguinem
3252 619 3401 658 suum
3421 644 3439 672 ,

1833 698 1881 743 et
1907 689 2299 745 inebriabuntur
2337 708 2355 746 :
2394 701 2443 747 et
2476 694 2600 748 sciet
2631 698 2799 749 omnis
2827 711 2950 751 caro
2978 697 3102 765 quia
3132 714 3226 769 ego
3256 694 3444 752 Domi-

1833 799 1931 837 nus
1973 784 2063 854 qui
2106 784 2216 838 erui
2260 795 2330 852 te,
2373 782 2400 822 ἀ
2445 795 2491 840 et
2522 787 2847 860 adjutorium
2888 791 3212 859 fortitudinis
3248 788 3438 845 Iacob.

1833 872 1997 947 574
2038 874 2298 930 Dominus
2331 886 2523 932 noster
2551 885 2714 949 atque
2744 879 3015 948 Salvator,
3048 883 3138 952 qui
3174 884 3326 953 prius
3355 883 3439 939 ιο.

1830 978 1989 1023 cutus
2038 966 2214 1024 fuerat
2252 984 2351 1040 per
2375 970 2594 1036 Isaiam,
2625 970 2742 1039 ipse
2773 973 2828 1029 io
2861 972 3157 1044 Evangelia
3184 975 3436 1032 eumdem

1831 1075 2051 1116 sensum
2094 1063 2298 1133 repetit
2344 1080 2356 1117 :
2399 1065 2672 1135 quomodo
2702 1074 2883 1136 potest
2912 1066 3110 1138 aliquis
3142 1068 3349 1126 intrare
3381 1071 3437 1126 in

1830 1153 2049 1209 domum
2095 1154 2271 1221 fortis,
2314 1166 2370 1212 et
2410 1172 2539 1213 vasa
2582 1158 2704 1229 ejus
2743 1158 3005 1230 diripere,
3053 1160 3160 1215 nisi
3193 1162 3433 1231 primum

1830 1245 2077 1318 ligaverit
2101 1247 2320 1317 fortem,
2344 1263 2399 1304 et
2424 1257 2552 1305 tunc
2584 1250 2805 1306 domum
2834 1251 2956 1321 ejus
2979 1251 3200 1321 diripiet
3224 1251 3428 1323 (Marc.

1827 1338 1947 1411 Ill)?
1979 1338 2159 1396 Fortis
2189 1350 2245 1396 et
2272 1343 2443 1412 gigas,
2478 1341 2729 1398 diabolus
2759 1350 2861 1410 est,
2894 1341 2987 1413 qui
3016 1357 3213 1398 omnes
3240 1353 3435 1413 gentes

1828 1447 1930 1486 suo
1970 1433 2278 1505 snbjngarat
2328 1435 2592 1506 imperio,
2635 1436 2845 1493 audens
2888 1435 3072 1493 dicere
3109 1436 3381 1493 Salvatori
3415 1455 3430 1491 :

1828 1521 1958 1578 Htec
1996 1526 2167 1579 omnia
2208 1527 2334 1581 mihi
2361 1529 2554 1583 tradita
2581 1537 2722 1596 sunt,
2756 1537 2804 1584 et
2836 1529 2972 1584 dabo
3001 1528 3094 1584 tibi
3122 1544 3205 1597 ea,
3238 1530 3282 1584 si
3309 1546 3432 1600 pro-

1826 1616 2003 1671 cidens
2030 1617 2326 1673 adoraveris
2356 1636 2435 1673 me
2464 1618 2676 1689 (Matth.
2708 1636 2783 1688 ιν,
2818 1620 2899 1692 9).
2931 1619 3159 1677 Mundus
3194 1623 3340 1678 enim
3374 1622 3429 1678 in

1825 1708 2061 1780 maligno
2083 1710 2292 1780 positus
2305 1720 2389 1767 est
2414 1711 2456 1785 (Ι
2478 1710 2637 1770 Ιοαη.
2664 1715 2740 1784 v),
2769 1729 2929 1785 quem
2954 1714 3140 1771 nullus
3151 1715 3427 1786 justorum

1824 1799 2044 1855 vincere
2099 1803 2273 1870 potuit
2314 1821 2326 1857 :
2372 1818 2471 1859 nec
2513 1803 2668 1874 juxta
2723 1807 2923 1873 Amos,
2955 1806 3194 1876 praedam
3228 1807 3299 1863 de
3328 1821 3427 1863 ore

108 1897 309 1958 quarto
336 1890 549 1961 psalmo
574 1892 791 1948 canitur
817 1911 830 1948 :
855 1893 1031 1948 Astitit
1055 1894 1235 1964 regina
1259 1913 1289 1949 a
1313 1895 1509 1950 dextris
1536 1897 1638 1950 tuis
1661 1897 1715 1951 in
1746 1908 1794 1968 Β
1824 1892 1999 1947 leonis
2056 1893 2272 1949 auferre
2322 1892 2342 1964 (
2360 1898 2535 1950 Amos.
2584 1912 2642 1951 ut
2663 1895 2705 1969 ).
2749 1897 3037 1969 Proposita
3081 1899 3245 1970 igitur
3271 1914 3428 1971 quae-

106 1982 300 2037 restitu
330 1982 606 2051 deaurato,
635 1985 882 2056 quotidie
908 1985 1113 2043 Christi
1147 1988 1318 2043 nutrit
1350 1989 1627 2058 parvulos,
1659 2000 1713 2045 et

107 2072 178 2128 ad
213 2074 513 2144 perfectam
547 2077 700 2134 ducit
732 2087 988 2135 aetatem:
1020 2081 1306 2151 omnisque
1336 2088 1490 2150 artas,
1514 2097 1712 2150 sexus,

106 2177 167 2224 et
192 2168 457 2241 dignitas,
492 2168 522 2209 δ
565 2170 878 2228 adorabunt
925 2172 1055 2229 Sion
1087 2184 1309 2245 propter
1337 2190 1459 2230 enm
1492 2176 1582 2246 qui
1616 2175 1715 2230 ha-

103 2262 247 2319 bitat
300 2265 353 2319 in
387 2280 472 2321 ea.
513 2264 569 2323 Si
599 2267 747 2321 enim
776 2277 941 2338 caput
994 2268 1257 2324 Ecclesiae
1307 2266 1560 2324 Christus
1594 2278 1708 2337 est,

101 2365 274 2427 caput
290 2356 555 2414 aduratur
579 2360 634 2415 in
658 2375 911 2430 corpore.
941 2361 1007 2416 Et
1033 2362 1077 2416 si
1105 2361 1171 2416 ad
1190 2362 1453 2433 quosdam
1477 2361 1710 2418 dicitur:

104 2448 362 2506 Exaltate
391 2451 670 2507 Dominum
711 2453 877 2509 Deum
902 2465 1155 2520 nostrum,
1201 2467 1248 2511 et
1272 2456 1489 2512 adorate
1511 2457 1710 2511 scabcl~

103 2545 218 2600 lum
243 2546 437 2618 pedum
466 2550 584 2615 eius
611 2547 742 2620 (non
775 2563 884 2618 quo
908 2549 1210 2605 scabellnm
1239 2549 1575 2605 adorandum
1602 2551 1669 2604 sit
1693 2566 1708 2617 ;

100 2638 204 2695 sed
248 2655 359 2711 quo
408 2642 668 2710 maiestas
698 2641 895 2711 pedum
929 2642 1074 2696 illius
1110 2640 1424 2714 indicetur).
1459 2658 1560 2699 cur
1599 2656 1708 2698 non

99 2730 371 2787 adoretur
395 2732 640 2788 Ecclesia
671 2749 791 2804 qua:
820 2742 990 2789 totum
1015 2732 1215 2788 Christi
1245 2749 1445 2804 corpus
1465 2734 1711 2805 amplec—

99 2827 262 2895 titur,
296 2833 352 2879 ut
377 2826 665 2896 impleatur
695 2827 822 2882 illud
846 2827 994 2898 quod
1026 2828 1284 2897 scriptum
1306 2836 1390 2883 est
1420 2828 1472 2884 in
1497 2828 1711 2898 Sopho-

98 2917 226 2973 nia:
260 2918 563 2973 Adorabunt
593 2934 709 2974 eum
744 2930 767 2959 ο
800 2920 993 2991 singuli
1045 2920 1247 2975 deloco
1270 2936 1289 2974 :
1321 2936 1496 2975 omnes
1524 2921 1711 2975 insula:

94 3014 339 3085 gentium
365 3012 627 3085 (Sophon.
659 3030 719 3082 ιι,
748 3015 935 3083 Η),ιιι
967 3029 1305 3086 nequaquam
1322 3014 1709 3069 moreiudaico

99 3107 283 3162 tribus
314 3121 413 3177 per
436 3121 639 3162 annum
673 3106 880 3162 vicibus
908 3109 1130 3163 veniant
1152 3107 1205 3161 in
1233 3106 1574 3162 Jerusalem:
1612 3106 1706 3160 sed

95 3201 153 3255 in
194 3199 320 3253 loco
350 3213 452 3253 suo
479 3199 773 3254 adorantes
810 3198 1120 3263 Dominum,
1148 3197 1460 3268 possideant
1486 3196 1708 3251 Jerusa-

1819 1985 2021 2062 stionc,
2066 1986 2210 2057 quod
2253 1987 2436 2042 nullus
2479 1991 2654 2059 possit
2683 1989 2879 2045 fortem
2911 1999 2963 2045 et
2994 1988 3270 2062 gigantem
3300 1993 3425 2048 vin-

1818 2093 1966 2146 cere,
1986 2060 2104 2135 'nec
2132 2079 2347 2135 salvare
2373 2080 2518 2151 quod
2550 2081 2619 2136 ab
2642 2096 2709 2137 eo
2732 2091 2948 2153 raptum
2973 2060 3116 2153 erat,
3142 2084 3429 2155 respondit

1822 2170 2113 2237 Dominus,
2159 2186 2259 2227 suo
2298 2171 2535 2229 adventu
2580 2175 2765 2231 omnia
2809 2178 3174 2246 perpetranda
3225 2195 3239 2232 :
3280 2179 3426 2248 quod

1816 2264 2025 2320 scilicet
2064 2273 2236 2336 captae
2276 2266 2428 2337 prius
2467 2279 2659 2338 gentes
2698 2283 2729 2322 a
2770 2269 2989 2341 gigante
3032 2270 3315 2338 tollantur,
3365 2280 3424 2329 et

1815 2360 1995 2414 omnis
2041 2360 2186 2415 illius
2236 2361 2507 2432 supellex,
2552 2363 2920 2435 universaque
2961 2373 2984 2400 ο
3017 2364 3224 2420 familia
3274 2368 3425 2436 Apo-

1815 2453 1973 2508 stolis
2000 2452 2295 2508 dividatur.
2317 2454 2544 2525 Impleto
2576 2454 2670 2511 illo
2697 2455 2841 2525 quod
2869 2456 3135 2526 scriptum
3162 2466 3244 2512 est
3272 2474 3286 2512 :
3310 2456 3425 2513 Rea:

1815 2546 2063 2601 virtutum
2097 2547 2293 2613 dilecti,
2325 2556 2372 2600 et
2404 2549 2595 2615 speciei
2623 2548 2806 2603 domus
2836 2549 3065 2603 dividere
3088 2547 3282 2619 spolia.
3315 2547 3424 2606 Iste

1816 2650 1899 2696 est
1930 2642 2079 2695 enim
2110 2640 2200 2711 qui
2234 2641 2516 2695 ascendens
2541 2643 2595 2695 iu
2623 2642 2804 2705 altum,
2836 2643 3092 2715 captivam
3117 2643 3273 2697 duxit
3298 2659 3428 2713 cap-

1812 2733 2087 2798 tivitatem,
2117 2733 2257 2787 dedit
2285 2734 2424 2787 dona
2450 2734 2504 2788 in
2530 2732 2821 2788 hominibus
2848 2733 2970 2805 (Ps.
3002 2751 3169 2801 van,
3195 2736 3286 2804 I3,
3320 2736 3383 2793 I9
3406 2753 3421 2802 ;

1814 2824 2007 2896 Ephes.
2050 2825 2132 2898 tv)
2175 2844 2188 2880 :
2230 2841 2326 2882 eos
2369 2826 2623 2882 videlicet
2665 2826 2756 2897 qui
2801 2827 2949 2893 prius
2989 2829 3135 2898 capti
3166 2837 3326 2885 erant
3357 2829 3413 2884 in

1814 2930 2066 2985 mortem,
2111 2920 2317 2984 recepit
2358 2921 2410 2975 in
2455 2921 2646 2976 vitam.
2683 2919 2836 2976 Unde
2867 2921 3213 2977 manifestius
3245 2922 3418 2977 inter-

1814 3023 2054 3084 pretatus
2080 3024 2163 3070 est
2191 3014 2553 3087 Symmachus
2584 3032 2597 3068 :
2634 3013 2741 3069 Sed
2767 3025 2814 3069 et
2846 3016 3121 3085 captivitas
3150 3019 3303 3088 [ortis
3327 3033 3425 3071 au—

1812 3111 2022 3178 feretur,
2075 3115 2121 3159 et
2164 3107 2367 3176 rapina:
2404 3106 2667 3161 horribilis
2692 3106 2835 3161 salva
2863 3108 2978 3162 erit.
3011 3107 3233 3164 Fortem
3265 3117 3429 3181 atque

1813 3197 2128 3253 horribilem
2180 3196 2459 3252 diabolum
2507 3197 2697 3253 volens
2743 3198 3013 3269 intelligi,
3060 3199 3152 3271 qni
3198 3199 3419 3257 Domini

94 3292 509 3364 Iem.Quodqne
533 3293 879 3365 sequitur:et
901 3292 1158 3363 pulverem
1177 3293 1364 3364 pedum
1386 3301 1586 3344 tuorum
1605 3288 1710 3343 lin-
1738 3289 1784 3352 Ο
1819 3288 2024 3345 virtute
2061 3297 2349 3358 superatus
2388 3296 2494 3344 est.
2539 3287 2685 3357 Ergo
2729 3289 2993 3344 Dominus
3036 3290 3289 3358 judicans
3329 3307 3426 3349 eos

93 3385 666 3457 gent,hocsignificat,
694 3384 837 3457 quod
863 3399 1016 3455 reges
1046 3394 1096 3439 et
1119 3384 1420 3453 principes,
1450 3380 1711 3453 quidquid

97 3483 154 3538 in
187 3479 422 3549 pedibus
449 3479 741 3547 Ecclesiae,
776 3479 979 3535 terreni
1009 3477 1192 3547 operis
1243 3476 1558 3541 adlueserit,
1610 3489 1711 3530 suo

96 3587 363 3631 sermone
398 3579 612 3643 tergant
638 3579 801 3642 atque
835 3570 1134 3642 delingant.
1162 3568 1315 3625 Unde
1346 3577 1403 3625 et
1431 3567 1711 3639 Apostolis

101 3666 449 3739 prmcipitnr,
499 3674 557 3721 ut
582 3665 859 3721 excutiant
907 3665 1187 3735 pulverem
1221 3661 1419 3734 pedum
1463 3675 1707 3716 suorum.

100 3761 172 3816 Et
201 3759 275 3815 ad
310 3759 530 3815 Petrum
558 3758 778 3825 dicitur,
807 3757 947 3829 quod
983 3758 1072 3829 qui
1100 3756 1268 3812 semel
1299 3755 1443 3810 lotus
1468 3754 1534 3810 sit
1556 3796 1570 3820 ,
1599 3770 1705 3809 non

98 3853 303 3909 habeat
338 3866 566 3908 necesse
598 3852 700 3907 nisi
749 3850 914 3922 pedes
957 3852 1159 3906 lavare.
1192 3848 1407 3921 (Matth.
1445 3864 1509 3915 x;
1541 3846 1704 3904 Joan.

98 3947 242 4019 xm).
276 3946 383 4002 Per
404 3961 526 4018 quae
555 3945 734 4000 omnia
757 3945 919 3999 discit
954 3944 1228 4010 Ecclesia,
1258 3958 1363 3997 non
1395 3957 1517 3997 esse
1542 3943 1706 3997 alium

100 4039 396 4095 Dominum
450 4044 647 4108 praeter
693 4053 838 4105 eum,
888 4052 1044 4107 quem
1112 4036 1202 4107 qui
1251 4037 1705 4106 exspectaverint,

96 4140 361 4187 :etcrnam
388 4130 615 4202 gloriam
653 4130 1032 4200 possidebunt.

170 4224 357 4299 (Vers.
397 4223 471 4277 €24
510 4222 689 4295 seqq.)
723 4222 994 4292 Numquid
1022 4222 1233 4276 tolletur
1262 4238 1293 4274 a
1325 4222 1450 4293 [orti
1481 4221 1710 4292 praeda?

96 4327 187 4371 aut
212 4317 357 4389 quod
385 4324 592 4386 captum
618 4316 774 4387 fuerit
799 4333 830 4370 a
859 4316 1088 4380 robusto,
1117 4313 1319 4369 salvum
1343 4330 1453 4367 esse
1480 4314 1708 4383 poterit?

98 4409 238 4475 Quia
287 4410 397 4463 haec
441 4408 565 4462 dicit
611 4404 865 4461 Dominus
918 4423 936 4462 :
977 4405 1234 4473 Equidem
1271 4415 1319 4459 et
1359 4406 1635 4474 captivitas
1673 4421 1705 4457 a

98 4505 227 4575 forti
266 4504 476 4557 tolletur
522 4518 541 4557 :
581 4509 630 4556 et
668 4502 806 4573 quod
833 4501 1064 4557 ablatum
1095 4501 1252 4569 fuerit
1279 4517 1312 4553 a
1336 4500 1568 4563 robusto,
1598 4498 1706 4553 sal-

97 4598 323 4653 rabitur.
368 4595 473 4651 Eos
506 4612 623 4651 vero
665 4596 753 4666 qui
783 4595 1154 4669 judicaverunt
1186 4604 1255 4660 te,
1292 4609 1385 4666 ego
1401 4591 1655 4666 judicabo
1685 4608 1703 4647 :

1812 3383 1903 3454 qui
1947 3389 2334 3452 oppresserant
2375 3380 2529 3449 Sion,
2563 3381 2679 3435 sive
2702 3382 2957 3452 judicans
2984 3380 3250 3450 judicium
3279 3383 3423 3453 ejus,

1814 3478 2069 3534 liberabit
2110 3477 2253 3533 filios
2282 3476 2431 3532 illius
2463 3477 2553 3548 qui
2586 3477 2733 3546 capti
2767 3475 2979 3532 fuerant
3007 3493 3036 3531 a
3065 3479 3304 3549 gigante,
3338 3489 3424 3534 at-

1811 3586 1918 3642 que
1944 3571 2196 3639 salvabit,
2230 3579 2285 3627 et
2309 3569 2653 3625 adversarias
2680 3577 2978 3640 potestates
3005 3568 3211 3624 cihabit
3243 3570 3426 3626 carni-

1813 3667 1913 3722 bus
1954 3667 2089 3733 suis,
2137 3674 2193 3721 et
2235 3664 2526 3720 inebriahit
2567 3663 2722 3733 quasi
2751 3671 2953 3732 musto,
2989 3671 3048 3718 ut
3077 3677 3423 3734 nequaquam

1811 3760 2042 3816 aliorum
2075 3774 2231 3827 nece,
2262 3758 2357 3814 sed
2388 3773 2483 3814 sua
2512 3763 2691 3812 morte
2722 3765 3058 3811 saturentur.
3091 3754 3274 3826 thui
3297 3770 3425 3811 car-

1813 3869 1909 3911 nes
1951 3863 2099 3922 sunt,
2143 3853 2269 3924 quia
2310 3853 2406 3907 Dei
2443 3850 2695 3915 spirituum
2732 3850 3113 3921 perdiderunt,
3147 3851 3263 3905 suis
3294 3865 3423 3906 ves-

1810 3956 2009 4002 cantur
2028 3945 2306 4000 carnihus.
2333 3943 2487 4013 Quod
2510 3942 2726 4021 quidem
2751 3952 2806 3998 et
2835 3942 3070 3998 Sanctus
3098 3940 3343 4011 loquitur
3365 3944 3419 3998 in

1815 4038 2044 4093 Psalmis
2071 4056 2084 4091 :
2109 4037 2238 4092 Cum
2258 4038 2734 4110 appropinquarent
2756 4035 2883 4088 mihi
2905 4035 2993 4104 qui
3019 4034 3342 4104 afﬂigebant,
3370 4044 3429 4090 ut

1811 4132 2131 4186 contederent
2163 4146 2342 4184 carnes
2372 4145 2511 4181 meas
2537 4126 2655 4197 (Ps.
2691 4142 2837 4194 κχιί,
2869 4126 2947 4195 2).
2981 4124 3097 4179 Non
3126 4125 3275 4180 enim
3308 4126 3424 4196 spi-

1813 4224 1949 4278 ritus
1978 4226 2066 4294 qui
2096 4220 2452 4293 ineorporalis
2482 4230 2588 4288 est,
2616 4218 2716 4275 sed
2747 4233 2878 4273 caro
2906 4217 3238 4286 COtlledillll‘,
3272 4218 3423 4275 fero-

1810 4317 1952 4370 cium
1982 4316 2275 4371 bestiarum
2300 4313 2572 4369 morsibus
2597 4320 2809 4377 patens.
2838 4309 2904 4364 Et
2928 4319 3058 4365 tunc
3079 4310 3222 4366 dicet
3250 4309 3383 4368 Sion
3409 4331 3422 4367 :

1812 4407 1978 4461 immo
2022 4404 2200 4459 omnis
2239 4420 2369 4459 caro
2390 4419 2510 4474 quae
2561 4401 2766 4457 videbit
2807 4404 3045 4458 salutare
3096 4403 3225 4471 Dei,
3274 4404 3420 4474 quod

1815 4498 2148 4563 ltedemptor
2190 4504 2351 4565 atque
2390 4482 2641 4551 Salvator
2673 4494 2795 4561 ejus
2829 4494 2923 4549 ille
2953 4495 3027 4548 sit
3056 4494 3146 4565 qui
3179 4494 3424 4551 luctatus

1810 4599 1895 4646 est
1941 4603 2063 4643 cum
2109 4586 2299 4652 Jacob,
2343 4586 2429 4641 vel
2472 4585 2775 4640 auxiliator
2819 4584 2921 4640 fuit
2951 4585 3171 4642 virtutis
3202 4586 3421 4642 Iacob:

98 4696 142 4742 et
175 4689 317 4759 ﬁlios
346 4698 462 4751 tuos
491 4704 582 4758 ego
606 4684 840 4741 saleabo.
874 4684 944 4739 Et
973 4685 1154 4740 cibabo
1184 4687 1353 4739 hostes
1380 4695 1496 4738 tuos
1533 4686 1701 4738 carni—
1731 4673 1785 4734 D
1811 4690 1868 4738 ut
1914 4681 1968 4736 in
2016 4678 2268 4749 passione
2315 4674 2334 4713 τ
2377 4675 2813 4744 superelevatns,
2847 4676 3292 4747 crucifigentibus
3325 4677 3424 4733 be-

98 4782 191 4836 bus
224 4781 357 4847 suis,
399 4788 447 4834 et
484 4780 632 4851 quasi
664 4787 830 4832 musto
860 4779 1112 4849 sanguine
1148 4794 1242 4831 suo
1267 4776 1659 4832 inebriabuntur
1689 4792 1708 4831 :

99 4885 144 4928 et
183 4875 310 4929 sciet
355 4874 523 4927 omnis
562 4888 706 4938 caro,
757 4872 883 4943 quia
923 4887 1016 4942 ego
1046 4869 1297 4924 Dominus
1323 4870 1529 4924 salvans
1557 4879 1625 4937 te,
1659 4880 1708 4924 et

95 4968 395 5038 redemptor
434 4974 552 5019 tuus
583 4965 733 5035 fortis
758 4961 944 5017 Iacob.
980 4960 1122 5016 LXX
1152 4980 1166 5015 :
1195 4961 1464 5035 Numquid
1490 4964 1707 5035 accipiet

93 5062 209 5130 quis
240 5077 273 5139 (ξ
303 5060 515 5132 gigante
541 5057 755 5128 spolia?
786 5055 850 5111 Et
874 5056 920 5109 si
947 5055 1204 5126 captivum
1231 5055 1435 5108 duxerit
1461 5056 1575 5126 quis
1602 5056 1710 5108 ini-

92 5170 213 5224 que,
254 5152 560 5207 salvabitur.
596 5149 688 5207 Sic
714 5150 840 5205 dicit
877 5147 1130 5203 Dominus
1152 5164 1171 5201 :
1193 5147 1254 5201 Si
1274 5149 1390 5218 quis
1408 5150 1596 5219 ceperit
1618 5151 1702 5219 gi-

91 5257 325 5319 gantem.
355 5247 574 5317 accipiet
601 5246 792 5315 spolia,
821 5255 868 5300 et
895 5245 1154 5314 accipiens
1185 5260 1217 5297 a
1245 5244 1370 5315 [orti
1394 5242 1697 5300 salvabitur.

93 5343 212 5418 Ego
265 5350 441 5398 autem
476 5341 742 5417 judicium
788 5355 960 5395 meum
990 5340 1260 5413 judicabo.
1314 5338 1380 5392 Et
1423 5354 1516 5408 ego
1564 5338 1698 5408 ﬁlios

166 5516 196 5544 ⁸
223 5508 402 5563 Antea
446 5512 705 5574 corrupte
753 5510 902 5566 erat,
953 5518 986 5555 a
1013 5498 1124 5556 Deo
1154 5508 1244 5555 tuo
1274 5513 1374 5571 pro
1414 5508 1507 5553 tu:
1553 5498 1697 5568 quod

88 5593 231 5637 mss.
267 5574 565 5644 praeferunt
595 5586 649 5629 et
675 5574 904 5630 Graecus
934 5580 1134 5628 textus.

162 5649 195 5689 δ
226 5640 387 5705 Unus
412 5645 781 5711 Ambrosiam,
813 5643 1077 5698 intrabunt
1107 5658 1204 5707 pro
1237 5640 1554 5696 adorabunt.

167 5731 194 5760 ε
227 5704 383 5774 Idem
414 5719 660 5786 pressius
688 5704 901 5782 Crisaeo,
934 5704 1225 5770 adorabunt
1251 5724 1367 5768 eum
1396 5716 1471 5768 vir
1488 5714 1561 5768 de
1590 5714 1700 5769 loco

89 5797 589 5867 εαρνρηιηωθριο-
762 5857 767 5863 .
964 5846 969 5864 π
1132 5864 1137 5867 λ

164 5855 443 5917 dRursus
484 5858 625 5915 idem
666 5857 792 5916 eum
833 5855 1049 5924 (ἐι-πο,
1091 5864 1138 5910 et
1166 5856 1381 5929 adjutor
1411 5872 1523 5910 sum
1554 5855 1705 5921 fortia-

1811 4773 2090 4831 nediccret
2120 4788 2135 4825 :
2168 4769 2347 4834 Pater,
2379 4770 2588 4843 ignosce
2615 4770 2689 4822 eis
2720 4783 2740 4823 :
2767 4768 2905 4839 quod
2936 4769 3072 4821 enim
3105 4767 3306 4839 faciunt
3327 4785 3419 4822 ne-

1811 4869 1982 4923 sciunt
2012 4865 2169 4938 (Luc.
2204 4878 2357 4931 χχιιι,
2392 4861 2510 4933 54).

1884 4961 2045 5036 575
2085 4960 2239 5034 (Cap.
2282 4961 2345 5014 L.
2374 4988 2442 4999 —
2469 4957 2629 5014 Vers.
2666 4958 2746 5022 I.)
2778 4955 2910 5011 Hcec
2950 4956 3077 5010 dicit
3116 4955 3421 5015 Dominus:

1815 5055 1942 5123 Quis
1985 5064 2058 5108 est
2103 5053 2186 5107 hic
2224 5052 2351 5107 liber
2389 5049 2590 5122 repudii
2631 5050 2812 5104 matris
2857 5058 3067 5118 restrte,
3112 5066 3212 5122 quo
3243 5051 3424 5106 dimisi

1810 5149 1960 5204 earn?
2009 5149 2112 5201 Aut
2159 5146 2275 5217 quis
2326 5154 2400 5198 est
2449 5143 2671 5197 creditor
2710 5159 2874 5212 meus,
2925 5145 3007 5197 cui
3048 5144 3259 5199 vendidi
3295 5144 3423 5199 vos?

1816 5243 1947 5298 Ecce
1985 5244 2039 5297 in
2079 5239 2434 5311 iniquitatibus
2475 5239 2654 5293 uestris
2691 5236 2881 5293 renditi
2921 5239 3067 5307 estis,
3099 5239 3230 5292 etin
3262 5239 3423 5293 scele-

1811 5339 1955 5393 ribus
1986 5336 2164 5391 uestris
2189 5333 2363 5388 dimisi
2390 5342 2603 5387 matrem
2633 5342 2874 5388 vestram.
2911 5330 3049 5398 Quia
3079 5332 3213 5398 veni,
3243 5339 3291 5384 et
3316 5345 3422 5383 non

1808 5496 2169 5631 ῑαέυίίέῃοηίι
2197 5563 2467 5621 Victorius
2488 5562 2658 5634 spolia
2688 5577 2785 5633 pro
2810 5560 3016 5632 familia
3040 5575 3109 5616 ex
3134 5576 3271 5617 mss.
3302 5562 3420 5622 suis

1807 5637 2232 5697 exemplaribus.
3416 5690 3419 5693 _

1884 5708 1905 5748 τ
1947 5709 2176 5776 Meliori,
2211 5718 2268 5764 ut
2299 5708 2535 5776 videtur,
2563 5719 2726 5762 sensu
2759 5705 2813 5760 in
2845 5701 3233 5773 Ambrosiano,
3262 5717 3417 5779 διφθε-

1808 5791 1950 5835 ratus
1981 5798 2076 5854 pro
2104 5779 2507 5850 superelevatus.
