3932 6326
497 276 605 335 47.3
1750 275 1808 332 s.
1852 232 2122 334 unseen
2159 274 2543 334 menonvm
3678 278 3774 334 476

496 403 606 449 erat
650 394 725 446 vir
765 408 783 446 :
822 390 1026 459 vocavi,
1057 399 1235 447 etnon
1268 399 1373 446 erat
1402 392 1490 460 qui
1518 392 1742 449 audiret.
1776 391 1919 449 LXX
1950 408 1964 443 :
2000 389 2092 447 Sic
2119 401 2172 462 Α
2197 405 2433 449 sanctum
2472 392 2605 451 datis
2643 393 2860 448 canibus
2906 390 3121 462 (Matth.
3150 407 3258 459 vn,
3303 392 3392 463 6).
3445 393 3509 449 Et
3561 395 3613 450 in
3643 409 3773 451 com-

498 486 624 541 dicit
661 484 908 539 Dominus
942 502 953 537 :
991 483 1175 552 Qualis
1205 493 1279 539 est
1313 484 1443 541 liber
1462 486 1666 552 repudii
1690 486 1871 543 matris
1893 494 2097 555 vestrm,
2203 483 2352 541 muni
2381 485 2449 539 de
2476 486 2733 540 omnibus
2765 501 2779 539 :
2817 483 2964 538 Visio
2999 484 3391 556 quadrupedum
3437 502 3553 555 qua
3578 491 3770 544 erantin

496 593 597 647 quo
629 576 803 630 dimisi
833 577 981 632 eam?
1011 579 1112 635 Aut
1140 577 1224 631 cui
1253 577 1495 632 creditori
1518 587 1563 631 et
1589 577 1816 633 eructari
1844 593 1953 632 meo
1976 593 2097 631 ren-
2201 575 2570 650 deserto(1sa.
2619 580 2750 648 xxx)
2807 577 2961 632 Venit
3023 577 3202 648 itaque
3255 577 3546 644 Dominus,
3595 592 3645 636 et
3682 597 3770 640 non

496 668 607 722 didi
629 666 757 721 vos?
782 666 916 722 Ecce
935 673 1163 741 peccatis
1184 671 1361 725 vestris
1392 673 1675 725 venundati
1694 672 1837 735 estis,
1862 680 1907 724 et
1928 670 1982 729 in
2000 670 2103 727 ini-
2204 669 2413 726 invenit
2453 668 2753 727 hominem.
2801 668 2974 725 Homo
3002 669 3137 723 enim
3164 685 3279 723 cum
3334 671 3386 724 in
3416 669 3606 727 honore
3630 684 3770 740 esset,

489 758 770 831 quitatibus
793 764 974 817 vestris
1007 760 1184 817 dimisi
1216 776 1430 819 matrem
1472 773 1712 828 uestram,
1748 764 1870 833 quia
1897 764 2032 831 veni,
2055 772 2105 817 et
2202 776 2308 817 non
2336 758 2591 815 intellexit
2622 777 2641 815 :
2672 770 3000 833 comparatus
3023 772 3098 815 est
3116 762 3367 833 jnmeutis
3397 763 3732 835 insipientibus
3757 812 3770 835 ,

497 867 600 905 non
632 862 740 909 erat
767 851 920 911 homo
952 870 971 909 :
1000 856 1197 923 vocavi,
1231 864 1276 911 et
1308 874 1411 910 non
1443 866 1549 911 erat
1581 858 1669 925 qui
1698 856 1943 913 obrdiret.
1972 854 2104 912 Post
2205 861 2255 911 et
2284 854 2469 908 similis
2497 856 2666 926 [actus
2712 865 2783 908 est
2825 854 2898 909 eis
2934 850 3110 925 (Psul.
3160 869 3354 920 XLVIII,
3399 855 3515 927 1'5).
3559 857 3771 921 Vni-avi,

494 946 841 1003 vocationem
872 949 1137 1019 gentium.
1170 958 1227 1004 et
1249 965 1403 1022 reges
1426 965 1488 1005 ac
1514 951 1815 1020 principes,
1841 949 2106 1007 nutricius
2206 945 2403 1017 inquit,
2438 960 2533 1001 eos
2561 945 2715 1017 quasi
2741 944 3008 1001 rationale
3033 943 3251 1006 animal.
3278 957 3330 1001 et
3357 947 3469 1001 dixi
3499 966 3509 999 ;
3544 948 3776 1007 Inclinato

428 1025 437 1031 ’
497 1048 552 1094 et
595 1038 856 1108 nutrices,
900 1052 952 1094 et
996 1040 1366 1111 captivitatem
1414 1041 1572 1098 fortis
1620 1043 1771 1112 prius
1815 1052 1981 1109 atque
2011 1058 2102 1098 ro-
2208 1050 2393 1091 aure"!
2420 1045 2657 1092 νθειτιιηι
2700 1037 2753 1091 in
2779 1036 2943 1094 W1!“
2988 1036 3103 1092 ("is
3146 1036 3253 1093 mei
3286 1035 3697 1109 (mal-“"10.
3732 1049 3777 1096 ει

502 1129 675 1195 busti,
720 1135 878 1198 cujus
926 1133 1107 1203 praeda
1140 1133 1417 1202 Apostolis
1447 1133 1737 1190 diSIribIIIa
1764 1143 1868 1203 est,
1902 1146 1956 1191 et
1989 1143 2110 1205 post
2210 1143 2317 1185 non
2361 1129 2567 1185 audivit
2609 1129 2841 1201 populus
2887 1145 3041 1186 meus
3072 1143 3262 1185 vocem
3292 1145 3489 1188 meam.
3541 1130 3775 1198 Clamavi,

505 1221 818 1278 dtrmonum
848 1226 1149 1295 vesaniam,
1179 1228 1270 1296 qui
1299 1226 1409 1283 suis
1435 1228 1662 1282 saturati
1693 1227 1968 1297 carnibus,
1991 1242 2111 1283 suo.
2210 1230 2264 1277 et
2304 1220 2421 1278 dixi
2449 1240 2461 1273 ε
2491 1222 2593 1290 Qui
2625 1223 2752 1280 sitit.
2794 1222 2961 1276 veniat
2999 1221 3067 1275 ad
3107 1236 3207 1289 me,
3249 1230 3296 1275 et
3342 1221 3481 1276 bibat
3502 1221 3671 1296 (Joan.
3698 1239 3775 1291 ιιι,

499 1332 608 1386 que
650 1318 903 1374 ἱιιι·1η“ίειιί
947 1329 1072 1374 sunt
1112 1322 1376 1391 sanguine
1411 1338 1423 1376 :
1458 1322 1673 1392 quando
1706 1323 1880 1379 onmis
1910 1337 2045 1392 cogn

2225 1312 2326 1385 57).
2372 1313 2440 1370 Et
2467 1315 2577 1369 alio
2618 1314 2741 1369 loco
2781 1331 2796 1369 :
2845 1312 3027 1369 Venite
3062 1312 3130 1368 ad
3179 1329 3259 1368 me
3283 1355 3299 1380 ,
3342 1330 3519 1369 omnes
3542 1316 3628 1387 qui
3660 1315 3778 1371 labo-

504 1407 583 1463 vit
630 1424 783 1477 caro,
826 1412 969 1481 quod
1002 1411 1343 1479 Redemptor
1374 1422 1428 1469 rt
1461 1416 1613 1470 tortis
1647 1416 1762 1485 ipse
1792 1424 1938 1471 esset
1969 1416 2057 1471 Det

2227 1407 2340 1460 'atis
2381 1417 2429 1461 et
2456 1406 2657 1463 onerati
2687 1406 2808 1460 estis
2851 1403 3068 1478 (Matth.
3097 1418 3171 1464 ιι,
3203 1402 3322 1477 28).
3360 1406 3423 1462 Et
3455 1424 3555 1460 non
3585 1417 3685 1462 erat
3708 1408 3780 1477 qui

507 1497 700 1571 Jacob,
747 1502 985 1571 loquitur
1027 1502 1094 1558 ad
1130 1505 1384 1573 populum
1416 1505 1727 1564 Jndteorum
1759 1522 1923 1578 super
1952 1507 2108 1577 εἰςιν,
2214 1500 2456 1568 audiret;
2498 1500 2642 1555 unde
2671 1501 2751 1554 eis
2777 1500 2830 1554 in
2863 1498 3155 1568 Evangelio
3185 1511 3308 1555 sum
3341 1500 3559 1556 locutus
3584 1517 3599 1555 :
3628 1498 3779 1571 Neque

508 1606 631 1664 quae
675 1594 827 1662 prius
870 1593 1140 1660 dixerat:
1184 1595 1473 1666 Dereliqutt
1516 1617 1595 1654 me
1621 1597 1901 1666 Dominus,
1927 1610 1974 1655 et
2007 1600 2113 1656 Do.
2214 1595 2432 1667 speciem
2474 1591 2572 1648 Dei
2611 1593 2830 1662 uidistis,
2862 1608 3024 1660 neque
3049 1610 3217 1649 vocem
3245 1593 3392 1653 illius
3421 1592 3655 1656 audistis,
3682 1592 3781 1665 quia

507 1685 680 1739 minus
720 1685 907 1740 oblitus
949 1700 1025 1742 est
1065 1690 1184 1746 mei.
1221 1688 1437 1758 Putatis
1483 1709 1603 1748 mea
1650 1694 1846 1750 duritia
1883 1705 2111 1752 matrem
2216 1686 2538 1741 ηοηΙιαθεείι
2563 1702 2847 1741 Sermonem
2868 1689 2980 1760 ejus
3003 1697 3292 1743 manentem
3318 1687 3373 1741 δη
3398 1682 3713 1757 υοὺίευααηο
3738 1699 3781 1749 ν,

510 1786 749 1831 vestram
778 1788 1049 1835 terrenam
1076 1781 1380 1841 Jerusalem
1408 1799 1531 1841 esse
1554 1787 1876 1856 projectum,
1898 1798 1953 1843 et
1971 1789 2112 1860 quod
2148 1792 2195 1851 B
2221 1781 2310 1847 57.
2341 1779 2457 1853 58)-

512 1881 614 1938 εει,
636 1871 836 1925 mentis
856 1871 1040 1945 rigida-
1064 1873 1309 1931 dederim
1333 1879 1380 1930 ei
1407 1878 1651 1932 ltbellom
1677 1881 1913 1949 repudii,
1938 1892 1994 1937 et
2012 1899 2065 1937 In

2298 1871 2480 1943 (Vers.
2524 1871 2606 1941 2.)
2640 1871 2909 1946 Numquid
2946 1873 3237 1937 abbreviata
3275 1882 3370 1941 est,
3414 1882 3462 1927 et
3489 1871 3689 1941 paruula
3710 1869 3775 1936 la-

509 1960 714 2030 potins,
734 1964 875 2031 quod
902 1979 1091 2019 verum
1110 1974 1215 2033 est,
1244 1968 1568 2038 intellgitis,
1590 1971 1735 2025 illam
1760 1985 1860 2027 suo
1881 1989 1910 2027 a
1936 1990 2021 2029 me
2039 1990 2062 2023 v

2230 1975 2305 2019 cta
2344 1974 2415 2021 est
2446 1981 2629 2021 manus
2656 1983 2788 2034 mea,
2821 1976 2876 2020 ut
2908 1983 3009 2022 non
3040 1970 3198 2036 possit
3225 1965 3412 2039 [ang.
3443 1962 3648 2036 possim]
3668 1963 3783 2016 redi-

520 2051 598 2105 tio
644 2057 979 2111 I-t-ccssisse?
1016 2058 1237 2113 Dicente
1264 2061 1411 2117 enim
1445 2077 1533 2117 me
1563 2064 1631 2116 ad
1663 2079 1782 2119 eam
1821 2082 1833 2118 :
1868 2065 2071 2133 Quiesci

2232 2059 2400 2112 mere?
2437 2057 2539 2112 Aut
2586 2075 2685 2112 non
2712 2060 2865 2115 estin
2896 2076 2974 2114 me
2999 2061 3161 2116 uirtus
3186 2060 3256 2114 ad
3284 2059 3646 2114 liberandum?
3675 2055 3785 2111 Ecce

514 2145 694 2210 inique
739 2164 914 2221 agere,
960 2149 1154 2206 discite
1194 2151 1393 2209 bonum
1440 2153 1642 2225 facere,
1684 2157 1873 2212 audire
1915 2175 2000 2214 Ιιιθ
2028 2178 2125 2214 no-
2223 2152 2277 2207 in
2302 2154 2653 2222 increpatione
2678 2170 2791 2208 mea
2813 2154 3066 2209 desertum
3096 2156 3479 2227 faciam'mare,
3512 2151 3785 2224 pononttltt-

511 2238 643 2303 luit;
692 2242 789 2296 sed
834 2243 995 2300 vertit
1038 2254 1228 2301 contra
1277 2262 1363 2302 me
1401 2251 1680 2318 scapulam
1722 2251 2064 2308 recedentem

2235 2247 2364 2301 mina
2404 2246 2456 2300 in
2486 2248 2675 2301 siccum
2711 2261 2730 2300 :
2758 2254 3162 2312 computrescent
3192 2249 3354 2318 pisces
3389 2246 3499 2302 sine
3527 2261 3670 2313 aqua,
3699 2257 3788 2297 Ino-

518 2328 674 2387 Unde
715 2331 928 2389 locutus
956 2352 1076 2392 sum
1110 2337 1234 2392 liliis
1262 2344 1380 2406 eius
1413 2358 1426 2394 :
1462 2339 1554 2397 Va:
1584 2342 1715 2409 illis,
1750 2346 2005 2413 quoniam
2039 2363 2071 2400 ι·‹

2337 2346 2421 2392 tur
2459 2340 2512 2397 in
2552 2339 2658 2394 siti.
2705 2336 2929 2393 latinam
2960 2341 3111 2393 ctelos
3143 2338 3388 2405 tenebris,
3422 2346 3468 2393 et
3496 2352 3682 2391 saccum
3710 2348 3789 2402 po-

523 2435 812 2481 cessernnt
855 2443 884 2481 a
930 2445 1037 2484 me.
1088 2429 1356 2485 Manil’esti
1403 2444 1531 2487 sunt
1573 2436 1663 2504 qui
1700 2436 1867 2505 impie
1893 2452 2076 2508 egerut

2335 2444 2343 2480 I
2388 2430 2757 2498 operimentum
2801 2444 2996 2483 eorum.
3046 2427 3187 2485 LXX
3232 2448 3245 2485 :
3291 2428 3558 2497 Numquid
3592 2443 3684 2481 non
3710 2441 3793 2496 ρο·
3886 2468 3888 2508 λ

3887 2052 3889 2123 l

3887 2130 3889 2241 ι

523 2519 579 2575 in
629 2536 733 2575 me.
787 2522 850 2576 Et
895 2523 962 2578 ad
999 2526 1193 2595 ipsam,
1240 2525 1469 2581 Erutliet
1515 2537 1565 2582 te
1608 2530 1889 2585 ευμεθεςίο
1926 2542 2036 2599 tua,
2069 2540 2128 2588 οι
2224 2528 2316 2574 test
2358 2536 2538 2575 manus
2580 2538 2692 2574 mea
2734 2520 2967 2591 liberare,
2998 2530 3088 2577 aut
3131 2539 3233 2577 non
3266 2522 3509 2590 prtevalet
3539 2529 3587 2575 ut
3621 2519 3794 2573 eruat?
3886 2519 3889 2585 l

519 2613 734 2668 malitia
783 2625 869 2669 tua
912 2615 1172 2687 corripiet
1216 2625 1303 2684 te;
1345 2629 1401 2673 et
1442 2620 1584 2674 scies
1622 2620 1878 2690 quoniam
1924 2624 2123 2680 malum
2229 2614 2362 2668 Ecce
2397 2616 2796 2669 comminatione
2845 2631 2955 2668 mea
3001 2615 3261 2670 desertum
3299 2614 3496 2684 faciam
3541 2628 3708 2676 mare,
3754 2618 3794 2663 et
3888 2613 3889 2681 ξ

517 2706 615 2759 tibi
649 2705 720 2761 sit
748 2706 895 2777 quod
929 2708 1218 2776 reliqueris
1246 2724 1353 2764 Ine.
1384 2708 1491 2764 Sed
1513 2712 1739 2767 forsitan
1768 2713 2010 2771 libellum
2038 2733 2070 2770 ιη

2335 2723 2413 2758 am
2456 2706 2671 2775 ﬂumina
2715 2708 2936 2773 deserto,
2969 2714 3019 2760 et
3046 2715 3277 2763 arescent
3311 2708 3481 2779 pisces
3510 2721 3671 2761 eorum
3701 2719 3716 2759 .'
3743 2717 3791 2757 eo

517 2798 668 2868 putlii
715 2800 1009 2856 natenderc
1061 2817 1167 2857 non
1225 2804 1449 2874 potestis
1474 2849 1489 2874 ,
1547 2815 1601 2861 et
1645 2807 1840 2877 aliquis
1882 2809 2125 2866 creditor
2224 2801 2362 2872 quod
2401 2816 2503 2856 non
2547 2802 2611 2854 sit
2650 2818 2802 2872 aqua,
2844 2811 2892 2856 et
2932 2802 3216 2858 morientur
3255 2805 3307 2856 in
3347 2804 3457 2861 siti.
3507 2802 3566 2857 Et
3602 2800 3787 2853 induant

521 2906 676 2946 meus
704 2894 930 2962 exigens
959 2898 1265 2966 pecuniam,
1299 2914 1383 2952 me
1414 2914 1521 2954 non
1554 2898 1792 2959 habente
1819 2901 1963 2972 quod
1997 2903 2122 2959 red-
2227 2893 2406 2947 malum
2436 2892 2672 2962 tenebris,
2705 2901 2751 2948 et
2782 2895 2931 2965 quasi
2968 2895 3195 2949 cilicium
3226 2912 3416 2966 ponam
3447 2895 3783 2965 operimentum

521 2983 734 3055 deret»,
770 3000 867 3041 vos
899 2989 950 3041 in
981 2987 1148 3043 debiti
1176 2992 1679 3060 compensationem
1712 2995 1972 3065 suscipit?
2001 2997 2119 3055 Non
2228 2990 2357 3060 ejus.
2395 2988 2690 3042 Adversum
2724 3003 2820 3042 eos
2848 2989 2939 3056 qui
2974 2989 3236 3056 putabant
3270 2988 3557 3043 Dominum
3589 3001 3682 3043 nun
3716 2996 3795 3053 po-

3886 2814 3889 2901 ι

3886 2914 3889 2971 ‘

518 3085 605 3132 θμι
646 3078 718 3135 ita
766 3097 779 3132 ε
820 3079 915 3135 sed
944 3096 1046 3151 ego
1082 3083 1366 3139 edenda...
1410 3087 1583 3157 vobis,
1617 3091 1974 3157 quamobrem
2006 3109 2120 3151 ma-
2231 3080 2396 3133 tuisse
2435 3079 2669 3134 liberare
2712 3079 2970 3149 populum
3013 3094 3169 3134 suum
3201 3080 3268 3135 de
3297 3080 3627 3151 captivitate,
3658 3076 3792 3146 ponit

520 3181 661 3226 trem
706 3189 830 3228 cum
867 3173 993 3230 liliis
1026 3175 1437 3248 dertsliquerim.
1484 3180 1702 3238 Scelera
1743 3196 1920 3240 vestra
1955 3200 2073 3257 atqu

2335 3184 2485 3225 onem
2514 3177 2569 3224 et
2596 3170 2839 3241 exempla
2880 3170 3214 3239 plenissima.
3244 3168 3403 3239 Quod
3435 3170 3527 3239 qui
3552 3184 3688 3223 mare
3704 3164 3795 3219 Ru-

1222 3232 1235 3248 l
1268 3232 1321 3234 "’
1348 3232 1413 3234 ’θη
1488 3232 1702 3238 *“""‘
1753 3232 1920 3240 “'“"'
1955 3232 2076 3257 ""‘I‘

523 3275 746 3332 peccata
793 3281 889 3323 vos
932 3268 1274 3325 daemonibus
1319 3272 1707 3344 vendiderunt,
1751 3286 1810 3331 ut
1844 3292 2074 3344 present

2335 3280 2382 3316 III
2427 3262 2551 3316 fecit
2593 3232 2834 3333 pervium
2880 3232 3077 3334 populo
3112 3280 3211 3319 suo
3240 3232 3441 3335 (Exod.
3476 3266 3604 3335 ιιι),
3631 3261 3797 3319 Jorda-

518 3358 706 3412 steculi
743 3360 1113 3429 voluptatibus
1145 3364 1361 3426 irretiti.
1397 3375 1453 3421 et
1481 3382 1575 3421 vos
1610 3381 1919 3437 parentem,
1950 3381 2004 3427 et
2035 3372 2124 3427 in.
2229 3354 2313 3409 nis
2340 3353 2498 3426 577
2529 3353 2727 3409 ﬂuenta
2759 3355 3001 3419 siccavit,
3030 3367 3083 3411 et
3115 3357 3496 3410 arescentibus
3522 3357 3569 3409 in
3594 3354 3796 3424 iligpr
3888 3412 3889 3423 ξ

519 3453 806 3524 conjugem
857 3455 1282 3527 derelinqueret.
1338 3458 1489 3516 Unde
1535 3462 1848 3518 adulti-ram
1895 3476 2069 3522 matre

2244 3451 2424 3512 luviis.
2469 3454 2646 3521 pisces
2686 3452 2847 3507 vertit
2891 3453 2940 3507 in
2982 3452 3335 3524 putredinetn
3373 3451 3568 3525 (Exod.
3607 3449 3710 3522 vn).
3737 3445 3797 3504 Et

520 3556 756 3600 vestrm)
799 3547 934 3601 ultra
973 3557 1160 3603 tenere
1192 3564 1297 3605 nun
1334 3552 1505 3621 potui,
1539 3553 1635 3609 sed
1669 3556 1944 3613 volentem
1974 3558 2129 3613 amre
2230 3546 2318 3615 qui
2355 3544 2527 3600 tribus
2559 3543 2749 3598 diebus
2776 3546 2827 3597 in
2859 3543 3096 3616 Egypto
3125 3546 3384 3599 teIIebras
3415 3545 3540 3600 [erit
3567 3558 3675 3598 esse
3703 3540 3798 3608 pal-

520 3636 765 3704 permisi.
802 3638 957 3705 Quod
1004 3652 1183 3695 autem
1220 3648 1457 3710 peccatis
1487 3647 1602 3700 suis
1634 3650 2010 3717 unusquiSque
2038 3665 2068 3704 v

2244 3636 2455 3702 pabiles,
2488 3636 2559 3690 ita
2591 3646 2649 3691 nt
2674 3636 2873 3692 etelum
2897 3638 3049 3707 quasi
3083 3653 3246 3694 sacco
3268 3649 3524 3707 Opertuut
3555 3637 3797 3692 videretur

474 3754 479 3758 ~
521 3728 817 3796 nunlatur,
848 3729 976 3785 dum
1005 3734 1228 3800 praprio
1254 3735 1489 3791 arbitrio
1520 3738 1790 3803 derelicti.
1821 3748 2004 3796 nostra

2242 3739 2285 3783 et
2326 3726 2564 3783 tenebris
2607 3745 2620 3782 :
2664 3731 2853 3797 utique
2899 3729 3138 3797 potuerit
3180 3738 3236 3784 et
3280 3730 3538 3799 populum
3579 3741 3718 3781 suum
3740 3723 3795 3779 de

524 3819 758 3889 luntate,
810 3822 895 3878 vel
940 3824 1006 3878 ad
1052 3824 1280 3892 bonum,
1328 3829 1411 3882 vel
1443 3829 1510 3883 ad
1540 3829 1739 3885 malum
1770 3832 2041 3898 ducimur,
2075 3864 2077 3879 ‹

2243 3819 2474 3888 periculo
2507 3820 2752 3875 liberare.
2787 3820 2911 3877 Sive
2942 3823 3066 3892 quia
3098 3826 3264 3892 supra
3297 3822 3515 3877 dixerat
3545 3837 3559 3874 :
3599 3817 3731 3877 Veni.
3760 3822 3796 3869 et

528 3912 726 3970 Paulus
776 3916 1060 3985 apostolus
1103 3918 1267 3975 docet
1307 3938 1320 3974 :
1365 3919 1481 3994 Ego
1510 3932 1683 3979 autem
1713 3924 1877 3998 576
1905 3928 2081 3982 carnal

2242 3928 2335 3965 non
2371 3921 2480 3967 erat
2518 3914 2669 3967 homo
2698 3930 2716 3967 :
2746 3914 2941 3983 vocavi,
2975 3926 3019 3969 et
3050 3930 3152 3968 non
3181 3925 3290 3970 erat
3320 3915 3413 3984 qui
3439 3914 3654 3978 audiret,
3682 3905 3795 3962 illud

522 4021 673 4075 sum,
724 4010 1047 4065 venundatus
1093 4013 1186 4067 sub
1230 4025 1440 4083 peccato
1485 4015 1663 4085 (Rom.
1717 4033 1820 4087 νη,
1874 4017 1983 4090 ιι),
2029 4020 2133 4088 Qui
2233 4019 2523 4075 possumus
2563 4006 2769 4074 dicere,
2810 4007 3074 4078 quodqui
3111 4017 3387 4062 lautorum
3420 4010 3688 4077 signorum
3717 4015 3796 4070 pa-

526 4098 674 4155 enim
714 4100 841 4170 furit
877 4112 1163 4175 peccatum,
1203 4122 1380 4163 servus
1417 4116 1490 4163 est
1530 4111 1728 4181 peccati
1765 4108 1946 4183 (loau.
1991 4113 2129 4184 vIII).
2235 4110 2407 4161 "amr
2451 4111 2557 4169 est,
2601 4113 2653 4158 et
2695 4102 2891 4159 cu-lum
2935 4110 3241 4172 terrasque,
3287 4112 3344 4155 et
3376 4102 3542 4156 maria
3572 4113 3664 4153 suo
3692 4094 3798 4150 facti

527 4190 597 4247 Et
640 4194 916 4262 quomodo
959 4197 1107 4252 avari
1147 4208 1309 4267 atque
1350 4210 1598 4269 raptores
1621 4203 1765 4259 servi
1798 4213 1924 4259 sunt
1956 4219 2130 4259 mam.
2236 4195 2442 4250 servire
2490 4195 2661 4258 nIItni,
2707 4195 2870 4251 etiam
2915 4197 3029 4265 ipse
3055 4209 3275 4251 crucem
3305 4194 3541 4250 evadere
3570 4195 3795 4261 poluerit.

527 4297 742 4348 ωοηςθς
772 4285 854 4343 sic
880 4301 1044 4343 omne
1075 4303 1359 4359 peccatum
1389 4292 1705 4348 dominatur
1732 4296 2129 4363 peccatoribus.
2235 4289 2425 4346 dicens
2462 4289 2512 4345 in
2558 4290 2850 4362 Evangelia
2890 4307 2904 4345 :
2946 4291 3027 4347 An
3074 4299 3101 4327 λ
3130 4291 3322 4361 putatis
3351 4291 3475 4362 quia
3503 4304 3599 4343 non
3623 4292 3799 4357 possm

527 4374 739 4444 Quibus
769 4377 972 4437 dicitur
1007 4397 1019 4434 :
1053 4380 1179 4437 Non
1208 4396 1382 4455 regnet
1411 4395 1674 4456 peccatum
1702 4388 1757 4443 in
1787 4389 1996 4444 mortali
2023 4405 2134 4444 ves—
2233 4400 2419 4458 rogare
2467 4382 2674 4439 Patrem
2718 4400 2906 4450 meum,
2952 4392 3007 4437 ut
3051 4383 3307 4438 exhiberet
3351 4382 3479 4437 mihi
3515 4380 3655 4435 modo
3680 4375 3796 4442 βίην

525 4477 609 4524 ινο
649 4486 864 4541 corpore
901 4473 1078 4543 (Rom.
1125 4491 1199 4543 Vl,
1252 4476 1365 4549 12).
1409 4478 1478 4534 Ut
1509 4490 1689 4535 autem
1722 4481 1929 4551 sciatis,
1965 4499 2071 4538 non
2098 4498 2129 4541 ει
2237 4491 2390 4539 quam
2416 4473 2689 4528 duodecim
2713 4473 2937 4546 legiones
2961 4458 3798 4548 Angelorum(MattIt.xxvt.55)?

526 4577 616 4618 me
641 4563 980 4633 repudiatam
1010 4578 1240 4624 matrem
1273 4582 1543 4638 vestram;
1573 4571 1668 4628 sed
1697 4575 1981 4630 voluntate
2010 4589 2134 4644 pro—
2164 4566 2209 4627 1)
2235 4566 2395 4623 Juxta
2426 4562 2727 4636 anagoge'n,
2762 4566 2828 4620 ad
2857 4566 3291 4636 increpationetn
3319 4566 3533 4622 Domini
3554 4564 3795 4618 desertum

474 4644 479 4649 ’
531 4655 644 4724 pria
680 4659 997 4728 recessisse,
1032 4673 1155 4728 post
1184 4661 1350 4717 multa
1383 4663 1649 4720 beneﬁcia
1684 4664 1981 4722 humanum
2011 4680 2134 4723 cor-
2239 4661 2297 4715 lit
2337 4675 2505 4725 mare,
2539 4657 2756 4729 quando
2782 4660 2960 4715 omnis
2984 4659 3150 4732 hujus
3177 4660 3362 4715 sa-culi
3397 4653 3687 4715 antariiudo
3711 4661 3794 4704 SIC-

529 4761 632 4818 pus
682 4753 974 4820 assumpsi,
1023 4762 1077 4808 et
1130 4770 1471 4824 nequaquam
1528 4772 1623 4825 per
1669 4756 1993 4827 Prophetas,
2035 4758 2133 4813 sed
2234 4761 2409 4816 catur,
2452 4759 2508 4807 et
2549 4750 2770 4806 ﬂumina
2813 4750 3155 4822 desolantttr,
3199 4752 3266 4806 de
3307 4753 3512 4823 quibus
3538 4740 3799 4819 spiriltwlls

530 4854 774 4908 prtesrns
824 4843 1038 4900 locutus
1084 4861 1225 4901 suat.
1284 4845 1433 4910 Veni,
1483 4857 1531 4902 et
1578 4864 1682 4901 non
1727 4858 1836 4903 erat
1874 4850 1970 4915 vir,
2017 4850 2135 4906 sive
2235 4844 2401 4900 draco
2435 4842 2654 4899 dicebat
2694 4845 2744 4899 iII
2784 4844 3019 4919 IEuypto
3065 4861 3076 4897 :
3118 4841 3239 4901 Mea
3266 4854 3384 4900 sunt
3405 4842 3635 4913 ﬂumina.
3660 4843 3701 4888 et
3721 4843 3797 4900 ego

529 4929 703 4984 homo.
739 4934 939 4990 Omnes
976 4935 1120 4991 enim
1154 4937 1257 4993 viri
1286 4949 1340 4993 et
1372 4939 1611 4996 hominis
1639 4940 1933 5012 imaginem
1966 4942 2133 4999 relin-
2235 4939 2333 5009 feci
2373 4953 2434 4991 ea
2463 4936 2678 5007 (Eseclt.
2723 4953 2870 5005 χιιι,
2920 4934 2998 5009 ξι).
3036 4937 3104 4992 Et
3138 4938 3206 4991 de
3251 4938 3452 5007 quibus
3496 4937 3544 4990 in
3574 4930 3672 4985 alio
3700 4928 3797 4978 Ιοω

529 5026 1518 5099 quentes,bestiarumetserpentium
1543 5050 1827 5101 sumpsere
1846 5035 2129 5107 imagines.
2236 5032 2463 5104 legimus
2515 5050 2525 5087 :
2576 5031 2712 5098 Quid
2751 5031 2842 5085 tibi
2882 5040 2954 5086 est
2992 5039 3040 5086 et
3078 5032 3174 5087 via:
3213 5031 3557 5102 Assyriorum,
3598 5036 3645 5078 ut
3681 5017 3796 5073 bim

530 5114 688 5171 Unde
719 5126 773 5171 et
808 5118 874 5171 ad
906 5118 1176 5175 Herodem
1206 5133 1430 5192 prOpter
1457 5129 1719 5183 malitiam
1752 5127 1955 5186 dicitur
1983 5147 1997 5183 :
2026 5128 2126 5197 Ite,
2239 5142 2405 5198 aquas
2450 5125 2720 5197 [iuntinum
2751 5122 2966 5194 (Jercm.
3012 5139 3070 5185 ιι,
3099 5123 3230 5188 18)?
3264 5123 3445 5181 Pisces
3475 5129 3698 5191 quoque,
3726 5121 3798 5161 8³·

523 5218 570 5269 et
599 5209 754 5264 dicite
785 5210 922 5281 t'ulpt'
948 5210 1074 5266 huic
1105 5214 1259 5286 (Luc.
1290 5232 1407 5282 χιιι,
1430 5218 1551 5289 32).
1586 5220 1650 5274 Et
1681 5220 1748 5275 ad
1783 5218 2086 5279 l‘harisaeos
2121 5238 2135 5281 :
2240 5235 2375 5289 gena
2408 5218 2568 5273 missa
2603 5219 2654 5273 in
2684 5217 2839 5284 mari,
2871 5225 3332 5283 ruinpntrescent,
3366 5213 3460 5285 qui
3490 5230 3515 5263 a
3545 5208 3689 5264 bouis
3712 5200 3793 5273 ρῖίσ

526 5300 805 5359 Cenimz’na
838 5305 1130 5376 viperarum
1182 5306 1401 5380 (Matth.
1435 5327 1597 5375 χχιιι,
1641 5312 1755 5385 55).
1804 5313 1869 5367 Et
1911 5314 1975 5368 ad
2011 5313 2136 5368 libi-
2240 5312 2394 5367 cibus
2425 5309 2628 5365 fuerint
2651 5309 2906 5379 separati.
2939 5308 3102 5381 578
3128 5306 3393 5375 Quodque
3422 5304 3693 5370 sequitur:
3721 5289 3797 5344 1η·

526 5394 761 5452 dinosos
789 5415 801 5450 :
831 5397 966 5469 Equi
987 5400 1367 5456 insanientesin
1389 5403 1607 5472 feminas
1629 5404 1755 5474 [acti
1776 5415 1895 5460 sunt
1914 5405 2134 5478 (Jerem.
2238 5404 2398 5461 duom
2425 5404 2609 5461 corium
2635 5401 2875 5467 tenebris,
2911 5413 2958 5454 et
2984 5401 3139 5469 quasi
3167 5400 3391 5453 cilicium
3423 5399 3518 5453 erit
3548 5398 3796 5463 ορεῑιιιιεθι·

528 5504 592 5556 v,
639 5489 735 5561 8).
777 5491 842 5547 Et
881 5492 950 5548 de
995 5493 1342 5563 Voluptuosis
1395 5512 1408 5549 :
1458 5496 1638 5552 Nolite
1686 5499 1888 5553 mittere
1925 5515 2137 5573 marga-
2240 5506 2346 5552 tum
2373 5501 2507 5572 ejus,
2539 5499 2623 5553 vel
2655 5511 2815 5552 omne
2845 5496 2988 5566 quod
3017 5506 3179 5564 supra
3211 5507 3310 5549 nos
3338 5501 3444 5558 est,
3470 5485 3796 5553 intelligam“!

524 5582 658 5638 ritas
698 5596 891 5641 vestras
931 5597 1050 5642 ante
1091 5605 1293 5659 porcos.
1342 5590 1410 5645 Et
1456 5592 1865 5663 impudentibus
1904 5608 1923 5650 :
1958 5592 2137 5666 Neque
2238 5593 2458 5664 coelum,
2490 5593 2630 5649 sicut
2653 5590 2887 5651 volatilit
2917 5603 3038 5662 quae
3068 5586 3121 5643 in
3152 5602 3278 5649 aere
3307 5594 3455 5659 sunt,
3486 5578 3794 5656 appellantur

602 5771 626 5805 ⁸
666 5763 744 5822 Ex
776 5781 938 5824 sacro
963 5769 1338 5856 testtt\‘ictor.
1372 5773 1656 5858 rescribit,
1680 5791 1747 5831 an
1780 5784 1934 5851 putas
1959 5788 1978 5831 :
2003 5783 2140 5861 tum,
2165 5774 2496 5857 etealtiberet
2524 5787 2628 5861 pro
2649 5780 2708 5835 ut
2734 5771 3011 5855 subibant.
