3932 6356
107 266 223 324 417

704 269 1357 335 COMMENTARIORUM
1401 282 1465 337 IN
1509 283 1739 339 ISAIA‘tl
1786 285 2214 350 PROPllETAM
2254 294 2384 351 LIB.
2427 296 2571 355 11111.
2613 299 2773 359 CAP.
2816 303 2878 360 L.

3336 310 3447 371 118

104 381 410 494 caelestia;
440 394 507 442 et
534 384 853 494 adversariae.
883 400 1178 460 potestates
1201 396 1456 454 dicuntur
1475 417 1733 463 0880001-
1758 411 1808 471 Α
1839 412 1927 466 sit.
1976 414 2141 471 Aiunt
2174 416 2510 488 philosophi,
2555 436 2662 476 non
2707 425 2936 494 amplius
2968 426 3158 483 decem
3188 430 3381 487 stadiis
3410 447 3441 487 ι

104 473 315 541 testes,
364 493 497 547 qua:
534 477 674 533 inter
700 479 898 536 coelum
931 493 1241 557 terramque
1270 490 1603 550 discurrunt.
1641 498 1735 555 Vel

102 576 268 624 certe
320 569 574 626 induitur
616 572 820 628 calum
863 576 1103 633 tenebris
1129 620 1143 643 ,
1191 584 1410 652 quando
1446 588 1732 645 obtexitur

104 660 380 718 nubibus.
408 662 570 717 Juxta
590 664 723 719 illud
746 668 889 738 quod
906 670 1168 740 scriptum
1183 685 1264 729 est
1289 694 1304 732 z
1328 676 1428 741 Qui
1445 681 1609 751 aperit
1631 700 1730 738 cte-

101 750 214 806 lum
236 752 499 820 nubibus,
523 763 570 808 et
597 756 688 811 dat
715 769 864 814 terra:
895 760 1125 830 pluviam
1141 765 1315 837 (Psal.
1344 785 1526 837 cum,
1550 773 1629 845 8).
1662 776 1731 832 Et

101 843 157 898 iu
198 847 647 904 comminatione
685 850 952 909 siccitatis
989 857 1232 923 loquitur
1269 860 1412 916 Deus
1457 885 1469 918 :

1843 514 1985 561 terra
2025 510 2196 566 nubes
2227 511 2280 565 in
2311 514 2547 569 sublime
2573 517 2809 585 sustolli,
2839 529 2895 573 et
2923 519 3063 575 solis
3090 522 3437 587 splendorem

1837 600 2193 660 abscondere.
2241 606 2381 679 Ergo
2413 623 2520 663 non
2549 610 2753 667 caelum
2783 625 2945 667 sacco
2971 614 3306 681 obvolvitur,
3338 617 3437 674 sed

1837 693 2135 749 intercluso
2172 698 2295 753 ctuti
2341 699 2546 755 lumine
2574 718 2668 755 aer
2694 705 2782 774 qui
2815 706 3005 761 subter
3032 717 3136 777 est,
3168 707 3325 765 nubis
3352 718 3436 766 to-

1835 787 2017 842 ncbris
2052 789 2394 847 obscuratur.
2431 794 2734 852 Possumus
2766 799 2940 855 caelos
2970 800 3262 863 thantllos
3290 818 3443 862 tenev

1458 885 1469 918 :
1519 864 1727 924 Ponant
1829 878 1967 946 bris,
2014 891 2069 936 et
2110 897 2273 937 sacco
2313 896 2555 950 opertos.
2583 889 2662 943 sic
2692 889 3064 960 interpretari,
3104 904 3163 949 ut
3188 896 3433 953 dicamus

98 936 288 993 calum
329 957 563 1011 evneum,
607 955 657 1001 et
695 957 883 1003 terram
913 952 1136 1022 ferream
1164 953 1348 1028 (Deut.
1383 974 1572 1026 utut,
1602 961 1722 1034 23).

100 1030 221 1087 Non
264 1035 422 1105 quod
468 1038 866 1098 elementorum
912 1055 1102 1100 natura
1143 1058 1405 1115 mutetur,
1451 1055 1545 1109 sed
1576 1030 1720 1126 quod

100 1142 203 1198 per
250 1144 331 1187 {es
384 1140 446 1188 et
491 1132 697 1192 ferrum
740 1153 1020 1208 pmnarum
1067 1146 1380 1214 magnitudo
1421 1159 1720 1207 monstrata

1829 985 2020 1026 omnes
2050 988 2174 1028 esse
2202 975 2303 1027 sub
2333 983 2576 1045 peccato,
2609 988 2665 1034 et
2692 989 2912 1037 sanctus
2940 997 3157 1056 quoque
3189 987 3434 1059 indigere

1829 1061 2204 1120 misericordia
2239 1065 2354 1123 Dei.

106 1260 3407 1323 ——————_____________________________,____

675 1408 1185 1520 LIBER
1259 1415 1984 1528 DECIMUS
2067 1412 2841 1550 QUARTUS.

1591 1616 1954 1635 ψ

159 1734 539 1816 577-578
570 1742 831 1800 Dominus
862 1748 952 1817 qui
982 1748 1210 1818 respicit
1241 1757 1464 1813 terram,
1499 1760 1555 1805 et
1585 1747 1712 1807 facit
1743 1755 1791 1814 B
1818 1754 2116 1834 meus,ideo
2131 1772 2231 1811 non
2244 1772 2359 1811 sum
2376 1762 2625 1831 confusus
2644 1761 2793 1815 :ideo
2814 1763 2966 1834 posui
2979 1764 3165 1832 faciem
3186 1782 3351 1821 meam
3370 1774 3425 1821 ut

88 1849 206 1890 eam
240 1845 497 1893 tremere
522 1854 537 1903 ;
562 1839 652 1909 qui
683 1840 861 1910 tangit
889 1850 1130 1908 montes,
1155 1853 1210 1897 et
1236 1844 1571 1913 funtigaltunt
1598 1843 1706 1918 [AL

88 1927 408 2002 fumabunt]
444 1928 631 2002 (Psal.
661 1934 813 2001 ’cm),
846 1933 937 2003 qui
985 1935 1224 2004 loquitur
1269 1935 1317 1989 in
1372 1938 1711 1993 [1001111100-

90 2019 181 2074 11111
208 2020 437 2077 cantico
470 2040 487 2077 :
538 2022 652 2096 Ego
692 2026 945 2093 occidam,
978 2033 1026 2079 et
1064 2044 1156 2098 ego
1185 2027 1452 2097 viviﬁcabo
1476 2045 1495 2084 :
1521 2047 1708 2103 percu-

89 2113 206 2168 tiam
234 2123 284 2170 et
310 2132 414 2190 ego
444 2115 650 2171 sanabo
678 2116 861 2190 (Deut.
912 2135 1088 2183 χχχιι,
1139 2120 1255 2194 59),
1283 2131 1307 2158 ³
1331 2121 1709 2191 frequentibus

90 2208 295 2263 morbis
347 2224 539 2266 meum
585 2226 805 2282 quoque
851 2222 1052 2268 terram
1099 2210 1227 2269 let-it
1257 2218 1706 2283 comremiscere,

90 2299 169 2353 cui
190 2299 407 2355 dictum
439 2309 577 2357 est:
609 2298 773 2357 Term
801 2319 876 2370 es,
906 2314 951 2357 et
975 2306 1027 2358 in
1053 2314 1242 2359 terram
1266 2308 1360 2361 ibis
1392 2304 1601 2373 (Cenes.
1625 2324 1705 2375 111,

93 2391 199 2458 19).
240 2391 310 2447 Et
354 2393 598 2449 oblitum
629 2394 962 2450 conditionis
993 2397 1266 2463 illiillalltl‘,
1301 2401 1493 2455 crebro
1519 2401 1706 2458 admo-

94 2493 201 2551 net,
232 2498 293 2542 ut
338 2486 634 2542 imminent
665 2496 719 2544 et
748 2503 960 2556 senem,
1004 2500 1061 2546 et
1103 2491 1440 2563 jamjatnquc
1480 2497 1709 2550 moritu-

94 2593 205 2632 rum
247 2592 375 2635 esse
408 2596 505 2636 me
536 2583 806 2637 noverim.
841 2581 919 2638 De
958 2596 1066 2652 quo
1093 2582 1353 2642 scribitur
1384 2606 1397 2642 :
1432 2587 1570 2654 Quid
1595 2589 1707 2659 glo-

92 2669 254 2724 riatur
280 2682 425 2727 terra
452 2682 503 2727 et
530 2674 659 2729 cinis
686 2672 878 2739 (Eccli.
910 2690 966 2733 11.
989 2675 1082 2735 9)?
1111 2674 1266 2732 Unde
1292 2679 1382 2747 qui
1408 2695 1494 2733 me
1522 2681 1705 2734 subdo

94 2761 355 2835 languore
384 2781 764 2836 percusserat,
796 2768 1106 2823 incredibili
1135 2770 1427 2826 velocitate
1447 2774 1661 2827 sanavit
1688 2788 1701 2827 :

95 2867 147 2914 ut
182 2870 427 2917 terreret
484 2866 685 2933 potius.
743 2870 907 2934 quam
951 2862 1241 2933 afﬂigeret.
1289 2874 1339 2919 et
1388 2866 1706 2921 emendaret

96 2958 259 3021 magis
287 2970 460 3025 quam
492 2955 828 3011 verberaret.
856 2955 1045 3025 itaque
1073 2955 1251 3012 sciens
1274 2955 1428 3027 cujus
1450 2958 1526 3011 sit
1547 2972 1707 3013 omne

94 3046 229 3110 quod
265 3047 422 3113 vivo,
461 3055 518 3102 ct
556 3047 699 3117 quod
747 3047 956 3104 ideirco
1007 3049 1234 3104 forsitan
1288 3065 1406 3103 mea
1451 3048 1706 3104 dormilio

1815 1830 2015 1916 petram
2046 1847 2401 1915 durissimam,
2424 1860 2472 1904 et
2500 1853 2608 1907 scio
2638 1855 2758 1925 quia
2784 1872 2886 1910 non
2906 1856 3222 1928 confundor.
3242 1857 3381 1916 LXX
3404 1878 3419 1917 :

1816 1936 2069 1993 Dominus
2094 1941 2181 1995 dat
2202 1941 2331 1997 mihi
2353 1942 2588 2013 linguam
2610 1945 2921 2014 disciplima,
2948 1959 3005 2003 ut
3027 1950 3183 2004 sciam
3211 1953 3419 2024 quando

1814 2039 2046 2100 aporteat
2086 2048 2165 2085 me
2204 2033 2345 2103 loqui
2381 2032 2607 2088 verbum.
2658 2035 2842 2090 Posuit
2871 2055 2950 2093 me
2995 2056 3162 2104 mane,
3210 2040 3419 2098 addidit

1810 2122 1938 2176 mihi
1959 2138 2134 2177 aurem
2161 2125 2229 2179 ad
2250 2127 2567 2182 audiendum
2582 2145 2602 2194 ;
2623 2139 2669 2183 et
2696 2129 2975 2205 disciplina
3000 2130 3215 2189 Domini
3245 2136 3417 2205 aperit

1810 2231 1960 2270 aures
1989 2232 2146 2272 meas.
2196 2216 2310 2291 Ego
2341 2230 2513 2274 autem
2543 2236 2645 2275 non
2676 2239 2859 2293 renuo,
2894 2242 3057 2294 neque
3087 2226 3415 2289 contradico.

1810 2304 2041 2364 Dorsum
2066 2326 2235 2365 meum
2265 2311 2386 2366 dedi
2411 2311 2481 2367 ad
2511 2314 2743 2387 ﬂagella,
2774 2328 2820 2373 et
2841 2334 2998 2389 genas
3029 2336 3168 2374 meas
3197 2320 3266 2375 ad
3304 2320 3416 2378 ala-

1811 2412 1927 2465 pas.
1961 2396 2170 2454 Faciem
2202 2411 2373 2456 autem
2402 2418 2565 2457 meum
2594 2420 2695 2460 non
2724 2412 2889 2461 averti
2914 2427 2946 2464 a
2968 2412 3272 2481 confusione
3292 2430 3419 2486 spu-

1811 2500 1998 2545 torunt.
2029 2491 2096 2547 Et
2118 2491 2377 2549 Dominus
2403 2498 2688 2553 auxiliator
2708 2514 2850 2554 meus
2881 2509 2977 2570 est,
3005 2515 3281 2575 propterea
3316 2518 3419 2559 non

1807 2600 1919 2639 sum
1950 2590 2196 2657 confusus
2222 2604 2241 2642 :
2279 2589 2370 2642 sed
2395 2592 2549 2662 posui
2578 2592 2764 2662 faciem
2807 2611 2972 2649 meum
3018 2596 3151 2650 sicut
3191 2596 3421 2668 fortissi-

1807 2694 1941 2732 mam
1971 2689 2188 2748 petram,
2214 2688 2264 2735 et
2293 2681 2453 2735 sciam
2484 2683 2729 2753 quoniam
2758 2702 2860 2738 non
2888 2688 3202 2757 confundor.
3236 2688 3415 2748 Judaei

1809 2767 1912 2824 hoc
1944 2772 2241 2840 capitulum
2276 2786 2306 2826 a
2338 2773 2716 2841 superioribus
2753 2789 3095 2849 separantes,
3127 2781 3321 2837 volunt
3349 2781 3420 2839 ad

1808 2860 1961 2917 Isaia:
2006 2865 2215 2920 referre
2258 2880 2572 2936 personam,
2608 2869 2752 2939 quod
2806 2884 2864 2925 se
2910 2871 3057 2927 dicat
3110 2890 3139 2927 a
3184 2872 3418 2931 Domino

1808 2953 2087 3021 accepisse
2110 2972 2440 3025 sermonem,
2473 2959 2752 3029 quomodo
2786 2963 2990 3019 lassum
3018 2976 3414 3036 errantemque

1810 3045 2069 3113 populum
2088 3057 2350 3103 suateutet
2366 3093 2379 3113 ,
2399 3060 2453 3105 et
2471 3064 2687 3107 revocet
2702 3055 2767 3108 ad
2784 3056 3038 3123 salutem;
3055 3070 3108 3114 et
3128 3061 3181 3115 111
3203 3075 3412 3117 morem

96 3135 410 3202 differatur,
446 3148 502 3192 ut
532 3149 772 3209 C(Bpluttt
806 3140 858 3195 in
895 3140 1193 3210 Prophetas
1240 3155 1381 3211 Opus
1427 3143 1700 3212 expleam,
1732 3150 1777 3213 ρ
1811 3137 2184 3205 parvulorum,
2216 3138 2309 3210 qui
2339 3144 2625 3199 matutinis
2670 3145 2818 3200 horis
2847 3150 3194 3219 erudiuntur,
3230 3169 3257 3207 a
3287 3154 3415 3226 Spi-

92 3235 256 3285 lotutn
321 3247 415 3285 me
471 3230 597 3285 huic
648 3232 805 3288 trado
844 3233 1045 3301 studio,
1082 3242 1137 3289 et
1183 3236 1337 3304 quasi
1382 3235 1434 3288 in
1469 3235 1700 3306 quadam

95 3328 307 3395 specula
368 3328 743 3390 constitutus.
794 3331 978 3385 mundi
1034 3330 1196 3402 hujus
1249 3332 1495 3387 turbines
1541 3346 1701 3402 atque

96 3420 406 3491 naufragia,
437 3436 542 3477 non
568 3422 775 3492 absque
803 3420 1005 3493 ge‘miln
1036 3434 1091 3478 et
1125 3426 1314 3481 dolore
1339 3429 1697 3496 contemplor;

96 3527 437 3584 nequaquam
469 3515 756 3585 111-1081111111
794 3522 1059 3587 rogitans,
1087 3518 1181 3574 Sed
1215 3519 1391 3575 futura
1422 3565 1428 3573 .
1467 3535 1564 3575 nec
1597 3520 1697 3576 ho-

97 3608 291 3664 minum
325 3611 528 3665 fatuam
573 3620 737 3680 atque
766 3615 1136 3682 rumusculos,
1170 3616 1263 3669 sed
1308 3616 1401 3671 Dei
1428 3617 1693 3686 judicium

97 3703 539 3768 pcrtremiscens.
590 3702 798 3776 Tuque,
851 3705 1018 3778 Virgo
1062 3709 1268 3764 Citriin
1316 3711 1691 3779 Ensmchium,

95 3808 201 3855 qua:
224 3791 250 3831 δ
281 3806 652 3866 aegrotantem
687 3800 794 3853 tuis
825 3801 1165 3857 orationibus
1196 3802 1472 3871 adjttt‘isti,
1502 3815 1693 3862 sanato

95 3880 194 3953 [AL
228 3889 507 3962 sanetam]
530 3906 747 3962 quoque
781 3892 1083 3961 imprccme
1113 3899 1339 3963 gratiam
1384 3897 1606 3965 Chiisti,
1637 3908 1695 3954 ut

95 3975 271 4034 eodem
299 3982 527 4050 spiritu,
553 3999 663 4054 quo
686 3983 974 4054 Propheta.-
998 3986 1175 4042 futura
1201 3989 1541 4059 cecinerunt,
1571 4010 1692 4061 pos-

96 4068 186 4124 sitn
215 4070 269 4128 in
311 4072 515 4132 nubem
563 4093 751 4132 eorum
801 4078 1012 4151 ingredi
1045 4093 1100 4135 et
1140 4084 1447 4154 caliginem,
1494 4097 1548 4141 et
1598 4088 1687 4144 Dei

99 4175 247 4219 nosse
294 4183 633 4236 sermonem,
678 4172 767 4242 qui
822 4187 1163 4243 nequaquam
1211 4176 1393 4231 carnis
1444 4180 1686 4246 auribus,

96 4251 179 4305 sed
207 4257 385 4312 cordis
413 4260 668 4328 auditur;
700 4273 754 4317 et
781 4262 965 4317 dicere
992 4280 1118 4319 cum
1154 4264 1421 4333 Protthelu
1451 4286 1464 4319 :
1506 4268 1688 4324 Domi-

98 4356 182 4397 nus
209 4344 295 4401 dat
332 4350 464 4406 mihi
515 4350 752 4428 linguam
801 4355 1123 4422 disciplima.
1168 4367 1222 4411 ut
1266 4360 1431 4411 sciam
1475 4361 1689 4432 quando

99 4448 312 4505 Oporteat
338 4462 417 4503 me
445 4446 611 4514 loqui.
644 4447 801 4516 Quod
835 4450 1212 4506 testimonium
1246 4455 1426 4523 quarti
1460 4463 1517 4509 et
1542 4455 1689 4510 deci-

1806 3231 1916 3285 ritu
1956 3244 2146 3287 sanCto
2173 3233 2357 3288 audiat
2388 3236 2513 3306 quid
2544 3234 2801 3305 loquatur
2825 3258 2838 3294 :
2863 3256 3030 3313 seque
3060 3261 3168 3299 non
3197 3257 3420 3303 contra-

1803 3321 2012 3379 dtaisse
2042 3325 2160 3391 eius
2190 3327 2445 3393 imperio,
2478 3329 2573 3383 sed
2604 3329 2840 3387 Domino
2865 3335 3179 3390 δεῖ-1111111110
3205 3355 3219 3391 :
3248 3338 3414 3406 Quem

1803 3419 2020 3485 mittam,
2051 3431 2099 3473 et
2136 3422 2251 3493 quis
2294 3421 2387 3475 ibit
2419 3423 2487 3477 ad
2525 3422 2776 3496 populum
2817 3426 3014 3481 istum?
3062 3431 3413 3498 respondisse

1798 3513 1847 3564 ei
1877 3526 1889 3562 :
1924 3509 2053 3565 Ecce
2079 3526 2192 3585 ego,
2227 3514 2369 3567 mitte
2394 3530 2474 3569 me
2502 3513 2661 3582 (Isai,
2700 3531 2772 3583 \‘l,
2799 3520 2875 3585 8).
2910 3510 2972 3573 Et
3005 3523 3128 3589 quia
3159 3520 3364 3578 dixerit
3393 3540 3410 3580 :

1799 3603 1986 3658 Audite
2016 3604 2218 3660 verbum
2249 3602 2487 3678 Domini,
2518 3610 2784 3682 principes
2815 3609 3166 3667 Sodomorum
3195 3630 3215 3669 :
3241 3614 3412 3687 perci-

1795 3698 1899 3765 pite
1915 3699 2126 3754 auribus
2143 3696 2325 3773 Legem
2354 3696 2448 3756 Dei
2471 3706 2655 3773 nostri,
2672 3704 2899 3776 populus
2924 3704 3405 3782 Gomorrltatflsai.

1795 3806 1834 3859 1,
1868 3793 1975 3861 18),
2008 3793 2277 3849 101111110111
2303 3794 2438 3850 dura
2469 3812 2817 3869 perpessum,
2844 3804 2897 3854 ut
2928 3814 3035 3855 non
3067 3803 3242 3857 solum
3285 3820 3408 3860 ver-

1794 3884 1988 3940 borum
2036 3886 2409 3959 coatumeliis,
2445 3890 2537 3945 sed
2568 3901 2624 3945 et
2655 3892 2936 3961 plagarum
2967 3893 3256 3951 duim-ibus
3285 3896 3406 3954 fue-

1793 3979 1867 4032 rit
1894 3979 2195 4048 eXporitns.
2240 3986 2497 4038 Attamen
2542 3996 2602 4038 se
2641 3988 2983 4042 conscientia
3027 3988 3273 4055 iubentis
3306 3988 3406 4047 Dei

1794 4086 2137 4141 nequiquam
2192 4090 2318 4131 esse
2364 4078 2759 4147 perterritum;
2809 4081 2906 4135 sed
2950 4081 3100 4150 juxta
3155 4082 3207 4135 id
3256 4083 3403 4148 quod

1794 4161 2067 4226 Ezechieli
2107 4164 2348 4221 dicitur:
2385 4167 2518 4223 Ecce
2547 4169 2665 4222 dedi
2699 4170 2883 4241 facient
2932 4180 3071 4225 tuam
3120 4171 3284 4247 580
3314 4190 3401 4230 va-

1791 4255 2056 4314 lentiorem
2103 4261 2333 4328 faciebas
2374 4276 2573 4331 eorum,
2620 4272 2666 4317 et
2708 4264 2929 4334 frontem
2959 4273 3098 4321 tuam
3129 4267 3397 4324 duriorem

1790 4348 2048 4418 frontibus
2086 4367 2284 4421 eorum,
2314 4364 2369 4408 ut
2396 4354 2727 4410 adamantem
2751 4364 2798 4410 et
2829 4354 3028 4413 silicem
3057 4362 3177 4415 dedi
3213 4362 3396 4434 facient

1789 4450 1930 4495 tuam
1959 4442 2174 4510 (Ezech.
2221 4448 2303 4514 111,
2355 4446 2410 4514 8,
2460 4449 2535 4519 9),
2591 4450 2875 4506 universos
2921 4466 3108 4508 eorum
3160 4456 3397 4523 impetu!

100 4528 163 4579 1111
192 4530 241 4586 111
265 4532 460 4593 Isaiam
488 4538 814 4612 libri,quem
842 4558 986 4599 nunc
1014 4543 1291 4602 disserere
1317 4547 1498 4620 cupio,
1537 4548 1684 4618 prin.
1711 4545 1765 4606 1)
1790 4534 2124 4591 contudisse.
2154 4534 2269 4592 Hoc
2296 4536 2374 4592 illi
2403 4539 2666 4608 dixerint,
2715 4541 2807 4613 qui
2854 4545 3004 4599 omni
3057 4547 3271 4603 ratione
3303 4563 3398 4605 co-

101 4615 280 4687 Cipium
311 4639 416 4685 est.

162 4775 315 4854 579
342 4786 503 4860 (Cap.
537 4788 598 4844 L.
636 4820 710 4833 -—
746 4788 903 4847 Vers.
941 4794 973 4848 l
1004 4790 1186 4865 seqq.)
1236 4794 1495 4854 Dominus
1540 4799 1684 4854 dedit

106 4868 218 4965 mihi
252 4875 485 4951 linguam
521 4883 796 4949 eruditam,
842 4893 899 4938 ut
931 4885 1091 4939 sciam
1120 4900 1408 4945 sustentare
1448 4908 1562 4946 eum
1594 4894 1686 4965 qui

107 4954 257 5021 lassus
281 4980 354 5026 est
380 4974 553 5033 verba.
587 4974 760 5052 Erigit
783 4995 956 5045 mane,
980 4996 1132 5035 mane
1156 4982 1308 5056 erigit
1329 4985 1458 5039 mihi
1478 5004 1677 5057 aurem,

111 5060 158 5103 ιιι
198 5060 395 5118 audiam
434 5070 582 5137 quasi
626 5071 945 5142 magistrum.
998 5070 1247 5128 Dominus
1299 5074 1437 5132 Deus
1481 5081 1687 5151 aperuit

106 5144 216 5201 mihi
236 5168 410 5222 aurem
431 5178 450 5216 :
477 5178 571 5233 ego
597 5176 769 5219 autem
793 5181 895 5220 non
916 5169 1218 5223 contradico
1245 5182 1560 5226 :retrorsum
1579 5190 1683 5230 non

106 5235 413 5333 {uili-Corpus
431 5270 597 5309 meum
611 5255 733 5310 dedi
745 5259 1171 5326 percutientibus.
1186 5271 1234 5315 et
1259 5280 1567 5333 genasmeas
1581 5268 1683 5323 rel-

108 5325 318 5395 leutibus.
335 5343 544 5404 Facient
560 5367 722 5406 meam
736 5370 839 5407 non
851 5357 1010 5408 averti
1022 5356 1084 5410 ab
1098 5357 1481 5429 increpantibus
1496 5371 1543 5417 e'
1557 5379 1680 5418 con-

1790 4634 1993 4682 nantnr
2036 4627 2105 4683 de
2151 4625 2372 4683 Christo
2404 4642 2652 4686 evertere
2687 4632 3026 4702 prophetias.
3059 4648 3114 4692 et
3154 4638 3221 4691 ad
3273 4653 3396 4707 pcr-

1786 4734 2002 4775 versam
2036 4720 2457 4791 intelligentiam
2493 4737 2654 4789 prava
2684 4722 3138 4793 interpretatione
3172 4738 3395 4799 torque-

1787 4826 1845 4866 re
1873 4831 1886 4866 :
1917 4813 2069 4881 quasi
2102 4812 2151 4869 si
2180 4823 2236 4869 et
2268 4813 2387 4870 huic
2413 4814 2483 4871 de
2502 4812 2638 4870 Isaia
2665 4816 2865 4887 scripta
2892 4816 3024 4883 sint,
3056 4820 3269 4887 possint
3289 4821 3395 4879 alia

1782 4919 1947 4976 super
1976 4903 2196 4961 Christo
2225 4904 2441 4962 auferre
2471 4909 2807 4979 testimonia,
2840 4924 2959 4978 qum
2993 4911 3063 4966 ita
3102 4914 3388 4984 perspicua

1782 5008 1930 5067 sunt,
1959 5007 2020 5054 ut
2048 5000 2255 5056 clarum
2297 5001 2383 5058 sui
2424 5012 2748 5058 cunctorum
2780 5004 2955 5062 oculis
2986 5001 3165 5063 lumen
3210 5008 3392 5067 11111111-

1785 5091 1934 5146 dant.
1973 5092 2054 5147 Ad
2085 5108 2375 5163 personam
2410 5094 2575 5163 igitur
2607 5095 2842 5167 Domini,
2887 5099 2939 5153 in
2993 5115 3097 5170 qua
3130 5112 3183 5156 et
3227 5118 3391 5173 supe-

1781 5181 1894 5237 rior
1938 5182 2124 5238 ﬁnitus
2176 5196 2259 5240 est
2309 5185 2468 5254 liber,
2502 5187 2666 5241 etiam
2711 5191 2812 5244 ista
2864 5188 3154 5248 relerenda
3204 5201 3386 5252 sunt:

1781 5273 1924 5343 quod
1953 5276 2105 5341 juxta
2138 5275 2613 5343 dispensationem
2658 5282 2926 5350 assnmpti
2976 5284 3226 5352 corporis
3265 5299 3393 5338 eru-

1776 5365 1922 5420 ditus
1953 5367 2045 5433 sit,
2080 5378 2135 5421 et
2165 5367 2405 5439 linguam
2437 5372 2717 5439 acceperit
2754 5372 3087 5443 disciplinae,
3118 5386 3175 5427 111
3217 5376 3388 5433 sciret

110 5431 667 5498 sMentibus.Dominus
683 5441 1019 5517 Deus[Vuig.
1044 5448 1189 5504 addit
1214 5449 1679 5523 mettslauxiliator
1778 5457 1999 5529 quando
2026 5431 2452 5532 deberct'loqui,
2482 5431 2701 5533 quando
2735 5431 2994 5521 reticere.
3024 5431 3267 5536 Denique
3293 5431 3387 5539 qui

170 5578 594 5681 :nfrfqttentibus
623 5596 816 5681 morbis
842 5615 1030 5662 meum.
1064 5613 1170 5659 etc.
1196 5598 1456 5681 Quotidie
1486 5617 1543 5665 et
1573 5626 1675 5681 ego

110 5648 471 5766 32112352:
484 5648 610 5766 ctuti
639 5648 1139 5766 Hieronymopnec
1170 5648 1358 5733 diibito
1385 5648 1666 5766 (lumini;

145 5731 341 5814 {timuit}
364 5736 641 5814 differatur
670 5751 728 5814 ut
754 5731 1003 5813 coquum
1049 5731 1291 5814 operum
1319 5731 1668 5810 81111111111011Ῐ

115 5791 230 5865 ita.
255 5791 1507 5905 manu“'egpiaa'a'ﬁtagts'nutrit;
1537 5791 1667 5909 illi.

1784 5615 1940 5669 trado
1968 5616 2173 5692 studio,
2204 5634 2542 5692 nequaquam
2572 5622 2890 5677 criticorum
2918 5624 3383 5692 etgha‘reticorum

1771 5691 2138 5758 rumusculos,
2166 5690 2261 5747 sed
2292 5688 2696 5766 Dei'judicium
2742 5688 3193 5779 pertreuiiscens.
3230 5699 3384 5764 Mut-

1769 5771 1917 5815 ΊῚᾹΝ.
3044 5773 3048 5779 “
3326 5782 3334 5790 ’

1840 5831 1867 5871 δ
1901 5831 2177 5919 1111111001,
2205 5836 2293 5921 qui
2323 5838 2551 5902 mascul.
2582 5853 2807 5937 gener?-
