3932 6346
519 252 626 313 479

1753 242 1813 301 S.
1857 239 2126 300 EUSEBII
2165 237 2549 298 HIERONYMI

3739 237 3826 294 £80

515 367 575 425 in
606 369 869 441 passione
914 366 1116 434 tacuit,
1164 378 1260 435 per
1308 361 1629 434 Apostolos,
1682 370 1739 418 et
1777 359 2127 432 Apostolieos
2153 357 2542 425 AJerusalent
2598 354 2851 412 dicitur:
2903 351 3200 424 Justiﬁcata
3261 361 3342 407 est
3402 350 3645 406 Sodoma
3693 367 3748 407 es
3791 364 3830 408 te

525 462 710 529 viros,
763 461 816 514 in
868 465 1068 514 cuncto
1127 455 1261 512 orbe
1309 471 1453 511 nunc
1500 454 1761 526 loquitur.
1809 453 2128 524 Magonique

525 554 774 609 scientiae
804 559 909 619 est,
952 550 1084 607 dare
1127 550 1181 604 in
1215 557 1464 619 tempore
1501 548 1786 604 conservis
1815 546 2043 612 cibaria,
2076 552 2132 599 et

525 645 867 701 audientium
895 644 1254 700 considerare
1278 658 1564 715 personas.
1590 641 1745 698 Unde
1763 650 1817 695 et
1840 639 2132 710 Apostolus

530 738 753 808 Paulus,
782 738 868 794 his
888 739 979 810 qui
1013 737 1411 808 Prophetarum
1444 735 1602 791 [idem
1630 750 1736 790 non
1770 722 2132 803 recipicbzint,

527 838 814 886 auctorum
845 844 1068 884 suorum
1098 829 1340 899 loquitu’r
1368 826 1739 904 testimoniis:
1774 827 1904 879 sicut
1925 824 2135 895 quidam

530 925 595 979 de
633 926 814 979 vestris
863 924 1026 992 poetis
1083 924 1328 977 dixerunt
1375 938 1394 976 :
1444 919 1622 992 Hujus
1671 929 1718 974 et
1758 936 1918 990 genus
1962 935 2137 973 suntus

533 1014 672 1087 (Act.
709 1031 846 1084 xvtt,
880 1015 973 1086 28)
1003 1033 1018 1071 :
1046 1017 1273 1070 Aratum
1305 1014 1643 1084 signiticans.
1679 1011 2028 1080 Rursumque
2072 1011 2140 1066 de

532 1109 809 1165 Contico:
855 1107 1202 1179 Corrumpunt
1260 1123 1430 1161 mores
1484 1105 1642 1158 bonos
1697 1103 2140 1176 confabulationes

534 1201 689 1255 mala:
719 1199 767 1271 (ι
788 1199 911 1254 Cor.
937 1215 1028 1270 xv,
1048 1198 1164 1270 55);
1194 1197 1605 1268 etEpimenidis
1635 1212 1853 1252 versum
1885 1196 2144 1252 hexame-

536 1303 682 1349 trum
711 1312 722 1346 :
753 1294 1016 1348 Cretenses
1047 1310 1245 1364 semper
1278 1295 1571 1357 mendaces,
1603 1292 1757 1346 matre
1791 1292 1983 1357 bestite,
2018 1305 2142 1344 ven-

539 1396 641 1440 tres
671 1385 808 1456 pigri
841 1383 971 1456 (Tit.
1006 1403 1045 1453 ι,
1089 1385 1181 1455 12)
1213 1395 1259 1438 ε.
1303 1385 1405 1451 Qui
1461 1388 1505 1439 si
1562 1393 1862 1440 metrorum
1891 1383 2142 1438 ordinem

539 1487 704 1549 atque
736 1495 1050 1534 mensuram
1083 1480 1135 1535 in
1163 1479 1523 1536 translatione
1549 1495 1656 1534 non
1683 1487 1928 1547 servant,
1963 1480 2145 1535 scien-

541 1570 670 1626 dum
703 1580 788 1628 est
818 1573 871 1626 in
903 1557 1097 1628 Graeco
1142 1587 1239 1628 eos
1274 1572 1504 1642 pedibus
1531 1586 1775 1627 currere.
1809 1571 1921 1626 lloc
1962 1581 2144 1626 autem

541 1663 801 1733 faciebat,
827 1663 956 1735 quia
980 1675 1269 1736 acceperat
1295 1665 1530 1737 linguam
1555 1663 1882 1734 disciplima,
1901 1673 1957 1719 ut
1983 1664 2148 1718 sciret

2235 449 2449 521 (Ezeeh.
2480 467 2594 518 xvt,
2627 449 2744 520 52).
2771 449 2910 519 Quia
2935 450 3100 520 igitur
3121 449 3312 504 nullus
3346 456 3541 517 potest
3569 447 3826 518 iustiﬁcari

2236 559 2508 621 prresente
2548 545 2802 611 Domino,
2839 559 3034 599 omnes
3070 543 3218 613 quasi
3273 542 3679 596 vestimentum
3705 550 3827 596 vete-

2239 650 2459 698 rascent
2481 640 2602 712 (Ps.
2633 641 2728 709 et).
2772 633 2927 706 Quod
2961 649 3140 691 autent
3173 637 3566 702 inveterascit,
3601 634 3826 703 perditio-

2239 737 2294 792 ni
2327 736 2640 807 proximum
2669 742 2774 788 est.
2802 733 2868 787 Et
2899 731 3052 801 quasi
3105 732 3268 793 tinea,
3323 730 3429 797 ait,
3475 727 3700 783 comedet
3734 744 3823 781 eos.

2241 829 2593 886 Conscientia
2625 826 2883 882 videlicet
2913 833 3302 895 peccatorum;
3337 831 3396 877 et
3433 821 3587 876 zelus
3613 821 3825 891 gentium

2241 924 2601 978 salvatarum.
2639 921 2714 975 De
2738 935 2844 988 quo
2877 920 2928 973 in
2961 919 3066 973 line
3097 917 3260 987 hujus
3289 914 3603 971 voluminis
3628 914 3825 969 dicitur:

2250 1015 2450 1070 Vermis
2478 1030 2655 1068 eorum
2674 1029 2775 1066 non
2802 1012 3071 1065 morietur.
3099 1009 3170 1064 Et
3191 1011 3241 1063 in
3275 1007 3516 1062 Micbma
3538 1015 3713 1062 contra
3731 1022 3824 1075 pcr-

2245 1123 2433 1165 versos
2461 1108 2771 1178 principes:
2824 1105 3076 1174 Auferam
3127 1103 3264 1157 bona
3293 1118 3487 1157 eorum
3535 1100 3678 1170 quasi
3716 1104 3823 1153 tinea

2246 1200 2584 1257 exeontedeus
2614 1241 2630 1266 ,
2661 1211 2708 1254 et
2753 1197 3030 1252 ambulans
3061 1212 3213 1267 super
3241 1194 3502 1265 regulam
3533 1194 3586 1246 in
3615 1192 3694 1246 die
3727 1209 3822 1261 spe-

2247 1296 2522 1350 culationis
2552 1293 2741 1360 (Mich.
2778 1308 2872 1355 vtt,
2903 1293 2958 1354 4,
2977 1306 3084 1345 sec.
3108 1288 3307 1359 LXX).
3333 1288 3405 1344 Et
3435 1289 3490 1342 in
3517 1285 3823 1342 Proverbiis:

2252 1386 2413 1443 Tinea
2434 1389 2624 1442 ossium
2651 1402 2738 1440 cor
2765 1386 2927 1458 582
2948 1381 3245 1455 intelligens
3279 1380 3480 1452 (Prov.
3510 1395 3616 1445 xlv,
3639 1378 3719 1444 30,
3740 1394 3821 1432 sec.

2251 1483 2443 1552 LXX).
2505 1483 2610 1537 Pro
2662 1483 2824 1548 tinea,
2865 1481 2919 1534 in
2970 1480 3226 1550 prtescuti
3265 1479 3398 1532 loco
3453 1473 3822 1547 Symmachus,

2248 1577 2570 1648 rubiginem:
2604 1577 2794 1647 Aquila
2824 1591 3065 1639 verment,
3101 1570 3470 1644 interpretati
3500 1579 3645 1626 sunt.

2325 1669 2507 1740 (Vers.
2538 1669 2625 1732 40,
2651 1669 2770 1740 Η.)
2796 1667 2926 1734 Quis
2955 1684 3018 1722 ea;
3038 1667 3179 1721 vobis
3207 1667 3407 1721 timens
3440 1664 3730 1727 Dominum,
3753 1680 3825 1716 att-

541 1754 758 1824 quando
790 1764 1073 1826 oporteret
1100 1757 1246 1826 loqui
1273 1757 1527 1812 verbum.
1561 1756 1663 1812 Cui
1686 1756 1868 1812 addita
1898 1763 1982 1811 est
2002 1753 2149 1809 auris
2180 1764 2228 1824 B
2255 1762 2402 1817 dieus
2438 1777 2605 1815 vocem
2627 1762 2759 1815 servi
2799 1760 2953 1832 ejus?
2979 1757 3080 1827 Qui
3104 1758 3401 1812 ambulavit
3455 1759 3510 1810 in
3543 1756 3819 1815 tenebris,et

550 1863 646 1919 per
673 1849 925 1918 gratiam,
957 1865 1118 1920 quam
1149 1866 1243 1921 per
1266 1860 1514 1906 naturam
1548 1866 1655 1906 non
1682 1851 1956 1906 habebat:
1993 1848 2151 1904 utin-

545 1940 860 2010 telligamus
892 1957 1230 2012 nequaquam
1263 1959 1424 1998 aures
1449 1943 1694 2014 corporis
1722 1944 1892 2014 accipi
1925 1943 2148 2010 debere,

546 2033 643 2086 sed
671 2035 871 2088 mentis
897 2051 909 2087 :
943 2035 1010 2089 de
1041 2034 1241 2104 quibus
1271 2045 1325 2090 et
1358 2037 1408 2090 in
1453 2036 1750 2107 Evangelia
1781 2037 2045 2091 Dominus
2076 2035 2155 2090 lo-

547 2124 816 2194 quebatur
841 2141 854 2177 :
889 2125 991 2193 Qui
1013 2125 1161 2180 liabet
1193 2143 1346 2182 aures
1369 2128 1640 2194 audiendi,
1665 2129 1843 2182 audiat
1867 2127 2016 2198 (Luc.
2041 2145 2150 2197 vnt,

549 2216 627 2290 8).
661 2217 794 2285 Quae
819 2217 1109 2289 disciplina
1145 2220 1306 2292 581
1347 2228 1404 2275 et
1449 2221 1684 2276 eruditio
1738 2224 1954 2292 aperuit
1995 2236 2156 2278 aures

551 2312 691 2380 ejus,
724 2322 782 2366 ut
808 2312 1091 2367 scientiam
1116 2312 1296 2368 Patris
1317 2313 1384 2369 ad
1407 2329 1505 2370 nos
1527 2331 1699 2386 usque
1724 2317 2154 2381 transmitteret;

550 2403 642 2473 qui
675 2417 783 2458 non
809 2403 1146 2459 contradixit
1173 2406 1247 2474 ei,
1280 2406 1378 2461 sed
1409 2405 1581 2462 factus
1596 2418 1680 2463 est
1702 2407 1966 2464 obediens
1989 2422 2159 2478 usque

552 2497 618 2550 ad
650 2504 905 2564 mortem,
941 2506 995 2552 et
1022 2507 1253 2554 mortem
1285 2500 1469 2554 crucis
1503 2498 1729 2571 (Philip.
1760 2499 1842 2573 ιι).
1876 2501 1951 2556 lta
1982 2510 2038 2554 ut
2059 2515 2158 2571 po-

552 2596 708 2644 neret
735 2604 931 2659 corpus
961 2590 1084 2646 sive
1113 2589 1337 2646 dorsum
1363 2605 1523 2646 suum
1548 2592 1614 2648 ad
1641 2593 1858 2664 plagas;
1889 2603 1942 2648 et
1975 2603 2161 2663 pectus

555 2679 652 2736 Dei
698 2697 866 2752 capax
900 2683 1113 2754 ﬂagella
1161 2685 1536 2754 conciderent,
1565 2701 1841 2756 genasque
1884 2701 2013 2740 suas
2054 2703 2158 2741 non

557 2787 832 2831 averteret
862 2778 930 2832 ab
958 2778 1153 2849 alapis.
1187 2779 1347 2847 Quod
1378 2780 1529 2835 illurn
1562 2795 1591 2833 a
1624 2780 1877 2836 ministro
1904 2781 2164 2850 principis

559 2869 915 2926 Saeerdotum
949 2871 1277 2927 sustinuisse
1301 2888 1406 2928 non
1437 2873 1663 2929 dubium
1689 2883 1806 2928 est:
1861 2877 1930 2930 ita
1960 2890 2017 2930 ut
2045 2891 2161 2931 cer-

556 2965 712 3018 tatitn
740 2972 796 3019 et
828 2964 1145 3021 Jttdznorunt
1182 2967 1365 3037 populi
1393 2968 1709 3023 illuderent.
1739 2967 1838 3034 Qui
1873 2983 2165 3038 percussus

558 3066 719 3128 atque
733 3069 1051 3130 consputus,
1080 3077 1188 3116 non
1213 3063 1453 3132 erubuit,
1481 3063 1575 3119 sed
1599 3064 1756 3134 quasi
1774 3079 1944 3134 agnus
1969 3064 2164 3119 ductus

2255 1870 2358 1908 non
2381 1862 2453 1908 est
2489 1853 2658 1907 lumen
2687 1853 2736 1905 ei
2763 1859 2975 1922 :speret
3002 1853 3056 1904 in
3082 1852 3296 1905 nomine
3327 1849 3570 1913 Domini,
3591 1859 3635 1902 et
3666 1846 3824 1900 innita-

2255 1956 2338 2001 tur
2359 1963 2514 2016 super
2545 1945 2710 2000 Deum
2731 1962 2904 1999 suum.
2929 1943 3076 1999 LXX
3109 1959 3121 1998 :
3155 1944 3288 2011 Quis
3324 1953 3404 1998 est
3439 1943 3491 1997 iu
3524 1941 3656 1996 vobis
3677 1941 3752 2011 qui
3769 1939 3824 1991 ti-

2256 2051 2390 2097 nteat
2433 2041 2736 2105 Dominum,
2771 2039 3018 2095 exaudiat
3054 2055 3225 2094 vocem
3271 2039 3427 2111 pueri
3448 2040 3595 2111 ejus:
3630 2035 3707 2106 qui
3738 2048 3826 2084 am-

2258 2137 2436 2190 bulant
2465 2138 2515 2190 in
2545 2135 2764 2190 tenebris
2798 2151 2901 2189 non
2948 2143 3022 2188 est
3054 2135 3125 2188 eis
3146 2134 3262 2188 luat.
3292 2132 3573 2200 Conﬁditis
3613 2131 3662 2182 in
3689 2125 3824 2180 nomi-

2259 2245 2323 2283 ne
2363 2226 2599 2295 Domini,
2631 2237 2678 2281 et
2709 2227 2996 2280 innitimiui
3041 2241 3198 2296 super
3230 2222 3372 2279 Deo.
3415 2222 3524 2277 Vos
3552 2236 3632 2274 me
3671 2214 3826 2286 ﬂagel-

2260 2318 2434 2390 lastis,
2469 2333 2564 2372 vos
2593 2334 2769 2373 meam
2803 2316 3000 2372 faciem
3032 2316 3424 2385 conspuistis:
3460 2327 3558 2384 ego
3588 2319 3746 2366 tamen
3769 2303 3822 2359 ad

2261 2411 2640 2484 paenitentiam
2675 2426 2914 2482 provoco
2956 2420 3351 2480 persecutores
3375 2422 3544 2464 meos.
3563 2403 3688 2460 Nolo
3703 2399 3824 2455 enim

2262 2515 2494 2562 mortem
2529 2503 2713 2574 populi
2741 2506 3069 2573 peccatoris,
3095 2500 3192 2556 sed
3223 2511 3443 2557 tantum
3481 2506 3534 2553 ut
3554 2501 3826 2550 revertatur

2261 2609 2315 2656 et
2342 2602 2488 2654 vivat
2517 2597 2735 2668 (Ezech.
2767 2598 2982 2667 χχχιιι).
3018 2596 3089 2651 Ει
3112 2595 3238 2651 dico
3279 2613 3294 2650 :
3328 2595 3454 2666 quis
3492 2601 3568 2648 est
3589 2591 3720 2644 inter
3741 2598 3825 2639 vos

2262 2693 2353 2762 qui
2387 2690 2572 2746 timeat
2604 2689 2918 2754 Dominum,
2944 2699 2999 2744 ot
3025 2688 3215 2742 audiat
3243 2702 3440 2744 vocem
3462 2683 3596 2741 servi
3617 2677 3690 2734 vel
3713 2689 3821 2746 puco

2264 2786 2332 2853 ri,
2357 2784 2410 2839 id
2435 2794 2538 2850 ρει,
2577 2783 2700 2838 Filii
2733 2783 2899 2851 ejus?
2939 2797 3174 2853 quorum
3195 2780 3350 2836 aliud
3370 2782 3650 2845 assumpta:
3673 2769 3823 2825 carnis
3894 2784 3895 2857 ι

2264 2887 2368 2942 est,
2423 2875 2575 2930 aliud
2610 2884 2843 2930 naturae.
2891 2873 3001 2928 Nec
3049 2889 3184 2928 vero
3239 2887 3434 2944 parum
3473 2877 3700 2940 putemus
3722 2872 3821 2915 esse

2267 2969 2462 3023 timere
2493 2968 2809 3030 Dominum,
2842 2966 2996 3035 juxta
3023 2965 3156 3019 illud
3185 2964 3337 3034 quod
3371 2952 3732 3031 inﬁProverbiis
3756 2948 3823 3004 di-

2266 3061 2435 3116 citur:
2462 3059 2791 3130 Principium
2818 3060 3093 3129 sapientia:
3151 3060 3312 3112 timor
3337 3054 3550 3110 Domini
3572 3048 3734 3124 (Prov.
3756 3058 3818 3108 Ix,

564 3151 630 3206 ad
661 3152 935 3208 victimam
972 3164 1088 3220 est;
1112 3165 1167 3210 et
1201 3155 1358 3224 quasi
1386 3157 1507 3212 ovis
1547 3172 1732 3212 coram
1768 3157 2025 3213 tondente
2056 3173 2164 3212 non
2193 3144 2238 3207 C
2275 3155 2386 3223 10).
2421 3154 2669 3210 Perfecta
2691 3154 2897 3224 quippe
2919 3153 3166 3218 dilectiO,
3203 3153 3356 3207 foras
3387 3148 3549 3205 mittit
3574 3145 3819 3245 timorem:
3894 3156 3895 3245 (

562 3247 778 3315 aperuit
823 3262 884 3302 os
929 3263 1106 3303 suum.
1139 3249 1294 3317 Quod
1324 3260 1506 3306 autem
1539 3249 1707 3306 Filius
1734 3252 1894 3320 juxta
1925 3251 2166 3322 suscepti

563 3339 813 3408 corporis
844 3350 1244 3396 sacramentum
1275 3359 1303 3396 a
1337 3343 1496 3398 Patre
1529 3343 1774 3398 audierit
1815 3344 1948 3414 quid
1984 3345 2170 3415 loqua-

565 3441 672 3500 tur,
707 3432 760 3487 in
793 3433 1087 3504 Evangelia
1120 3435 1334 3503 plenius
1364 3434 1654 3504 discimus,
1690 3437 1742 3490 in
1775 3451 1884 3507 quo
1910 3438 2028 3506 ipse
2053 3437 2165 3492 ait:

569 3521 636 3577 Et
666 3525 752 3594 qui
784 3526 919 3580 misit
947 3542 1028 3579 me
1053 3524 1232 3594 Pater,
1261 3527 1565 3580 mandatum
1594 3527 1720 3580 mihi
1751 3528 1912 3594 dedit,
1937 3527 2064 3598 quid
2091 3528 2172 3581 di-

567 3634 680 3671 ram
713 3628 756 3671 et
787 3620 912 3690 quid
943 3619 1150 3690 loquar.
1182 3621 1248 3674 Et
1273 3621 1470 3675 iterum
1498 3639 1510 3674 :
1543 3622 1689 3675 Sicut
1719 3622 1896 3690 audio,
1933 3622 2004 3674 sic
2024 3622 2173 3692 judi-

573 3723 634 3760 co
667 3706 847 3780 (Joan.
885 3725 1001 3776 vttt,
1027 3711 1129 3775 28;
1157 3727 1211 3774 ν,
1242 3709 1360 3781 '50).
2011 3776 2017 3781 ,

643 3799 828 3870 (Vers.
861 3804 914 3867 8,
937 3801 1016 3871 9.)
1053 3801 1220 3857 Juxta
1258 3813 1333 3857 est
1363 3805 1720 3876 quijustiﬁcat
1751 3821 1863 3859 me:
1893 3807 2005 3875 quis
2052 3821 2177 3860 cou-

571 3893 777 3949 tradicit
809 3893 992 3966 [Vulg.
1021 3895 1364 3969 contradicet]
1389 3897 1518 3951 mihi
1541 3898 1567 3952 ?
1598 3909 1791 3952 stemus
1814 3899 1991 3954 simul.
2046 3899 2174 3968 Quis

573 4000 647 4043 est
697 3990 1023 4046 adversarius
1054 3995 1235 4046 meus?
1290 3993 1504 4047 accedat
1528 3995 1594 4049 ad
1622 4010 1721 4048 me.
1757 3994 1892 4050 Ecce
1921 3993 2175 4052 Dominus

578 4079 720 4135 Deus
741 4083 1029 4136 auxiliator
1057 4099 1232 4137 meus:
1259 4085 1379 4154 quis
1395 4094 1469 4138 est
1495 4087 1584 4157 qui
1607 4087 1915 4140 condemnet
1936 4089 2055 4143 me?
2083 4087 2175 4141 Ec-

577 4189 634 4226 ce
663 4189 839 4228 omnes
863 4175 1013 4244 quasi
1035 4176 1393 4230 vestimentum
1413 4187 1765 4242 conterentur,
1789 4179 1927 4232 tinea
1948 4179 2178 4234 comedet

573 4280 685 4319 eos.
718 4263 894 4319 LXX:
930 4264 957 4303 δ
985 4265 1085 4330 Qui
1099 4271 1260 4338 juxta
1281 4279 1376 4335 est,
1398 4269 1662 4342 justifieat
1691 4284 1805 4324 me:
1843 4271 1957 4340 quis
1980 4279 2055 4324 est
2090 4271 2180 4339 qui

571 4358 834 4428 judicetur
854 4375 1073 4424 mecum,
1104 4362 1310 4414 resistat
1334 4360 1459 4415 mihi
1488 4363 1685 4418 simul?
1715 4361 1783 4416 Et
1826 4364 1944 4434 quis
1973 4372 2048 4418 est
2094 4367 2180 4433 qui

567 4450 830 4522 judicium
856 4452 995 4506 ineat
1017 4452 1288 4508 adversum
1316 4455 1441 4509 me?
1466 4458 1847 4530 apprOpinquet
1874 4458 2020 4513 mihi.
2043 4457 2178 4513 Ecce

2271 3251 2394 3319 quia
2429 3249 2594 3303 timor
2615 3263 2832 3319 poenam
2868 3247 3054 3302 habet.
3102 3247 3205 3312 Qui
3239 3257 3425 3300 autem
3456 3243 3598 3296 timet
3627 3249 3719 3290 non
3755 3235 3821 3283 est

2272 3341 2550 3410 perlectus
2577 3341 2629 3395 in
2658 3340 2948 3395 charitate.
2985 3339 3095 3395 Sed
3127 3339 3214 3393 hic
3243 3341 3411 3393 timor
3449 3350 3542 3406 pro
3569 3327 3816 3384 timiditate.

2273 3442 2320 3488 et
2352 3435 2587 3508 εὐλαϐείᾳ
2618 3431 2872 3503 ponitur;
2903 3433 2971 3487 de
3006 3445 3114 3500 quo
3161 3441 3216 3485 et
3271 3429 3403 3484 alibi
3433 3425 3679 3496 legimus:
3707 3413 3819 3469 Bea-

2276 3540 2354 3585 tus
2383 3530 2472 3601 qui
2505 3529 2680 3582 omnia
2708 3529 2885 3582 metuit
2939 3525 3124 3599 (Prov.
3179 3528 3303 3597 xx),
3348 3529 3564 3596 propter
3600 3511 3818 3572 εὐλάϐειαν

2278 3622 2380 3676 hoc
2410 3630 2516 3686 est,
2549 3630 2773 3692 propter
2803 3619 3164 3673 timiditatem:
3215 3633 3357 3689 quos
3398 3616 3554 3683 vulgo
3593 3601 3820 3677 appellant
3894 3616 3895 3655 ι

2276 3717 2564 3771 timoratos
2599 3715 2652 3768 in
2696 3712 2963 3784 religione
2989 3711 3103 3767 Dei.
3138 3709 3386 3781 Protegit
3417 3708 3557 3764 enim
3602 3694 3817 3784 Dominus

2277 3810 2383 3864 iter
2412 3824 2638 3873 eorum;
2670 3818 2721 3861 et
2759 3809 2898 3861 viam
2929 3807 3322 3859 timoratorttm
3357 3797 3606 3857 custodit.
3657 3791 3718 3843 [te
3739 3783 3817 3837 huc

2281 3903 2476 3956 timore
2494 3901 2759 3969 scriptum
2807 3910 2926 3953 est:
2964 3896 3140 3951 Timor
3184 3896 3397 3951 Domini
3425 3891 3593 3948 omnia
3627 3883 3812 3947 supcrat-

2283 3997 2348 4050 Et
2371 3995 2536 4050 alibi:
2573 3993 2694 4048 Non
2742 4003 2815 4048 est
2851 3994 3029 4064 inapia
3058 3992 3354 4046 timentibus
3377 4003 3490 4042 eum
3519 3976 3692 4053 (Eccli.
3718 3980 3812 4025 xxv.

2281 4086 2385 4152 id;
2420 4086 2513 4140 Ps.
2547 4103 2745 4154 χχχιιι,
2776 4085 2885 4156 10).
2920 4085 3166 4153 Denique
3213 4094 3338 4158 post
3383 4077 3576 4134 multos
3604 4070 3812 4164 virutllﬂl‘
3894 4135 3895 4162 1

2280 4179 2479 4250 gradus
2502 4180 2566 4233 ad
2599 4175 2975 4248 hujuscemodi
3008 4176 3261 4230 timorem
3297 4170 3508 4230 Domini
3541 4161 3812 4255 Ρθννθηίουξῗζ

2283 4247 2546 4342 Loquitur
2567 4247 2712 4326 enim
2747 4284 2931 4325 sermo
2953 4268 3174 4322 divinus
3213 4267 3316 4322 sub
3362 4271 3582 4334 persona
3618 4247 3810 4342 magism

2283 4375 2334 4420 et
2360 4341 2547 4434 patris,
2579 4361 2903 4430 discipulum
2937 4359 3240 4416 erudientis
3278 4370 3332 4414 et
3355 4355 3545 4411 lilium:
3573 4345 3629 4401 Si
3651 4341 3812 4394 invoca-

2282 4459 2414 4510 veris
2442 4455 2773 4525 sapientiam,
2808 4461 2856 4505 et
2885 4452 3246 4522 intelligentia’
3275 4447 3477 4505 dederis
3505 4449 3656 4496 vocent
3674 4436 3807 4525 tuam.

567 4545 838 4616 (Dominus
869 4549 1154 4605 auxiliator
1177 4569 1341 4619 meus,
1382 4555 1498 4624 quis
1526 4554 1728 4625 afﬂiget
1755 4554 1878 4609 me?
1904 4554 2038 4610 Ecce
2064 4572 2176 4609 ont-
2205 4534 2258 4594 Ῑ)
2285 4559 2333 4604 et
2363 4551 2407 4604 si
2437 4547 2703 4618 qua’sieris
2729 4562 2841 4600 eam
2883 4547 3034 4616 quasi
3063 4545 3355 4614 pecuniam,
3391 4549 3437 4594 et
3472 4529 3607 4608 quasi
3646 4521 3811 4625 tlt‘ellif‘

579 4659 670 4698 nes
690 4659 779 4697 vos
809 4646 962 4711 quasi
994 4647 1348 4700 vestimentum
1381 4650 1728 4714 veterascetis,
1777 4659 1822 4702 et
1861 4651 2014 4720 quasi
2043 4651 2180 4702 tinea

579 4735 806 4790 comedet
830 4752 936 4791 vos.
962 4735 1021 4791 Si
1051 4737 1411 4808 quis,inquit,
1444 4753 1530 4794 me
1561 4740 1876 4810 putatjuste
1903 4740 2178 4795 addictum

581 4829 731 4882 cruci
783 4838 839 4882 et
883 4829 1104 4899 aliquod
1158 4830 1354 4886 iecisse
1397 4840 1704 4900 peccatum,
1757 4831 1976 4886 resistat
2025 4833 2176 4886 mihi.

591 4921 720 4986 Quis
745 4932 817 4975 est
837 4925 923 4987 qui
945 4925 1216 4996 judicetur
1245 4940 1464 4991 mecum,
1496 4933 1556 4979 ut
1578 4940 1684 4980 non
1711 4926 1953 4994 potentia
1985 4926 2183 4995 majes-

588 5013 716 5065 tatis
741 5026 896 5077 metu,
930 5015 1024 5068 sed
1062 5018 1274 5071 ratione
1317 5017 1646 5092 superetur?
1683 5016 1971 5073 Judicatur
1996 5028 2178 5074 autem

590 5104 712 5175 quis
751 5118 873 5159 cum
923 5106 1174 5174 Domino,
1208 5125 1315 5163 non
1366 5112 1695 5166 auctoritate
1741 5113 2039 5182 regnantis,
2089 5113 2185 5168 sed

549 5249 555 5255 .
591 5199 1002 5269 comparatione
1032 5201 1332 5259 virtutum:
1365 5205 1640 5273 quomodo
1683 5213 1738 5260 et
1773 5205 2022 5276 Apostoli
2045 5206 2189 5274 judi.

590 5303 718 5349 cant
746 5291 1040 5348 duodecim
1077 5295 1252 5349 tribus
1283 5295 1478 5362 Israel,
1510 5305 1566 5350 et
1593 5297 1868 5363 Ninivitte,
1902 5314 1968 5353 ac
2003 5298 2188 5368 regina

589 5384 733 5442 Saba
779 5385 1406 5458 populuutJudaaorum.
1438 5387 1602 5443 Juxta
1651 5403 1813 5458 quem
1847 5403 2070 5444 sensum
2120 5388 2187 5443 ad

662 5556 688 5584 α
714 5544 917 5602 Confer
961 5547 1134 5618 Epist.
1185 5547 1237 5602 in
1273 5558 1461 5603 nostra
1505 5545 1829 5603 recensione
1870 5545 1941 5600 70
1987 5546 2053 5599 ad
2082 5545 2193 5600 Ma-

629 5633 755 5694 num
783 5635 932 5694 tium.
956 5618 1012 5672 9.
1041 5618 1196 5694 Arati
1219 5621 1384 5694 verba
1406 5627 1534 5675 sunt
1557 5626 1645 5694 τρῦ
1659 5620 1757 5694 ’γὰρ
1769 5620 2007 5694 κᾳὶγένος
2021 5619 2189 5694 ἐσμέγ.

588 5633 755 5742 suum
783 5635 932 5673 num.
956 5633 1012 5672 2.
1041 5633 1196 5674 Arati
1219 5633 1384 5674 verna
1406 5633 1534 5675 sunt
1557 5633 1645 5674 τοῦ
1659 5633 1757 5694 ’γάρ
1769 5633 2007 5690 καὶγενος
2021 5633 2189 5689 ἐσμεν.

639 5689 800 5766 omit-1i
821 5757 834 5766 ‘
854 5701 1036 5766 autem
1091 5690 1372 5766 MG‘tlalldl'i
1394 5761 1405 5766 Δ
1427 5693 1732 5766 senagitun,
1775 5691 2067 5766 φθείρογσιν,
2100 5690 2193 5758 ἧθῃ

599 5756 786 5828 χρησθ⁹
815 5757 1005 5827 ὁμιλίαι
1032 5763 1202 5819 κακαί.
1275 5761 1517 5832 Denique
1561 5756 1896 5829 Epimenidis
1940 5756 2192 5814 hexame-

2284 4659 2371 4696 ros
2393 4639 2778 4709 iuvestigaveris
2795 4654 2943 4693 eam:
2985 4650 3104 4693 tunc
3132 4638 3390 4708 intelliges
3423 4632 3633 4686 timorem
3665 4610 3808 4707 ΜΨ·
3894 4652 3895 4682 ;

2283 4738 2358 4805 ni,
2385 4746 2434 4790 et
2461 4736 2730 4790 scientiam
2762 4732 2860 4788 Dei
2880 4734 3106 4805 reperies
3129 4731 3319 4802 (Prov.
3352 4745 3408 4792 ιι,
3439 4724 3514 4795 ὖ).
3539 4719 3631 4772 Istc
3661 4709 3807 4805 es}.
3894 4717 3895 4724 “

2285 4844 2405 4883 mor
2446 4828 2537 4897 qui
2587 4827 2801 4881 animas
2846 4835 3165 4880 sanctorum
3234 4826 3468 4890 integras
3521 4822 3577 4864 ac
3629 4796 3807 4897 Pl‘d'cf'j

2282 4932 2558 4992 purasque
2609 4925 2920 4985 conservat,
2951 4916 3019 4971 de
3065 4932 3174 4986 quo
3204 4913 3419 4977 dicitur,
3454 4903 3611 4958 Timor
3645 4888 3807 4992 Don‘uttt

2289 4981 2498 5066 sanctus
2539 5019 2804 5083 permanet
2832 5010 2884 5063 in
2913 5005 3158 5062 sarculum
3210 5002 3404 5061 swculi.
3446 4992 3520 5050 Ad
3556 4992 3695 5083 quem
3731 4981 3805 5083 no:

2289 5103 2472 5160 divina
2525 5104 2740 5172 eloquia
2798 5101 3192 5156 cohortantur:
3250 5065 3804 5182 TimeteDominw‘tbnff

2291 5199 2410 5253 date
2436 5199 2484 5252 ei
2532 5160 2758 5270 gloriam
2799 5199 2986 5267 (Apoc.
3021 5211 3132 5263 xw,
3159 5196 3237 5273 7).
3287 5189 3384 5258 Qui
3415 5183 3565 5273 ἰείῑιξτ
3588 5160 3802 5273 ⁵ξ⁰ᾼ¹ί¹ῗξξ

2295 5290 2604 5358 Dominum,
2637 5289 2823 5342 audiat
2875 5303 3063 5343 vocent
3111 5271 3253 5341 servi
3283 5283 3366 5337 vel
3398 5270 3537 5349 put?ri
3581 5256 3799 5358 eiust.

2292 5383 2594 5439 ambulavit
2615 5383 2669 5438 in
2701 5381 2968 5452 tenebris,
2993 5391 3049 5437 et
3075 5394 3182 5434 non
3207 5386 3321 5434 erat
3341 5372 3391 5428 ei
3418 5371 3610 5424 iumen;
3635 5347 3798 5420 sumo"

2301 5552 2467 5631 truLm,
2492 5553 2681 5631 κεῇτσς
2710 5545 2790 5598 ἀεὶ
2815 5541 3064 5631 ιξςῧςταξὲ
3087 5544 3212 5631 nuru
3235 5540 3400 5630 Θηρίαι
3429 5514 3797 5631 Ἱξξτξοὶξααᾷῗὲἓ

2375 5615 2402 5654 b
2432 5595 2508 5701 At}
2529 5595 2789 5703 ’ϐ’ντρῐςηιιι
2823 5595 2902 5670 δτι
2927 5595 3110 5687 ἐγγίζει
3135 5595 3794 5703 attigui-36M“

2301 5697 2375 5742 est
2403 5660 2902 5758 ρἰἱὲ’]ἔέι’ἷρἐἱὶύἶὲζ
2927 5660 3334 5742 ὶῗὲὖὶὶιὲἱίὶὶἰίἷιί
3362 5660 3618 5730 contendit
3646 5660 3690 5703 ιι
