3932 6374
128 422 219 478 481
584 417 593 465 τ
655 414 1310 477 COMMENTARIORUM
1352 418 1418 475 IN
1458 418 1692 478 lSAiAM

1817 396 2161 481 partem
2202 422 2329 481 LIB.
2371 422 2514 482 xw.
2552 422 2706 484 CAP.
2754 424 2840 482 ιι.

3299 430 3409 488 482

130 530 308 588 habuit
354 529 579 600 speciem
624 544 726 585 nec
768 531 1021 601 gloriam,
1084 532 1183 588 sed
1231 533 1285 588 in
1333 533 1698 591 similitudine
1727 538 1773 599 A
1804 547 2092 594 manentes
2123 538 2268 605 loco,
2302 545 2358 593 et
2401 540 2447 593 si
2478 540 2587 595 dici
2641 550 2825 609 potest
2877 540 3103 610 lectulo,
3151 542 3241 597 alii
3288 544 3409 600 sani
3474 538 3483 547 ’

128 623 301 680 carnis
332 622 632 694 peccatricis
662 624 909 695 suscepit
950 625 1181 681 formam
1211 626 1382 695 servi,
1425 638 1478 682 ut
1511 644 1702 699 pecca-

130 726 235 772 tum
260 717 310 772 in
338 730 495 773 carne
535 728 843 787 superaret.
874 717 954 775 De
981 719 1084 775 hoc
1111 720 1338 789 dicitur,
1365 720 1491 791 quia
1536 721 1699 795 583

128 821 297 882 speret
326 810 376 864 in
417 808 635 865 nomine
684 809 924 881 Domini,
952 823 1009 868 et
1038 813 1304 869 innitatur
1331 829 1496 885 super
1528 815 1698 871 Deum

125 919 301 961 suum:
353 912 409 959 ut
433 903 696 974 quidquid
727 903 987 962 humana:
1040 906 1350 978 fragilitatis
1379 916 1486 977 est,
1517 908 1699 965 divina

126 999 391 1069 majestate
435 999 755 1057 corroboret
802 1009 968 1072 atque
1041 1011 1335 1058 sustentet.
1389 1002 1504 1060 lloc
1545 1003 1698 1075 juxta

125 1092 448 1149 Hebraicum.
506 1093 777 1149 Caeterum
837 1095 1141 1151 secundum
1209 1095 1568 1167 Septuaginta
1630 1095 1700 1152 de

126 1184 486 1257 peccatoribus
540 1184 765 1255 dicitur,
821 1186 916 1253 qui
959 1187 1254 1244 noluerunt
1303 1187 1531 1245 obedire
1578 1188 1702 1246 voci

124 1277 236 1334 Filii
285 1278 419 1349 ejus,
468 1288 524 1336 et
555 1279 611 1335 in
645 1280 888 1336 tenebris
919 1280 1245 1352 gradiuntur
1272 1282 1500 1352 erroris,
1534 1291 1590 1339 et
1620 1282 1701 1337 id—

122 1371 256 1427 circo
284 1385 388 1427 non
421 1371 624 1428 habent
652 1372 853 1429 lucem.
886 1373 1076 1445 Neque
1124 1374 1272 1430 enim
1308 1373 1431 1429 ﬁeri
1464 1384 1699 1445 poterat,

122 1470 173 1516 ut
213 1463 262 1517 in
308 1477 624 1534 perversam
667 1465 904 1520 animam
958 1466 1217 1522 introiret
1260 1465 1547 1537 sapientia.
1597 1466 1700 1534 Qui

119 1554 413 1610 nescierunt
441 1569 548 1611 nec
594 1555 1019 1625 intellexerunt;
1079 1568 1135 1614 et
1168 1557 1292 1614 ideo
1351 1559 1403 1613 in
1461 1557 1701 1614 tenebris

118 1648 397 1704 ambulant.
453 1648 579 1704 Non
612 1650 760 1706 enim
807 1649 1060 1707 fecerunt
1091 1666 1258 1720 opera
1292 1650 1508 1705 Domini
1540 1659 1701 1721 atque

118 1742 370 1812 mandata,
431 1758 540 1800 nec
589 1744 1001 1801 seminaverunt
1046 1746 1151 1802 sibi
1177 1745 1469 1816 justitiam,
1520 1761 1702 1816 neque

115 1836 585 1894 vindemiaverunt
618 1838 806 1907 vitem,
841 1848 900 1894 ut
928 1839 1299 1896 accenderent
1350 1840 1457 1896 sibi
1513 1839 1698 1895 lumen

1802 639 1949 697 sunt,
1978 629 2071 683 alii
2098 628 2335 684 febrium
2357 631 2769 688 succenduntur
2787 633 3104 703 ardoribus,
3129 649 3196 691 ex
3226 633 3407 691 divero

1801 722 1965 777 sitate
1997 722 2287 778 humerum
2310 731 2475 793 atque
2504 724 2710 794 pituita:
2732 725 2950 782 diversa
2984 725 3250 797 supplicia
3277 742 3402 784 sen-

1803 812 2039 868 tientes:
2082 813 2162 869 sic
2202 814 2345 884 ignis
2373 815 2464 884 qui
2514 830 2543 868 a
2591 817 2976 885 peccatoribus
3016 818 3397 888 succenditur,

1800 903 2088 960 materiam
2113 905 2168 960 in
2199 906 2443 976 peccatis
2468 906 2660 976 habet,
2687 910 2820 964 etin
2847 909 3156 980 iniquitate,
3206 911 3274 968 de
3300 928 3406 984 qua

1800 999 2068 1071 scriptum
2099 1008 2218 1055 est:
2249 999 2621 1055 Ardebitsicnt
2674 1003 2811 1076 ignis
2849 1003 3125 1075 iniquitas,
3175 1015 3224 1061 et
3279 1007 3411 1063 sicut

1800 1107 2013 1162 gramen
2041 1090 2237 1146 siccum
2262 1091 2533 1145 uorabitur
2559 1092 2801 1147 incendio
2833 1091 2998 1162 (Isai.
3027 1110 3102 1163 ιχ,
3132 1095 3251 1167 18).

1875 1180 2030 1254 (Cap.
2061 1180 2148 1237 LI.
2179 1212 2247 1224 —
2273 1182 2433 1238 Vers.
2466 1183 2492 1238 1
2526 1183 2708 1254 seqq.)
2742 1184 2939 1239 Audite
2963 1201 3046 1240 me
3086 1186 3178 1257 qui
3226 1204 3408 1256 perse-

1801 1278 2023 1350 quimini
2063 1278 2205 1350 quod
2249 1283 2451 1349 justum
2479 1288 2576 1347 est,
2610 1289 2659 1334 et
2685 1280 2915 1350 quteritis
2944 1278 3253 1337 Dominum.
3303 1282 3414 1336 At-

1802 1371 2003 1425 tendite
2034 1373 2107 1425 ad
2133 1372 2531 1444 petram,,untle
2570 1373 2733 1428 excisi
2762 1372 2907 1440 estis,
2956 1381 3004 1427 et
3031 1372 3103 1427 ad
3130 1389 3413 1429 cavernam

1804 1464 1907 1520 laci
1932 1466 1996 1521 de
2009 1481 2112 1535 qua
2140 1465 2347 1538 prtecisi
2371 1467 2515 1521 estis.
2534 1466 2800 1522 Attendite
2826 1466 2898 1522 ad
2923 1466 3186 1522 Abraham
3209 1479 3412 1536 patrem

1802 1568 2052 1627 vestrum,
2078 1566 2124 1611 et
2155 1559 2224 1612 ad
2249 1558 2441 1613 Suram
2468 1575 2585 1629 qua:
2634 1561 2839 1632 peperit
2870 1577 2961 1616 vos
3010 1577 3028 1615 :
3076 1561 3202 1633 quia
3252 1576 3417 1616 unum

1803 1653 1981 1708 uocaui
2062 1669 2222 1721 eum,
2273 1661 2327 1708 et
2372 1654 2609 1709 benedixi
2640 1656 2724 1721 ei,
2760 1665 2807 1710 et
2861 1655 3210 1728 ntultipliuaui
3267 1674 3406 1714 eum.

1801 1745 2174 1802 Consolabitur
2248 1764 2371 1821 ergo
2444 1746 2705 1804 Dominus
2765 1748 2939 1817 Sion,
3015 1759 3065 1806 et
3111 1751 3411 1808 consolabi-

1804 1849 1890 1894 tur
1945 1856 2123 1895 omnes
2175 1841 2364 1895 ruinas
2412 1841 2550 1914 ejus,
2597 1850 2647 1896 et
2669 1853 2825 1914 ponet
2855 1844 3118 1898 desertum
3144 1846 3257 1916 ejus
3280 1862 3410 1916 qua-

116 1930 359 1986 scientite.
403 1931 515 1999 Qui
573 1932 717 1987 enim
775 1933 1054 1989 desiderat
1108 1933 1457 2004 sapientiam,
1520 1943 1703 1990 servet
1731 1932 1781 1993 B
1806 1932 1852 1987 si
1882 1931 2125 2001 delicias,
2158 1940 2205 1987 et
2248 1933 2581 1988 solitudinem
2607 1935 2723 2005 ejus
2752 1936 2903 2007 quasi
2937 1933 3147 1990 hortum
3173 1934 3407 1993 deini.

116 2023 370 2094 mandata,
404 2035 460 2081 et
496 2024 763 2081 Dominus
796 2026 998 2081 tribuet
1038 2041 1159 2082 eam
1193 2026 1291 2082 illi.
1351 2025 1509 2083 Unde
1550 2036 1605 2081 et
1634 2027 1701 2081 ad

116 2114 269 2170 Deum
301 2115 539 2173 dicitur:
571 2115 693 2173 Luz
732 2126 988 2187 pracepta
1020 2126 1129 2173 tua.
1165 2118 1229 2172 Et
1258 2117 1420 2173 alibi:
1471 2116 1704 2172 blanda—

114 2216 210 2263 tum
238 2207 445 2265 Domini
483 2211 715 2265 lucidum
737 2210 1043 2266 illuminans
1072 2210 1251 2267 oculos
1279 2210 1401 2283 (Ps.
1434 2227 1587 2281 xvttt,
1621 2210 1702 2284 9).

117 2299 535 2376 Praecipiturque
559 2303 740 2375 impiis
767 2312 828 2360 ut
854 2303 1135 2360 conﬁdant
1160 2304 1490 2373 inDomino,
1508 2314 1559 2360 et
1577 2319 1705 2375 pec-

115 2396 498 2467 catisruentes,
523 2398 1447 2455 illiusinnitanturetsustententur
1475 2397 1703 2453 auxilio.

175 2489 351 2573 (Vers.
382 2490 505 2565 Η.)
533 2491 668 2548 Ecce
695 2509 872 2547 omnes
898 2508 988 2547 vos
1014 2492 1354 2549 accendentes
1381 2494 1573 2563 ignem,
1616 2508 1707 2547 ac-

116 2583 257 2638 cincti
281 2585 540 2656 flantmis,
570 2584 844 2641 'ambulate
878 2587 931 2641 in
962 2588 1158 2644 lumine
1201 2588 1337 2660 ignis
1367 2588 1545 2654 vestri,
1579 2588 1707 2641 et'in

115 2678 323 2747 ﬂammis
371 2697 510 2749 quas
554 2680 934 2736 succendistis:
963 2682 1028 2736 de
1056 2698 1213 2735 manu
1264 2697 1378 2737 mea
1408 2685 1607 2752 factum
1633 2690 1708 2736 est

117 2772 204 2827 hoc
231 2775 389 2843 vobis,
424 2776 481 2830 in
529 2776 797 2831 doloribus
823 2775 1110 2830 dormietis.
1138 2773 1279 2829 LXX
1312 2792 1325 2829 :
1359 2772 1494 2828 Ecce
1532 2790 1709 2829 omnes

116 2880 191 2920 ros
206 2866 375 2939 ignem
400 2867 710 2937 accenditis,
725 2878 776 2924 et
803 2869 1109 2938 confortatis
1128 2868 1394 2937 ﬂammam
1413 2882 1431 2931 ;
1447 2863 1709 2918 ambulate

116 2958 162 3012 in
187 2960 379 3015 lumine
398 2961 539 3034 ignis
568 2961 745 3028 t'estri,
774 2969 823 3015 et
851 2962 905 3014 in
935 2961 1149 3029 ﬂamma
1162 2973 1317 3030 quam
1338 2954 1711 3019 succendistis;

116 3058 310 3121 propter
339 3067 426 3105 me
451 3055 595 3123 facta
612 3048 863 3106 sunthaec
888 3050 1050 3105 uobis.
1085 3047 1151 3103 In
1176 3063 1391 3103 maerore
1419 3044 1705 3129 dorntietis.

115 3138 245 3196 Nihil
274 3142 510 3213 prodest
554 3142 895 3210 exhortatio;
941 3156 1044 3199 nec
1074 3148 1200 3212 post
1226 3140 1437 3197 scelera
1472 3152 1596 3208 spes
1627 3149 1713 3190 sa-

114 3231 230 3289 lutis
257 3244 366 3290 est.
417 3235 625 3291 Omnes
653 3235 1093 3303 declinaverunt,
1132 3232 1295 3290 simul
1326 3232 1552 3287 inutiles
1581 3227 1709 3283 iacti

1811 2022 2086 2079 Gaudium
2107 2034 2154 2078 et
2187 2025 2370 2080 ltetitia
2397 2026 2689 2080 inuenietur
2740 2028 2796 2082 in
2828 2040 2912 2096 ea,
2966 2029 3254 2100 gratiarum
3278 2031 3417 2084 actio

1807 2126 1855 2170 et
1904 2132 2002 2170 uox
2030 2115 2224 2171 laudis.
2269 2114 2413 2172 LXX
2445 2134 2457 2170 :
2486 2116 2678 2173 Audite
2727 2119 2821 2189 qui
2848 2120 3224 2191 persequimini
3274 2122 3416 2192 quod

1795 2212 2031 2283 justum,
2077 2219 2125 2265 et
2149 2210 2380 2283 quwritis
2411 2209 2717 2266 Dominum.
2751 2212 3015 2268 Attendite
3062 2214 3121 2269 in
3146 2214 3413 2271 robustam

1810 2314 2012 2374 petram
2036 2321 2191 2375 quam
2222 2304 2510 2372 cecidistis,
2542 2315 2590 2359 et
2617 2306 2671 2359 in
2691 2306 2893 2377 foveam
2920 2307 3025 2362 laci
3052 2324 3206 2378 quam
3240 2310 3437 2381 fodis-.

1807 2400 1896 2451 tis.
1930 2396 2193 2467 Respicite
2217 2398 2273 2452 in
2312 2397 2574 2452 Abraham
2619 2407 2823 2470 patrem
2853 2402 3095 2468 uestrum,
3121 2410 3169 2454 et
3213 2401 3270 2455 in
3312 2401 3417 2457 Sa-

1808 2507 1921 2544 ram
1946 2506 2063 2560 qua:
2082 2492 2282 2563 peperit
2313 2507 2423 2561 vos,
2454 2492 2579 2561 quia
2608 2507 2743 2547 unus
2770 2501 2949 2547 eratet
2984 2492 3166 2547 uocaui
3192 2509 3329 2562 eum,
3361 2503 3417 2551 et

1810 2585 2044 2640 benedixi
2088 2587 2157 2655 ei,
2188 2595 2236 2639 et
2258 2585 2421 2642 dilexi
2440 2586 2612 2651 illum,
2640 2594 2688 2641 et
2714 2586 3065 2659 multiplicaui
3107 2603 3258 2643 eum:
3281 2598 3329 2643 et
3369 2597 3419 2643 te

1809 2695 1945 2733 nunc
1996 2678 2328 2743 consolabor,
2362 2677 2515 2734 Sion.
2549 2677 2618 2732 Et
2644 2678 2945 2733 consolatus
2976 2695 3088 2734 sum
3129 2680 3302 2734 omnia
3326 2679 3418 2735 de-

1809 2779 1946 2824 serta
1974 2774 2094 2843 ejus
2124 2770 2275 2836 quasi
2317 2769 2642 2839 paradisum,
2674 2778 2724 2824 et
2755 2785 2816 2824 ea
2849 2786 2966 2841 quw
2990 2772 3059 2824 ad
3092 2771 3415 2827 occidentem

1810 2873 1952 2926 sunt,
1981 2866 2132 2935 quasi
2165 2863 2469 2935 paradisum
2500 2863 2710 2918 Domini
2733 2879 2752 2919 :
2779 2865 3186 2921 exsultationem
3207 2874 3255 2920 et
3282 2864 3416 2921 lecti-

1812 2955 1939 3008 tiant
1969 2955 2229 3010 inuenient
2279 2957 2332 3011 in
2380 2974 2463 3026 ea,
2518 2956 2897 3027 confessionem
2924 2965 2972 3013 et
2993 2974 3165 3013 vocem
3217 2958 3414 3015 laudis.

1817 3044 2227 3101 Dormientibus
2254 3047 2308 3100 in
2338 3061 2582 3102 mmrore
2632 3060 2698 3102 ac
2744 3046 2938 3103 dolore
2986 3057 3279 3120 perpetuo,
3322 3051 3416 3121 qui

1815 3136 2216 3192 succenderunt
2244 3137 2346 3193 sibi
2384 3138 2586 3210 ignem,
2620 3150 2673 3194 et
2697 3137 2947 3195 ﬂammas
2996 3140 3418 3198 robustissimae

1813 3244 1938 3286 esse
1983 3228 2256 3298 fecerunt,
2304 3244 2404 3285 vos
2453 3230 2545 3300 qui
2580 3231 2979 3303 persequimini
3023 3232 3318 3303 justitiam,
3355 3246 3412 3291 et

115 3335 229 3382 sunt
254 3326 383 3399 (Ps.
419 3326 577 3397 xm);
605 3340 798 3383 omnes
824 3327 932 3383 sibi
961 3329 1143 3397 ignem
1176 3325 1538 3393 succendunt,
1557 3321 1713 3378 ﬂam-
1742 3309 1789 3373 C
1819 3324 2069 3396 quaeritis
2113 3323 2411 3379 Dominum
2450 3322 2749 3397 (signiﬁcat
2800 3331 2983 3379 autem
3029 3324 3420 3396 Apostolorum

115 3433 368 3491 mamque
395 3417 779 3474 corroborant.
816 3418 1031 3475 Habent
1057 3418 1204 3475 enim
1237 3420 1290 3474 in
1319 3433 1381 3473 se
1413 3417 1617 3485 fenum,
1645 3415 1707 3471 li-

116 3525 228 3584 gna,
258 3511 552 3583 stipulam,
585 3514 793 3584 spinas,
836 3527 900 3568 ac
950 3512 1197 3581 tribulos,
1232 3526 1296 3567 ac
1325 3511 1535 3577 lolium,
1587 3525 1708 3580 qua:

118 3616 311 3664 :cterno
362 3606 657 3662 tradantur
685 3606 964 3663 incendio.
1011 3605 1166 3663 Unde
1215 3616 1272 3662 et
1313 3606 1367 3662 in
1398 3603 1709 3662 Proverbiis

118 3700 369 3771 scriptum
401 3708 520 3756 est:
552 3698 623 3754 In
662 3701 839 3755 multis
867 3699 1025 3771 lignis
1050 3700 1181 3773 viget
1200 3699 1337 3772 ignis
1369 3697 1551 3769 (Prov.
1581 3712 1707 3767 xxv,

117 3795 220 3868 21).
249 3797 345 3854 Sin
394 3806 583 3852 autem
616 3795 883 3865 parvulus
930 3794 1075 3866 ignis
1120 3793 1380 3865 grandem
1426 3792 1708 3848 materiam

119 3890 531 3962 comprehendit
552 3906 566 3956 ;
590 3887 812 3960 grandis
842 3888 1059 3944 ﬂamina
1089 3896 1289 3961 quanta
1322 3887 1711 3958 populabitur?

122 3982 324 4042 Dicitur
354 3992 414 4041 et
461 3984 518 4039 in
548 3982 789 4054 Epistola
831 3995 955 4053 qua:
983 3980 1158 4037 fertur
1198 3979 1266 4036 ad
1314 3979 1599 4047 Hebraeos,
1639 3978 1710 4035 de

123 4085 279 4148 terra,
329 4091 457 4149 qute
514 4074 795 4146 proferens
843 4075 1030 4145 spinas
1081 4079 1138 4129 et
1171 4072 1421 4141 tribulos,
1477 4070 1708 4143 reproba

121 4172 204 4243 sit,
236 4183 291 4231 et
316 4171 695 4231 maledictioni
730 4169 1002 4241 proxima,
1033 4168 1266 4238 ﬁnisque
1294 4166 1443 4222 illius
1468 4166 1521 4221 in
1562 4180 1715 4219 com-

122 4264 424 4323 bustionem
458 4263 622 4337 (Heli.
651 4260 818 4334 vr,8).
847 4261 989 4332 Ergo
1018 4258 1111 4329 qui
1141 4256 1375 4314 accincti
1407 4265 1534 4311 sunt
1564 4255 1717 4311 llam-

124 4358 220 4415 mis
245 4371 409 4433 atque
435 4355 788 4425 circumdati,
839 4362 894 4411 et
939 4352 1046 4409 sibi
1074 4350 1392 4407 incendium
1423 4349 1720 4404 roborave-

126 4466 266 4525 runt,
315 4460 697 4527 provocamur
744 4448 811 4504 ad
840 4448 1099 4516 salutem,
1152 4453 1208 4502 et
1235 4444 1437 4500 dicitur
1482 4440 1550 4497 ad
1578 4455 1715 4497 eos:

126 4546 391 4605 Ambulate
408 4549 468 4604 in
491 4545 693 4602 lumine
744 4542 881 4617 ignis
928 4541 1085 4596 uestri
1123 4547 1220 4595 :et
1243 4538 1298 4592 in
1314 4536 1541 4609 ﬂammis
1588 4549 1718 4605 quas

128 4644 478 4709 succendistis,
540 4648 600 4695 ut
648 4638 704 4693 in
747 4635 925 4707 pascis
964 4645 1129 4706 atque
1177 4630 1466 4704 suppliciis
1504 4627 1720 4684 discant

1814 3428 1870 3476 et
1895 3434 1991 3491 per
2022 3418 2320 3489 Apostolos
2347 3416 2694 3473 credentium
2726 3416 3001 3487 chorum),
3033 3418 3290 3488 respicite
3322 3434 3422 3490 pe-

1817 3524 1977 3583 tram,
2010 3513 2064 3568 id
2094 3520 2200 3581 est,
2231 3510 2512 3568 Abraham
2530 3521 2743 3583 patrem
2767 3520 3040 3579 vestrum,
3074 3510 3145 3567 de
3188 3526 3297 3581 quo
3327 3526 3425 3569 ex.

1815 3608 1914 3664 eisi
1945 3605 2101 3675 estis,
2126 3616 2182 3663 et
2210 3606 2278 3661 ad
2306 3621 2597 3663 cavernam
2623 3605 2751 3673 laci,
2783 3604 2852 3661 de
2878 3620 2981 3676 qua
3010 3605 3231 3678 praecisi
3260 3607 3419 3679 estis,

1818 3703 1870 3760 id
1902 3715 2009 3774 est,
2041 3703 2232 3760 Saram
2265 3718 2389 3774 qua:
2412 3702 2627 3773 peperit
2652 3716 2772 3757 vos.
2818 3700 2887 3757 Et
2915 3700 3019 3757 hoc
3046 3701 3419 3775 considerate,

1816 3799 1940 3870 quia
1963 3812 2087 3853 cum
2116 3805 2142 3835 ⁸
2176 3796 2337 3852 unius
2367 3805 2423 3852 et
2462 3804 2682 3852 centum
2722 3794 2885 3869 585
2928 3804 3077 3852 esset
3123 3810 3417 3868 annorum,

1817 3899 1874 3947 et
1896 3889 2140 3947 sterilem
2172 3888 2407 3946 haberet
2447 3903 2679 3945 uxorem
2703 3927 2719 3954 ,
2750 3887 3230 3959 multiplicavcrim
3279 3889 3425 3947 ﬁlios

1820 3984 1939 4055 ejus
1968 3984 2121 4057 quasi
2163 3984 2359 4041 stellas
2409 3982 2558 4051 eteli,
2613 3981 2689 4038 ita
2733 3992 2794 4037 ut
2837 3997 3130 4038 numerum
3173 3982 3428 4039 vinceret

1820 4078 2133 4135 multitudo.
2160 4077 2220 4134 Si
2246 4091 2380 4148 ergo
2412 4075 2483 4132 de
2507 4090 2618 4132 uno
2652 4074 2882 4130 homine
2910 4083 3061 4129 tanta
3089 4073 3423 4143 populorum

1822 4180 1944 4227 nata
1981 4178 2111 4226 sunt
2152 4169 2355 4233 millia;
2395 4168 2523 4239 quid
2553 4164 2686 4221 mihi
2724 4164 2937 4235 grande
2971 4172 3076 4231 est,
3112 4172 3176 4219 ut
3217 4164 3429 4220 instau-

1823 4280 1937 4321 rem
1971 4265 2161 4320 ruinas
2195 4263 2349 4330 Sion,
2381 4269 2435 4317 et
2458 4261 2676 4318 deserta
2708 4260 2831 4329 ejus
2872 4267 3076 4315 mutem
3122 4259 3177 4314 in
3209 4260 3425 4329 paradi-

1824 4372 1942 4413 sum
1974 4356 2296 4427 voluptatis,
2324 4355 2454 4411 etin
2484 4356 2705 4410 hortum
2736 4351 2952 4409 Domini
2977 4368 3140 4423 quem
3162 4352 3427 4424 plantavit

1828 4449 1972 4504 Deus
2003 4448 2056 4502 in
2091 4446 2244 4502 Eden
2274 4454 2465 4502 contra
2493 4444 2774 4501 Orientem
2802 4460 2815 4498 :
2839 4453 2896 4501 et
2925 4444 3236 4501 inveniatur
3262 4445 3317 4501 in
3358 4462 3423 4503 ea

1828 4556 1925 4613 pro
1951 4538 2188 4596 diversis
2216 4539 2510 4594 arboribus
2535 4538 2798 4609 gaudium
2826 4547 2990 4609 atque
3029 4538 3251 4608 laetitia,
3288 4555 3423 4596 con-

1829 4634 1998 4691 iessio
2025 4640 2082 4689 et
2113 4647 2220 4687 vox
2244 4631 2465 4687 laudis?
2496 4630 2615 4687 Hoc
2636 4630 2816 4686 Judtei
2841 4630 2909 4686 ad
2936 4631 3243 4689 Zorobabel
3282 4642 3429 4688 tem-

130 4734 216 4794 Dei
268 4699 603 4810 potentiam,
651 4743 709 4790 et
748 4699 990 4789 redeant
1029 4699 1099 4785 ad
1137 4699 1394 4784 salutem.
1437 4722 1718 4796 Significat
1750 4699 1800 4761 Ῑ)
1830 4744 1963 4802 pora
1994 4726 2262 4794 referunt,
2290 4724 2421 4797 quia
2467 4733 2595 4794 post
2644 4723 2964 4797 Babyloniae
2997 4725 3308 4795 vastitatem
3338 4723 3423 4780 in;

132 4838 301 4888 autem
329 4831 548 4890 Iudaici
582 4827 770 4900 populi
808 4825 1145 4895 vastitatem,
1186 4838 1293 4896 qua
1318 4821 1583 4879 Romanis
1613 4829 1722 4875 tra—

132 4924 393 4999 ditisnnt,
421 4936 481 4986 et
519 4922 850 4995 captivitatis
876 4920 1069 4993 jugum
1097 4917 1381 4988 hucusque
1420 4916 1717 4974 sustinent.

135 5016 290 5093 ὅθι
314 5020 390 5076 De
420 5033 589 5075 manu
616 5016 762 5073 enim
785 5012 987 5071 Christi
1018 5012 1139 5068 lucc
1180 5009 1321 5066 facta
1351 5016 1480 5065 sunt
1500 5008 1685 5064 omnia
1704 5052 1718 5076 ,

136 5121 188 5168 et
214 5114 267 5171 in
295 5128 538 5173 mmrore
575 5127 640 5167 ac
668 5109 953 5166 doloribus
995 5106 1303 5171 dormient;
1333 5103 1459 5174 quia
1486 5117 1589 5159 nec
1628 5100 1716 5158 be-

138 5208 362 5272 neﬂciis.
395 5222 505 5265 nec
534 5205 843 5273 tormentis,
891 5201 989 5258 Dei
1020 5199 1194 5254 tilium
1239 5196 1492 5267 recipere
1539 5194 1725 5250 volue-

140 5308 278 5355 runt.
303 5299 465 5359 Unde
509 5299 753 5370 loquitur
779 5295 845 5352 ad
875 5310 1001 5351 eos:
1037 5292 1119 5347 Ite
1153 5292 1210 5346 in
1251 5291 1423 5361 ignem
1452 5297 1723 5355 aeternum,

141 5408 282 5464 quem
309 5395 622 5468 praeparauit
645 5392 786 5448 Deus
813 5390 1023 5445 diabolo
1047 5396 1096 5444 et
1119 5385 1322 5459 angelis
1347 5384 1460 5449 eius
1489 5382 1509 5456 (
1533 5380 1726 5437 Matth.

143 5501 264 5557 xxv,
294 5488 414 5560 41).
463 5489 577 5546 Hoc
623 5494 709 5544 est
758 5485 902 5557 quod
924 5493 979 5542 et
1005 5481 1302 5553 Apostolus
1332 5479 1444 5535 ait:
1485 5476 1730 5532 Peruenit

144 5581 273 5635 enim
302 5598 462 5654 super
490 5598 578 5637 uos
598 5582 677 5636 ira
700 5581 757 5636 in
788 5578 1010 5652 ﬁnem(l
1049 5575 1236 5631 Thess.
1264 5590 1325 5641 tt,
1359 5570 1471 5644 16).
1500 5570 1617 5627 Hoc
1638 5585 1731 5625 ca-

144 5672 311 5741 pitulo
338 5674 624 5743 discimus,
660 5688 759 5746 pro
794 5672 1062 5745 qualitate
1100 5668 1335 5742 peccati,
1394 5667 1574 5738 ignem
1620 5664 1730 5720 sibi

146 5779 586 5841 unumquemque
605 5766 963 5825 succendere.
1010 5764 1079 5821 Et
1113 5760 1395 5836 quomodo
1439 5761 1497 5817 in
1534 5758 1729 5817 eodem

1829 4831 2071 4881 staurata
2100 4821 2173 4878 sit
2195 4820 2351 4889 Sion,
2387 4817 2827 4889 tediiicatumque
2856 4817 3170 4888 Templum,
3203 4828 3258 4874 et
3289 4819 3428 4875 anti-

1829 4931 1936 4989 qua
1962 4914 2155 4987 religio
2180 4911 2417 4970 reddita.
2461 4910 2568 4969 Sed
2616 4909 2895 4982 quomodo
2942 4924 3107 4981 supra
3155 4910 3176 4981 (
3190 4912 3260 4965 ad
3304 4928 3422 4986 cap.

1834 5028 1985 5081 xux,
2042 5010 2137 5081 2‘2,
2167 5010 2267 5078 23)
2299 5007 2502 5064 dicitur
2545 5005 2615 5062 ad
2645 5005 2778 5062 Sion
2806 5023 2821 5062 :
2851 5004 3083 5073 Aﬂ‘erent
3121 5006 3263 5077 ﬁlios
3307 5016 3425 5064 tuos

1831 5107 1886 5162 in
1916 5105 2080 5171 ulnis,
2123 5110 2172 5157 et
2197 5102 2338 5172 filias
2384 5108 2500 5154 tuas
2543 5114 2700 5171 super
2724 5096 2969 5154 humeros
3013 5097 3312 5170 portabunt.
3355 5098 3426 5154 Et

1828 5208 1977 5256 erunt
2006 5210 2152 5270 reges
2177 5192 2391 5248 nutricii
2421 5190 2519 5258 tui,
2550 5198 2601 5244 et
2638 5190 2833 5265 regina!
2859 5190 3089 5246 nutrices
3141 5200 3267 5247 tute.
3317 5191 3386 5247 Et
3412 5207 3426 5244 :

1832 5293 1967 5348 Ecce
1996 5290 2087 5345 isti
2118 5286 2184 5340 de
2209 5285 2361 5360 longe
2383 5283 2605 5352 uenient,
2637 5291 2685 5338 et
2711 5283 2792 5339 illi
2814 5284 2877 5340 ab
2909 5284 3165 5354 Aquilone
3191 5292 3242 5339 et
3269 5282 3425 5348 mari,

1832 5395 1882 5439 et
1910 5383 2000 5437 isti
2024 5380 2089 5434 de
2127 5388 2269 5432 terra
2293 5376 2549 5442 australi;
2590 5375 2813 5446 quando
2841 5375 2991 5433 dicet
3013 5376 3147 5430 Sion
3168 5390 3188 5429 :
3223 5376 3432 5448 Angus-

1836 5486 1917 5531 tus
1938 5472 2068 5529 mihi
2098 5478 2173 5526 est
2200 5471 2343 5526 locus
2365 5487 2384 5525 :
2412 5470 2498 5539 fac
2518 5467 2648 5523 mihi
2686 5469 2917 5540 spatium
2954 5476 3009 5521 ut
3036 5466 3282 5535 habitem,
3309 5484 3433 5540 quas

1840 5567 2277 5628 mediocritatem
2325 5562 2629 5619 excludunt
2667 5561 2884 5617 illorum
2942 5570 3273 5632 temporum,
3332 5578 3438 5620 nec

1838 5679 2005 5736 super
2044 5672 2264 5719 terrena
2293 5656 2600 5716 Jerusalem
2634 5655 2860 5728 impleta
2894 5663 3198 5711 noscuntur
3232 5672 3246 5710 :
3274 5656 3357 5713 sic
3384 5666 3445 5715 et

1839 5761 1929 5819 hic
1950 5758 2193 5831 loquitur
2219 5756 2486 5813 Dominus
2503 5753 2574 5810 ad
2599 5766 2722 5821 eos,
2746 5751 2838 5824 qui
2868 5759 3277 5824 persequuntur
3302 5769 3448 5835 quod

220 5917 246 5948 ⁸
268 5909 546 5969 Rescribit
566 5910 865 5982 Victorius,
888 5926 1005 5967 cum
1029 5924 1165 5966 unus
1189 5915 1395 5966 centum
1420 5912 1552 5964 esset
1578 5919 1859 5975 annorum,
1880 5901 2093 5961 scilicet
2119 5900 2398 5959 Abraham
2432 5915 2445 5955 :
2480 5912 2588 5956 non
2607 5896 2773 5973 unius
2793 5905 2841 5953 et
2869 5904 3098 5955 centum.
3182 5926 3187 5929 -
