3932 6338
585 341 697 403 485

1865 343 1923 400 s.
1967 331 2238 400 EUSEBII
2275 331 2664 400 ιιιΕιιοΝγΜι

3777 345 3870 403 δὲι

577 464 785 534 justum
809 469 912 526 est,
937 459 1090 526 juxta
1121 457 1254 514 illud
1285 459 1432 530 quod
1459 460 1586 514 alibi
1616 459 1849 514 dicitur:
1885 461 2074 527 Quare
2101 477 2191 529 pa-
2217 464 2268 524 Α
2295 459 2514 528 quidam
2587 459 2810 522 volunt,
2867 458 3101 528 populus
3149 458 3456 528 appellatur
3519 457 3756 528 reliquiae
3811 475 3868 516 ex

581 571 710 620 cem,
738 563 786 606 et
812 567 1116 624 persequere
1143 569 1256 605 eam
1281 552 1452 622 (Psal.
1490 567 1684 620 xui",
1722 555 1806 622 5);
1839 564 1896 608 et
1929 555 2125 608 iterum
2171 573 2183 608 :

579 645 1008 720 Hospitalitatem
1039 654 1400 716 persequentes
1449 644 1580 717 [ΑΙ.
1635 645 1939 718 sequentes]
1989 645 2185 718 (Rom.

579 755 654 798 st.
691 739 802 808 15).
839 739 906 793 Ει
929 749 1184 809 quierunt
1213 739 1533 806 Dominum,
1565 749 1622 792 ut
1649 755 1716 793 ex
1747 740 2028 808 prioribus
2055 755 2188 794 ccu-

571 833 728 904 jiciat
779 833 1102 902 praisentia:
1151 847 1275 888 cum
1310 833 1482 886 multo
1527 831 1842 886 difﬁcilium
1881 833 2000 901 jam
2047 833 2188 888 facta

571 927 710 994 sint,
759 925 878 980 lizrc
905 941 1026 996 qua!
1067 928 1486 992 promittuntur,
1525 927 1702 978 futura
1755 939 1862 980 non
1907 924 2187 980 dubitem.

2289 555 2456 608 l~r.iel
2484 552 2824 606 credentium
2849 567 2864 616 ;
2889 561 2948 606 et
2973 551 3165 616 tribus,
3187 551 3305 606 sive
3339 563 3554 620 gentes,
3585 551 3634 604 lii
3661 551 3743 620 qui
3771 567 3868 607 cre-

2287 645 2544 700 diderunt
2593 660 2658 698 ex
2703 642 3062 698 multitudine
3089 643 3398 707 nati-onum,
3455 642 3671 697 dicente
3711 642 3868 697 natio-

2289 738 2452 791 nibus
2497 736 2680 807 Moyse
2727 737 2780 790 in
2829 735 3240 793 Deuteronomii
3281 736 3516 791 Cantico
3555 753 3568 789 :
3621 735 3865 790 laetemini

2287 837 2464 898 gentes
2489 844 2605 882 cum
2633 829 2826 896 popula
2859 830 2969 896 eius
2989 827 3172 900 (Deut.
3205 844 3378 894 xxxii,
3399 829 3473 884 43
3496 831 3538 898 ).
3587 827 3688 883 Pro
3703 832 3861 894 tribu,

2293 939 2455 992 quam
2507 941 2610 978 nos
2649 926 2991 990 interpretati
3045 939 3256 989 sumus,
3299 924 3630 988 Tbeoilotio,
3669 941 3862 998 geram:

2291 1016 2682 1087 Symmachus,
2723 1026 2969 1086 gentem:
3009 1015 3174 1078 LXX.
3231 1032 3418 1086 reges,
3473 1017 3858 1072 transtulerunt.

2289 1109 2400 1164 Nos
2435 1113 2578 1166 enim
2633 1119 2926 1176 sumus,et
2967 1113 3166 1174 tribus,
3199 1118 3254 1164 et
3275 1125 3432 1179 gens,
3459 1119 3514 1164 et
3563 1125 3728 1180 genus
3775 1111 3858 1164 Do-

2289 1202 2418 1254 mini
2452 1202 2634 1270 regale
2657 1212 2712 1256 et
2737 1201 3100 1266 sacerdotale,
3127 1201 3306 1270 qualis
3329 1203 3430 1255 fuit
3459 1211 3514 1256 et
3563 1201 3854 1268 Abraham,

2287 1296 2383 1366 qui
2413 1311 2508 1352 rex
2539 1297 2844 1366 appellatus
2869 1305 2974 1361 est,
3025 1305 3080 1350 et
3109 1298 3291 1350 Cll'lel'i
3347 1294 3548 1360 sancti,
3591 1295 3662 1350 do
3685 1297 3858 1362 quibus

2289 1389 2553 1458 scriptum
2577 1397 2662 1444 est
2687 1406 2700 1442 :
2730 1387 2909 1442 Nolite
2933 1397 3146 1459 tangere
3187 1386 3419 1442 Clu-istos
3441 1405 3584 1442 meos
3625 1386 3750 1460 (Ps.
3769 1404 3860 1456 etv,

2291 1485 2414 1554 15).
2447 1484 2586 1552 Quid
2632 1493 2715 1538 est
2757 1483 2902 1554 quod
2947 1484 3174 1552 jubetur
3203 1483 3433 1538 audire?
3483 1483 3626 1548 Quia
3661 1483 3760 1550 less,
3793 1487 3864 1536 in-

2285 1577 2428 1647 quit,
2460 1595 2490 1630 tt
2521 1593 2602 1631 me
2621 1577 2930 1647 egredietur.
2962 1585 3011 1628 et
3027 1576 3290 1648 judicium
3319 1591 3494 1630 meum
3516 1577 3571 1629 in
3595 1577 3754 1630 lucem
3778 1592 3860 1644 po-

573 1672 762 1728 iancea
787 1670 1166 1739 perlotleruut,
1185 1669 1256 1724 de
1275 1669 1580 1738 quaesivit
1605 1669 1830 1738 sanguis
1859 1677 1910 1722 et
1945 1683 2107 1737 aqua,
2131 1675 2186 1722 et
2289 1671 2552 1740 pulcrum,
2579 1671 2695 1726 sive
2717 1673 2968 1742 gentium.
3015 1671 3111 1724 llic
3157 1671 3242 1724 lex
3271 1670 3550 1741 Evangelii
3599 1669 3748 1744 587
3787 1687 3862 1724 us-

569 1765 736 1836 bujus
761 1765 1024 1819 foderunt
1049 1778 1245 1818 manus
1268 1774 1322 1816 et
1349 1763 1539 1832 pedes,
1577 1761 1798 1816 dicente
1839 1762 1958 1830 ipso
1991 1761 2181 1814 Domi-
2287 1763 2526 1816 tenditur
2557 1763 2876 1831 spiritualis,
2905 1779 3026 1833 quin
3059 1763 3286 1818 exietde
3325 1765 3492 1828 Sion;
3521 1779 3636 1820 non
3689 1763 3856 1834 Moysi,

575 1873 650 1914 no
677 1858 1006 1914 Salvatore:
1039 1855 1312 1912 Fuderunt
1343 1873 1524 1910 manus
1553 1872 1696 1909 meas
1743 1865 1788 1910 et
1835 1855 1991 1927 pedes
2021 1870 2179 1923 meos,
2214 1848 2262 1908 Β
2289 1873 2410 1924 quin
2454 1857 2582 1910 olim
2617 1857 2668 1910 in
2717 1855 2850 1912 Sina
2895 1857 3016 1910 datu
3057 1867 3141 1910 est
3175 1869 3192 1915 :
3218 1856 3594 1926 judiciumque
3631 1856 3658 1896 δ
3699 1873 3857 1912 meum

575 1019 750 1075 Porro
772 1019 929 1089 juxta
955 1017 1097 1073 LXX
1127 1019 1576 1088 persecutoribus
1604 1017 1834 1088 justitite
1875 1018 2103 1086 dicitur,
2133 1033 2192 1074 ut

579 1113 854 1182 aspiciant
897 1103 951 1166 in
997 1111 1438 1166 robusussiinain
1472 1121 1706 1180 petram,
1757 1125 1918 1179 quam
1970 1111 2193 1166 excide-

575 1217 729 1276 runt,
765 1217 820 1260 et
847 1209 1060 1262 loream
1110 1205 1214 1260 lari
1261 1221 1423 1275 quam
1469 1204 1750 1270 foderunt,
1783 1205 1836 1258 id
1867 1212 1975 1272 est,
2008 1205 2192 1259 Donni-

579 1315 712 1356 num
735 1299 1108 1366 Salvatorem,
1143 1298 1212 1354 de
1243 1313 1351 1363 quo
1381 1297 1679 1368 Apostolus
1707 1297 1978 1366 loquitur:
2025 1297 2190 1352 Petra

573 1403 748 1450 autem
775 1404 886 1447 erat
935 1391 1175 1448 Christus
1205 1391 1250 1463 (Ι
1277 1388 1403 1444 Cor.
1445 1406 1498 1459 κ,
1528 1390 1604 1457 4).
1641 1389 1710 1444 Et
1749 1390 1884 1444 alibi
1919 1389 2186 1459 scriptum

575 1495 664 1543 est
689 1505 702 1542 :
728 1487 928 1544 Statuit
947 1501 1108 1557 supra
1129 1493 1326 1550 petram
1347 1483 1500 1554 ped-es
1527 1497 1669 1536 meos
1691 1479 1867 1550 (Psal.
1891 1497 2081 1550 xsxtx,
2104 1481 2184 1551 5).

574 1577 646 1636 Et
675 1581 874 1635 iterum
911 1596 925 1631 :
967 1575 1032 1631 In
1055 1585 1206 1650 petra
1237 1577 1480 1630 exultavit
1511 1591 1614 1629 me.
1653 1574 1829 1645 Hujus
1859 1576 2004 1628 enim
2039 1575 2188 1629 latus

573 1953 1030 2007 dinumeraveruut
1055 1953 1232 2004 oniiiia
1259 1967 1377 2004 ossa
1399 1965 1514 2002 mra
1541 1949 1663 2019 (Ps.
1689 1964 1802 2014 ut,
1837 1948 1952 2018 l8).
1983 1948 2181 2004 Possu-

569 2059 696 2100 mus
721 2045 961 2100 excisam
1001 2055 1238 2114 petram.
1275 2044 1610 2111 sepulcrum
1639 2042 1828 2096 dicere
1853 2042 2176 2108 StthnlnriS,

573 2137 630 2193 in
677 2151 786 2205 quo
815 2136 1074 2190 conditus
1107 2146 1214 2203 est,
1244 2145 1300 2190 et
1337 2149 1636 2203 resurgens
1667 2148 1695 2186 a
1729 2133 1984 2202 mortuis,
2023 2135 2183 2187 innu-

569 2232 868 2287 merabiles
897 2229 1042 2284 ﬁlios
1089 2235 1306 2299 genuit.
1341 2229 1408 2282 Et
1432 2229 1740 2296 appellatus
1769 2237 1852 2282 est
1893 2228 2175 2292 Abraham,

565 2323 626 2380 id
657 2332 762 2386 est,
805 2333 956 2394 puter
1007 2323 1286 2376 multarum
1331 2323 1587 2393 gentium.
1633 2321 1791 2377 Sicut
1837 2321 1970 2377 Sara
2021 2323 2179 2392 prius

561 2417 794 2484 sterilis,
821 2417 1220 2484 interpretatur
1235 2415 1512 2482 Ecclesia,
1547 2431 1668 2485 quze
1691 2415 1804 2469 alio
1833 2414 2057 2469 nomine
2079 2429 2178 2484 np-

565 2508 814 2580 pellatur
861 2507 1014 2568 Sion,
1069 2521 1232 2576 quam
1277 2507 1540 2560 Dominus
1587 2509 1907 2562 coimolatus
1955 2517 2072 2576 est,
2121 2516 2177 2563 et

567 2599 1006 2670 posiiitdeserta
1037 2599 1160 2666 ejus
1211 2599 1364 2664 quasi
1411 2597 1744 2666 paradisum.
1788 2599 1978 2654 Plures
2025 2603 2172 2656 enim

565 2693 735 2766 586
763 2692 864 2762 filii
895 2692 1127 2756 desertis,
1161 2693 1332 2760 magis
1359 2707 1518 2762 quam
1541 2696 1656 2764 ejus
1673 2709 1786 2762 qua:
1813 2692 1960 2747 habet
1981 2695 2172 2750 virum.

561 2785 839 2854 Quodque
883 2783 1126 2838 dicitur:
1175 2783 1238 2838 Et
1285 2799 1354 2838 ea
1383 2801 1500 2855 qua:
1551 2786 1620 2839 ad
1649 2785 1986 2840 Occidentem
2025 2797 2170 2857 sunt,

571 2893 765 2950 ponam
795 2880 848 2931 in
875 2876 1182 2946 paradisum
1214 2877 1444 2946 Domini,
1471 2879 1589 2934 sive
1619 2881 1672 2934 in
1701 2880 1909 2934 hortum
1945 2881 2064 2952 Dei,
2101 2883 2174 2936 si-

497 3029 516 3044 ,
569 2969 794 3042 gnilicat
827 2969 988 3036 illud,
1019 2971 1165 3040 quod
1191 2971 1514 3026 sedentibus
1543 2975 1596 3026 in
1629 2974 1869 3028 tenebris
1895 2984 1952 3030 et
1975 2976 2168 3030 umbra

568 3067 763 3122 mortis
795 3067 886 3121 lux
915 3068 1200 3134 repentina
1229 3067 1503 3122 Surrexit.
1537 3067 1644 3121 Pro
1675 3069 1951 3138 paradiso,
1989 3069 2044 3125 in
2075 3087 2171 3126 cu-

563 3158 656 3230 jus
687 3159 808 3214 loco
841 3173 940 3212 nos
971 3158 1189 3213 delicias
1219 3160 1507 3228 vertimus,
1539 3159 1591 3214 in
1635 3159 1902 3216 llebraico
1947 3165 2170 3231 ponitur

2287 1949 2340 2002 in
2371 1949 2548 2003 lucem
2575 1946 2820 2018 gentium
2871 1948 3154 2018 procedet,
3213 1964 3307 2018 per
3335 1947 3482 2018 quod
3509 1951 3694 2004 statuit
3717 1959 3860 2016 atque

2283 2039 2520 2095 decrevit
2551 2055 2742 2096 omnes
2767 2051 2959 2111 gentes
2987 2056 3110 2096 esse
3135 2042 3452 2096 solvendas.
3485 2045 3566 2096 Ac
3605 2057 3672 2096 ne
3717 2041 3860 2095 farsi-

2285 2141 2374 2190 tan
2433 2143 2750 2204 putaremus
2779 2137 2939 2204 longo
2971 2145 3092 2203 post
3139 2145 3386 2205 tempore
3421 2135 3573 2206 quod
3629 2136 3860 2206 prornisit

2283 2245 2406 2285 esse
2448 2241 2760 2296 venturum,
2797 2229 2980 2296 infert,
3010 2246 3174 2299 prOpe
3227 2241 3300 2284 est
3315 2234 3500 2302 justus
3543 2247 3710 2294 meus,
3755 2232 3859 2285 sive

2281 2323 2502 2391 iustitia.
2531 2323 2782 2378 Christus
2807 2325 2952 2377 enim
2983 2337 3013 2376 s
3055 2323 3217 2376 Patre
3265 2322 3442 2378 lactus
3495 2331 3584 2378 est
3613 2323 3760 2376 nobis
3783 2338 3860 2377 sa-

2281 2416 2481 2484 pientia
2519 2427 2572 2467 et
2613 2415 2917 2482 redemptio
2943 2414 2986 2486 (1
3011 2411 3132 2468 Cor.
3163 2414 3223 2486 ι),
3255 2417 3522 2470 sanctitas
3541 2431 3604 2469 ac
3629 2415 3856 2482 justitia,

2279 2513 2337 2561 et
2373 2507 2554 2561 omnia
2587 2509 2784 2578 quibus
2815 2509 2987 2562 virtus
3023 2509 3338 2562 nominibus
3379 2508 3697 2578 appellatur.
3739 2507 3861 2562 Pul-

2277 2602 2516 2672 chraque
2545 2605 2768 2670 dicitur,
2799 2604 3002 2672 justitia
3035 2618 3380 2674 processnra,
3415 2612 3475 2656 ut
3531 2617 3860 2672 nequaquam

2281 2711 2382 2750 una
2399 2713 2551 2766 guns,
2577 2697 2672 2752 sed
2697 2700 2879 2752 innuis
2893 2698 3140 2752 salvetur
3167 2697 3340 2752 orbis.
3371 2697 3527 2766 Quod
3550 2709 3723 2752 autem
3743 2695 3858 2752 Sal-

2277 2804 2451 2860 vator,
2473 2795 2590 2847 sive
2611 2795 2784 2860 salus,
2807 2794 2952 2862 quod
2976 2792 3246 2847 llebraice
3277 2792 3474 2847 dicitur
3499 2803 3522 2831 ο
3541 2791 3724 2858 locus,
3773 2805 3858 2858 ap-

2279 2887 2510 2955 pelletur
2538 2884 2710 2940 Filius
2766 2887 2883 2954 Dei,
2909 2887 3002 2956 qui
3029 2889 3230 2941 missus
3249 2901 3278 2938 a
3303 2894 3460 2954 patre
3481 2897 3589 2954 est,
3645 2885 3854 2942 Simeon

2275 2987 2469 3034 tenens
2515 2995 2738 3048 puerum
2761 2981 2816 3034 in
2843 2983 2983 3035 ulnis
3013 2983 3148 3048 suis,
3175 2983 3416 3049 loquitur
3447 3000 3458 3035 :
3489 2980 3647 3035 Nunc
3689 2981 3857 3036 dimit-

2276 3073 2339 3125 tis
2361 3089 2562 3126 servum
2587 3084 2753 3142 tuum,
2785 3073 3026 3145 Domine,
3053 3077 3300 3146 quoniam
3323 3077 3564 3130 viderunt
3591 3076 3727 3142 oeuli
3767 3073 3856 3127 mei

2273 3166 2504 3220 salutare
2533 3179 2698 3238 tuum,
2723 3171 2862 3240 quod
2885 3172 3192 3239 praeparasti
3231 3171 3288 3225 in
3315 3182 3594 3242 conspectu
3639 3170 3854 3224 omnium

566 3265 706 3307 sum!
735 3250 896 3338 (TW),
923 3251 992 3306 de
1019 3267 1130 3321 quo
1161 3251 1210 3304 in
1259 3252 1528 3322 principio
1573 3250 1856 3307 Geneseos
1903 3257 2168 3324 scriptum
2195 3245 2240 3307 C
2274 3261 2605 3330 pepulerunt,
2633 3260 2804 3314 lumen
2841 3265 2892 3316 in
2919 3263 3282 3318 reuelationem
3311 3265 3539 3336 gentium
3575 3261 3740 3333 (Luc.
3773 3275 3846 3322 st.

563 3355 669 3402 est.
707 3345 775 3400 Et
819 3344 923 3400 hoc
972 3344 1292 3413 notandum,
1325 3345 1547 3416 quodin
1579 3345 1737 3414 Sion,
1783 3363 1904 3418 qius
1949 3364 2170 3418 compa-

561 3453 718 3500 ratur
745 3444 1001 3516 paradiso
1031 3442 1153 3512 Dei,
1189 3443 1339 3498 aliud
1369 3458 1490 3499 esse
1519 3459 1628 3497 non
1649 3445 1870 3513 debeat,
1900 3445 2008 3500 nisi
2037 3461 2170 3514 gau-

557 3539 710 3594 dium
743 3545 800 3594 et
831 3536 1041 3604 laetitia,
1075 3537 1358 3592 confessio
1382 3549 1436 3592 et
1465 3553 1576 3591 vox
1603 3539 1804 3602 laudis,
1849 3549 1904 3592 ut
1933 3541 2076 3607 quod
2111 3543 2163 3594 in

557 3630 715 3683 caelis
743 3629 938 3682 tacturi
967 3639 1093 3680 sunt
1123 3627 1304 3681 sancti
1333 3643 1454 3682 cum
1483 3629 1707 3698 Angelis
1737 3630 1852 3698 Dei,
1883 3629 1986 3684 hoc
2003 3631 2163 3685 etiam

561 3720 618 3774 in
647 3725 797 3773 terra
820 3718 930 3787 jugi
971 3719 1026 3772 in
1063 3719 1274 3770 Domini
1310 3718 1469 3772 laude
1501 3719 1856 3774 meditemur.

629 3813 651 3884 (
675 3811 832 3867 Vers.
860 3813 918 3873 4,
949 3813 1002 3866 5.
1027 3811 1046 3882 )
1081 3811 1340 3866 Attendite
1371 3813 1440 3866 ad
1471 3830 1548 3866 me
1567 3854 1584 3880 ,
1633 3816 1861 3884 populus
1891 3831 2059 3881 meus,
2115 3827 2163 3871 et

557 3905 721 3960 tribus
741 3919 876 3966 mea,
899 3919 984 3958 me
997 3903 1211 3958 audite:
1230 3905 1352 3971 quia
1378 3906 1463 3958 lea:
1483 3923 1516 3958 α
1537 3922 1618 3958 me
1645 3907 1800 3976 exiet,
1823 3917 1874 3961 et
1893 3908 2160 3979 judicium

551 4009 724 4054 meum
765 3999 818 4052 in
845 3999 1010 4053 lucem
1040 3997 1352 4066 populorum
1403 4001 1713 4070 requiescet.
1774 3999 1950 4070 PrOpe
1971 4017 2046 4056 est
2059 4005 2158 4074 ju-

553 4107 662 4150 stus
673 4107 1082 4165 meus.egressus
1101 4101 1180 4145 est
1200 4092 1427 4145 salvator
1441 4107 1619 4145 ruens:
1641 4101 1689 4146 et
1713 4091 1924 4146 brachia
1939 4111 2050 4146 mea
2065 4111 2160 4164 po-

557 4188 709 4259 pulos
722 4187 1057 4259 judicubunt.
1089 4185 1175 4238 Me
1197 4187 1382 4240 insula:
1407 4187 1793 4253 exspectabant,
1823 4197 1869 4241 et
1891 4187 2157 4242 brachium

551 4297 726 4336 meum
743 4279 1084 4334 sustinebunt.
1103 4279 1248 4333 LXX
1270 4298 1282 4332 :
1305 4279 1493 4334 Audite
1515 4296 1612 4346 ine,
1627 4281 1802 4334 audite
1815 4297 1914 4344 me,
1933 4285 2156 4352 populus

549 4389 718 4440 meus,
742 4383 792 4427 et
809 4389 976 4442 reges,
1003 4373 1075 4426 ad
1097 4387 1178 4425 me
1203 4373 1452 4426 attendite
1475 4373 1632 4444 :quia
1661 4373 1746 4428 lea:
1769 4391 1802 4427 a
1825 4390 1906 4428 me
1929 4375 2155 4445 egredie-

549 4480 658 4536 tur,
699 4481 746 4524 et
780 4469 1046 4544 judicium
1081 4483 1254 4521 meum
1303 4467 1358 4522 in
1390 4466 1558 4520 lucem
1588 4477 1614 4504 α
1643 4471 1895 4541 gentium.
1949 4471 2152 4541 Appro-

547 4568 763 4638 pin1unt
792 4567 894 4619 cito
909 4565 1120 4632 jnstitia
1147 4579 1284 4627 mea,
1313 4573 1360 4616 et
1379 4564 1676 4631 egredietur
1713 4565 1845 4618 sicut
1871 4565 1965 4619 luti:
2009 4567 2151 4619 salu-

2269 3349 2342 3406 29
2378 3360 2424 3404 et
2449 3369 2588 3422 seqq.
2615 3355 2632 3421 )
2677 3355 2942 3424 Quodque
2969 3355 3212 3426 sequitur
3241 3372 3260 3410 :
3285 3355 3350 3408 Et
3377 3354 3596 3410 brachia
3615 3373 3730 3410 mea
3767 3369 3851 3424 po-

2271 3445 2424 3515 pulos
2436 3447 2775 3517 judicabuut.
2799 3449 2924 3503 Sive
2945 3450 3094 3518 juxta
3153 3449 3320 3518 LXX,
3349 3460 3400 3504 et
3429 3451 3484 3504 in
3515 3450 3720 3504 brachio
3747 3463 3850 3501 meo

2267 3549 2442 3612 gentes
2473 3543 2769 3612 sperabunt,
2797 3543 2882 3598 vel
2913 3543 3016 3598 lioc
3044 3544 3333 3614 signiﬁcat,
3359 3544 3511 3613 quod
3541 3559 3728 3600 omnes
3753 3543 3848 3597 Fir-

2265 3641 2384 3686 tute
2415 3633 2561 3686 illius
2585 3635 2918 3704 iudicentur,
2945 3637 3028 3690 vel
3061 3637 3204 3706 quod
3237 3639 3288 3692 in
3315 3635 3616 3707 Clu-istum,
3641 3637 3732 3708 qui
3771 3643 3844 3690 est

2265 3724 2548 3779 brachium
2581 3735 2637 3780 et
2689 3727 2952 3784 fortitudo
2995 3731 3112 3798 Dei,
3143 3745 3336 3787 omnes
3385 3731 3684 3786 creditura
3743 3731 3838 3782 sint

2265 3820 2541 3872 nationes.
2581 3819 2788 3876 Dicitur
2837 3834 2886 3878 et
2923 3823 2974 3876 in
3003 3823 3114 3877 alio
3149 3826 3270 3879 loco
3305 3844 3316 3879 :
3374 3824 3544 3878 Tuum
3589 3823 3842 3878 brachium

2263 3929 2382 3966 cum
2407 3916 2657 3984 potentia.
2685 3913 3019 3986 Canfortetur
3037 3934 3220 3972 manus
3247 3929 3357 3986 tua,
3385 3930 3435 3972 et
3463 3915 3842 3972 exalteturdes-

2261 4013 2369 4058 tera
2398 4015 2486 4059 tua
2501 4006 2620 4074 (Ps.
2645 4023 2808 4062 Lxxxx
2823 4023 2897 4074 III,
2918 4007 3027 4078 lt).
3049 4009 3112 4063 Et
3136 4009 3328 4064 iterum
3355 4025 3370 4062 ;
3395 4009 3618 4064 Caritate
3635 4007 3839 4062 Destino

2260 4099 2518 4152 canticum
2541 4117 2726 4154 norunt
2775 4118 2794 4155 :
2843 4101 3062 4156 salt-abit
3095 4103 3192 4156 sibi
3221 4105 3436 4158 dextera
3483 4104 3614 4175 ejus,
3651 4113 3698 4158 et
3733 4103 3836 4154 bra-

2261 4190 2433 4244 chium
2460 4204 2694 4246 sanctum
2717 4194 2866 4248 illius
2895 4192 3016 4264 (Ps.
3043 4211 3206 4262 xxvu,
3237 4196 3286 4262 l,
3319 4194 3356 4248 2
3381 4197 3422 4264 ).
3455 4195 3686 4250 Dextera
3705 4193 3832 4248 enim

2257 4293 2311 4338 et
2333 4283 2610 4340 brat-bium
2639 4285 2870 4350 Domini,
2903 4288 3017 4356 ipse
3043 4299 3128 4342 est
3157 4289 3246 4356 qui
3279 4287 3430 4358 prius
3471 4288 3710 4358 perditos
3735 4285 3835 4340 sal-

2257 4382 2400 4432 vavit
2439 4380 2563 4446 sibi,
2595 4389 2652 4432 ut
2679 4380 2862 4434 nullus
2885 4381 3085 4450 periret
3111 4381 3180 4436 de
3215 4381 3302 4436 his
3327 4397 3466 4452 quos
3497 4385 3548 4436 ei
3569 4377 3836 4438 ναιετάε-

2253 4471 2409 4526 derat
2431 4474 2448 4538 (
2463 4471 2626 4525 loan.
2671 4487 2778 4525 xvii
2808 4473 2846 4543 ).
2889 4473 3044 4539 Quod
3075 4488 3254 4532 autem
3285 4475 3501 4538 insulae,
3525 4476 3612 4532 vel
3649 4475 3836 4528 anisum

2256 4563 2602 4628 Sanctorum,
2625 4579 2747 4631 qitat
2767 4563 2822 4618 in
2853 4567 3326 4634 persecutionilms
3353 4567 3536 4624 mutuli
3563 4568 3724 4623 istius
3751 4565 3835 4619 lir-

547 4637 657 4716 tare
710 4668 996 4713 metumet
1023 4658 1077 4710 in
1121 4656 1333 4710 brachio
1360 4671 1474 4710 meo
1504 4665 1680 4726 gentes
1721 4657 2022 4725 sperabunt.
2067 4655 2153 4710 Me
2179 4637 2228 4698 Ῑ)
2258 4669 2340 4708 ma
2367 4656 2416 4707 in
2447 4654 2615 4708 Deum
2639 4655 2882 4710 solida-tie
2921 4669 3046 4714 sunt
3071 4659 3200 4726 lide,
3243 4661 3327 4716 vel
3373 4661 3740 4718 Eerhsiaram
3777 4673 3838 4712 ex

543 4754 733 4809 insula:
759 4751 1151 4820 exspectabmu,
1185 4761 1234 4803 et
1261 4749 1316 4802 in
1339 4749 1554 4802 brachio
1591 4764 1704 4802 meo
1727 4751 2028 4820 sperabunt.
2055 4748 2160 4804 Se-

539 4850 652 4903 mel
693 4849 746 4900 in
777 4847 1043 4901 llebraico
1080 4841 1284 4898 diri-tur
1317 4861 1329 4896 :
1362 4842 1646 4904 Attendite,
1701 4844 1950 4898 secundo
1995 4843 2151 4912 juxta

539 4937 917 5007 Septuaginta,
957 4937 1138 4991 audite
1172 4952 1254 4990 me
1273 4978 1287 5002 ,
1313 4934 1496 4990 audite
1513 4950 1626 5001 me;
1657 4941 1713 4988 ut
1733 4935 1937 4988 doceat
1961 4950 2059 4990 nos
2089 4945 2150 4992 et

543 5029 767 5085 auribus
809 5026 1082 5097 corporis,
1126 5037 1182 5082 et
1219 5043 1391 5083 sensu
1439 5027 1636 5082 animai
1683 5025 1875 5082 audire
1923 5028 2146 5084 debere.

539 5125 985 5189 Provocnturque
1013 5122 1257 5190 gentium
1293 5121 1604 5185 multitudo,
1647 5135 1770 5190 qua:
1796 5130 1881 5174 est
1905 5123 2139 5190 papulas

531 5215 660 5284 'Dei,
696 5224 754 5270 ut
782 5212 1291 5284 diligenteraudiat
1331 5227 1450 5281 quae
1481 5212 1758 5278 diruntur,
1777 5212 1852 5267 de
1869 5227 1980 5284 quo
2033 5213 2142 5268 Za-

532 5311 754 5370 charias
785 5327 798 5364 :
829 5307 1166 5382 Confugient,
1197 5305 1400 5374 inquit,
1432 5317 1606 5377 gentes
1633 5309 1815 5362 multa:
1841 5308 1908 5361 ad
1953 5307 2137 5362 Domi-

529 5423 694 5470 num,
733 5415 776 5458 et
811 5413 961 5458 erunt
991 5401 1038 5455 ei
1077 5401 1131 5454 in
1172 5402 1426 5471 populum
1471 5397 1762 5473 (-Zach.-u,
1787 5401 2046 5473 il).Sive
2083 5411 2140 5456 ut

603 5606 628 5634 τι
663 5597 858 5648 Deerat
889 5606 991 5646 vox
1017 5589 1267 5660 gentium,
1297 5603 1460 5660 quam
1483 5603 1561 5642 ex
1580 5585 2120 5660 Anibrtisianis‘tnss.

527 5667 869 5734 suppletum.
903 5658 1136 5734 cogente
1165 5664 1286 5734 ipso
1309 5659 1505 5716 Graeco
1535 5665 1690 5734 textu
1713 5660 1791 5734 εἰς
1817 5665 1924 5731 φῶς
1951 5658 2122 5716 ἐθνῶν.

600 5727 652 5776 δ’
671 5727 1082 5804 Ainln‘osiniius,
1109 5731 1468 5804 iudiciumque
1496 5731 1610 5804 ejus
1639 5731 1691 5782 in
1725 5727 1914 5804 lucem,
1942 5738 2052 5804 e_tc.

605 5819 624 5844 ε
665 5804 842 5862 Ιιεξαδ,
875 5818 983 5855 etc.
1021 5795 1162 5856 Editi
1191 5813 1351 5858 antea
1383 5795 1650 5868 libri'pro
1691 5803 1916 5856 nomine
1945 5795 2124 5864 Iesus,

527 5885 826 5953 posuerunt
855 5871 1118 5924 llcbt‘uice
1146 5875 1276 5930 imm
1308 5869 1566 5938 Jesehua;
1597 5885 1717 5925 cum
1747 5869 1798 5924 in
1843 5879 1991 5926 textu
2023 5869 2129 5926 He-

2253 4747 2504 4817 gentibus
2533 4747 2824 4803 multitudo
2855 4751 3085 4821 dicatur,
3119 4753 3314 4809 crebro
3353 4757 3722 4823 exposuimus.
3777 4753 3836 4808 Et

2251 4841 2391 4895 sicut
2429 4839 2728 4906 brat-bium
2783 4844 3031 4913 Domini,
3082 4846 3422 4904 Salutarem
3453 4865 3468 4902 :
3499 4849 3582 4906 sic
3623 4847 3836 4905 brachia

2241 4930 2364 5000 ejus
2391 4945 2512 5001 quae
2543 4935 2774 5003 populos
2799 4935 3068 5005 judicent,
3095 4953 3289 4994 omnes
3311 4949 3534 4994 sanctos
3555 4951 3836 5008 possimus

2247 5026 2577 5098 intelligere,
2613 5030 2664 5085 in
2703 5031 2904 5100 quibus
2929 5033 3076 5087 Deus
3095 5033 3356 5089 mundum
3375 5035 3660 5103 judieahit.

2321 5119 2502 5192 (Vers.
2539 5122 2624 5184 6.)
2665 5123 2853 5179 Leonte
2875 5128 2931 5178 in
2953 5123 3107 5180 oculos
3155 5125 3338 5181 oculos
3371 5125 3832 5188 uestrothoidetc

2245 5215 2340 5269 sub
2367 5225 2559 5268 terram
2589 5217 2837 5270 deorsum
2861 5233 2880 5271 :
2899 5221 3023 5289 quia
3047 5218 3162 5274 caeli
3183 5220 3318 5274 sicut
3333 5221 3510 5289 fumus
3529 5221 3826 5288 ἐξεγείρεσθαι,

2247 5317 2294 5360 et
2323 5319 2461 5362 terra
2505 5311 2642 5362 sicut
2683 5311 3044 5365 vestimentum
3083 5321 3336 5366 niteretur
3363 5329 3384 5367 :
3423 5323 3476 5368 et
3513 5312 3826 5370 lectitamus

2247 5401 2360 5471 ejus
2385 5402 2516 5454 sicut
2551 5399 2666 5455 haec
2703 5401 3007 5458 interibunt.
3039 5402 3198 5460 Salus
3225 5414 3404 5459 autem
3433 5421 3552 5462 mea
3597 5407 3657 5460 in
3697 5414 3824 5456 seu?

2227 5582 2420 5638 braico
2447 5583 2604 5638 [snite
2635 5583 2874 5653 legatum
2899 5584 3006 5640 hoc
3047 5584 3224 5654 capite
3253 5600 3325 5650 ιι,
3359 5587 3420 5652 5,
3459 5589 3590 5650 mm
3639 5575 3814 5654 liscui.

2225 5655 2284 5710 id
2309 5663 2424 5720 est,
2465 5657 2610 5712 salus
2660 5673 2792 5726 mea,
2829 5659 2912 5710 vel
2943 5653 3170 5712 salvator
3199 5672 3343 5712 meus
3370 5657 3521 5724 juxta
3559 5653 3816 5726 Hieroni?

2231 5742 2404 5802 mum,
2434 5729 2538 5802 qui
2577 5729 2744 5802 intra,
2765 5723 2906 5783 vers.
2937 5728 2970 5802 ii
3001 5741 3054 5782 et
3075 5729 3352 5802 s._v_n~mn
3372 5723 3676 5802 lesehuatlti
3703 5733 3817 5802 vel;-

2233 5799 2294 5852 tit
2315 5839 2329 5864 ,
2361 5801 2508 5870 salus
2543 5815 2677 5856 mea.
2711 5799 3068 5870 Septuaginta
3095 5799 3301 5868 ubique
3325 5799 3558 5856 reddunt
3581 5797 3814 5854 σωτήριόν

2231 5890 2330 5940 μου
2362 5869 2593 5923 salutare
2621 5885 2805 5923 meum.
2853 5869 3118 5926 MARTIAN.
