3932 6370
169 363 262 423 185

169 570 344 624 Lerate
365 570 412 622 in
457 568 628 622 caelum
668 569 846 622 oculos
888 581 1102 636 uestros,
1146 578 1192 624 et
1245 571 1488 640 inspicite
1541 579 1730 624 terram

167 665 434 726 deorsum,
495 661 731 728 quoniam
786 663 972 716 caelum
1039 663 1172 716 sicut
1220 663 1392 732 fumus
1464 663 1728 730 ﬁrmatum

159 763 248 807 est.
275 752 422 805 Terra
470 761 632 804 autem
658 751 824 823 583
845 753 978 806 sicut
1021 757 1374 808 vestimentum
1419 765 1726 824 reterascet,

159 858 200 902 et
227 846 518 899 habitatores
550 849 663 917 ejus
695 851 828 900 sicut
849 847 960 902 ἠως
1001 850 1307 902 morientur.
1341 847 1589 903 Salutare
1633 866 1731 902 au-

158 951 248 995 tem
284 954 440 992 meum
461 939 515 991 in
545 940 913 1010 sempiternum
934 933 1058 1010 erit,
1076 951 1122 994 et
1141 941 1353 1012 justitia
1377 959 1486 996 mea
1510 957 1610 995 non
1635 942 1729 995 de-

155 1035 298 1102 ﬁciet.
327 1032 435 1086 lloc
455 1045 535 1086 est
563 1033 706 1101 quod
734 1033 994 1087 Dominus
1027 1034 1269 1104 loquitur
1300 1035 1350 1088 in
1389 1035 1682 1104 Evangelia
1714 1053 1726 1089 :

155 1124 334 1178 Ctrlunt
358 1133 405 1177 et
445 1136 579 1177 terra
601 1124 892 1179 transibunt
912 1142 930 1179 :
963 1126 1112 1178 verba
1141 1137 1310 1180 autem
1339 1143 1451 1180 mea
1473 1143 1575 1180 non
1597 1142 1731 1194 pra:-

154 1214 399 1287 teribuitt(
421 1215 552 1270 Mat.
587 1232 736 1282 xxxv,
761 1218 832 1272 55
853 1218 892 1286 ).
926 1217 992 1271 Et
1023 1218 1188 1271 David
1220 1219 1272 1272 in
1306 1220 1514 1287 psalmo
1537 1220 1684 1272 canit
1716 1238 1726 1271 :

151 1311 190 1364 Α
217 1312 457 1381 principio
478 1319 556 1378 tu,
587 1310 822 1378 Domine,
856 1321 1048 1364 terram
1072 1313 1330 1381 fundasti,
1362 1323 1411 1366 et
1441 1328 1599 1383 Opera
1621 1329 1732 1365 nia-

149 1417 298 1455 uuam
325 1413 523 1454 tuarum
559 1411 678 1456 sunt
700 1404 835 1456 cteli.
870 1401 984 1472 Ipsi
1017 1403 1278 1470 peribunt,
1309 1415 1363 1457 tu
1401 1417 1574 1457 autem
1609 1419 1730 1474 per-

148 1513 328 1564 manes,
359 1506 404 1552 et
432 1513 610 1551 omnes
637 1498 771 1552 sicut
796 1499 1151 1553 vestimentum
1179 1509 1523 1566 veterasunt;
1551 1509 1600 1554 et
1630 1502 1733 1553 sic-

147 1601 196 1644 ut
218 1591 424 1661 pallium
453 1593 684 1646 involves
729 1609 844 1652 eos,
891 1602 938 1646 et
968 1594 1307 1648 mutabuntur
1351 1593 1469 1663 (Ps.
1500 1610 1582 1651 Ct.
1611 1595 1728 1664 26).

152 1683 220 1736 Ex
255 1697 357 1752 quo
383 1685 723 1746 ostenditur,
774 1685 1134 1751 perditionem
1158 1686 1419 1741 caelorum
1461 1700 1567 1740 non
1593 1687 1731 1741 inte-

144 1777 294 1831 rit.qu
317 1793 544 1844 sonare,
575 1779 669 1833 sed
695 1781 1047 1834 mutationi-tn
1087 1782 1139 1834 in
1167 1781 1380 1835 melius.
1416 1781 1488 1835 De
1533 1781 1729 1850 quibus

705 358 1360 422 COMMENTARIORUM
1398 361 1466 420 IN
1500 355 1737 422 lSAlAM
1777 363 2206 428 PROPHETAM
2246 370 2377 429 LIB.
2419 371 2558 429 XIV.
2603 373 2758 432 CAP.
2801 374 2887 434 LI.

167 481 408 548 piternttm
454 473 567 537 erit,
615 482 662 528 et
703 476 914 547 justitia
942 493 1057 530 mea
1099 493 1202 530 non
1249 477 1478 544 deﬁciet.
1536 476 1721 532 LXX:
1758 491 1890 551 Att,
1921 477 2049 550 17).
2082 482 2149 537 Ει
2181 486 2234 536 in
2301 485 2574 542 Hebraico
2616 484 2816 542 dicitur

3339 359 3446 440 iss

2858 505 2870 542 :
2927 487 3058 544 (ἴωιί
3095 489 3227 546 sicut
3274 493 3450 563 fumus

1833 571 2138 640 liquesccnt.
2168 572 2297 628 Sive
2325 575 2476 640 juxta
2505 576 2755 646 Aquiliam
2776 588 2838 634 et
2855 579 2920 649 Sp
2937 582 3266 649 mmacltnm,
3296 601 3437 638 cont-

1832 665 2132 717 minuentur
2156 667 2210 718 in
2242 664 2414 728 nihili,
2447 677 2501 720 et
2535 669 2588 721 in
2631 671 2759 723 salis
2808 675 3028 726 modum
3083 683 3444 729 conteri-mur

1830 766 1887 810 et
1942 769 2311 824 evanescent,
2371 759 2600 830 quorum
2661 763 2811 830 prior
2865 765 3024 833 dixit,
3064 778 3085 804 ε
3137 769 3444 835 alterum;

1833 849 2012 916 alter,
2070 851 2368 917 ἁλὶσουσιν;
2427 857 2572 920 quod
2631 869 2659 908 a
2711 857 3142 913 cctntninutione
3188 871 3243 914 et
3306 862 3450 916 deli-

1833 943 1961 1010 quio
1993 945 2123 997 salis
2166 945 2498 1018 ἐτυμολογὶαν
2546 947 2765 1002 trahere
2811 950 3160 1004 manifestum
3205 963 3312 1006 est.
3347 954 3450 1010 Pro

1831 1053 1940 1104 quo
1979 1037 2148 1092 miror
2177 1039 2305 1108 quid
2333 1041 2515 1095 dicere
2537 1043 2812 1096 voluerint
2843 1044 3230 1113 Septuaginta,
3260 1051 3447 1102 aetum

1832 1131 1961 1184 sicut
2011 1131 2186 1200 fumus
2253 1133 2520 1202 ﬁrmatum
2561 1146 2635 1188 est
2692 1152 2710 1190 :
2757 1135 2805 1189 si
2853 1137 2996 1191 enim
3056 1138 3290 1194 lit-initas
3347 1156 3446 1210 pro

1837 1227 2038 1282 robore
2081 1229 2371 1296 accipitur,
2403 1230 2680 1298 quomodo
2706 1229 2856 1283 fumo
2885 1232 3028 1300 quod
3059 1233 3275 1286 llrmum
3333 1246 3438 1302 est,

1833 1319 2217 1384 comparatur?
2273 1319 2382 1373 Nisi
2444 1320 2672 1374 for~itau
2732 1335 3028 1390 possumus
3086 1322 3188 1376 hoc
3238 1324 3446 1391 dicere,

1833 1410 1977 1480 quod
2001 1411 2180 1466 omnis
2205 1413 2469 1467 caelorum
2506 1415 2737 1468 ﬁrmitas
2767 1424 2824 1468 et
2859 1414 3031 1468 rolutr
3055 1423 3117 1470 et
3161 1414 3450 1483 lcrtitudo,

1832 1511 1994 1557 vento
2040 1504 2359 1559 inanissith
2403 1514 2460 1560 et
2506 1509 2790 1576 l‘uuio,qni
2839 1507 2893 1561 in
2951 1522 3113 1562 auras
3171 1509 3442 1576 solvitur,

1832 1610 2147 1666 continetur
2185 1598 2342 1665 juxta
2395 1586 2810 1654 Ecclesiaden:
2848 1600 3066 1657 Vanitas
3117 1604 3436 1670 vituitstum,

1832 1698 1879 1742 et
1909 1691 2080 1743 omnia
2134 1695 2337 1745 vanitas
2390 1693 2574 1762 (Eccl.
2610 1709 2647 1760 t,
2678 1695 2713 1747 2
2738 1694 2775 1762 ).
2811 1695 3058 1766 Illudque
3112 1697 3401 1751 dicandum
3427 1740 3441 1764 ,

1833 1786 1974 1854 quod
2007 1790 2050 1839 si
2080 1788 2279 1842 emittm
2303 1797 2358 1841 et
2393 1799 2533 1842 terra
2563 1790 2820 1857 peribunt
2854 1802 3018 1860 atque
3061 1803 3403 1847 veterascent
3431 1835 3446 1858 ,

140 1870 325 1925 dit-itur
345 1893 356 1924 :
379 1872 488 1926 Erit
537 1872 727 1927 celum
758 1889 963 1940 novum,
1010 1885 1055 1926 et
1085 1883 1223 1927 terra
1267 1891 1440 1928 nova:
1471 1890 1589 1945 qua:
1636 1891 1728 1944 ego
1761 1888 1806 1947 Β
1835 1893 1937 1944 qua
1967 1879 2356 1946 consequentia
2393 1881 2724 1936 habitatores
2755 1883 2874 1951 ejus
2907 1884 3048 1937 sicut
3073 1882 3173 1936 ista
3201 1887 3442 1939 morian-

142 1967 310 2034 facium
341 1970 713 2039 pirmanerein
741 1981 1013 2041 conspectu
1059 1987 1169 2024 meo
1213 1970 1420 2040 (Apoc.
1480 1985 1590 2030 nt,
1641 1970 1722 2039 2).

141 2057 189 2113 Si
215 2062 352 2112 enim
381 2060 450 2115 de
483 2059 692 2114 sanetis
725 2063 984 2129 scriptum
1039 2072 1121 2116 est
1153 2077 1166 2111 :
1207 2070 1230 2096 τι
1277 2059 1469 2114 Omnes
1520 2062 1729 2130 quidem

141 2151 459 2220 dorntiemus,
491 2153 590 2207 sed
618 2169 721 2206 non
762 2170 938 2207 omnes
967 2155 1356 2207 immutabimur
1385 2155 1431 2224 (Ι
1462 2152 1586 2206 Cor.
1637 2167 1723 2218 sv,

139 2245 227 2311 51)
257 2263 271 2299 :
297 2256 350 2300 et
380 2248 433 2300 in
463 2258 702 2316 quatuor
745 2247 1080 2314 psalmorum
1125 2245 1294 2301 titulis
1323 2247 1524 2316 legitur
1556 2262 1567 2297 :
1617 2243 1728 2300 Pro

141 2336 206 2390 his
229 2340 309 2406 qui
327 2339 743 2393 immutabuntur
771 2355 787 2392 :
816 2349 1020 2409 quanto
1054 2341 1226 2407 magis
1258 2339 1359 2394 hoc
1385 2340 1452 2393 de
1477 2338 1622 2393 coelo
1665 2353 1731 2393 ac

137 2433 242 2486 sole
279 2435 568 2505 stellisque
595 2434 927 2488 credendum
953 2445 1057 2499 est,
1089 2435 1309 2503 quando
1333 2435 1462 2488 luna
1485 2434 1617 2486 solis
1645 2433 1730 2486 lu-

140 2542 248 2581 men
277 2531 507 2600 arcipiet
547 2539 603 2583 et
629 2530 708 2583 θοι
736 2531 990 2600 septoplo
1022 2530 1229 2600 fulgure
1262 2530 1546 2584 rutilaliit?
1578 2528 1728 2584 Unde

135 2632 180 2676 et.
217 2625 393 2678 omnis
431 2636 686 2679 creatura
735 2627 1091 2694 congemiscil
1139 2636 1192 2678 et
1223 2626 1472 2692 parturit,
1501 2639 1720 2694 exspec-

135 2721 246 2766 tans
281 2717 670 2770 revelationt'tn
702 2717 933 2770 filiorum
975 2716 1093 2780 Dei,
1146 2726 1204 2769 ιιι
1235 2728 1479 2770 mutetur
1517 2715 1572 2769 in
1615 2731 1729 2769 tne-

131 2805 222 2860 lius
247 2808 574 2879 (llom.vm).
601 2809 666 2864 Et
697 2825 803 2864 non
836 2801 1013 2863 solum
1049 2808 1245 2861 anima:
1277 2808 1582 2872 hominum,
1609 2825 1728 2876 qntl‘

133 2899 464 2954 inmortales
495 2913 660 2955 sunt:
707 2899 804 2954 sed
846 2907 902 2953 et
950 2914 1180 2966 corpora
1231 2907 1635 2953 con'nnutentur
1675 2899 1728 2953 in

127 2991 468 3060 glorillt‘atatn
533 2994 915 3046 substantiam.
994 2991 1210 3061 Oportet
1278 2993 1414 3046 enim
1469 2994 1727 3062 corrupti-

133 3099 236 3137 vum
267 3086 363 3138 hoc
409 3087 634 3140 induere
659 3088 1128 3154 incorruptionem,
1179 3096 1225 3138 et
1258 3086 1481 3139 mortale
1505 3083 1605 3138 hoc
1647 3085 1729 3137 in-

132 3177 281 3236 duere
319 3181 769 3234 immortalitatem
799 3181 845 3247 (l
869 3180 989 3234 Cor.
1024 3196 1113 3246 xv,
1171 3180 1240 3235 55
1263 3183 1307 3248 ).
1353 3179 1488 3232 Cum
1549 3189 1725 3232 autem

1831 1979 1922 2025 tur
1951 1983 2112 2042 atque
2143 1975 2455 2042 dispereunt
2484 1991 2498 2038 ;
2529 1989 2651 2029 cum
2695 1981 2904 2030 animas
2932 1991 3053 2031 esse
3104 1989 3399 2046 perpetuas
3422 2019 3436 2044 ,

1832 2074 1882 2118 et
1917 2075 2288 2142 resurrectura
2321 2081 2550 2132 corpora
2599 2069 2950 2121 noverimus?
2977 2069 3059 2122 Ex
3085 2083 3196 2138 quo
3227 2070 3442 2138 perspi-

1834 2169 1992 2210 cuuni
2025 2167 2136 2222 est,
2168 2161 2367 2213 ctelutn
2401 2167 2455 2212 et
2485 2166 2687 2213 terram
2720 2173 2826 2212 non
2851 2160 3049 2227 perire,
3107 2171 3161 2214 et
3195 2163 3247 2214 in
3285 2162 3443 2216 nihili

1835 2253 2044 2322 redigi;
2081 2252 2174 2307 sed
2209 2254 2260 2305 in
2286 2254 2484 2307 melius
2511 2255 2862 2309 ctnnmutari.

1907 2345 2089 2413 (Vers.
2124 2346 2153 2397 7
2181 2387 2194 2411 ,
2227 2348 2306 2417 κ.)
2333 2345 2522 2398 Audite
2550 2361 2631 2398 me
2652 2349 2744 2417 qui
2768 2347 2910 2400 scitis
2930 2348 3134 2417 justum
3160 2388 3173 2412 ,
3207 2365 3258 2417 pi
3277 2346 3438 2419 palus

1832 2437 2014 2509 [ναις.
2059 2437 2209 2491 addit
2246 2438 2410 2510 meus]
2439 2456 2452 2491 :
2485 2441 2570 2492 les:
2595 2455 2709 2492 mea
2745 2441 2798 2493 in
2827 2444 2984 2492 corde
3013 2457 3218 2493 eorum.
3255 2439 3440 2494 Nolite

1833 2532 2013 2584 timere
2040 2531 2375 2602 opprobrium
2403 2529 2695 2596 hominum,
2719 2543 2767 2585 et
2792 2530 3142 2601 blasphemia
3173 2548 3352 2585 eorum
3378 2549 3440 2586 ne

1833 2623 2092 2676 nit-(uatis.
2131 2622 2278 2676 Sicut
2326 2623 2461 2675 enim
2507 2625 2868 2676 vestimentum
2897 2663 2910 2688 ,
2960 2624 3036 2676 sic
3075 2627 3305 2678 comedet
3350 2641 3437 2678 eos
3513 2640 3519 2646 '

1831 2717 2052 2769 rcrmis:
2083 2725 2131 2770 et
2162 2718 2296 2770 sicut
2323 2717 2501 2770 lanam
2531 2761 2543 2781 ,
2579 2719 2656 2770 sic
2685 2716 2947 2770 det-orabit
2972 2733 3058 2771 eos
3081 2718 3240 2771 tinea.
3273 2717 3433 2772 Salus

1832 2820 2003 2865 autem
2030 2827 2144 2864 mea
2170 2812 2222 2865 in
2246 2813 2614 2884 sempiternum
2643 2816 2742 2864 erit
2770 2854 2782 2875 ,
2812 2821 2862 2866 et
2891 2812 3096 2872 iustitia
3115 2827 3230 2865 mea
3261 2813 3315 2865 in
3345 2829 3434 2883 ge-

1833 2904 2125 2956 nerationes
2156 2904 2564 2972 generationum.
2609 2901 2784 2956 LXX:
2823 2905 3011 2955 Audite
3043 2919 3122 2955 me
3161 2903 3250 2972 qui
3287 2902 3435 2955 scitis

1821 2998 2087 3065 judicium
2099 3037 2112 3060 ,
2129 2999 2355 3062 populus
2375 3014 2517 3050 meus
2536 2999 2718 3067 :cujtis
2743 2997 2829 3050 lem
2841 3011 2952 3050 mea
2971 2999 3024 3050 in
3047 2996 3205 3050 corde
3221 3011 3429 3050 eorum.

1836 3085 2014 3140 Nolite
2063 3089 2241 3140 timere
2289 3089 2633 3155 approbrium
2682 3089 2991 3154 hominum,
3043 3098 3088 3141 et
3129 3098 3428 3155 contemptu

1832 3195 2010 3233 eorum
2045 3194 2104 3230 ne
2135 3180 2438 3232 vincamini.
2473 3179 2622 3233 Sicut
2665 3180 2799 3231 enim
2842 3181 3202 3232 vestimentum
3243 3195 3435 3233 consu-

133 3273 320 3327 ccelum
356 3283 666 3327 veterascm
699 3285 752 3328 et
784 3283 950 3339 terra,
981 3287 1389 3342 consequenter
1418 3284 1468 3326 et
1501 3287 1564 3326 ea
1609 3287 1730 3339 qua:
1759 3274 1804 3336 C
1837 3285 2040 3327 mentur
2079 3283 2314 3342 tempore
2341 3313 2355 3338 ,
2401 3282 2449 3325 et
2488 3274 2624 3324 sicut
2667 3275 2802 3325 (ante
2849 3274 3179 3325 comedentur
3205 3289 3238 3325 a
3272 3272 3431 3326 tinea.

133 3367 249 3420 cmli
275 3366 496 3418 circulo
525 3379 568 3418 ct
596 3365 894 3426 mittentur.
923 3376 978 3420 et
1009 3364 1279 3430 homines,
1309 3366 1402 3434 qui
1431 3376 1555 3416 sunt
1583 3365 1731 3416 ltalii-

133 3465 335 3512 latores
365 3468 556 3521 terrm,
578 3459 712 3510 sit‘ltl
746 3457 862 3509 lia-t3
880 3459 1178 3512 punientur
1206 3474 1216 3509 :
1242 3472 1348 3510 non
1376 3459 1426 3510 in
1447 3457 1727 3511 interitum

128 3553 224 3616 sui,
252 3552 354 3607 sed
405 3554 460 3606 in
493 3551 521 3589 ι)
565 3550 920 3605 abolitionem
952 3551 1174 3605 vilitatis
1205 3553 1464 3620 antiquzc,
1494 3561 1543 3602 et
1575 3551 1731 3604 inno-

127 3644 386 3698 vationetn
419 3644 614 3696 futurae
641 3643 862 3712 glorizr;
895 3643 1109 3710 quando
1165 3642 1431 3711 fulgebunt
1454 3644 1588 3712 justi
1628 3642 1728 3694 sic-

127 3747 173 3786 ut
193 3737 265 3788 sol
311 3735 555 3800 (Matth.
601 3751 715 3796 xm,
765 3733 902 3800 4'5);
951 3743 1006 3788 et
1049 3735 1380 3788 abeuntibus
1437 3734 1728 3802 praeteritis

127 3839 276 3896 atque
306 3827 572 3898 antiquis,
608 3829 746 3880 laeta
773 3827 975 3879 litt-rint
1005 3827 1186 3880 omnia
1260 3841 1422 3881 nova.
1493 3826 1723 3894 Quidam

131 3923 298 3987 perire
323 3934 377 3976 et
413 3932 784 3985 veterascere,
819 3935 916 3988 pro
941 3921 1236 3974 abolitione
1266 3931 1322 3975 et
1355 3931 1530 3974 morte
1571 3921 1720 3977 acci-

130 4016 288 4080 piunt.
339 4014 507 4070 Juxta
555 4014 686 4068 illud
713 4013 856 4082 quod
915 4013 969 4066 iu
1023 4013 1293 4068 catholica
1326 4013 1729 4082 Epistolalegi-

138 4123 247 4162 mus
276 4127 287 4162 :
321 4109 453 4164 Caeli
477 4109 574 4177 qui
597 4124 732 4161 nunc
761 4116 881 4160 sunt
906 4117 952 4159 et
979 4116 1139 4172 terra,
1178 4108 1356 4161 eodeni
1384 4106 1534 4160 verbo
1556 4123 1728 4160 reser-

129 4211 236 4255 uata
259 4213 380 4256 sunt
403 4203 544 4273 igni.
577 4202 644 4254 Et
673 4202 866 4254 iterum
894 4216 905 4251 :
934 4198 1203 4253 Elmenta
1234 4200 1473 4252 ardentia
1524 4199 1729 4254 solun-

129 4303 203 4348 tur
232 4297 293 4366 (ll
334 4295 448 4350 Pet.
490 4294 690 4364 tn,'l).
721 4293 852 4361 Quae.
899 4294 1119 4362 quide
1171 4302 1227 4347 et
1273 4293 1728 4360 philostiphorum

129 4391 300 4444 mundi
342 4392 545 4461 opinio
589 4399 708 4453 est,
747 4388 929 4443 omnia
983 4403 1104 4458 qua:
1157 4390 1438 4442 cernimus
1468 4387 1573 4456 igni
1604 4402 1731 4456 per-

131 4480 275 4538 itura.
331 4483 492 4540 Unde
547 4492 606 4537 et
648 4481 989 4550 Apostolus:
1027 4479 1341 4547 Pertransit,
1397 4479 1494 4542 ait,
1557 4480 1731 4549 ﬁgura

130 4577 294 4628 mundi
318 4577 501 4644 huius,
531 4573 1000 4644 contemplantibus
1026 4573 1190 4638 nobis,
1209 4589 1310 4627 non
1330 4589 1392 4627 ea
1421 4587 1538 4641 qua?
1555 4571 1730 4626 viden-

1832 3364 2053 3418 .‘lustitia
2090 3376 2264 3418 autem
2307 3381 2418 3418 mea
2450 3365 2501 3417 in
2543 3375 2794 3418 wternum
2825 3365 2918 3416 erit
2945 3406 2959 3427 ,
2990 3375 3034 3417 et
3071 3362 3214 3417 salus
3239 3381 3351 3416 mea
3381 3364 3435 3416 iu

1832 3459 2189 3532 generatioiies
2216 3457 2627 3530 g.-ncratiommr.
2664 3456 2764 3520 Qui
2799 3471 2961 3522 supra
2988 3457 3232 3509 dixerat:
3263 3455 3372 3508 Lex
3400 3472 3431 3508 a

1833 3567 1912 3603 me
1943 3549 2238 3621 egredietur
2261 3590 2274 3610 ,
2307 3557 2355 3601 et
2393 3548 2662 3616 judicium
2697 3561 2866 3600 nicum
2897 3549 2949 3600 in
2971 3549 3137 3600 lucem
3164 3557 3393 3617 genitum
3419 3563 3437 3599 :

1833 3657 1982 3696 nunc
2005 3641 2070 3695 ad
2105 3641 2329 3696 eosdem
2361 3641 2625 3709 loquitur,
2670 3641 2759 3708 qui
2794 3639 2974 3693 sciunt
2995 3639 3256 3706 judicium
3289 3636 3430 3707 ejus,

1833 3743 1888 3789 et
1925 3735 2100 3803 legem
2144 3734 2290 3786 illius
2335 3732 2539 3787 habent
2569 3734 2620 3786 in
2649 3731 2918 3786 cordibus
2955 3732 3072 3786 suis
3097 3773 3110 3796 ,
3152 3742 3207 3785 ut
3251 3731 3430 3785 omnia

1831 3843 1954 3882 cum
1984 3827 2190 3896 judicio
2215 3825 2443 3890 faciant,
2475 3836 2530 3879 et
2558 3825 2796 3880 habeant
2831 3827 3005 3887 legem
3027 3839 3191 3895 quam
3221 3838 3319 3895 per
3339 3824 3431 3880 Je-

1833 3922 2062 3976 retniam
2096 3920 2359 3974 Dominus
2401 3919 2694 3988 poilict-tur
2718 3961 2732 3984 ,
2763 3919 2955 3974 dicens
2989 3917 3125 3988 (δεῖ.
3163 3934 3292 3972 xm
3319 3959 3334 3980 ,
3361 3919 3426 3974 5|

1832 4023 1880 4066 et
1919 4019 2126 4084 seqq.):
2173 4012 2418 4066 Statuam
2461 4023 2822 4066 testamentum
2862 4027 3046 4064 novum
3076 4052 3089 4072 ,
3134 4026 3235 4063 non
3280 4013 3439 4080 juxta

1835 4117 2192 4160 testamentum
2219 4108 2359 4177 quod
2392 4107 2627 4173 disposui
2668 4105 2904 4177 patribus
2947 4119 3125 4157 eorum
3149 4119 3165 4156 :
3191 4097 3290 4155 sed
3328 4112 3440 4155 sta-

1836 4208 1976 4252 tuant
2005 4209 2382 4260 testamentum,
2417 4199 2548 4250 dans
2583 4199 2722 4269 leges
2749 4212 2886 4249 meas
3101 4198 3152 4248 in
3177 4195 3436 4251 mentibus

1835 4309 2010 4345 eorum
2034 4309 2050 4346 :
2078 4303 2124 4346 et
2152 4308 2306 4364 super
2335 4309 2426 4345 cor
2453 4308 2635 4346 eorum
2663 4291 2888 4344 scribam
2915 4309 3004 4345 eas
3025 4308 3042 4357 ,'
3067 4301 3112 4345 ct
3137 4307 3227 4346 ero
3255 4306 3434 4346 eortina

1835 4384 1998 4452 Deus,
2030 4396 2076 4440 et
2101 4387 2210 4454 ipsi
2243 4394 2393 4439 erunt
2421 4386 2647 4457 populus
2675 4401 2852 4439 meus:
2879 4397 2938 4439 ut
2975 4399 3316 4457 nequaquam
3350 4387 3435 4440 vi-

1839 4485 1970 4531 vant
1991 4477 2142 4545 juxta
2175 4479 2438 4540 litteram,
2466 4478 2732 4547 s-edjnxla
2765 4478 3041 4546 spiritum,
3067 4481 3440 4533 instaurantes

1839 4567 2138 4623 naturalem
2173 4569 2343 4633 legem
2375 4570 2427 4621 in
2453 4569 2711 4624 eortltbus
2747 4575 2867 4623 suis
2891 4611 2906 4632 ,
2934 4571 3003 4624 de
3023 4586 3132 4640 qua
3152 4572 3351 4626 scribit
3382 4579 3439 4626 et

133 4676 224 4734 tur,
250 4671 338 4724 sed
365 4687 488 4738 quin.
509 4686 610 4722 non
641 4669 905 4722 videntur.
936 4667 1063 4734 Qua:
1088 4669 1221 4722 enim
1239 4668 1503 4734 videntur,
1531 4677 1733 4732 tempo-
1761 4661 1812 4720 D
1842 4659 2168 4728 Apestolus:
2197 4659 2329 4714 Cum
2358 4660 2492 4712 enim
2515 4671 2696 4733 gentes
2723 4706 2735 4727 ,
2759 4677 2876 4731 quia
2903 4679 3006 4715 non
3027 4662 3216 4717 habent
3247 4664 3435 4729 legem,

135 4759 258 4814 ralia
280 4773 400 4817 sunt
431 4779 449 4816 :
491 4777 614 4828 qua:
641 4771 809 4813 autem
838 4775 940 4813 non
985 4759 1243 4824 videntur,
1279 4769 1473 4814 aeterna
1519 4758 1542 4830 (
1566 4759 1584 4812 Ι
1607 4758 1729 4813 Cor.

140 4863 230 4916 vn,
271 4853 340 4906 3‘2
367 4852 407 4921 ).
440 4854 578 4907 Tale
630 4850 757 4920 quid
783 4861 836 4904 et
864 4849 1103 4905 Joannes
1160 4850 1441 4916 apostolus
1491 4849 1684 4905 scribit
1718 4867 1728 4901 :

141 4939 361 5000 Mundus
388 4943 559 5018 589
583 4943 889 5014 pertransit,
925 4951 971 4995 et
1003 4940 1317 4995 desiderium
1344 4943 1455 5007 eius
1485 4940 1503 5010 (
1527 4942 1540 4994 Ι
1566 4941 1728 4995 Joan.

207 5105 694 5174 a.-llt.cram.tpr.un
732 5105 914 5160 itidem
967 5103 1208 5169 Apostoli
1259 5103 1548 5160 lectionem
1604 5121 1729 5162 esse

144 5180 362 5228 testatur
400 5188 589 5232 noster
622 5177 984 5248 Hieronymus
1017 5179 1068 5248 in
1102 5174 1268 5248 Epist.
1308 5177 1369 5227 ad
1409 5176 1728 5232 Minervium

145 5252 194 5295 et
232 5248 624 5310 Alexandrum,
671 5245 890 5316 pra-fort
925 5249 1010 5299 hic
1062 5247 1163 5299 loci
1222 5245 1511 5308 Victorius,
1563 5248 1730 5302 \‘t'ittli

144 5322 412 5372 contextni
435 5330 491 5372 et
522 5321 578 5373 ὃ.
613 5319 854 5372 doctoris
889 5319 1058 5372 menti
1087 5321 1526 5371 commodiorem
1566 5335 1577 5370 :
1612 5319 1729 5372 Non

147 5401 308 5442 omnes
335 5391 546 5455 quidem
571 5389 906 5450 dormiamus.
941 5391 1032 5443 sed
1072 5405 1244 5443 attines
1278 5390 1690 5443 inuuutubimur.

215 5457 238 5494 δ
280 5457 639 5516 Ιὶνειὶιιιὶιιιυδ
711 5460 1044 5516 abolitionem
1103 5476 1201 5532 pro
1247 5459 1622 5516 absolutionem
1667 5477 1733 5517 ex

152 5525 436 5584 Vicmrinni
465 5533 669 5602 aliquot
697 5547 828 5584 mss.

217 5610 239 5638 ε
273 5605 545 5659 Hactenus
574 5605 889 5657 obtinuerat
931 5618 1037 5656 non
1069 5619 1134 5656 ex
1161 5618 1298 5658 mss.
1333 5604 1568 5657 let'tionc
1596 5647 1608 5666 ,
1639 5604 1736 5659 sed

148 5682 207 5724 ex
237 5671 450 5727 Erasmi
474 5716 490 5740 ,
527 5691 685 5741 quem
730 5675 920 5729 ceteri
966 5676 1380 5743 descripserunt
1417 5724 1424 5738 ,
1475 5674 1694 5747 ingenio
1723 5718 1736 5741 ,

148 5747 483 5812 μειωθήσεται
531 5756 587 5801 et
646 5747 986 5812 muscam“;
1045 5761 1303 5812 exorasse
1350 5763 1522 5812 vero,
1576 5758 1742 5811 atque

151 5815 453 5869 uncialilius
524 5819 728 5871 litteris
807 5817 1161 5872 Ambrosiam.
1238 5818 1510 5873 vetustior
1567 5817 1743 5874 codex

152 5892 494 5943 ustceucaa
523 5897 577 5944 et
606 5895 1037 5946 AAAAHGOTCIN
1070 5889 1265 5953 habet;
1294 5904 1522 5960 quorum
1547 5899 1746 5945 vocum

1841 4756 2150 4810 naturaliter
2176 4770 2233 4808 ea
2263 4771 2379 4826 qua?
2406 4752 2536 4825 legis
2579 4763 2698 4808 sunt
2729 4756 2965 4824 ludunt:
3003 4756 3091 4809 isti
3131 4755 3294 4829 legem
3338 4772 3440 4810 non

1840 4847 2082 4902 habentes
2107 4891 2120 4913 ,
2150 4847 2245 4900 sibi
2288 4847 2388 4915 ipsi
2413 4857 2534 4900 sunt
2559 4845 2648 4901 lex
2674 4892 2687 4912 ,
2717 4847 2807 4918 qui
2849 4847 3123 4900 ostendunt
3152 4863 3285 4919 opus
3313 4844 3443 4919 legis

1839 4941 2088 5013 scriptum
2113 4941 2167 4996 in
2202 4942 2444 4996 cordibus
2473 4942 2584 4997 suis
2615 4943 2794 5013 (Rom.
2823 4956 2860 4997 tt
2881 4984 2896 5007 ,
2931 4942 3044 5012 li).
3085 4943 3166 4998 De
3195 4958 3299 5014 qua
3329 4945 3449 5015 lege

1841 5107 2070 5162 alteram
2105 5105 2488 5162 tantummodo
2512 5107 2563 5160 in
2595 5106 2814 5174 gemino
2843 5105 2884 5162 A
2919 5115 2974 5162 et
3001 5119 3042 5164 Α
3072 5107 3450 5174 immutamus,

1841 5180 1958 5234 sive
1985 5179 2311 5251 corrigimus
2331 5179 2388 5251 in
2417 5177 2701 5236 ἁλίσουσιν.
2735 5181 2867 5244 Qum
2892 5183 3108 5250 quidem
3142 5181 3455 5251 signiﬁcant

1841 5251 1894 5304 in
1919 5251 2125 5302 modum
2141 5247 2281 5303 salis
2306 5249 2502 5302 destrui
2525 5261 2676 5319 atque
2701 5247 3029 5304 evanescere:
3059 5247 3274 5306 tame'tsi
3309 5255 3456 5318 prior

1844 5322 2053 5390 passiva
2085 5363 2099 5385 ,
2140 5321 2308 5373 altera
2339 5322 2514 5374 activa
2549 5323 2942 5376 terminatione
2972 5339 3034 5375 ac
3066 5325 3236 5376 turnia
3269 5322 3456 5387 expri-

1843 5403 2080 5446 mantur.
2113 5391 2177 5446 Et
2204 5407 2334 5445 vero
2364 5393 2464 5444 hoc
2493 5404 2578 5446 est
2608 5395 2755 5459 quod
2788 5395 2939 5447 Hier.
2967 5401 3136 5457 notat,
3163 5403 3458 5457 utrumque

1843 5464 2198 5531 interpretem
2224 5479 2255 5514 a
2279 5463 2507 5530 deliquio
2533 5465 2658 5517 salis
2693 5466 2912 5517 traxisse
2943 5461 3322 5533 etymologiam.
3361 5465 3458 5516 At-

1828 5549 1952 5596 .unc
1985 5534 2120 5586 adeo
2151 5535 2329 5586 minus
2358 5534 2503 5586 illam
2534 5534 2829 5599 probamus
2857 5549 3019 5600 quam
3053 5551 3116 5587 ex
3167 5533 3289 5586 aliis
3319 5549 3452 5587 mss.

1849 5604 2284 5658 Monllanctmitts
2315 5604 2568 5657 extundit
2596 5606 2888 5658 It'ctiottem
2919 5646 2932 5662 ,
2961 5604 3270 5672 reponique
3306 5603 3459 5673 jubet.

1849 5677 2130 5737 ἠλοηθήσαν
2159 5692 2223 5730 ex
2275 5676 2441 5731 ἀλοὰω
2484 5678 2676 5740 verba,
2709 5675 2852 5742 quod
2873 5676 3218 5729 conmriuuere
3235 5677 3458 5743 quidem

1849 5759 1905 5804 et
1929 5748 2171 5820 frangere
2199 5747 2502 5817 signiﬁcat;
2525 5746 2754 5804 minime
2789 5760 2918 5802 vero
2947 5762 3012 5804 ex
3030 5747 3160 5804 salis
3191 5747 3460 5806 vocabulo

1854 5819 2072 5890 etymon
2101 5836 2258 5875 stium
2292 5819 2460 5874 ducit.
