3932 6324
519 289 626 348 48⁸1

1785 271 1844 329 s.
1887 265 2164 327 susse“
2203 263 2589 344 BIERONYMI
3721 258 3807 318 tu

515 397 859 473 significatur
885 393 938 449 in
967 392 1216 463 psalmo:
1265 388 1338 444 Os
1377 386 1512 458 justi
1528 383 1874 464 meditabitur
1912 382 2130 454 sapien-
2156 381 2211 444 Α
2233 381 2400 435 etiam
2429 395 2529 435 nos
2561 388 2650 433 tua
2688 376 3010 434 fortitudine
3041 383 3313 448 protegas.
3347 373 3431 430 Tu
3461 385 3522 430 es
3547 369 3696 430 enim
3733 375 3805 445 qui

521 472 646 550 tiam
675 538 687 560 ,
733 500 780 545 et
811 490 994 560 lingua
1020 485 1133 556 ejus
1163 482 1406 552 loquetur
1422 479 1709 553 judicium.
1745 475 1856 529 Lex
1881 472 1976 527 Dei
2015 476 2127 544 ejus

519 588 576 642 in
616 584 772 640 corde
818 579 998 635 illius:
1030 586 1076 631 et
1120 570 1227 630 'non
1271 570 1752 645 supplantabuntur
1779 583 1984 639 gressus
2015 565 2129 635 ejus

517 676 836 750 (Ps.xxxvr,
867 673 960 739 '50,
986 669 1102 741 51).
1134 667 1204 723 Et
1229 670 1358 738 quia
1386 663 1598 720 sciebat
1627 663 1861 733 spiritus
1886 657 2128 730 pr0phe-

516 767 662 835 talis,
695 766 900 822 multas
930 761 1344 835 persecutiones
1370 755 1727 814 credentibus
1751 751 1888 816 fore,
1919 750 2128 805 exhor-

522 870 668 918 tatur
700 873 797 916 eos
840 857 910 912 ad
953 853 1375 916 fortitudinem,
1428 850 1593 904 immo
1642 847 1709 901 ad
1755 853 2128 912 contemptum

521 967 718 1012 eorum
751 949 845 1022 qui
872 964 970 1005 eos
1005 945 1354 1018 persecuturi
1387 952 1536 1000 sunt.
1583 938 1742 1007 Quod
1785 947 1840 992 et
1868 936 2132 991 Dominus

519 1048 576 1105 in
609 1045 906 1116 Evangelio
941 1041 1307 1113 loquebatur:
1343 1032 1526 1091 Nolite
1552 1035 1732 1089 timere
1756 1048 1842 1086 eos
1873 1030 1963 1101 qui
1992 1028 2131 1082 occi-

521 1143 652 1196 dunt
680 1154 888 1211 corpus,
916 1136 1149 1190 animant
1187 1141 1358 1186 autem
1387 1147 1491 1185 non
1515 1137 1730 1199 possunt
1751 1125 2019 1180 occidere:
2044 1121 2133 1175 scd

528 1235 702 1306 potius
727 1248 843 1288 eum
876 1230 1070 1297 timete,
1089 1229 1177 1299 qui
1197 1234 1364 1296 potest
1390 1225 1620 1277 animum
1641 1231 1688 1275 et
1708 1236 1895 1292 corpus
1921 1217 2137 1289 perdere

525 1326 584 1380 in
612 1323 904 1397 gehennam
933 1318 1154 1393 (Matth.
1187 1335 1220 1371 x
1248 1359 1263 1383 ,
1309 1315 1426 1385 28).
1473 1314 1537 1369 Et
1574 1314 1627 1367 in
1669 1313 1776 1367 alio
1806 1311 1961 1365 loco:
1995 1305 2138 1362 Gau-

529 1421 666 1484 dete,
694 1433 812 1472 cum
837 1431 988 1470 omne
1010 1411 1203 1467 malum
1232 1409 1459 1464 dixerint
1480 1419 1755 1461 adversum
1777 1419 1863 1457 vos
1889 1400 2157 1456 mentien-'

527 1523 602 1570 tes
633 1511 827 1586 (Ibid.,
854 1525 905 1575 v,
939 1506 1052 1578 ll).
1083 1505 1236 1561 Sicut
1259 1503 1406 1558 enim
1441 1501 1830 1556 vestimentum
1862 1493 2140 1551 consumi-

528 1618 618 1666 tur
644 1619 856 1672 verme,
889 1601 972 1656 vel
997 1607 1246 1669 tempore
1270 1613 1286 1663 ;
1319 1603 1375 1650 et
1400 1595 1545 1649 sicut
1571 1593 1712 1648 lana:
1737 1607 1768 1646 a
1797 1591 1942 1644 tinea
1971 1587 2140 1643 devo-

528 1710 760 1758 rantur:
815 1699 894 1753 sic
941 1709 1104 1750 omne
1156 1698 1570 1764 persecutorum
1625 1685 1980 1758 opprobrium
2007 1697 2136 1738 cum

2231 475 2551 544 percussisti
2584 473 2880 544 superbum
2907 514 2921 537 ,
2947 472 3248 527 vulnerasti
3276 470 3576 526 draconem
3602 511 3617 531 ,
3652 484 3804 538 regem

2231 567 2487 623 videlicet
2504 566 2726 638 Egypti
2745 566 3110 632 Pharaonem,
3129 564 3222 635 qui
3243 574 3298 620 ct
3322 567 3372 618 in
3395 560 3650 618 Ezechiel
3670 561 3806 617 draco

2233 675 2459 730 magnus
2487 660 2801 730 appellatur
2831 656 3050 729 (Ezech.
3095 654 3270 728 χχιχ).
3302 655 3382 710 Tu
3425 653 3647 710 siccasti
3680 667 3800 709 mare

2233 755 2578 821 llubrum,ut
2607 769 2703 824 per
2725 767 2896 822 aquas
2921 749 3528 814 vehementissimas,et
3562 746 3802 817 profunda

2234 847 2427 911 maris,
2458 847 2600 900 viam
2630 854 2750 900 tuus
2784 845 3015 915 populus
3042 843 3330 912 reperiret,
3357 849 3412 896 et
3437 838 3716 912 Egyptios
3743 838 3806 892 fu-

2232 949 2384 1010 geret
2431 949 2846 1010 persequentes.
2907 937 3010 1005 Qui
3060 937 3222 1007 igitur
3265 937 3364 990 ista
3417 933 3640 989 fecisti:
3688 947 3805 987 nunc

2233 1047 2448 1102 quoque
2474 1033 2786 1101 redemptos
2825 1038 2882 1086 et
2914 1031 3181 1086 liberatos
3210 1026 3476 1097 sanguine
3510 1035 3605 1080 tuo
3629 1067 3644 1087 ,
3672 1025 3806 1080 reduc

2233 1123 2290 1179 in
2318 1125 2550 1188 Siou,'et
2577 1125 2632 1180 in
2664 1124 2940 1179 ctelestem
2965 1121 3292 1187 Jerusalem,
3312 1121 3428 1176 sive
3459 1120 3512 1174 in
3533 1118 3805 1175 Ecclesiaui

2235 1235 2396 1290 quam
2424 1219 2518 1274 tibi
2549 1228 2640 1274 tuo
2665 1218 2929 1290 sanguine
2958 1217 3307 1288 praeparasti:
3341 1215 3394 1270 in
3431 1229 3538 1285 qua
3566 1230 3687 1269 cum
3715 1214 3806 1268 fue-

2237 1313 2347 1369 rint
2373 1355 2387 1378 ,
2407 1313 2722 1384 gaudebunt
2753 1311 2942 1367 laetitia
2976 1310 3310 1380 sempiterna
3343 1349 3358 1375 ,
3389 1319 3441 1362 et
3470 1309 3683 1363 dicent:
3710 1306 3809 1362 Do-

2237 1407 2403 1470 mine,
2432 1415 2486 1459 ut
2510 1415 2659 1459 scuto
2680 1405 2826 1460 bona:
2857 1403 3133 1459 voluntatis
3153 1413 3256 1458 tua:
3275 1402 3539 1456 coronasti
3560 1417 3654 1456 nos
3712 1400 3809 1471 (Ps.

2241 1515 2273 1549 v
2301 1540 2317 1567 ,
2352 1497 2462 1568 13).
2515 1499 2806 1554 llabehunt
2853 1499 2999 1553 enim
3049 1496 3308 1565 gaudium
3341 1504 3506 1565 atque
3544 1494 3807 1558 ltctitiam,

2239 1590 2478 1660 fugiente
2519 1590 2707 1646 dolore
2753 1599 2810 1646 et
2849 1590 3078 1660 gemitu.
3125 1587 3242 1643 lloc
3285 1588 3436 1658 juxta
3486 1587 3806 1643 Hebraicunt.

2242 1685 2513 1740 Caeterum
2549 1685 2702 1755 juxta
2735 1683 2879 1740 LXX
2916 1683 3218 1739 Jerusalem
3245 1723 3260 1748 ,
3307 1681 3361 1737 id
3405 1692 3490 1738 est
3514 1724 3529 1748 ,
3568 1681 3811 1751 peccatrix

531 1791 978 1868 persecutoribus
1018 1786 1394 1860 pertransibit.
1429 1782 1584 1840 Unde
1627 1790 1684 1837 et
1723 1778 1974 1850 Apostoli
2015 1776 2133 1848 glo-
2165 1768 2212 1827 Β
2239 1780 2419 1833 anima
2448 1786 2779 1848 provocatur
2799 1788 2859 1833 ut
2886 1776 3075 1832 induat
3103 1777 3476 1832 fortitudinem
3499 1775 3706 1832 brachii
3726 1776 3809 1840 sui,

531 1866 840 1951 riabantur,
867 1880 1014 1954 quod
1041 1879 1192 1951 digni
1221 1883 1413 1933 essent
1435 1874 1607 1928 hahiti
1638 1888 1734 1942 pro
1760 1871 1988 1925 Domino
2019 1866 2135 1936 pati

529 1978 897 2038 contumelias
923 1973 1063 2046 (Act.
1087 1971 1166 2042 ν).
1200 1968 1591 2026 Gloriabantur
1623 1974 1804 2019 autem
1825 1963 1870 2032 ,ι
1891 1961 2014 2032 quia
2045 1974 2132 2014 sa-

534 2075 621 2130 lus
645 2083 702 2128 et
724 2069 933 2142 justitia
959 2065 1210 2131 Domini,
1252 2077 1374 2132 quae
1398 2065 1480 2116 eis
1508 2058 1790 2114 victoriam
1821 2066 1874 2112 et
1907 2053 2134 2123 prtemia

535 2163 930 2236 repromiserat
956 2201 972 2227 ,
1003 2160 1056 2215 id
1090 2167 1174 2214 est
1200 2199 1215 2223 ,
1249 2155 1508 2211 Dominus
1533 2162 1694 2223 atque
1723 2150 1976 2204 Salvator
2007 2161 2132 2217 per-

535 2264 756 2315 maneat
804 2256 860 2309 in
905 2263 1169 2308 :eternum
1198 2292 1213 2315 ,
1249 2249 1366 2304 sive
1411 2247 1466 2301 in
1509 2254 1740 2314 utraque
1776 2240 2136 2312 generatione

535 2349 740 2421 prioris
771 2344 954 2418 populi
976 2355 1031 2400 et
1053 2340 1410 2414 posterioris,
1440 2339 1532 2408 qui
1559 2337 1854 2392 adventum
1889 2334 2037 2389 illius
2059 2347 2138 2386 re-

533 2451 832 2515 ceperunt,
871 2439 943 2496 de
969 2453 1082 2510 quo
1117 2448 1171 2493 et
1197 2451 1362 2506 supra
1391 2434 1626 2489 dicitur:
1659 2430 1835 2500 Prope
1860 2438 1932 2484 est
1954 2428 2137 2499 justus

535 2553 698 2604 meus,
727 2549 960 2606 egressus
986 2541 1059 2586 est
1083 2531 1314 2584 salvator
1343 2542 1509 2581 meus.

606 2629 791 2698 (Vers.
811 2628 844 2682 9
872 2625 1058 2696 seqq.)
1091 2622 1354 2693 Consurge
1380 2664 1393 2687 ,
1426 2631 1710 2688 consurge;
1749 2614 1964 2669 induere
1991 2611 2139 2683 forti-

536 2721 714 2777 tudine
763 2717 1036 2773 brachium
1082 2711 1319 2768 Domini.
1373 2707 1638 2781 Consurge
1682 2706 1816 2760 sicut
1854 2706 1910 2758 in
1960 2703 2139 2757 diebus

535 2813 766 2884 antiquis
806 2812 861 2865 in
906 2805 1321 2883 generationibus
1366 2801 1698 2858 saeculorum.
1735 2796 2004 2869 Numquid
2037 2811 2140 2849 non

534 2916 590 2963 tu
620 2901 920 2978 percussisti
951 2898 1225 2972 superbum
1252 2941 1266 2964 ,
1312 2893 1593 2950 vulnerasti
1621 2890 1937 2946 draconem?
1969 2887 2139 2942 Nunt-

530 2999 662 3071 quid
694 3013 797 3052 non
827 3004 882 3048 tu
911 2992 1115 3048 siccasti
1151 3005 1291 3046 mare
1319 3034 1332 3057 ,
1356 3003 1544 3060 aquam
1580 2985 1754 3056 abyssi
1785 2982 2094 3038 vehementis
2123 3025 2137 3048 ,

532 3092 622 3164 qui
649 3088 864 3159 posuisti
897 3083 1220 3157 profundum
1244 3082 1402 3135 maris
1429 3080 1584 3147 viam,
1616 3087 1672 3131 ut
1703 3077 1985 3131 transirent
2012 3071 2142 3125 libe-

2239 1885 2292 1929 et
2321 1873 2504 1942 priora
2532 1882 2773 1928 assumat
2801 1886 2967 1943 opera
2997 1916 3010 1941 ,
3046 1872 3192 1928 sicut
3224 1871 3402 1926 fuerat
3431 1881 3721 1942 antequam
3742 1885 3813 1926 ca-

2238 1966 2428 2022 deret:
2470 1965 2692 2036 quando
2742 1967 2792 2021 in
2844 1967 2934 2021 die
2983 1966 3306 2022 versabatur
3353 1973 3409 2019 et
3458 1964 3604 2020 luce.
3655 1964 3728 2021 Tu
3766 1980 3813 2020 es

2239 2059 2406 2123 enim,
2428 2058 2760 2129 inquit,qu:ze
2787 2059 3055 2128 superasti
3089 2059 3251 2112 latam
3275 2067 3327 2112 et
3353 2055 3515 2130 592
3542 2056 3812 2128 spatiosum

2239 2154 2381 2209 viam
2405 2170 2526 2224 qtun
2556 2154 2702 2208 ducit
2730 2153 2798 2207 ad
2827 2163 3088 2208 mortem:
3119 2152 3474 2222 etdissipasti
3507 2151 3812 2210 draconem.

2239 2245 2524 2302 colubrum
2555 2255 2863 2300 tortuosum
2889 2263 2903 2299 :
2932 2245 3003 2301 de
3029 2261 3138 2316 quo
3168 2253 3222 2299 et
3262 2244 3314 2298 in
3348 2243 3582 2300 Psalmis
3605 2243 3812 2314 legitur:

2246 2339 2330 2418 Tu.
2346 2339 2633 2392 contrivisti
2649 2340 2820 2410 capita
2838 2338 3118 2393 draconum
3141 2338 3192 2392 in
3210 2339 3360 2408 aquis
3383 2335 3504 2407 (Ps.
3525 2353 3706 2403 Lxxm,
3719 2338 3812 2406 l5).

2242 2431 2514 2487 Memento
2537 2431 2740 2501 prioris
2768 2430 3112 2486 fortitudinis
3137 2440 3263 2495 ture,
3294 2430 3440 2501 quod
3471 2431 3654 2486 saeculi
3676 2430 3819 2500 hujus

2241 2526 2540 2581 calcaveris
2571 2541 2720 2582 mare
2745 2567 2760 2591 ,
2804 2536 2858 2581 et
2889 2526 3020 2581 illud
3051 2524 3248 2581 feceris
3276 2540 3402 2582 esse
3431 2525 3700 2580 desertum
3727 2566 3740 2589 ,
3770 2535 3822 2580 ct

2243 2617 2386 2672 viam
2413 2617 2689 2686 repercris
2721 2617 2774 2672 in
2806 2617 3001 2673 mediis
3027 2617 3304 2674 ﬂuctibus.
3341 2617 3494 2673 Unde
3521 2627 3576 2673 et
3604 2619 3823 2684 Aposto-

2243 2713 2328 2767 lus
2353 2713 2550 2768 Petrus
2582 2728 2678 2783 per
2705 2728 2857 2768 mare
2887 2713 3047 2783 hujus
3076 2713 3262 2769 δινουιί
3289 2715 3536 2769 transit-it
3563 2713 3628 2768 ad
3659 2714 3822 2768 Domi-

2245 2814 2461 2869 num,et
2485 2805 2576 2874 qui
2603 2804 2708 2874 fide
2739 2805 3078 2872 ambulabat,
3095 2807 3262 2875 coepit
3291 2806 3610 2862 infidelitate
3638 2807 3818 2878 mergi:

2246 2897 2351 2952 nisi
2376 2897 2522 2967 quod
2549 2897 2772 2952 dextera
2809 2897 3026 2952 Domini
3053 2908 3388 2952 sustentatus
3417 2911 3524 2953 ρει.
3556 2898 3706 2955 Sicut
3731 2899 3821 2968 igi-

2247 2998 2332 3043 tur
2363 2989 2513 3059 prior
2542 2990 2768 3045 victoria
2801 2989 3031 3044 Domino
3070 2991 3366 3045 auxiliante
3411 3005 3676 3048 concessa
3711 3002 3818 3047 est:

2246 3081 2326 3136 sic
2360 3089 2415 3136 et
2456 3081 2692 3135 reversis
2739 3089 2861 3150 post
2899 3083 3313 3151 paenitentiam,
3353 3090 3412 3138 et
3456 3082 3818 3162 audientibus:

531 3184 671 3239 rati?
703 3181 769 3236 Et
791 3197 924 3236 nunc
950 3178 1039 3251 qui
1070 3177 1322 3248 redempti
1349 3183 1470 3229 sunt
1491 3190 1524 3227 a
1547 3171 1794 3238 Domino,
1817 3177 2137 3223 revertentur
2167 3151 2212 3214 C
2247 3171 2517 3244 Numquid
2551 3176 2638 3244 qui
2666 3175 2814 3228 εαάει
2835 3218 2849 3242 ,
2883 3191 2987 3228 ηοη
3011 3187 3185 3245 surge;
3200 3177 3225 3228 γ
3252 3175 3378 3228 dicit
3410 3154 3819 3249 οοηιεηηέυεν,

535 3287 582 3332 et
612 3275 810 3332 venient
833 3277 889 3328 in
918 3271 1050 3328 Sion
1081 3268 1398 3336 laudantes;
1425 3274 1472 3320 et
1503 3265 1685 3319 laetitia
1715 3263 2030 3332 sempiterna
2049 3275 2139 3312 su-

535 3385 628 3439 per
652 3367 827 3438 capita
849 3378 1058 3419 eorum:
1077 3358 1334 3433 gaudium
1351 3367 1399 3412 et
1428 3356 1661 3411 laetitiam
1691 3355 1954 3420 tenebunt,
1976 3350 2138 3422 fugiet

536 3463 696 3536 591
745 3459 896 3514 dolor
926 3467 974 3512 et
1012 3457 1253 3530 gemitus.
1288 3450 1466 3507 LXX:
1514 3448 1757 3519 Exsurge
1781 3491 1795 3515 ,
1828 3447 2123 3536 exsurge—e-

530 3533 824 3608 Jerusalem
854 3551 918 3620 π*
946 3559 993 3603 et
1025 3546 1241 3601 induere
1287 3541 1592 3613 fortitudine
1639 3538 1840 3593 brachii
1885 3537 1983 3590 tui.
2028 3533 2142 3588 Εωμ-

532 3660 686 3715 surge
712 3645 845 3696 sicut
877 3643 932 3693 in
963 3639 1226 3712 principio
1267 3636 1371 3690 diei
1398 3680 1412 3702 ,
1462 3635 1595 3688 sicut
1639 3631 1905 3705 generatio
1950 3627 2140 3698 sempi-

533 3749 700 3793 terna.
734 3734 928 3790 Nonne
957 3745 1012 3787 tu
1041 3748 1091 3786 es
1131 3746 1245 3801 qua:
1271 3729 1508 3784 excidisti
1548 3727 1910 3790 latitudinem,
1946 3722 2140 3776 dissol-

534 3831 650 3885 risti
671 3827 988 3883 draconem?
1005 3823 1196 3878 Nonne
1221 3831 1273 3878 tu
1291 3837 1346 3876 es
1370 3837 1487 3893 qua:
1514 3821 1769 3875 desertum
1790 3818 1954 3890 fecisti
1976 3832 2135 3882 mare,

531 3940 697 3997 aquas
735 3920 911 3994 abyssi
941 3918 1134 3973 ntultas
1165 3932 1183 3972 :
1215 3931 1331 3988 qua:
1362 3914 1582 3987 posuisti
1627 3911 1949 3985 profundum
1978 3910 2139 3963 maris

532 4017 668 4072 viam
693 4015 966 4081 transitus,
999 4011 1081 4065 his
1112 4009 1200 4081 qui
1229 4011 1434 4079 fuerant
1467 4004 1669 4059 liberati
1699 4013 1745 4058 et
1776 4002 2065 4075 redempti?
2095 4000 2139 4054 Α

533 4108 762 4166 Domino
786 4107 923 4162 enim
943 4105 1281 4170 reducentur,
1307 4111 1354 4154 et
1382 4099 1584 4154 venient
1614 4098 1667 4151 in
1697 4097 1831 4152 Sion
1860 4111 1975 4149 cum
2009 4095 2141 4148 laeti-

533 4205 608 4258 tia
627 4213 674 4258 et
695 4198 1042 4258 exsultatione
1063 4206 1278 4252 aeterna.
1310 4193 1378 4248 In
1399 4193 1570 4265 capite
1590 4191 1728 4246 enint
1751 4206 1928 4245 eorum
1955 4188 2071 4244 laus
2093 4198 2140 4242 et

535 4297 719 4352 ltetitia
746 4290 1098 4363 apprehendet
1130 4305 1236 4344 eos.
1275 4286 1464 4361 Fugiet
1506 4283 1658 4339 dolor
1685 4293 1735 4339 et
1766 4299 1950 4338 mteror
1978 4292 2025 4336 et
2052 4299 2141 4353 ge-

535 4391 712 4446 mitus.
742 4387 950 4444 Nomen
987 4382 1286 4440 Jerusalem
1313 4427 1328 4451 ,
1361 4379 1505 4453 quod
1545 4380 1633 4436 hic
1664 4394 1694 4433 a
1723 4377 1866 4434 LXX
1890 4377 2135 4434 additum

535 4495 620 4541 est
642 4526 658 4550 ,
687 4495 790 4538 nec
820 4481 873 4536 in
903 4477 1135 4535 Hebraeo
1166 4475 1396 4530 habetur
1419 4515 1435 4542 ,
1465 4487 1566 4530 nec
1594 4473 1737 4528 ullus
1766 4474 1926 4526 trium
1958 4472 2131 4527 luter-

2243 3281 2356 3330 vm,
2387 3264 2469 3334 4).
2503 3266 2588 3331 Ει,
2619 3265 2988 3322 Cancer-limini
3012 3271 3082 3321 ad
3112 3285 3209 3337 me,
3240 3269 3341 3338 ﬁlii
3371 3283 3750 3338 convertentes;
3776 3280 3818 3326 et

2243 3373 2338 3429 ego
2358 3357 2908 3424 sanabolcontritiones
2937 3371 3130 3414 vestras
3153 3358 3343 3433 (Ibid.,
3369 3377 3426 3417 ιιι
3449 3361 3494 3434 ),
3525 3364 3637 3433 ipse
3662 3364 3820 3434 porri-

2241 3460 2333 3520 get
2361 3467 2579 3505 manum
2605 3493 2618 3517 ,
2650 3461 2706 3507 et
2736 3452 2967 3508 reducet
2994 3468 3090 3508 eos
3119 3455 3172 3507 in
3199 3453 3332 3509 Sion
3361 3496 3378 3523 ,
3417 3459 3685 3525 speculam
3712 3458 3818 3510 cul-

2245 3558 2477 3613 menque
2503 3545 2761 3599 virtutum
2791 3587 2806 3611 ,
2839 3561 2961 3601 cum
2988 3546 3188 3618 gaudio
3213 3557 3377 3618 atque
3407 3548 3598 3604 laztitia
3637 3550 3820 3618 sempi-

2247 3644 2393 3691 terna
2417 3679 2430 3703 ,
2459 3646 2516 3692 et
2552 3647 2716 3708 ponet
2745 3639 2799 3694 in
2829 3641 3010 3709 capite
3036 3655 3228 3696 eorum
3260 3641 3478 3697 laudem
3509 3652 3670 3715 atque
3697 3643 3819 3698 lacti-

2245 3730 2396 3784 tiam.
2425 3732 2700 3803 Sapientis
2743 3735 2890 3789 enim
2931 3735 3074 3790 oculi
3115 3735 3168 3790 in
3211 3735 3390 3804 capite
3430 3737 3582 3807 ejus;
3613 3751 3664 3795 et
3693 3740 3817 3792 hanc

2244 3825 2523 3882 habebunt
2559 3844 2854 3895 coronam,
2887 3830 3099 3900 istoque
3126 3829 3434 3887 diademate
3461 3843 3813 3904 prolegeutur,

2245 3929 2302 3972 ut
2329 3935 2546 3990 semper
2579 3922 2854 3992 gaudeant
2883 3933 2940 3978 et
2968 3923 3190 3979 laudent
3222 3925 3511 3982 Dominum
3538 3969 3553 3992 ,
3582 3930 3698 3998 quia
3726 3941 3816 3996 pro

2242 4012 2455 4078 dolore,
2487 4029 2724 4071 maerore
2750 4026 2803 4070 et
2827 4017 3033 4088 gemitu
3057 4019 3421 4074 successerint
3447 4020 3659 4090 gaudia.

2259 4149 2262 4152 .
2315 4107 2497 4179 (Vers.
2530 4109 2632 4174 12,
2669 4109 2781 4179 15.)
2813 4109 2926 4184 Ego
2947 4157 2961 4181 ,
2993 4129 3086 4184 ego
3114 4113 3222 4184 ipse
3246 4116 3556 4171 consolabor
3576 4133 3678 4172 vos.
3701 4117 3811 4183 Quis

2243 4208 2320 4267 tu,
2349 4210 2404 4253 ut
2429 4201 2660 4256 timueris
2693 4200 2873 4274 [ναις.
2907 4203 3103 4275 timere]
3131 4204 3196 4258 ab
3217 4204 3424 4262 homine
3452 4211 3654 4264 mortali
3677 4255 3688 4275 ,
3717 4221 3756 4262 et
3784 4227 3810 4261 a

2242 4291 2354 4362 filio
2374 4292 2619 4360 hominis,
2650 4295 2740 4366 qui
2759 4298 2910 4367 quasi
2935 4297 3110 4366 fenum
3131 4298 3205 4352 ita
3223 4302 3461 4354 arescet?
3487 4300 3556 4356 Et
3576 4301 3748 4357 oblitus
3767 4317 3811 4355 es

2242 4385 2342 4440 Dei
2367 4390 2578 4458 factoris
2605 4388 2700 4457 tui,
2726 4390 2814 4458 qui
2845 4389 3061 4444 tetendit
3091 4390 3268 4458 cattas,
3293 4402 3340 4446 et
3356 4393 3596 4463 fundavit
3621 4404 3812 4449 terram:

2241 4490 2290 4532 et
2316 4479 2608 4549 formidasti
2627 4479 2828 4552 jugiter
2851 4491 2956 4534 t0ta
2983 4482 3066 4536 die
3086 4499 3118 4536 a
3143 4483 3280 4552 facie
3299 4486 3494 4555 furoris
3517 4491 3648 4561 ejus,
3675 4487 3755 4556 qui
3773 4499 3814 4539 te

534 4585 751 4648 pratum
777 4570 957 4644 posuit
983 4612 997 4639 ,
1025 4569 1169 4626 unde
1191 4568 1351 4624 obelo
1379 4565 1797 4639 prtenolandum
1822 4575 1902 4621 est
1924 4607 1939 4632 ,
1972 4575 2026 4620 et
2053 4565 2134 4620 sic
2169 4539 2215 4599 D
2241 4539 2552 4637 tributubat;
2593 4539 2646 4626 ei
2668 4539 2940 4641 paraverat
2970 4574 3039 4627 ad
3082 4539 3426 4645 perdendum.
3473 4539 3731 4634 lilii
3751 4587 3813 4632 est

533 4684 656 4725 cum
675 4663 949 4737 superiori
976 4676 1138 4719 sensu
1161 4651 1480 4731 sequens'ca
1491 4657 1718 4730 pitulum
1739 4655 2129 4728 copulandum.

536 4761 802 4817 Dominus
829 4756 1120 4814 credentes
1150 4754 1205 4810 in
1236 4769 1296 4809 se
1326 4753 1506 4808 fuerat
1532 4751 1870 4817 cohortatus,
1899 4750 2090 4806 dicens
2116 4767 2128 4804 :

539 4852 719 4908 Nolite
762 4852 942 4905 timere
985 4847 1320 4922 approbrium
1347 4843 1654 4908 hominum,
1692 4855 1741 4896 ct
1783 4843 2132 4912 blasphemias

534 4961 715 5001 eorum
754 4961 817 5000 ne
859 4941 1120 4997 metuatis.
1167 4939 1520 5008 Salutemque
1561 4951 1713 4990 suam
1760 4944 1815 4990 et
1858 4935 2130 5005 justitiam

533 5039 924 5106 sempiternam
955 5036 1037 5091 eis
1067 5034 1395 5105 promiserat
1440 5033 1497 5087 in
1532 5030 1798 5086 auxilium
1825 5071 1840 5096 ,
1870 5045 1992 5100 qua:
2022 5045 2130 5086 non

532 5141 620 5189 est
648 5129 754 5186 alia
784 5137 986 5200 praeter
1006 5125 1308 5192 Christum,
1338 5125 1622 5181 brachium
1655 5123 1895 5188 Domini,
1927 5122 1996 5178 de
2026 5139 2132 5194 quo

531 5237 697 5296 supra
719 5222 963 5278 dixerat:
988 5218 1056 5273 Et
1077 5219 1129 5273 in
1159 5217 1426 5273 brachium
1443 5233 1613 5271 meum
1635 5229 1810 5288 gentes
1829 5215 2131 5289 sperabunt.

530 5318 693 5376 Unde
726 5315 960 5388 populus
984 5313 1227 5384 loquitur
1245 5311 1312 5367 ad
1339 5309 1622 5365 brachium
1651 5309 1900 5376 Domini,
1933 5320 1988 5364 et
2014 5309 2135 5379 ejus

529 5413 856 5483 deprecatur
883 5407 1181 5462 adventum
1203 5445 1217 5470 ,
1242 5413 1299 5460 et
1331 5402 1659 5474 promissum
1692 5401 1946 5472 implorat
1976 5401 2128 5456 auxi-

528 5507 664 5563 lium
685 5505 917 5562 ‘dicens:
944 5500 1229 5574 Consurge,
1248 5516 1534 5574 consurge:
1561 5499 1773 5554 induere
1794 5498 2122 5571 fortitudine,

532 5601 796 5656 brachium
820 5598 1043 5652 Domini.
1074 5595 1353 5667 Consurge
1375 5595 1516 5649 sicut
1544 5595 1595 5648 in
1628 5593 1823 5649 diebus
1849 5593 2085 5663 antiquis
2109 5635 2123 5661 ,

531 5701 587 5748 et
626 5706 841 5747 omnem
894 5701 1041 5744 tuam
1085 5702 1282 5743 exerce
1313 5685 1686 5742 fortitudinem
1719 5728 1734 5752 ,
1781 5693 1839 5740 ut
1882 5687 1974 5757 qui
2030 5701 2127 5756 per

534 5782 703 5842 multa
745 5781 944 5837 saecula
987 5779 1221 5836 Sanctos
1263 5787 1386 5836 tuos
1430 5778 1500 5836 de
1541 5778 1802 5850 periculis
1836 5777 2080 5835 liberasti
2109 5823 2122 5846 ,

2240 4665 2386 4734 furor
2411 4663 2748 4720 tribulantis?
2777 4664 2892 4721 Cito
2925 4670 3088 4723 veniet
3115 4672 3358 4740 gradiens
3380 4673 3449 4727 ad
3474 4676 3811 4744 aperiendum,

2241 4764 2286 4809 et
2318 4773 2423 4809 non
2443 4757 2714 4826 interﬁciet
2743 4774 2903 4830 usque
2929 4761 2998 4814 ad
3034 4761 3434 4820 internecionem
3458 4783 3478 4821 :
3505 4784 3596 4821 nec
3629 4767 3816 4834 deﬁciet

2241 4851 2390 4920 panis
2428 4851 2560 4920 ejus.
2607 4850 2722 4924 Ego
2757 4864 2927 4909 autent
2955 4872 3068 4910 sum
3099 4855 3356 4916 Dominus
3385 4859 3528 4918 Deus
3559 4873 3671 4917 tuus
3697 4902 3713 4928 ,
3739 4859 3816 4933 qui

2240 4943 2486 4997 conturbo
2514 4961 2656 4998 mare
2681 4991 2695 5015 ,
2727 4957 2772 5000 et
2808 4949 3151 5004 intumescunt
3188 4953 3380 5021 ﬂuctus
3403 4955 3550 5024 eius:
3580 4955 3817 5010 Dominus

2238 5037 2552 5092 exercituum
2580 5056 2762 5094 nomen
2793 5058 2978 5098 meum.
3005 5043 3171 5100 Posui
3200 5048 3352 5102 verba
3375 5065 3489 5104 mea
3515 5051 3571 5103 in
3594 5067 3678 5106 ore
3706 5059 3818 5102 tuo:

2236 5141 2283 5185 et
2306 5133 2357 5185 in
2385 5134 2566 5187 untbra
2596 5151 2779 5190 manus
2806 5153 2931 5190 mea:
2953 5140 3153 5208 protexi
3175 5149 3224 5193 te
3249 5183 3262 5207 ,
3297 5151 3354 5194 ut
3385 5143 3589 5211 plantes
3610 5143 3754 5198 (mlas
3779 5150 3818 5194 et

2238 5227 2421 5295 fundes
2449 5227 2677 5300 [Vitiose
2701 5239 2816 5286 erat
2842 5230 3104 5305 e/fundas]
3122 5246 3333 5301 terram,
3352 5245 3400 5290 et
3418 5238 3565 5293 dicas
3585 5238 3652 5293 ad
3669 5238 3815 5293 Sion:

2240 5319 2475 5391 Papulas
2506 5339 2647 5377 meus
2672 5339 2725 5376 es
2747 5333 2820 5378 tu.
2846 5324 2990 5380 LXX
3012 5344 3025 5380 :
3055 5327 3167 5400 Ego
3187 5345 3331 5397 sum,
3363 5347 3460 5402 ego
3487 5350 3602 5387 sum
3623 5335 3725 5406 ipse
3739 5328 3817 5399 qui

2237 5410 2478 5466 consolor
2521 5423 2588 5467 te.
2623 5414 2765 5469 Scito
2795 5433 2911 5487 qua:
2945 5417 3106 5486 fueris
3155 5428 3206 5474 et
3249 5421 3485 5478 tintueris
3515 5425 3579 5478 ab
3627 5420 3815 5476 homine

2239 5503 2488 5571 mortali,
2529 5515 2578 5559 et
2611 5523 2642 5559 a
2665 5507 2783 5577 ﬁlio
2812 5507 3038 5563 hominis
3062 5554 3076 5579 ,
3117 5513 3206 5579 qui
3228 5514 3378 5583 quasi
3399 5516 3576 5585 fenum
3613 5509 3814 5581 arefacti

2235 5606 2353 5651 sunt
2378 5639 2394 5664 ,
2422 5608 2475 5652 et
2513 5599 2699 5654 oblitus
2725 5617 2778 5655 es
2805 5600 2904 5656 Dei
2930 5602 3140 5672 factoris
3171 5605 3245 5659 tui
3287 5623 3306 5660 :
3331 5607 3424 5676 qui
3454 5609 3572 5679 fecit
3612 5607 3808 5666 caelum,

2236 5696 2284 5740 et
2310 5689 2548 5758 fundavit
2578 5702 2805 5761 terram,
2839 5703 2886 5747 et
2914 5693 3125 5749 timebas
3167 5713 3371 5767 semper
3411 5700 3614 5754 cunctis
3647 5697 3812 5751 diebus

2234 5783 2417 5852 faciem
2469 5785 2659 5857 furoris
2708 5788 3003 5845 tribulantis
3045 5801 3093 5846 te
3123 5835 3136 5859 ,
3188 5791 3319 5846 sicut
3353 5793 3596 5865 cogitavit
3623 5790 3811 5861 auferre
