3932 6318
555 295 656 352 l9!

1811 287 1872 346 s.
1913 285 2194 346 unseen
2225 247 2612 342 ntenonvnt

3725 287 3812 346 illi

556 413 810 486 populum
838 424 1006 466 meum
1035 451 1048 478 ,
1081 405 1336 481 populum
1369 421 1542 462 meum
1567 419 1585 461 :
1613 412 1662 462 et
1688 405 1800 475 ipse
1827 407 1962 462 dicet
1995 406 2124 462 mihi
2151 419 2169 460 :
2199 406 2250 468 Α
2275 403 2444 458 medio
2476 401 2629 456 vestri
2649 398 2785 470 (Jer.
2820 413 2946 464 xxv,
2976 393 3087 468 27).
3119 395 3188 452 Et
3216 395 3510 454 notandum
3535 397 3670 468 quod
3691 401 3810 457 calix

557 507 700 560 Deus
727 521 870 558 utens
891 520 942 558 es
964 511 1020 557 tu
1047 503 1068 576 (
1086 501 1237 560 Osee.
1268 518 1330 570 ll,
1363 501 1481 574 24).

629 593 812 666 (Vers.
851 595 917 650 l7
947 592 1129 670 seqq.)
1171 592 1421 662 Eleoare,
1454 592 1655 654 elettare
1681 638 1696 664 ,
1727 610 1978 668 consurge
1995 593 2156 650 Jeru-

549 686 737 754 salem,
763 701 884 758 quae
913 686 1089 742 bibisti
1115 687 1180 742 de
1209 703 1366 742 manu
1389 685 1606 742 Domini
1633 687 1846 744 calicem
1873 688 1972 742 ira:
1999 689 2112 760 ejus
2137 704 2157 742 :

551 796 710 856 usque
740 778 809 834 ad
833 779 1062 850 fundum
1088 778 1269 836 colicis
1305 779 1509 852 soporis
1549 779 1760 846 bibisti,
1787 789 1833 836 et
1861 761 2048 850 potasti
2071 797 2158 834 us—

547 889 645 945 que
668 873 737 926 ad
763 875 922 944 feces.
958 871 1083 934 Non
1112 881 1188 928 est
1215 873 1306 940 qui
1336 881 1362 909 ει
1387 881 1634 934 sustentet
1659 888 1798 942 cam,
1831 889 1898 930 ea:
1921 873 2158 928 omnibus

551 967 678 1037 ﬁliis
705 983 834 1036 quos
861 967 1040 1040 genuit
1087 983 1106 1022 :
1151 976 1200 1022 et
1225 983 1328 1022 non
1357 975 1432 1022 est
1451 967 1540 1040 qui
1567 966 1926 1040 apprehendat
1947 983 2159 1024 manum

551 1067 686 1137 ejus,
713 1078 778 1118 ea:
828 1060 1066 1116 omnibus
1116 1060 1242 1129 ﬁliis
1269 1077 1398 1132 quos
1437 1061 1700 1118 euutrivit.
1735 1058 1856 1116 Duo
1889 1071 2012 1116 sunt
2045 1076 2158 1131 quis

552 1161 889 1208 occurrerunt
911 1153 1028 1218 tibi,
1059 1152 1175 1224 quis
1206 1152 1595 1208 contristabitur
1625 1169 1782 1222 super
1813 1161 1862 1206 te
1891 1153 1917 1208 Ρ
1945 1153 2156 1208 uastitas

551 1257 600 1300 et
621 1247 886 1312 contritio,
913 1255 962 1300 et
985 1249 1173 1317 faines,
1199 1255 1248 1300 et
1267 1245 1481 1320 gladius
1506 1262 1525 1300 :
1545 1247 1663 1316 quis
1681 1244 2044 1300 consolabitur
2063 1255 2112 1300 te
2135 1247 2158 1300 Ρ

549 1337 697 1394 LXX
727 1356 739 1390 :
771 1335 1013 1412 Exsurge
1035 1381 1048 1404 ,
1079 1353 1320 1410 exsurge,
1347 1337 1547 1394 elevare
1575 1335 1902 1401 Jerusalem,
1937 1353 2054 1406 qua:
2081 1336 2160 1389 bi-

552 1430 676 1486 bisti
727 1430 791 1484 de
819 1447 976 1485 manu
1007 1425 1220 1484 Domini
1255 1429 1470 1484 calicem
1507 1430 1702 1501 furoris
1745 1432 1880 1493 eius.
1931 1427 2160 1484 Calicem

549 1523 687 1578 enim
713 1524 882 1578 ruina:
911 1521 1060 1586 κόνδυ
1089 1523 1290 1596 furoris
1321 1523 1522 1580 ebibisti
1559 1533 1607 1578 et
1627 1524 1899 1580 evacuosti
1927 1539 1944 1578 :
1969 1535 2018 1578 et
2051 1540 2160 1580 non

553 1626 665 1672 erat
708 1616 799 1688 qui
830 1615 1186 1674 consolaretur
1207 1623 1257 1674 te
1282 1632 1344 1670 ea:
1363 1616 1606 1672 omnibus
1633 1617 1764 1686 ﬁliis
1795 1617 1896 1674 tuis
1921 1633 2051 1686 quos
2071 1633 2160 1687 ge-

551 1709 714 1762 nuisti
733 1724 756 1780 ;
785 1715 832 1762 et
863 1725 966 1768 non
997 1719 1108 1770 erat
1129 1709 1216 1777 qui
1259 1709 1670 1781 apprehenderat
1703 1726 1918 1770 manum
1967 1721 2111 1770 tuam
2141 1726 2161 1766 :

2261 496 2363 552 iste
2393 495 2594 550 furoris
2635 491 2852 548 Domini
2873 531 2889 556 ,
2919 489 3136 563 gladius
3155 489 3279 559 eius
3303 491 3378 546 sit
3402 533 3415 556 ,
3451 490 3538 560 qui
3577 491 3628 544 in
3661 493 3814 548 mdis

2262 587 2495 642 mittitur
2547 591 2924 656 peccatorum.
2975 581 3032 638 In
3101 597 3209 652 quo
3257 582 3493 652 quaestio
3549 587 3810 640 nascitur:

2261 679 2536 750 quomodo
2577 685 2704 748 post
2743 685 2932 748 potum
2963 717 2980 743 ,
3025 675 3348 732 ebrietatem
3377 676 3730 750 comitemque
3771 692 3812 738 et

2263 771 2495 838 ruinam,
2529 770 2582 824 in
2595 768 2840 826 Jeremia
2853 769 3072 824 dicatur
3083 767 3392 826 Jerusalem
3407 784 3514 825 oon
3527 785 3680 840 posse
3701 787 3815 828 con-

2261 881 2511 940 surgere,
2543 874 2601 921 et
2627 879 2776 922 nunc
2800 880 2901 935 per
2927 863 3124 920 lsaiam
3153 863 3412 934 loquatur
3433 865 3504 920 ad
3527 881 3646 922 eam
3675 884 3689 922 :
3719 866 3816 924 Ele-

2261 975 2410 1028 oare,
2445 957 2646 1014 elevare
2661 999 2679 1024 ,
2699 973 2956 1031 consurge
2981 954 3297 1012 Jerusalem.
3317 956 3451 1024 Quae
3477 957 3552 1014 ita
3575 959 3812 1016 solriwr:

2260 1053 2532 1122 Quamdiu
2553 1052 2683 1124 quis
2705 1051 2843 1108 bibit
2857 1052 3114 1116 calicem,
3135 1060 3193 1108 et
3215 1051 3609 1118 inebriatur,“
3623 1055 3812 1121 insanit,

2261 1147 2545 1218 vomitque
2567 1188 2586 1210 ,
2609 1154 2674 1200 et
2713 1145 2969 1213 corruit,
2997 1159 3108 1202 non
3137 1161 3264 1202 eum
3293 1160 3462 1214 posse
3509 1161 3812 1218 consurgere,

2260 1241 2494 1302 necdum
2529 1241 2678 1296 enim
2710 1239 2958 1310 epotavit
2985 1240 3214 1296 calicem
3249 1239 3485 1307 Domini,
3518 1255 3614 1297 nec
3659 1256 3814 1310 perve-

2261 1338 2340 1392 nit
2365 1337 2434 1390 ad
2461 1335 2632 1400 feces,
2657 1345 2722 1392 ut
2745 1351 2876 1392 cum
2905 1350 3078 1406 usque
3101 1334 3170 1390 ad
3201 1333 3429 1390 totidem
3453 1335 3664 1391 biberit.
3691 1335 3816 1392 Nunc

2261 1439 2444 1486 autem
2471 1429 2538 1484 ad
2553 1428 2859 1486 Jerusalem
2889 1427 2958 1484 de
2973 1427 3260 1497 praeterito
3275 1428 3409 1484 dicit
3435 1437 3670 1498 tempore
3693 1447 3702 1482 :
3725 1445 3816 1499 qse

2262 1521 2437 1578 bibisti
2459 1521 2706 1578 densauit
2737 1519 2950 1576 Domini
2973 1519 3184 1576 calicem
3209 1521 3370 1594 597
3391 1521 3576 1590 furoris
3617 1525 3718 1592 ejus
3743 1531 3817 1577 :et

2263 1630 2395 1682 neri,
2421 1631 2540 1686 qua:
2563 1616 2727 1674 bibis.
2753 1615 3038 1685 Simulque
3067 1615 3552 1680 considerandum,
3579 1615 3708 1685 quod
3733 1630 3817 1670 non

2275 1709 2562 1780 propheta,
2587 1726 2699 1765 non
2727 1709 3022 1780 Apostolus
3047 1707 3246 1766 exinde
3265 1709 3434 1765 fuerit
3461 1709 3514 1764 in
3537 1709 3817 1780 iud-magni

551 1816 718 1876 neque
741 1816 811 1854 ea:
836 1800 1073 1868 omnibus
1095 1801 1228 1870 ﬁliis
1253 1803 1357 1856 tuis
1375 1843 1390 1868 ,
1417 1818 1551 1873 quos
1579 1801 1849 1860 exoltasti.
1885 1801 2004 1858 Duo
2051 1803 2162 1860 litae
2195 1789 2238 1852 Β
2267 1816 2386 1858 eam
2421 1801 2740 1858 οθηεοιθωε
2777 1802 2884 1864 sit,
2911 1810 2966 1856 et
2993 1799 3429 1868 apprehenderit
3469 1816 3672 1856 mm
3697 1801 3813 1870 ejus,

552 1893 820 1946 contraria
849 1894 940 1946 tibi
971 1909 990 1948 :
1011 1893 1126 1963 quis
1151 1894 1544 1950 contristabitur
1565 1904 1735 1952 tecum
1751 1897 1779 1952 ?
1797 1897 1950 1956 ruina
1967 1906 2016 1952 et
2039 1913 2162 1952 con-

550 1983 728 2048 tritio,
753 1986 919 2054 fames
947 1993 995 2036 et
1041 1983 1250 2058 gladius
1276 1999 1294 2038 :
1327 1985 1443 2054 quis
1491 1985 1845 2042 consolabitur
1875 1997 1924 2042 te
1951 1987 2166 2046 ἰηπα-

549 2076 723 2131 salem
756 2085 812 2132 et
859 2073 992 2132 Sion
1023 2091 1148 2131 esse
1187 2075 1456 2150 δυώνυμον
1497 2092 1646 2152 saepe
1675 2077 1840 2134 docui
1875 2095 1888 2134 :
1933 2095 2162 2150 quarum

557 2165 711 2234 Sion,
745 2183 867 2238 quae
899 2169 1299 2244 interpretatur
1321 2171 1567 2240 speculo,
1599 2187 1667 2226 eo
1697 2173 1842 2242 quod
1885 2173 1942 2228 in
1979 2185 2166 2232 mtmte

553 2260 658 2316 sita
684 2263 775 2330 sit,
813 2277 910 2316 arx
941 2271 1172 2318 vocatur
1204 2280 1218 2317 :
1253 2263 1466 2334 reliqua
1495 2275 1683 2326 autem
1715 2267 1867 2328 urbis
1891 2283 2042 2338 pars,
2075 2267 2168 2324 Je-

555 2353 786 2407 rusalem
834 2353 1080 2424 dicitur,
1123 2370 1247 2425 qua:
1293 2357 1446 2424 prius
1495 2358 1877 2434 appellabatur
1905 2357 2066 2416 Jebus
2111 2370 2170 2418 et

557 2445 742 2500 Solem
777 2461 795 2498 :
823 2461 988 2518 quam
1019 2462 1167 2502 nunc
1219 2445 1384 2520 596
1428 2447 1703 2518 Propheta
1733 2451 2058 2510 cohortatur
2109 2460 2168 2506 ut

555 2551 783 2618 surgat,
810 2555 933 2610 qua:
975 2539 1130 2610 prius
1175 2541 1472 2610 negatione
1519 2551 1846 2610 corruerat,
1878 2541 2068 2602 dicens
2111 2545 2168 2598 in

557 2632 776 2688 Domini
811 2633 1069 2706 passione
1103 2650 1116 2685 :
1152 2631 1412 2702 Cruci/iga
1439 2675 1453 2699 ,
1485 2635 1733 2708 cruciﬁge
1787 2634 1944 2690 talem
1997 2652 2016 2688 :
2064 2652 2170 2690 non

553 2725 806 2780 habemus
855 2742 1028 2800 regem
1058 2726 1162 2778 nisi
1203 2721 1458 2778 Cwsarem
1493 2726 1511 2796 (
1561 2725 1720 2780 Joan.
1753 2743 1862 2788 xix,
1901 2729 1967 2782 15
2011 2728 2037 2797 )
2070 2747 2080 2784 ;
2111 2739 2168 2786 et

560 2829 684 2889 agat
711 2817 1120 2888 paenitentiam,
1145 2825 1202 2872 et
1227 2817 1567 2890 captivitatis
1607 2819 1813 2874 sentiat
1839 2817 2034 2886 malis,
2069 2833 2168 2880 cur

561 2925 721 2966 suum
763 2907 1059 2966 offenderit
1092 2907 1433 2964 Creatorem.
1477 2908 1671 2968 Solent
1701 2909 1900 2970 medici
1933 2910 2166 2970 aniaris-

558 3005 755 3060 simam
804 3003 1114 3062 antidotum
1141 3048 1155 3072 ,
1187 3017 1312 3072 quae
1349 3019 1414 3058 ex
1461 3013 1628 3082 gustu
1672 3019 1869 3066 nomen
1928 3005 2186 3074 accepit,

561 3099 698 3156 dare
729 3096 1019 3152 stomacho
1058 3096 1346 3152 nauseanti
1375 3138 1388 3162 ,
1419 3105 1478 3150 ut
1510 3097 1704 3152 noxios
1735 3096 1996 3158 humores
2037 3111 2168 3152 evo-

566 3201 702 3260 mat,
735 3199 791 3246 et
823 3189 1000 3262 possit
1029 3198 1216 3244 coctos
1247 3187 1403 3244 cibos
1433 3197 1600 3266 atque
1626 3187 1872 3258 digestos
1899 3189 1952 3244 in
1984 3189 2166 3244 alvum
2197 3171 2244 3240 C

561 3283 984 3348 transmittere,
1033 3297 1176 3352 quos
1241 3279 1558 3360 ﬂegmatum
1611 3280 1930 3352 magnitudo
1997 3281 2171 3352 digeri

564 3393 675 3434 non
709 3376 950 3432 sinebat.
977 3371 1150 3446 Igitur
1166 3383 1222 3427 et
1245 3371 1575 3440 Jerusalem,
1598 3388 1718 3444 qua:
1743 3372 1879 3432 bibit
1906 3371 1973 3426 de
2003 3372 2175 3432 calice

566 3469 779 3526 furoris
807 3465 1055 3534 Domini,
1088 3474 1146 3520 et
1176 3463 1244 3520 de
1273 3463 1426 3520 κόνδυ
1456 3463 1598 3536 ejus,
1627 3481 1785 3536 quem
1815 3463 2176 3536 Symmachus

569 3571 822 3616 craterem
851 3560 1250 3634 interpretatus
1281 3567 1365 3611 est
1389 3600 1403 3628 ,
1436 3566 1490 3612 et
1518 3541 1682 3628 quem
1709 3557 1866 3628 quIa
1899 3558 2177 3614 Geneseos

569 3653 769 3710 librum
801 3693 816 3718 ,
843 3649 1050 3720 Joseph
1091 3649 1147 3702 in
1177 3647 1398 3703 sacculo
1441 3645 1626 3702 fratris
1673 3647 1964 3722 Benjamin
2011 3649 2178 3718 jussit

570 3743 833 3802 abscondi
865 3741 1081 3812 (Genes.
1111 3739 1524 3812 xuv),jubetur
1562 3741 1630 3794 de
1667 3741 1930 3800 ebrietate
1951 3757 2179 3798 consur-

567 3853 722 3911 gere,
755 3849 820 3890 eo
851 3833 996 3906 quod
1030 3833 1251 3898 biberit,
1283 3842 1339 3888 et
1379 3831 1750 3887 vacuefecerit
1772 3874 1785 3898 ,
1820 3843 1874 3888 et
1907 3835 2183 3910 potavcrit

571 3947 701 3991 eum
733 3943 907 4000 usque
937 3928 1006 3982 ad
1039 3926 1230 3984 feces:
1261 3925 1405 3998 quod
1441 3937 1551 3982 tres
1582 3941 1690 3980 uno
1723 3927 2035 3984 indicavere
2066 3943 2182 3986 ser-

577 4039 765 4090 mone,
789 4021 816 4060 b
839 4020 1292 4098 Ἒξεστράγγισας.
1315 4017 1416 4073 llic
1437 4027 1522 4073 est
1547 4017 1690 4073 calix
1724 4017 1790 4074 de
1816 4035 1923 4098 quo
1956 4021 2009 4074 in
2029 4019 2182 4078 Psal-

577 4120 682 4174 mis
709 4116 944 4188 legimus
979 4133 992 4169 :
1021 4111 1174 4167 Colla:
1205 4117 1256 4166 in
1285 4129 1444 4167 manu
1469 4109 1683 4167 Domini
1711 4115 1816 4168 vini
1845 4115 1970 4170 meri
1998 4116 2182 4190 plenus

581 4212 764 4265 mixto.
797 4205 864 4262 Et
889 4206 1161 4260 inclinauit
1189 4221 1253 4259 ea:
1292 4207 1388 4258 hoc
1413 4207 1464 4260 in
1503 4205 1640 4260 illud
1665 4245 1680 4272 ,
1707 4217 2055 4264 verumtamen
2099 4209 2184 4277 [ex

578 4305 692 4375 ejus
719 4319 823 4358 non
854 4309 928 4356 est
957 4299 1224 4354 exinanita
1256 4316 1272 4354 :
1305 4299 1472 4352 bibent
1504 4313 1682 4353 omnes
1705 4309 2004 4374 peccatores
2035 4311 2185 4360 terra:

585 4395 706 4468 (Ps.
741 4409 927 4462 Lxxtv,
957 4391 1013 4458 9,
1045 4390 1158 4464 10).
1185 4389 1263 4446 De
1289 4407 1399 4466 quo
1419 4402 1475 4446 et
1499 4394 1564 4446 ad
1595 4389 1890 4456 Jeremiatn
1923 4393 2069 4452 Deus
2099 4395 2184 4454 lo.

2264 1903 2322 1950 et
2349 1894 2622 1959 iacentem
2651 1895 2976 1950 cleraverit.
3007 1895 3084 1950 Ex
3105 1909 3216 1965 quo
3231 1894 3588 1952 manifestum
3609 1894 3819 1963 est,quotl

2265 1999 2392 2058 poet
2411 1987 2655 2044 ultimam
2681 1988 3060 2057 captivitatem
3091 1987 3194 2044 ista
3223 1989 3518 2044 dicantur:
3543 1988 3820 2059 alioquinin

2267 2080 2548 2154 Babylone
2573 2089 2632 2136 et
2677 2092 2801 2151 post
2845 2081 3179 2153 Babylonem
3203 2123 3220 2148 ,
3249 2082 3506 2138 Ezechiel
3525 2090 3582 2137 et
3627 2097 3684 2136 ca
3701 2091 3821 2136 teres

2269 2174 2570 2246 Prophetas
2605 2173 2862 2230 habuisse
2885 2189 3034 2238 earn,
3063 2181 3256 2230 narrat
3296 2173 3547 2230 historia.
3575 2172 3714 2240 Quod
3743 2187 3824 2227 an-

2271 2277 2382 2328 tem
2415 2267 2550 2322 dicit
2581 2284 2596 2322 :
2629 2265 2747 2322 Duo
2773 2277 2929 2334 sunt,
2953 2282 3070 2338 qua:
3087 2277 3432 2322 occurrerunt
3451 2267 3546 2321 tibi.
3567 2307 3584 2332 ,
3603 2265 3705 2321 sive
3739 2265 3823 2316 duo

2271 2363 2380 2420 Iure
2419 2363 2694 2420 contraria
2725 2361 2826 2418 tibi
2857 2377 2877 2416 :
2907 2362 3024 2431 quis
3055 2360 3450 2416 cetaria-«Ibitur
3475 2376 3618 2432 super
3639 2369 3684 2413 te
3717 2361 3737 2412 ?
3769 2356 3826 2411 Et

2269 2470 2373 2525 pro
2403 2454 2616 2514 duobus
2639 2495 2654 2522 ,
2681 2453 2850 2514 infert
2893 2463 3132 2522 quenter
3165 2471 3177 2506 :
3231 2455 3539 2510 vastitatem
3561 2463 3614 2509 et
3649 2451 3828 2508 contri-

2268 2550 2497 2612 tienotn,
2529 2550 2726 2602 faenero
2757 2556 2814 2602 et
2837 2546 3076 2616 gladium
3109 2564 3124 2603 :
3158 2545 3240 2602 illi
3283 2546 3474 2604 simile
3493 2555 3576 2602 est
3617 2541 3742 2614 quod
3781 2541 3828 2595 in

2271 2641 2539 2700 Psalterio
2585 2651 2608 2680 ε
2653 2640 2878 2700 castitur
2907 2658 2922 2696 :
2955 2639 3132 2696 Semel
3179 2639 3391 2696 locutu
3455 2649 3528 2696 est
3555 2637 3677 2692 Deos
3699 2679 3713 2704 ,
3741 2637 3828 2688 duo

2271 2734 2380 2790 hinc
2403 2733 2578 2790 audiui
2601 2748 2619 2784 :
2643 2732 2772 2802 quia
2795 2729 3138 2800 potestasTDei
3165 2741 3261 2797 est,
3281 2743 3334 2788 et
3367 2732 3479 2798 tibi,
3511 2730 3725 2796 Domine,
3751 2725 3832 2780 ati-

2271 2823 2556 2882 sericordis
2589 2839 2606 2878 .'
2645 2824 2770 2896 quia
2799 2832 2856 2880 tu
2885 2821 3072 2878 reddes
3107 2823 3394 2894 unicuique
3413 2828 3565 2896 justo
3587 2836 3728 2891 opera
3757 2835 3834 2872 sua

2271 2917 2392 2986 (Ps.
2426 2933 2536 2984 ut,
2570 2917 2659 2982 1:2,
2697 2917 2813 2990 15.).
2849 2917 2916 2974 Et
2945 2915 3022 2974 ibi
3053 2917 3200 2974 enim
3233 2917 3412 2973 semel
3443 2916 3670 2988 loquitur
3697 2913 3832 2978 Deus,

2272 3009 2416 3079 quod
2445 3009 2801 3079 otnnipotens
2839 3009 2946 3076 sit,
2973 3020 3027 3064 et
3057 3009 3168 3068 duo
3203 3009 3366 3066 audit
3399 3008 3654 3078 Propheta
3677 3047 3691 3072 ,
3715 3001 3834 3076 quod

2271 3103 2672 3172 omnipotentia
2689 3103 2838 3162 illius
2855 3103 2916 3158 in
2945 3111 3178 3172 utraque
3209 3111 3368 3174 parte
3395 3101 3696 3172 praevaleat,
3723 3109 3772 3154 ut
3791 3105 3838 3150 ct

2277 3211 2400 3264 potu
2410 3195 2668 3254 itentibus
2681 3194 2888 3254 tribuat
2901 3194 3334 3254 misericordiae
3345 3239 3362 3262 ,
3377 3205 3430 3252 et
3447 3190 3838 3265 permanentibus

2277 3291 2330 3345 in
2351 3298 2578 3360 peccato
2595 3289 3068 3359 reddatsuppltcia
3085 3305 3213 3357 qua:
3229 3299 3538 3346 merentur.
3559 3286 3704 3342 Juxta
3723 3279 3839 3352 quod

2277 3393 2333 3437 et
2361 3385 2415 3440 in
2449 3383 2558 3438 alio
2589 3383 2712 3440 loco
2735 3381 2846 3442 duo
2873 3390 3236 3440 occurrerunt
3257 3380 3592 3446 Jerusalem,
3619 3391 3725 3448 qua
3749 3374 3838 3430 sin-

2277 3475 2400 3544 gula
2435 3474 2560 3528 bina
2593 3473 2812 3530 habent.
2833 3473 3068 3532 Ruinam
3095 3473 3268 3544 etaim,
3299 3473 3420 3530 sive
3452 3471 3732 3530 vastitatem
3765 3479 3836 3518 3c-

2279 3567 2464 3636 quitur
2499 3565 2760 3622 contritio
2805 3582 2818 3618 :
2851 3567 3048 3622 tamen:
3081 3573 3135 3618 et
3165 3563 3410 3632 gladium
3441 3563 3706 3620 interitus.
3733 3557 3839 3612 Pos-

2279 3671 2470 3716 sumus
2499 3657 2619 3716 haec
2643 3656 2805 3726 juxta
2835 3670 3140 3725 anagogen,
3173 3664 3227 3712 et
3251 3669 3426 3724 super
3455 3654 3630 3710 anima
3663 3645 3838 3706 intelli-

2279 3767 2411 3822 gere
2439 3750 2778 3820 peccatrice,
2809 3765 2931 3820 qua:
2962 3748 3152 3806 nolens
3181 3748 3380 3806 bibere
3407 3747 3630 3808 calicem
3673 3738 3841 3797 ίυΐοτίε

2285 3842 2500 3904 Domini
2525 3885 2540 3910 ,
2569 3841 2703 3900 dicit
2727 3842 2784 3896 in
2831 3841 3039 3912 psalmo
3069 3859 3080 3896 :
3113 3838 3338 3900 Domine
3363 3885 3381 3908 ,
3411 3857 3474 3898 ne
3493 3841 3549 3896 in
3577 3840 3732 3909 furore
3771 3841 3838 3884 tus

2283 3953 2478 4009 arguas
2508 3952 2608 4004 me,
2639 3951 2799 4001 neque
2828 3935 2882 3989 in
2911 3936 2990 3992 ira
3011 3945 3104 3990 tua
3131 3934 3392 4004 corripias
3415 3951 3497 3990 me
3519 3933 3542 4006 (
3565 3932 3649 3988 1’s.
3682 3945 3744 3994 rt,
3767 3922 3838 3994 1)·

2284 4031 2340 4088 Si
2363 4038 2540 4088 autem
2567 4029 2792 4094 biberit,
2827 4029 3028 4090 bonum
3057 4037 3143 4086 est
3169 4030 3218 4084 ei
3245 4044 3346 4088 sua
3373 4029 3573 4090 sentire
3599 4019 3837 4096 supplicia.

2286 4132 2342 4180 et
2369 4123 2560 4180 audire
2594 4122 2880 4178 Dominum
2913 4121 3186 4178 dicentem
3221 4139 3234 4174 :
3277 4123 3418 4180 Cum
3445 4123 3522 4178 ira
3547 4117 3734 4178 furoris
3759 4113 3840 4168 mei

2289 4215 2601 4282 transierit,
2636 4229 2852 4276 rursum
2901 4215 3129 4274 curabo.
3177 4215 3240 4270 Et
3273 4215 3408 4272 alibi
3455 4234 3466 4270 :
3501 4207 3750 4283 Numquid
3775 4203 3840 4275 qui

2289 4308 2428 4366 cadit
2467 4325 2570 4366 non
2591 4317 2848 4381 resurget,
2875 4307 3002 4364 dicit
3043 4306 3356 4379 Dominus.(
3389 4307 3581 4366 Jerent.
3613 4321 3713 4369 un,
3739 4301 3768 4356 l
3791 4297 3842 4371 )‘l

2365 4403 2546 4476 (Vera.
2579 4402 2698 4473 20.)
2743 4401 2873 4460 Filii
2921 4403 2997 4458 tui
3035 4404 3256 4475 projecti
3301 4413 3448 4472 sunt,
3485 4403 3771 4460 dormierunt
3803 4393 3842 4444 in

580 4487 774 4560 quitur
810 4505 820 4540 :
856 4483 1016 4541 Sume
1061 4485 1274 4538 calicem
1316 4483 1419 4537 vini
1461 4485 1588 4538 meri
1628 4484 1692 4540 de
1733 4502 1891 4546 manu
1937 4503 2050 4542 mea
2083 4503 2101 4541 :
2139 4499 2252 4566 et_
2292 4497 2460 4565 capite
2497 4494 2724 4548 omnium
2765 4494 2992 4561 viarum,
3016 4495 3147 4548 sicut
3189 4510 3318 4566 orya:
3367 4493 3669 4560 illaqueatus
3697 4504 3710 4542 :
3735 4480 3846 4554 plmi

587 4581 888 4656 propinabis
929 4579 1126 4633 cunctis
1163 4579 1400 4650 gentibus
1419 4619 1434 4644 ,
1467 4579 1536 4631 ad
1561 4597 1690 4654 quas
1727 4595 1822 4654 ego
1868 4581 2070 4640 mittam
2113 4590 2180 4634 te.
2211 4561 2266 4624 Β
2289 4561 2645 4660 indignatione
2667 4584 2895 4648 Domini,
2915 4561 3270 4658 increpatione
3295 4585 3394 4642 Dei
3415 4587 3512 4642 tui.
3541 4581 3708 4642 LXX:
3739 4573 3842 4630 Filii

583 4671 652 4727 Et
683 4673 850 4726 bibent
875 4678 924 4726 et
954 4679 1184 4738 venient,
1217 4679 1264 4724 et
1293 4669 1554 4724 insanienl
1581 4686 1611 4722 a
1641 4671 1775 4740 [acie
1799 4671 1965 4742 gladii
1992 4713 2006 4738 ,
2033 4688 2183 4744 quem

583 4782 678 4840 ego
707 4765 906 4819 mittant
935 4764 990 4818 in
1023 4761 1192 4817 medio
1225 4778 1404 4818 eorum
1451 4759 1680 4834 (Jcrcm.
1724 4779 1832 4817 xxv
1856 4804 1870 4830 ,
1905 4765 1970 4818 15
2003 4807 2018 4830 ,
2056 4765 2182 4837 16).

583 4855 830 4930 Cumque
873 4857 999 4912 aliis
1039 4855 1334 4926 gentibus,
1367 4864 1423 4910 et
1470 4853 1774 4910 Jerusalem
1802 4898 1816 4923 ,
1851 4857 2188 4932 urbibusque

588 4948 790 5003 Iudaea:
821 4947 1150 5017 propinasse
1180 4963 1239 5003 se
1268 4947 1439 5014 dicat,
1475 4946 1640 5002 infert
1677 4966 1687 4999 :
1731 4947 1822 5002 Sic
1853 4947 1978 5002 dicit
2007 4949 2188 5005 Domi-

592 5057 690 5094 nus
719 5039 1055 5108 Omnipotens
1079 5037 1221 5094 Deus
1253 5039 1424 5094 Israel
1450 5055 1468 5094 :
1497 5037 1667 5094 Bibite
1695 5051 1741 5092 et
1769 5040 2117 5108 inebriamini,
2139 5053 2186 5097 et

588 5132 842 5188 evomite:
871 5141 918 5185 et
941 5130 1110 5185 cedite
1137 5149 1169 5183 a
1206 5131 1339 5201 facie
1367 5132 1532 5204 gladii
1557 5175 1572 5200 ,
1605 5147 1754 5203 quem
1779 5149 1873 5203 ego
1901 5133 2101 5188 mittam
2131 5138 2183 5191 in

663 5303 689 5331 α
723 5293 779 5358 ιιι
821 5289 1211 5356 Ambrosiam.
1243 5305 1347 5348 non
1365 5299 1439 5350 est
1456 5291 1544 5360 oui
1571 5291 1782 5352 suscitet
1811 5307 1926 5350 eam
1951 5305 2014 5348 ea:
2038 5291 2176 5350 vobis

633 5365 738 5421 liis.
766 5373 872 5419 etc.

591 5367 972 5491 ﬁliisﬁzitcdose
1019 5432 1286 5509 hactenus
1333 5431 1592 5509 obtinuit
1615 5432 2033 5509 ᾞξεᾳτράπησας
2088 5453 2187 5507 pro

591 5509 1029 5582 ’EEeeepo'z-quac
1051 5505 1199 5582 quod
1217 5520 1282 5560 ex
1309 5503 1974 5582 vetustiur-iAnthemius}.
1995 5503 2186 5582 exem-

595 5585 732 5646 plari
765 5575 1127 5636 reetituitttus.
1158 5575 1225 5646 lit
1257 5585 1500 5640 notatum
1531 5577 1745 5644 quidem
1773 5587 1858 5632 est
1911 5579 2178 5642 Montl'au-

590 5645 770 5707 conio.
797 5649 1048 5715 Procopii
1077 5648 1129 5699 in
1153 5645 1348 5699 isaiam
1375 5648 1698 5702 auctoritate
1728 5648 1864 5700 hanc
1890 5649 2177 5706 lectionem

589 5719 794 5778 llr-mari
821 5757 834 5782 ,
873 5733 1111 5786 eamque
1157 5731 1344 5789 uocatu
1371 5717 1515 5783 apud
1565 5717 1794 5789 Graecos
1833 5718 2179 5789 Interpretari

590 5789 791 5862 amplus
823 5785 1130 5852 occurrere.
1159 5785 1443 5856 Signiﬁcat
1473 5801 1600 5854 vero
1627 5787 1952 5854 meruisti.

2294 4681 2368 4734 lui
2405 4679 2688 4750 indigentes
2713 4689 2764 4735 el
2787 4679 3100 4742 dormientes
3129 4684 3184 4738 in
3205 4685 3378 4752 capite
3401 4685 3624 4739 omnium
3646 4681 3846 4734 uiarum:

2291 4773 2422 4826 sicut
2448 4771 2560 4832 beta
2585 4773 2880 4844 semicocto,
2899 4775 3040 4844 pleni
3059 4777 3256 4846 furoris
3273 4775 3510 4844 Domini,
3533 4785 3579 4830 et
3599 4771 3845 4842 deﬁcientes

2289 4881 2322 4918 a
2347 4863 2574 4920 Domino
2609 4863 2736 4922 Deo.
2763 4865 2872 4922 Pro
2900 4867 3021 4922 beta
3053 4869 3373 4937 semicocta,
3399 4867 3596 4938 reliqui
3621 4865 3848 4928 interii"?

2291 4965 2393 5024 tes,
2425 4974 2634 5032 orygem
2657 4970 2866 5030 captum
2885 4971 2934 5014 et
2959 4961 3322 5033 illaqueatam,
3353 4963 3750 5020 transtulerunt.
3773 4949 3850 5022 ψιί

2290 5048 2556 5104 llebraice
2597 5051 2905 5122 appellatur
2953 5067 3059 5110 ruo
3085 5052 3260 5125 (mn),
3307 5055 3454 5125 quod
3487 5067 3653 5126 genus
3691 5043 3848 5106 bestia!

2291 5142 2570 5200 nascentis
2593 5145 2647 5202 in
2681 5160 2888 5214 eretno,
2911 5143 2942 5184 ἀ
2969 5147 3112 5206 inter
3133 5150 3333 5208 munda
3361 5149 3616 5206 animalia
3649 5155 3668 5184 ε
3697 5143 3742 5198 in
3771 5139 3848 5196 Lee

2362 5307 2382 5335 ο
2417 5295 2612 5374 V_erins
2661 5301 2710 5354 in
2749 5313 2856 5374 uno
2885 5301 3173 5370 Ambros,
3224 5303 3362 5374 quod
3403 5305 3458 5358 in
3503 5293 3846 5374 psalmorarti-

2292 5377 2409 5451 tur;
2436 5367 2630 5451 Semel,
2657 5381 2763 5426 etc.
2797 5371 3020 5443 Reliqua
3051 5389 3116 5428 ex
3143 5367 3386 5446 margine
3409 5377 3463 5430 in
3490 5367 3682 5429 textum
3711 5371 3845 5432 irrep-

2295 5449 2673 5568 “malum.
2693 5551 2711 5578 ,
2740 5513 2872 5570 inter
2894 5516 3166 5570 immunda
3191 5517 3464 5572 animalia.
3489 5515 3596 5574 Sed
3641 5517 3842 5578 notatum

2291 5589 2342 5636 et
2385 5592 2469 5654 est
2497 5573 2830 5654 Martiainro,
2887 5595 3015 5652 mn,
3045 5588 3160 5643 sive
3197 5597 3302 5649 non
3327 5630 3340 5654 ,
3387 5573 3608 5654 Denter.
3649 5573 3838 5654 stultia

2289 5653 2506 5707 mundis
2537 5649 2862 5711 animalibus
2910 5649 3466 5714 eontntmerarifnlox
3521 5653 3708 5714 Thom
3733 5649 3841 5704 duo-

2287 5723 2390 5780 hua
2415 5723 2601 5800 uerbis
2623 5725 2786 5782 habet
2808 5727 2966 5800 idem
2993 5743 3098 5786 Ius.
3137 5745 3236 5799 pro
3279 5729 3525 5800 ΤΑονᾳΑ.

2361 5803 2384 5832 ε
2425 5793 2655 5858 Leuitico
2699 5805 2748 5856 et
2797 5793 3200 5862 Dsutersnoniio
3243 5793 3474 5872 ponitur.
3531 5797 3726 5860 Nemea
3757 5793 3846 5848 κπτ
