3932 6380
150 332 248 394 893

704 327 1347 389 COMMENTARIORUM
1380 330 1454 386 «ΙΝ
1488 330 1736 391 ιεειωι

1849 332 2197 395 ὶωἪΕῗΓΑΜ
2239 339 2369 396 LIB.
2412 337 2553 396 XIV.
2596 338 2750 398 CAP.
2792 340 2901 400 LII.

3323 344 3434 407 496

148 444 299 500 vitico
335 449 387 499 ct
413 440 837 499 Deuteronomio
865 444 1105 514 ponitur.
1130 446 1247 502 .Pro
1276 460 1383 516 quo
1411 444 1558 502 LXX
1594 445 1731 519 Syra
1761 454 1808 510 Δ
1837 466 2000 509 manu
2024 453 2248 510 Domini
2279 455 2506 511 calicem
2532 456 2743 514 furoris
2764 456 2905 528 eius,
2926 466 2994 515 et
3030 462 3270 531 θρωπειὶ
3310 477 3435 519 eum

147 534 323 608 lingua
353 534 552 606 opinati
594 543 725 590 sunt
764 534 985 605 thoretlt,
1014 554 1139 607 qua:
1166 538 1366 595 dicitur
1402 541 1532 593 beta.
1562 538 1737 611 598

148 628 258 685 iloc
287 626 352 684 de
377 625 591 682 nomine
611 636 953 684 transeamus
974 629 1039 684 ad
1067 644 1315 686 sensum.
1331 629 1464 685 Filii
1490 630 1568 686 tui
1594 630 1736 686 sicut

147 736 274 795 oryx
322 728 635 776 venatorum
693 720 909 790 laqueis
960 722 1228 791 irretitus,
1276 722 1622 777 dormierunt
1677 722 1731 777 in

146 812 381 883 compitis
408 816 461 865 et
488 810 721 882 plateis,
769 820 827 868 et
871 827 1037 885 super
1084 814 1282 869 nudam
1326 812 1556 869 humum
1590 812 1733 869 nuda

145 902 372 961 membra
394 910 699 975 ponentes,
743 904 1176 976 indignationem
1214 906 1431 963 Domini
1469 917 1525 964 et
1548 904 1736 963 incre-

147 994 402 1068 pationem
426 990 524 1051 Dei
544 994 653 1063 sui,
678 996 923 1068 propriis
948 997 1181 1053 miseriis
1213 997 1546 1056 indicarunt.
1564 997 1734 1055 Porro

143 1087 289 1159 juxta
316 1084 661 1156 Septuaginta
693 1103 706 1141 :
730 1084 823 1159 qui
845 1086 1127 1145 noluerint
1147 1087 1351 1145 habere
1379 1084 1602 1144 divitias
1624 1088 1735 1160 spi-

147 1176 352 1234 rituales
376 1176 432 1233 in
472 1177 623 1233 onmi
660 1174 849 1248 verbo,
878 1187 933 1235 et
961 1180 1214 1249 scientia,
1255 1190 1313 1237 et
1349 1181 1605 1251 operibus
1638 1181 1736 1237 bo-

148 1271 256 1337 uis;
287 1267 380 1326 sed
400 1266 609 1326 i‘uerint
638 1286 906 1342 pauperes
935 1274 1028 1343 qui
1053 1288 1160 1328 non
1200 1273 1475 1329 SlhllliElli.
1504 1273 1734 1329 commi-

146 1367 424 1434 nationem,
454 1380 795 1437 nequaquam
836 1365 1164 1422 babitabnnt
1202 1367 1255 1420 in
1313 1366 1584 1436 domibus,
1617 1382 1737 1437 quae

143 1458 414 1515 virtutibus
462 1466 842 1528 exstruuntur,
866 1458 969 1515 sed
1012 1462 1065 1514 in
1095 1456 1384 1529 principiis
1416 1458 1651 1527 viarum,
1684 1466 1739 1514 et

146 1549 193 1606 in
215 1551 357 1607 exitu
388 1558 676 1622 tangentes
699 1551 903 1618 omnia,
930 1559 986 1607 et
1005 1551 1190 1606 omnia
1219 1550 1617 1622 relinquentes.
1636 1549 1738 1616 Qui

141 1655 281 1703 recte
301 1645 542 1702 dormire
572 1645 830 1702 dicuntur
848 1646 941 1702 illo
970 1662 1185 1716 somno,
1218 1647 1287 1703 de
1309 1662 1415 1719 quo
1436 1646 1737 1704 scribitur:

140 1736 456 1793 Dormierunt
498 1755 744 1793 somnum
785 1756 954 1808 suum,
1001 1748 1047 1794 et
1088 1741 1386 1795 invenerunt
1430 1739 1567 1795 nihil
1612 1738 1736 1809 (Ps.

1837 559 2008 615 usque
2028 546 2095 601 ad
2125 546 2272 602 feces
2290 564 2309 599 -;
2344 554 2401 602 et
2422 547 2532 602 lilii
2577 549 2676 615 tui,
2704 551 2798 620 qui
2820 550 2873 605 in
2904 559 3018 607 toto
3030 551 3175 608 orbe
3202 552 3439 624 dispersi

1836 646 1981 702 sunt,
2013 635 2273 707 ductique
2308 637 2819 708 captivijacuecnnt
2846 642 2899 697 in
2918 643 3140 714 plateis,
3175 653 3229 700 et
3259 645 3312 700 in
3343 660 3438 701 ca-

1836 728 2038 797 pitibus
2060 730 2304 796 viarum;
2337 735 2477 785 scito
2506 741 2559 788 te
2605 747 2728 788 esse
2757 737 3144 806 paupercula-tn
3177 746 3233 793 et
3265 738 3442 794 Immi-

1834 817 2041 887 liatam,
2071 831 2126 875 et
2170 820 2400 891 ebriam,
2428 837 2537 877 non
2582 838 2612 876 a
2652 825 2803 895 vino,
2828 827 2933 882 sed
2983 827 3170 886 furore
3198 830 3436 886 Domini.

1834 907 2044 965 Idcirco
2066 910 2120 966 si
2146 913 2329 982 egeris
2351 915 2752 985 pteuitentiam,
2780 926 2837 972 et
2856 918 3080 975 elevata
3106 923 3438 993 surrexeris,

1836 1002 1978 1058 scies
2003 1002 2226 1061 calicem
2257 1005 2475 1076 soporis
2500 1016 2560 1062 et
2582 1008 2762 1064 .rnime
2790 1026 2809 1063 ς
2832 1010 2954 1066 sive
2992 1012 3158 1082 juxta
3194 1014 3444 1087 Symma-

1838 1096 1998 1152 chum
2035 1106 2092 1153 et
2117 1097 2577 1170 Theodotinneni,
2611 1100 2942 1159 lacerationis
2966 1115 3016 1159 et
3060 1110 3441 1181 commotiouis,

1838 1186 1908 1243 de
1934 1203 2098 1244 manu
2147 1199 2236 1244 tua
2268 1204 2391 1246 esse
2421 1190 2725 1248 tollendum
2751 1211 2764 1246 :
2797 1201 2853 1249 es
2892 1194 3090 1266 βαιάν..
3114 1213 3223 1267 pro
3244 1215 3359 1268 quo
3388 1209 3448 1256 et;

1840 1283 1892 1336 in
1926 1280 2032 1338 boc
2078 1282 2199 1339 loco
2228 1282 2589 1354 Symmachum
2619 1296 2868 1342 craterem
2894 1287 3292 1359 interpretatus
3332 1301 3441 1363 est,

1841 1383 1894 1431 te
1933 1375 2072 1431 ultra
2106 1392 2213 1432 non
2239 1392 2362 1434 esse
2408 1378 2700 1437 bibituratn
2733 1398 2747 1435 :
2777 1381 2875 1437 sed
2904 1382 3227 1439 tradendum
3244 1384 3447 1442 adver-

1841 1468 1999 1524 soriis
2037 1470 2166 1540 tuis,
2200 1471 2291 1543 qui
2341 1471 2600 1529 dixerunt
2640 1475 2846 1531 anitum
2894 1484 3032 1548 tum,
3060 1479 3362 1547 incursare,
3386 1490 3451 1535 ut

1841 1570 2162 1619 transeamus
2178 1577 2204 1619 :
2226 1562 2445 1636 illisque
2468 1564 2800 1636 dicentibus,
2825 1568 3104 1627 voluntate
3119 1571 3452 1642 propriam-

1842 1663 2064 1708 curvata
2086 1669 2168 1710 es.
2201 1654 2268 1709 Et
2299 1657 2520 1726 posuisti
2547 1659 2695 1729 quasi
2725 1667 2916 1714 terram
2944 1677 3156 1732 corpus,
3180 1663 3298 1719 sive
3316 1663 3453 1717 dor-

1842 1760 1959 1797 sum
1980 1761 2001 1799 :
2028 1744 2111 1801 vel
2140 1745 2303 1817 juxta
2327 1748 2716 1820 Septuaginta,
2764 1752 2939 1807 media
2979 1762 3025 1807 ct
3066 1755 3295 1810 ceruices
3332 1764 3451 1810 tuas

138 1848 296 1902 uxv,
322 1831 399 1908 6).
430 1832 555 1901 Quo
580 1849 778 1889 somno
805 1834 1113 1903 cousOpivit
1134 1849 1230 1889 eos
1259 1829 1355 1890 i'ex
1379 1833 1738 1906 Assyrius.Et
1759 1843 1813 1904 Β
1841 1834 1973 1905 [oris
2019 1838 2428 1894 transeuntibus.
2475 1838 2771 1913 Hocjuxta
2800 1841 3090 1900 historiam
3123 1844 3328 1902 dictum
3358 1848 3453 1917 sit,

139 1937 523 1997 comparantur
550 1926 689 1983 betae
722 1926 1053 1993 scmicoctm,
1076 1926 1226 1998 quod
1250 1942 1433 1997 genus
1462 1927 1627 1983 oleris
1657 1936 1742 1983 est

139 2020 373 2076 vilissimi
398 2030 453 2076 et
485 2021 842 2091 fragilissimi.
866 2021 942 2077 De
967 2021 1165 2092 quibus
1185 2021 1427 2077 oleribus
1446 2031 1584 2093 puto
1608 2021 1740 2080 illud

138 2112 188 2168 in
218 2112 452 2169 Psalmis
498 2112 604 2168 dici
633 2131 645 2165 :
680 2110 763 2168 Ne
796 2111 983 2167 celeris
1023 2113 1076 2168 in
1105 2111 1546 2186 malignantibus,
1581 2131 1742 2184 neque

139 2207 382 2262 auuuleris
406 2208 665 2278 facientes
698 2206 1048 2275 iniquitatem.
1096 2206 1357 2274 Quoniam
1390 2209 1742 2279 sicut/ianum

137 2304 363 2359 velociter
384 2313 648 2374 arescent,
667 2314 716 2359 et
737 2305 869 2359 sicut
902 2302 1046 2360 olera
1073 2304 1354 2361 herbarum
1379 2306 1483 2360 cito
1506 2306 1744 2373 decidrnt

139 2394 248 2466 (Ps.
278 2413 468 2465 xxxvi,
514 2398 564 2466 l,
590 2396 676 2467 2).
706 2396 806 2452 Est
830 2397 975 2452 enim
1013 2396 1397 2468 aegrotantium
1428 2397 1602 2453 cibus.
1635 2396 1742 2466 Qui

139 2490 297 2546 semel
319 2489 644 2547 incredulus
668 2501 774 2559 est,
802 2490 1113 2559 appellatur
1147 2492 1268 2546 beta
1292 2490 1489 2545 cr-utla.
1524 2489 1628 2558 Qui
1648 2506 1746 2545 au-

142 2590 240 2639 tent
261 2582 499 2654 simplici
528 2592 825 2639 contentus
859 2580 990 2651 title,
1022 2583 1228 2653 absque
1259 2583 1472 2638 ratione
1513 2591 1567 2638 et
1607 2582 1742 2654 doge

136 2684 331 2731 rnatum
359 2676 597 2731 veritate
620 2674 746 2731 facit
773 2689 939 2746 opera
985 2674 1237 2745 iustitiae,
1270 2683 1448 2743 potest
1480 2674 1589 2731 diei
1621 2675 1745 2731 beta

138 2777 307 2825 cocta.
340 2768 519 2824 Porro
554 2768 646 2840 qui
692 2769 841 2824 inter
882 2767 1013 2823 vitia
1040 2778 1204 2840 atque
1253 2768 1488 2824 virtutes
1532 2769 1747 2825 medius

135 2859 380 2929 ﬂuctuat,
407 2870 467 2916 et
493 2860 703 2932 duplici
724 2859 891 2916 corde
921 2860 1133 2916 accedit
1164 2859 1230 2914 ad
1268 2861 1595 2916 servitutem
1627 2861 1743 2930 Dei,

137 2952 233 3009 iste
260 2954 574 3010 rectissime
602 2962 838 3010 vocatur
882 2954 1006 3009 beta
1040 2953 1363 3021 semicocta,
1396 2951 1467 3007 ad
1506 2967 1667 3024 quem
1684 2962 1750 3008 et

135 3040 184 3099 in
210 3045 545 3119 Apocalypsi
570 3045 801 3103 Joannis
828 3045 1066 3117 loquitur
1093 3044 1235 3100 Deus
1269 3062 1282 3099 ε
1317 3043 1528 3100 Utinam
1545 3052 1636 3098 aut
1656 3061 1749 3099 ca-

135 3137 266 3193 lidus
295 3156 437 3195 esses
481 3148 573 3194 aut
601 3138 831 3212 frigidus
857 3156 876 3195 .'
898 3156 1038 3193 nunc
1071 3148 1245 3193 autem
1287 3139 1412 3209 quia
1436 3139 1644 3210 tepidus
1672 3156 1744 3207 es,

1844 1922 1989 2001 quod
2016 1931 2320 1987 Jerusalem
2350 1933 2396 1986 si
2425 1933 2645 1989 elevare
2666 1949 2733 1990 se
2758 1935 3016 2005 voluerit,
3036 1945 3203 2006 atque
3229 1952 3454 1993 consur-

1841 2037 1992 2093 gere,
2024 2039 2369 2095 nequaquam
2403 2024 2555 2080 bibat
2584 2027 2814 2083 calicem
2849 2028 3050 2085 furoris
3080 2029 3322 2099 Domini,
3348 2045 3455 2086 nec

1840 2115 2084 2186 patiatur
2106 2117 2243 2171 ultra
2268 2132 2386 2188 quae
2404 2117 2560 2189 prius
2588 2119 2874 2176 sustinuit.
2893 2118 3165 2176 Caeterum
3185 2132 3247 2176 ut
3267 2123 3455 2177 venia-

1840 2208 2143 2281 musjuxta
2169 2210 2526 2282 Septuaginta
2554 2212 2620 2267 ad
2642 2213 3063 2285 "uitelligeutiasn
3084 2215 3450 2285 spiritualem,

1845 2301 2041 2357 anima:
2063 2302 2263 2358 dicitur
2291 2304 2591 2360 ltumiliatze
2618 2305 2783 2375 vitiis,
2810 2318 2864 2362 et
2895 2307 3063 2363 ebria:
3081 2310 3458 2379 perturbatio-

1846 2392 2028 2462 nibus,
2064 2404 2123 2448 ut
2145 2395 2283 2448 sciat
2316 2395 2617 2451 Dominum
2652 2396 2866 2453 habere
2897 2414 2952 2452 se
2972 2399 3244 2469 judicent,
3290 2412 3346 2458 et
3387 2402 3455 2459 de

1846 2488 2103 2543 omnibus
2149 2487 2483 2543 reddituram
2511 2504 2572 2545 se
2600 2505 2723 2545 esse
2751 2491 3043 2547 rationem.
3076 2492 3234 2561 Quod
3267 2496 3311 2549 si
3340 2494 3457 2550 fuc-

1848 2582 1923 2635 rit
1952 2579 2018 2635 ad
2050 2580 2276 2636 meliora
2299 2596 2590 2647 conversa,
2623 2580 2981 2639 auferendum
3014 2584 3243 2640 calicem
3283 2586 3456 2640 ruina:

1847 2670 1917 2727 de
1961 2671 2213 2735 inanibus
2245 2672 2383 2743 ejus,
2420 2683 2473 2728 et
2517 2681 2787 2729 craterem
2838 2674 3042 2730 furoris
3080 2675 3323 2746 Domini,
3361 2682 3456 2747 qui

1849 2762 2480 2837 suppliciacentinebat,
2506 2764 2695 2836 dequo
2717 2775 2772 2820 et
2794 2766 3275 2825 Ezechieldicitad
3294 2771 3455 2826 Jeru-

1852 2856 2020 2911 salem
2050 2876 2061 2910 :
2086 2855 2317 2912 Calicem
2339 2858 2532 2912 sororis
2552 2872 2658 2913 tua:
2682 2858 2945 2914 Samaria:
2970 2859 3108 2915 bibes
3134 2863 3453 2933 profundum

1851 2956 1897 3003 et
1921 2949 2104 3015 latum,
2142 2958 2197 3002 ut
2226 2948 2503 3004 inebrieris
2543 2949 2724 3022 (Ezec.
2759 2967 2918 3021 χχιιι,
2952 2952 3078 3023 52),
3132 2952 3456 3009 tradendum

1854 3038 1906 3093 in
1939 3040 2197 3095 manibus
2232 3056 2457 3104 eorum,
2505 3042 2599 3112 qui
2644 3060 2762 3097 eam
2813 3043 3257 3103 ltumiliaverant.
3296 3046 3457 3103 Haud

1855 3128 2079 3184 dubium
2108 3132 2235 3202 quin
2281 3131 2628 3187 adversarios
2680 3133 2950 3204 signiticet
2973 3146 3303 3206 potestates,
3334 3154 3458 3210 quae

133 3248 363 3289 evomam
395 3232 652 3305 te(Apoc.
686 3250 770 3301 ιιι,
799 3230 887 3303 l5,
919 3233 1031 3306 16).
1056 3234 1157 3301 Qui
1189 3233 1355 3305 tepidi
1380 3241 1439 3289 et
1467 3232 1745 3289 dormien-

1858 3222 2120 3278 dixerunt
2170 3224 2366 3279 anima:
2414 3225 2608 3280 illius:
2656 3227 2950 3293 incuruare,
3007 3241 3063 3284 ut
3100 3242 3456 3287 transeamus.

131 3332 228 3395 tes,
261 3322 420 3396 pleni
473 3333 603 3380 sunt
633 3325 835 3382 furoris
868 3325 1108 3396 Domini,
1135 3334 1192 3382 et
1213 3326 1490 3396 dissoluti,
1516 3326 1629 3382 sive
1658 3325 1754 3383 de—

131 3415 386 3474 ﬁcientes
436 3430 545 3486 .per
595 3416 885 3472 Dominum
916 3416 1092 3489 Deum
1137 3436 1149 3470 :
1205 3433 1310 3472 non
1338 3433 1450 3489 quo
1491 3417 1755 3474 Dominus

133 3500 527 3563 dissolutionis
553 3521 739 3562 eorum
773 3521 933 3562 causa
962 3508 1054 3576 sit,
1084 3508 1173 3578 qui
1204 3519 1433 3564 mortem
1461 3524 1570 3563 non
1600 3507 1750 3577 fecit,

135 3615 229 3656 nec
251 3600 577 3657 delectatur
602 3598 658 3655 in
682 3600 996 3669 perditione
1032 3600 1327 3657 viventium
1364 3619 1377 3657 :
1407 3601 1502 3658 sed
1531 3618 1639 3673 quo
1664 3603 1752 3674 qui

138 3692 187 3749 in
242 3696 393 3766 Lege
442 3693 828 3765 peccaverint,
864 3708 966 3764 per
1000 3690 1206 3766 Legem
1244 3692 1587 3767 judicentur,
1632 3712 1752 3767 qua:

138 3798 396 3858 operatur
427 3786 566 3842 iram
596 3785 698 3842 Dei
729 3784 813 3841 his
835 3786 926 3855 qui
958 3788 1407 3855 pricvaricatores
1449 3790 1568 3861 ejus
1600 3798 1748 3845 sunt.

203 3874 390 3952 (Vers.
424 3879 497 3934 21
545 3876 725 3951 seqq.)
756 3874 964 3933 Idcirco
1005 3881 1133 3935 audi
1181 3880 1314 3953 hwc,
1348 3884 1673 3955 paupercula
1706 3894 1755 3941 et

135 3972 268 4028 ebria
317 3990 426 4028 non
456 3989 491 4027 a
518 3974 658 4028 vino.
691 3970 821 4027 Htec
861 3971 990 4027 dicit
1018 3974 1318 4030 dominator
1339 3985 1463 4031 tuus
1497 3976 1751 4033 Dominus

136 4073 180 4118 et
211 4062 348 4120 Deus
377 4073 524 4135 tuus,
552 4063 642 4131 qui
686 4066 936 4137 pugnauit
954 4081 1057 4137 pro
1086 4067 1283 4136 populo
1309 4084 1404 4122 suo
1434 4084 1453 4122 :
1482 4065 1616 4123 Ecce
1657 4068 1755 4123 tuli

139 4156 199 4214 de
225 4174 385 4213 manu
415 4166 509 4212 tua
531 4157 747 4212 calicem
774 4160 997 4226 soporis,
1043 4158 1267 4228 fundum
1302 4158 1476 4214 colicis
1511 4160 1754 4231 indigna-

137 4247 288 4304 tionis
318 4265 449 4305 mete
482 4266 502 4303 :
533 4265 635 4304 non
668 4244 887 4320 adjicies
913 4259 968 4302 ut
996 4248 1139 4304 bibas
1173 4249 1326 4304 illum
1360 4251 1520 4304 ultra.
1562 4248 1633 4305 Et
1652 4268 1755 4323 po-

139 4359 253 4400 uam
302 4346 459 4401 illum
513 4346 569 4400 in
611 4362 769 4400 manu
815 4360 1013 4410 eorum,
1038 4346 1127 4415 qui
1158 4354 1206 4399 te
1246 4341 1665 4410 Itumiliauerunt,
1707 4354 1754 4399 et

140 4435 378 4495 dixerunt
410 4438 609 4495 anima:
649 4448 793 4494 tute:
822 4438 1094 4493 iucurvare
1118 4436 1282 4511 599
1311 4447 1367 4491 ut
1408 4446 1749 4507 transeamus,

140 4538 185 4585 et
209 4533 431 4604 posuisti
472 4543 532 4588 ut
578 4541 769 4586 terram
801 4546 989 4602 corpus
1010 4541 1178 4597 tuum,
1207 4539 1253 4584 et
1279 4529 1429 4600 quasi
1472 4528 1609 4583 viam
1639 4544 1756 4599 per-

1856 3312 1913 3370 In
1941 3331 2051 3384 quo
2082 3317 2287 3388 pariter
2309 3318 2706 3388 annotandum,
2738 3321 2882 3392 quod
2916 3338 3025 3378 non
3056 3338 3175 3379 eam
3202 3327 3463 3382 incurva-

1856 3402 2061 3479 ver’int,
2092 3425 2192 3466 nec
2222 3410 2329 3465 vim
2381 3410 2633 3479 iecerint,
2669 3422 2725 3466 ut
2754 3415 2910 3483 prius
2948 3426 3128 3471 erecta
3166 3415 3464 3473 inclinare-

1858 3512 1947 3558 tur
1970 3503 2034 3559 in
2080 3513 2282 3559 terram
2319 3522 2332 3558 :
2374 3505 2471 3561 sed
2514 3502 2737 3577 proprio
2768 3506 3001 3562 arbitrio
3045 3508 3489 3579 dereliquerint..

1857 3594 1951 3654 Illa
1985 3609 2166 3655 autem
2194 3600 2362 3672 σου
2390 3598 2673 3656 voluntate
2702 3615 2799 3656 sua
2820 3601 3077 3671 posuerit
3090 3604 3342 3658 cervices
3373 3603 3460 3657 vel

1856 3692 2104 3762 dorsum,
2135 3694 2254 3749 sive
2279 3703 2453 3749 totum
2484 3708 2684 3764 corpus
2714 3708 2897 3763 suurn,
2920 3710 3027 3752 non
3042 3695 3220 3763 intus,
3255 3695 3348 3751 scd
3381 3694 3464 3751 fo-

1855 3787 1952 3857 ris,
1980 3788 2063 3843 bis
2093 3790 2183 3859 qui
2207 3804 2326 3845 eam
2354 3788 2815 3845 conculcaveriut.
2862 3787 2996 3846 Tale
3022 3788 3157 3861 quid
3184 3798 3245 3845 et
3282 3790 3338 3845 in
3385 3789 3460 3845 Ε-

1853 3881 2103 3953 vangelio
2149 3882 2381 3953 legimus
2416 3880 2578 3955 (Luc.
2633 3880 2773 3953 stu),
2811 3882 2938 3953 quia
2990 3882 3187 3937 decem
3228 3892 3284 3936 et
3328 3891 3462 3938 octo

1853 3976 2012 4033 annis
2046 3974 2279 4032 Satanas
2308 3976 2690 4032 incurvaverat
2727 3976 3040 4039 mulierem.
3075 3991 3236 4045 quam
3272 3976 3455 4030 Domi-

1855 4084 1957 4123 nus
2003 4067 2069 4123 ad
2114 4076 2313 4124 statum
2369 4068 2659 4138 pristinum
2690 4067 2886 4136 erexit,
2922 4065 3451 4137 utpossetdicere:

1853 4154 2045 4216 Levavi
2074 4162 2251 4217 oculos
2288 4177 2429 4215 meos
2468 4161 2525 4214 in
2572 4169 2794 4225 montes,
2826 4158 2966 4212 unde
2990 4158 3155 4211 ueniet
3200 4158 3459 4213 nuailium

1852 4254 1980 4309 mihi
2016 4252 2138 4326 (Ps.
2172 4269 2298 4323 cxx,
2318 4252 2396 4325 1);
2423 4262 2480 4309 et
2509 4270 2520 4305 :
2552 4251 2637 4305 Ad
2658 4261 2712 4305 te
2736 4251 2903 4306 leuam'
2942 4248 3123 4317 oculos
3172 4266 3334 4320 uicos,
3365 4252 3457 4322 qui

1853 4346 2059 4401 habitas
2080 4346 2145 4401 iu
2169 4348 2295 4401 cocto
2321 4344 2443 4415 (Ps.
2468 4359 2644 4410 casu,
2671 4342 2733 4414 ι),

1924 4435 2084 4510 (Cap.
2109 4435 2298 4491 ιιι-
2320 4437 2475 4493 Vers.
2506 4436 2586 4505 1.)
2616 4433 2902 4507 Consurqe,
2934 4452 3212 4509 comurge,
3234 4437 3455 4494 induere

1851 4527 2164 4599 fortitudine
2201 4538 2316 4597 tua,
2338 4528 2473 4585 Sion
2501 4546 2518 4583 :
2544 4530 2757 4584 induere
2776 4532 3095 4584 vestimentis
3119 4529 3305 4602 gloria:
3329 4542 3451 4601 tum,

143 4626 546 4682 transamtibus.
579 4622 1524 4695 LXX:Proptereaaudi,humiliata
1541 4630 1585 4676 et
1606 4619 1750 4677 ebria
1772 4606 1831 4670 Β
1853 4622 2145 4679 Jerusalem
2186 4622 2368 4678 ciuitas
2406 4621 2772 4692 Sanctirquia
2810 4638 2916 4676 non
2935 4623 3158 4693 adiiciet
3192 4624 3358 4693 ultra,
3398 4635 3455 4679 ut
3532 4690 3535 4693 _

144 4731 242 4772 non
268 4736 303 4772 a
332 4719 475 4774 vino.
504 4717 607 4775 Sic
629 4717 762 4772 dicit
805 4714 1060 4771 Dominus
1088 4714 1230 4771 Deus
1255 4716 1344 4786 qui
1359 4714 1751 4788 judicatpOpu-

145 4802 247 4862 lum
266 4827 423 4865 suum
448 4827 467 4865 :
488 4808 632 4865 Ecce
655 4808 757 4863 tuli
776 4808 839 4863 de
863 4825 1018 4863 manu
1043 4818 1131 4863 tua
1150 4810 1363 4865 calicem
1386 4810 1575 4874 ruinaz.
1598 4807 1747 4866 κόνδυ

145 4903 337 4971 furoris
357 4906 500 4960 mei:
528 4914 573 4960 et
603 4920 705 4959 non
728 4903 945 4974 adjicies
981 4902 1148 4956 bibere
1169 4903 1318 4957 illum
1345 4904 1483 4958 ultra
1501 4921 1519 4958 :
1547 4915 1593 4959 et
1615 4903 1766 4958 dabo.

148 5009 258 5049 eum
280 4998 333 5051 in
357 5014 553 5052 ntanus
573 5013 772 5063 eorum,
790 4996 879 5066 qui
905 5004 952 5049 te
972 4994 1145 5065 inique
1165 5005 1556 5065 oppresserunt,
1585 5006 1632 5050 et
1652 4993 1749 5050 hu-

147 5085 473 5144 miliaverunt
520 5086 663 5160 :qui
712 5086 961 5144 dixerunt
1003 5088 1191 5143 animo:
1240 5096 1360 5155 tum,
1387 5086 1646 5144 inclinare
1688 5099 1749 5143 ut

148 5186 495 5250 transeamus,
512 5183 803 5255 etposuisti
830 5179 1055 5254 wqualia
1086 5191 1235 5238 terra:
1254 5182 1421 5237 media
1451 5191 1598 5238 tuan
1614 5176 1749 5254 foris

152 5277 557 5333 "milia.
584 5275 630 5332 0
662 5275 1001 5341 Jerusalem,
1030 5276 1129 5331 vcui
1162 5272 1310 5331 dixi;
1341 5274 1595 5342 Etleva-ne,
1624 5276 1746 5332 ele-

151 5376 294 5439 vare,
323 5382 621 5441 consurge,
656 5376 715 5425 et
738 5380 837 5441 age
858 5368 1241 5441 paenitentiam
1264 5364 1441 5439 :qnia
1466 5366 1747 5438 bibistide

157 5553 304 5620 sive,
344 5565 457 5620 ππ]
484 5552 601 5610 Tha
632 5568 740 5610 non
774 5552 972 5623 legitur
1011 5552 1287 5619 Levitieo,
1336 5551 1436 5609 sed
1481 5550 1752 5623 Denter-o-

154 5626 322 5682 nor-ii
344 5628 534 5698 cpite
556 5642 688 5698 ην,
716 5625 787 5698 ρ.-
806 5620 913 5682 Nec
940 5625 1239 5698 mavoluit
1269 5623 1454 5698 dicere
1475 5620 1533 5678 S.
1560 5622 1751 5698 Hiera-

154 5708 387 5768 mus;
408 5688 523 5754 sed
720 5688 834 5768 Tito
858 5697 1089 5764 animal,
1116 5694 1174 5751 id
1198 5703 1311 5760 est.
1346 5692 1514 5768 Oryx,
1538 5700 1632 5768 aut
1654 5690 1751 5747 bes

156 5766 448 5838 sylvestris,
480 5766 582 5839 qui
608 5767 844 5824 ruminat
869 5778 924 5824 et
952 5767 1146 5823 dividit
1192 5766 1477 5839 ungulam,
1522 5766 1593 5820 sit
1644 5780 1749 5819 nu-

159 5836 401 5895 meratus
434 5836 582 5895 inier
622 5839 822 5894 munda
867 5838 1120 5895 animalia
1152 5839 1204 5893 in
1249 5836 1489 5895 Levitico
1517 5850 1637 5907 cap.
1672 5850 1748 5901 xi,

1850 4724 2174 4785 pertranseat
2207 4731 2301 4786 per
2333 4724 2379 4768 te
2419 4713 2811 4769 incircumcs'sns
2832 4724 2880 4766 et
2912 4714 3228 4768 immndus.
3258 4714 3405 4771 LXX
3440 4730 3452 4770 ι

1850 4806 2113 4879 Exsurge,
2138 4811 2445 4879 ρωθονὲ·
2479 4805 2609 4863 Sion
2636 4823 2656 4859 .'
2684 4809 2730 4873 ,θ
2754 4803 2973 4860 induere
2995 4807 3302 4876 fortitudine
3330 4817 3444 4878 tua,

1851 4903 2004 4967 Sion,
2034 4911 2082 4958 et
2107 4903 2321 4957 induere
2348 4900 2516 4974 gloria
2544 4910 2655 4969 tua,
2681 4899 2976 4956 Jerusalem
3001 4900 3185 4954 civitas
3211 4900 3405 4958 Sancta
3435 4926 3446 4958 ε

1851 5011 2174 5066 nequaquam
2205 4992 2343 5048 ultra
2369 4994 2606 5067 adjiciat,
2660 5001 2713 5045 ut
2736 5000 3054 5060 pertranseat
3084 5008 3176 5063 per
3219 5004 3267 5049 te
3295 4995 3454 5050 incir-

1852 5087 2105 5144 cumcisus
2125 5097 2170 5142 et
2196 5084 2513 5140 immundus.
2536 5080 2779 5139 Rursum
2811 5090 2868 5139 et
2892 5082 2946 5140 in
2978 5083 3081 5140 hoc
3106 5080 3228 5143 loco
3249 5103 3451 5144 nomen

1852 5182 2006 5251 Sion,
2037 5190 2096 5237 ut
2118 5180 2372 5250 superius
2394 5193 2427 5233 a
2452 5175 2624 5247 LXX,
2652 5176 2897 5233 additum
2924 5188 3029 5247 est,
3062 5190 3115 5233 ct
3143 5179 3349 5236 idcirco
3365 5180 3452 5252 ju-

1853 5275 2097 5347 gulutun
2140 5285 2297 5325 rem.
2320 5268 2423 5323 Cui
2459 5283 2591 5341 ergo
2617 5282 2781 5339 supra
2802 5267 2960 5340 (Cap.
2994 5286 3064 5336 ιλ,
3090 5269 3153 5341 9)
3189 5271 3404 5327 dixerat
3440 5293 3452 5330 :

1856 5366 2096 5435 Eleuare,
2118 5359 2335 5432 elevare,
2353 5376 2623 5436 consurge,
2646 5360 2939 5418 Jerusalem
2958 5378 2974 5416 :
2994 5376 3139 5418 nunc
3166 5362 3346 5418 eidem
3370 5364 3454 5419 lo-

1853 5556 1909 5603 et
1939 5546 1991 5601 in
2022 5540 2448 5613 Deumuosnio
2479 5552 2602 5613 cap.
2637 5551 2743 5589 ιιν.
2776 5533 3077 5613 Doceat-os
3102 5547 3232 5613 vero
3252 5533 3447 5613 anno.

1854 5600 2051 5689 nymus
2093 5613 2258 5667 betam
2288 5612 2474 5681 lingua
2512 5600 2777 5688 Syrorum
2806 5601 2917 5657 dici
2947 5600 3195 5666 Tbontls,
3229 5622 3353 5687 σς.ιο
3388 5609 3446 5665 in

1854 5688 2057 5743 Lesico
2074 5682 2429 5743 i’entatrlouo
2459 5686 2709 5743 reperire
2732 5684 3074 5743 nequaquam
3092 5685 3268 5738 βοιικ,

1854 5682 2057 5747 meo
2074 5682 2429 5755 i’entaglouo
2459 5682 2709 5750 reperire
2732 5682 3344 5803 πρυμνητιλῶ
