3932 6314
544 261 655 318 493

1801 260 1861 316 S.
1903 257 2174 316 EUSEBll
2211 257 2595 316 HIERONYMI

3724 261 3816 321 #96

538 378 764 446 quitur:
794 377 1071 446 Consurge,
1115 389 1386 444 consurge,
1419 374 1636 429 induere
1677 373 1986 444 fortitudine
2025 385 2138 444 tua,
2166 386 2222 448 Α
2245 393 2431 445 carne,
2470 393 2575 432 non
2603 376 2802 448 spiritu
2829 377 3075 449 loquitur
3112 377 3374 434 Jeremias
3404 395 3416 430 :
3448 377 3632 432 Omnes
3664 392 3814 452 gentes

547 473 701 528 Sion.
725 470 854 537 Quae
883 468 954 522 sit
977 476 1159 523 autem
1190 468 1344 534 Sion,
1372 485 1608 540 sequens
1637 485 1825 526 versus
1853 471 2096 526 ostendit
2128 489 2140 524 :

546 563 770 618 Induere
809 563 1116 616 vestimentis
1148 563 1333 634 glorite
1365 572 1487 631 tuae,
1515 561 1826 619 Jerusalem.
1870 565 1981 620 Hoc
2004 565 2144 619 dixi-

546 670 686 720 mus,
723 662 781 708 ut
807 655 1111 710 Jerusalem
1145 665 1202 710 et
1231 655 1362 710 Sion
1393 672 1558 712 unam
1593 659 1884 725 probemus
1929 658 2138 713 urbem.

546 746 978 816 Praecipiturque
1009 745 1156 809 ei,ut
1180 747 1431 818 lugubria
1465 750 1784 803 vestimenta
1815 750 2074 818 deponat,
2091 758 2145 806 et

542 841 802 897 induatur
829 841 914 895 his
943 857 1067 912 quae
1100 842 1284 897 habuit
1321 855 1611 912 antequam
1637 843 1850 899 biberet
1879 844 1949 900 de
1980 859 2143 899 manu

538 934 755 990 Domini
781 933 1010 989 calicem
1040 933 1264 989 furoris.
1298 936 1726 1005 Appellaturquc
1757 936 1948 991 civitas
1987 951 2144 992 sanc-

540 1029 726 1094 tuarii,
746 1028 851 1084 hoc
866 1029 1012 1084 enim
1039 1037 1202 1084 sonat
1229 1043 1396 1084 conss
1415 1029 1584 1116 (mp)
1609 1039 1833 1098 propter
1858 1029 2138 1099 templum,

540 1121 687 1193 quod
717 1121 770 1176 in
803 1135 864 1177 ea
895 1119 1178 1175 conditum
1210 1119 1332 1174 luit.
1362 1120 1487 1176 Sive
1518 1120 1728 1189 Sancti,
1755 1132 1981 1191 propter
2004 1121 2145 1175 noti-

538 1214 670 1269 tiam
703 1212 802 1268 Dei
828 1230 841 1265 :
869 1213 954 1268 vel
987 1212 1340 1283 saneta,quia
1364 1213 1480 1268 sola
1514 1213 1572 1266 in
1601 1212 1734 1267 orbe
1757 1222 2023 1268 terrarum
2054 1228 2144 1267 ac-

537 1317 766 1379 ceperat
796 1308 993 1378 legem.
1029 1307 1184 1362 Unde
1216 1315 1271 1362 et
1307 1317 1431 1376 post
1463 1306 1925 1362 resurrectionem
1957 1306 2142 1362 Salva-

539 1404 676 1457 toris
711 1407 1090 1472 apparuerunt
1136 1414 1369 1470 corpora
1422 1412 1765 1455 mortuorum
1816 1401 1872 1455 in
1919 1401 2142 1457 civitate

538 1504 750 1549 sancta.
779 1492 911 1561 Quae
959 1492 1144 1562 utique
1181 1501 1404 1562 propter
1430 1491 1829 1563 blaSphemiam
1867 1501 1921 1547 et
1949 1493 2143 1547 missas

534 1589 591 1642 in
619 1587 911 1642 Dominum
937 1601 1150 1653 manus,
1186 1596 1374 1642 sancta
1401 1602 1526 1642 esse
1553 1601 1658 1642 non
1688 1597 1900 1656 poterat
1922 1585 2136 1658 (Matth.

535 1679 730 1751 xxvii).
763 1679 1028 1749 Quodque
1059 1679 1419 1748 promittitur,
1451 1679 1498 1734 si
1540 1679 1844 1734 surrexerit
1881 1686 2006 1748 post
2029 1679 2140 1733 rui-

536 1789 685 1840 nam,
715 1784 770 1828 et
795 1773 981 1827 induta
1013 1771 1180 1826 fuerit
1209 1770 1527 1827 lortitudiue
1575 1780 1632 1827 et
1671 1772 1845 1843 gloria
1899 1786 2016 1840 sua,
2050 1785 2144 1826 ne-

533 1882 806 1938 quaquam
835 1867 978 1919 ultra
1024 1864 1377 1918 transiturum
1419 1878 1517 1932 per
1546 1877 1668 1917 eam
1700 1862 2137 1917 incircumcisum

535 1971 589 2013 et
619 1959 986 2025 immundum,
1020 1957 1125 2011 hoc
1166 1955 1459 2026 signiﬁcat,
1512 1955 1655 2025 quod
1684 1965 1740 2009 et
1770 1955 1967 2010 Paulus
1991 1955 2141 2024 Apo-

535 2053 712 2109 stolus
741 2052 873 2106 dicit
896 2069 907 2104 :
942 2051 1071 2116 Quen
1086 2049 1650 2121 participatiojustitia:
1678 2064 1797 2102 cum
1825 2049 2092 2119 iniquitate
2115 2051 2139 2102 ἒ)

542 2145 674 2213 Quae
692 2144 908 2198 societas
940 2141 1045 2196 luci
1075 2141 1143 2194 ad
1187 2141 1419 2195 tenebras
1443 2142 1467 2194 ?
1497 2138 1628 2205 Qua:
1657 2142 1921 2195 conventio
1951 2141 2140 2197 Christi

534 2236 604 2291 ad
626 2236 798 2291 Belial
821 2238 845 2292 ?
876 2235 1004 2302 Quae
1028 2252 1148 2304 pars
1175 2235 1321 2304 ﬁdeli
1341 2251 1456 2289 cum
1487 2233 1738 2301 inﬁdelc?
1771 2235 1899 2299 Quis
1928 2253 2139 2291 consen~

531 2346 620 2384 sus
642 2327 831 2401 templo
845 2327 941 2383 Dei
955 2345 1070 2382 cum
1090 2325 1293 2399 idolis(l
1307 2325 1731 2397 Cor.v1,l4,15)?
1747 2327 1878 2395 Quae
1894 2329 2136 2399 quidem,

531 2432 591 2478 ut
612 2436 888 2494 exponere
909 2418 1338 2491 coepimus,etad
1359 2421 1553 2474 animae
1567 2427 1767 2474 statum
1784 2421 2034 2476 universa
2055 2436 2141 2477 re-

528 2515 803 2572 feruntur.
834 2513 990 2581 Quod
1037 2513 1083 2568 si
1110 2528 1203 2580 per
1234 2513 1612 2580 pmnitentiam
1645 2511 1934 2582 pristinum
1973 2514 2139 2570 robur

528 2607 818 2676 receperit,
841 2615 1075 2660 vocetur
1112 2603 1479 2658 habitaculum
1516 2602 1726 2669 Sancti,
1763 2615 1819 2660 et
1860 2607 1951 2660 ﬁat
1979 2606 2137 2662 Tem-

529 2699 678 2768 plum
705 2695 825 2759 Dei.
854 2706 909 2750 et
941 2709 1284 2765 nequaquam
1311 2694 1473 2765 θοι
1500 2711 1596 2762 per
1625 2711 1745 2750 eam
1782 2695 2134 2753 incircumci-

531 2805 627 2847 sus
670 2799 724 2845 et
754 2789 1065 2844 immundus
1091 2773 1334 2860 λογισρὀ
1365 2796 1626 2842 transeat.
1682 2787 1758 2844 De
1789 2791 1985 2861 quibus
2020 2791 2136 2847 dic-

528 2893 646 2939 tum
688 2893 770 2939 est
805 2901 818 2937 :
851 2884 928 2937 Ab
960 2884 1174 2938 occultis
1204 2885 1326 2938 meis
1365 2884 1560 2938 munda
1583 2901 1682 2952 me,
1714 2884 1955 2954 Domine,
1989 2896 2038 2942 et
2072 2889 2135 2943 ab

527 2975 712 3030 alienis
741 2990 894 3046 parce
931 2990 1075 3029 servo
1117 2983 1225 3029 tuo.
1263 2974 1324 3030 Si
1359 2975 1456 3029 mei
1486 2991 1588 3029 non
1623 2978 1814 3047 fuerint
1855 2979 2130 3049 dominati,

530 3076 652 3121 tunc
675 3065 1040 3120 immaculatus
1071 3081 1180 3129 ero,
1205 3075 1254 3120 et
1280 3066 1600 3121 emundabor
1629 3085 1661 3121 a
1691 3068 1880 3124 delicto
1910 3073 2134 3126 maximo

2243 469 2618 525 incircumcisw
2643 487 2799 525 carne
2841 480 2959 525 sunt
2985 487 3004 528 :
3031 470 3129 540 ﬁlii
3168 479 3340 523 autem
3371 466 3541 523 Israel
3568 470 3813 526 incircum~

2245 564 2339 617 cisi
2365 573 2485 617 sunt
2516 563 2756 618 cordibus
2783 564 2891 618 suis
2916 562 3131 636 (Jerem.
3158 561 3365 633 1x36).
3394 563 3456 616 Et
3477 562 3663 618 beatus
3689 564 3813 634 Apo-

2245 657 2419 713 stolus
2450 658 2518 713 de
2549 659 2861 728 virginitate
2904 668 2959 714 et
2984 656 3320 712 continentia
3352 670 3417 710 ac
3444 655 3643 726 nuptiis
3661 657 3814 727 dispu-

2247 756 2388 819 tans,
2417 749 2553 820 jecit
2581 751 2638 805 in
2669 749 2848 804 medio
2883 768 2894 803 :
2926 748 3274 804 Circumcisus
3298 747 3483 819 aliquis
3512 760 3710 803 vocatus
3732 761 3811 815 est,

2245 859 2350 896 non
2380 844 2608 896 adducat
2638 844 2969 914 prmputium.
3006 841 3073 896 In
3100 843 3355 914 praeputio
3383 853 3591 898 vocatus
3619 851 3704 910 est,
3729 860 3812 898 non

2245 937 2646 991 circumcidatur
2695 937 2738 1009 (Ι
2790 937 2911 994 Cor.
2965 935 3205 1008 vti,18).
3258 935 3412 1003 Quod
3453 935 3586 991 mihi
3631 936 3812 993 videtur

2245 1027 2374 1082 aliis
2420 1029 2600 1083 verbis
2645 1028 2868 1084 dicere:
2913 1028 3132 1098 Absque
3172 1042 3343 1084 uxore
3389 1035 3616 1084 vocatus
3657 1037 3814 1095 est,el

2246 1120 2564 1188 crediderit,
2595 1137 2706 1177 non
2755 1122 2918 1177 ducat
2958 1138 3208 1177 uxorem.
3239 1121 3334 1177 Vel
3365 1124 3669 1178 econtrario
3700 1141 3709 1176 :
3738 1122 3813 1176 lia-

2243 1209 2381 1265 bens
2414 1225 2666 1280 uxorem,
2695 1211 2749 1266 in
2780 1213 3057 1267 Christum
3097 1211 3351 1280 credidit,
3389 1227 3716 1282 nequaquam
3749 1212 3814 1268 di-

2244 1303 2476 1358 vortium
2510 1303 2693 1359 faciat.
2713 1304 2885 1372 Quem
2916 1319 3159 1372 sensum,
3187 1319 3297 1359 non
3325 1304 3502 1358 solum
3528 1306 3578 1359 in
3608 1307 3812 1360 circum-

2243 1395 2453 1452 cisione
2480 1407 2534 1451 et
2565 1396 2619 1449 in
2653 1397 2940 1466 praeputio,
2967 1395 3065 1452 sed
3095 1396 3149 1450 in
3201 1395 3451 1451 libertate
3481 1410 3545 1450 ac
3583 1397 3814 1451 servitute

2245 1490 2510 1557 custodit,
2554 1500 2610 1544 ut
2661 1489 2862 1549 liberos
2906 1499 3065 1547 vocet
3091 1490 3329 1562 virgines
3378 1499 3437 1546 et
3479 1490 3813 1556 continentes,

2243 1597 2434 1637 servos
2457 1583 2546 1653 qui
2575 1583 2727 1637 uxori
2751 1583 2992 1638 debitum
3027 1582 3281 1638 reddant.
3307 1581 3493 1650 Neque
3523 1583 3664 1638 enim
3691 1581 3716 1621 δ
3739 1598 3816 1653 po-

2246 1679 2459 1732 testatis
2485 1686 2714 1746 nostrae,
2733 1684 2818 1733 est
2847 1676 3174 1747 praeputium
3211 1677 3376 1749 θοι
3420 1675 3686 1731 adducere
3714 1684 3816 1745 post

2173 1779 2221 1840 Β
2247 1768 2744 1833 circumcisionem,
2773 1767 2925 1837 juxta
2958 1782 3054 1822 eos
3081 1767 3176 1837 qui
3218 1769 3270 1821 in
3304 1766 3729 1822 Machahaeorum
3764 1766 3816 1820 li-

2243 1862 2343 1918 bro
2373 1861 2629 1918 dicuntur
2663 1862 2768 1917 sibi
2803 1861 2998 1917 fecisse
3027 1863 3288 1932 praeputia
3321 1879 3333 1915 :
3358 1861 3507 1932 quod
3535 1861 3601 1917 de
3620 1875 3816 1916 nascen-

2243 1955 2386 2010 tibus
2414 1954 2559 2024 liliis,
2580 1965 2636 2010 et
2675 1971 2780 2010 non
2815 1956 2883 2010 de
2916 1956 3164 2023 patribus
3194 1953 3419 2010 dicitur.
3451 1959 3557 2009 Aut
3583 1955 3668 2025 qui
3698 1954 3817 2010 liber

2242 2062 2466 2104 vocatus
2489 2060 2593 2112 est,
2626 2051 2802 2120 magis
2833 2064 3025 2105 servus
3049 2056 3136 2104 est
3159 2045 3362 2103 Christi
3393 2046 3584 2119 (Ibid.,
3608 2063 3695 2113 vtt,
3714 2045 3813 2116 22),

2241 2159 2366 2199 cum
2397 2144 2450 2199 in
2495 2143 2699 2198 Christi
2741 2143 3066 2214 baptismate
3122 2143 3272 2196 nulla
3312 2142 3384 2197 sit
3415 2139 3714 2198 diti'ereutia
3737 2139 3816 2196 lu-

2241 2235 2367 2303 daei,
2397 2237 2625 2301 ethnici,
2663 2235 2862 2303 Graeci,
2897 2249 2952 2292 et
2980 2235 3228 2303 Barbari,
3257 2235 3357 2290 viri
3397 2244 3456 2290 et
3484 2222 3732 2301 mulieris,
3760 2223 3817 2288 li-

2240 2327 2357 2384 beri
2383 2343 2448 2384 ac
2467 2327 2636 2383 servi.

2311 2420 2493 2493 (Vers.
2525 2420 2581 2485 2,
2615 2418 2697 2492 5.)
2721 2419 2977 2476 Excutere
3007 2422 3071 2476 de
3100 2421 3312 2488 pulvere
3347 2435 3366 2476 :
3403 2437 3647 2492 consurge
3671 2420 3781 2475 sede
3801 2464 3813 2488 ,

2237 2512 2533 2567 Jerusalem
2566 2529 2584 2567 :
2614 2515 2755 2568 solve
2781 2511 2990 2567 vincula
3019 2511 3142 2567 colli
3165 2513 3240 2567 tui
3263 2557 3278 2581 ,
3312 2514 3518 2584 captiva
3543 2512 3644 2581 ﬁlia
3673 2510 3813 2566 Sion.

2243 2604 2380 2669 Quia
2421 2603 2532 2658 [nec
2563 2604 2687 2658 dicit
2728 2604 2984 2659 Dominus
3008 2623 3026 2659 :
3071 2603 3251 2659 Gratis
3283 2605 3561 2658 venundati
3589 2604 3695 2658 istis
3715 2645 3728 2668 ,
3771 2612 3815 2656 et

2236 2700 2347 2752 sine
2385 2708 2598 2767 argento
2640 2699 2980 2753 rediinemini.
3016 2697 3161 2752 LXX
3196 2716 3207 2752 :
3241 2697 3449 2752 Excute
3478 2695 3743 2768 pulverem,
3772 2702 3814 2749 et

2237 2807 2478 2864 exsurge,
2501 2791 2810 2849 Jerusalem.
2848 2792 3004 2848 Solve
3032 2793 3299 2846 vinculum
3322 2792 3463 2864 colli
3493 2793 3596 2860 tui,
3635 2789 3814 2858 captiva

2235 2883 2352 2954 ﬁlia
2380 2884 2532 2941 Sion.
2566 2885 2700 2952 Quia
2726 2886 2833 2939 [iure
2863 2885 2986 2938 dicit
3011 2884 3266 2939 Dominus
3295 2901 3315 2939 :
3344 2883 3526 2939 Gratis
3557 2881 3815 2937 venundati

2234 2983 2354 3035 estis
2374 3023 2388 3046 ,
2423 2990 2468 3034 et
2497 2981 2607 3034 sine
2635 2980 2856 3053 pecunia
2885 2980 3231 3034 redimemini.
3263 2978 3617 3049 Nequaquam
3649 2976 3712 3032 ad
3736 2977 3815 3032 Je-

2239 3073 2497 3139 rusalem,
2535 3073 2588 3127 id
2619 3083 2725 3140 est,
2759 3073 2827 3128 ad
2856 3074 3042 3129 ruinas
3071 3073 3310 3144 lapidum
3344 3072 3516 3141 illius,
3548 3081 3603 3128 et
3628 3073 3815 3126 cineres

530 3159 651 3233 (Ps.
686 3175 837 3226 xviii,
863 3159 950 3224 l3,
979 3157 1093 3229 14).
1133 3157 1329 3213 Omnia
1357 3169 1540 3216 autem
1579 3178 1700 3232 qua:
1740 3165 2132 3233 promittuntur
2160 3157 2206 3222 C
2237 3181 2300 3221 ac
2331 3166 2545 3221 favillas
2580 3167 2869 3238 Propheta:
2899 3183 3022 3223 esse
3050 3182 3396 3234 sermonem,
3435 3167 3532 3222 sed
3565 3167 3626 3220 ad
3669 3179 3818 3235 popuo

525 3255 663 3312 Sion
688 3263 743 3310 et
759 3253 1088 3321 Jerusalem,
1116 3270 1226 3308 non
1247 3265 1303 3308 ut
1325 3255 1500 3311 Judaei
1525 3259 1804 3314 somniant
1829 3259 1897 3315 ad
1924 3261 2132 3330 lapides

523 3347 676 3402 illius
703 3355 759 3400 et
787 3348 1004 3401 cineres
1043 3345 1373 3417 favillasque
1411 3347 1690 3414 dicuntur,
1715 3358 1775 3404 ut
1799 3352 2133 3425 itistauretur

523 3439 580 3494 in
621 3440 912 3510 pristinum
964 3447 1168 3493 statum
1211 3438 1352 3493 :sed
1400 3439 1467 3494 ad
1514 3443 1775 3510 populum
1804 3442 2127 3510 Jerusalem,

527 3533 623 3598 qui
650 3531 846 3587 occidit
872 3531 1200 3600 Prophetas,
1218 3531 1545 3601 etlapidavit
1568 3549 1688 3601 eos,
1718 3536 1806 3604 qui
1830 3535 1896 3591 ad
1922 3551 1982 3592 se
2005 3538 2134 3592 mis-

528 3624 575 3677 si
633 3632 789 3678 erant
826 3621 1044 3692 (Matth.
1077 3625 1258 3692 nm),
1291 3635 1344 3678 et
1383 3625 1450 3679 ad
1502 3637 1806 3682 extremum
1860 3632 2024 3685 etiam
2076 3631 2130 3685 in

526 3714 624 3768 Dei
669 3712 843 3766 lilium
891 3713 1045 3767 misit
1090 3728 1302 3768 manus.
1327 3714 1427 3782 Qui
1469 3731 1733 3773 corruens
1777 3721 1833 3776 in
1876 3723 2133 3790 passione

527 3805 814 3872 Christi,in
838 3805 1248 3861 resurrectione
1274 3805 1422 3861 illius
1443 3809 1738 3865 suscitatus
1770 3822 1850 3867 est
1881 3814 2134 3883 :quando

523 3899 696 3956 multa
722 3897 888 3952 millia
913 3897 1263 3954 crediderunt
1290 3899 1358 3955 de
1375 3899 1603 3966 Judieis,
1629 3912 1684 3957 et
1701 3904 1945 3974 reliquiae
1969 3908 2134 3963 salva:

528 3992 690 4048 facta:
716 4001 862 4044 sunt.
887 3989 1092 4046 Eadem
1130 3998 1186 4046 et
1215 3990 1284 4047 de
1313 3991 1557 4048 Ecclesia
1605 4009 1894 4064 possumus
1924 3997 2127 4068 dicere,

529 4101 651 4155 qua:
685 4082 823 4138 visio
854 4085 1000 4153 pacis
1031 4092 1084 4138 et
1115 4085 1359 4152 specula.
1393 4086 1438 4140 si
1473 4086 1523 4140 in
1555 4085 1806 4143 haeresim
1837 4092 2128 4163 corruerit,

525 4175 747 4246 jubetur
773 4174 928 4229 exire
958 4186 1011 4228 et
1035 4175 1281 4243 pristina:
1311 4175 1435 4231 lidei
1479 4189 1799 4232 ornamenta
1828 4182 2128 4251 suscipere.

531 4265 673 4322 Etsi
721 4265 885 4320 fuerit
933 4266 1215 4332 suscitata,
1249 4268 1558 4323 sanctitatis
1586 4269 1637 4324 ei
1683 4279 1738 4324 et
1781 4272 2133 4330 continentia:

530 4357 758 4428 praemia
783 4357 1195 4427 promittuntur,
1217 4369 1275 4413 ut
1306 4375 1645 4432 nequaquam
1679 4380 1776 4432 per
1797 4380 1917 4421 eam
1952 4378 2136 4425 trans-

530 4459 622 4509 eat
655 4451 1070 4507 incircumcisus
1100 4461 1155 4508 et
1176 4452 1508 4510 immundus.
1537 4456 1691 4524 Quod
1723 4474 1831 4518 non
1861 4460 1927 4515 ad
1952 4464 2133 4518 carnis

2235 3260 2347 3315 lum
2384 3261 2476 3331 qui
2510 3259 2718 3316 habitet
2745 3262 2797 3315 iu
2829 3275 2915 3328 ea,
2949 3269 3004 3314 et
3043 3261 3187 3330 quod
3233 3269 3464 3330 pr0pter
3489 3259 3818 3314 elfemiuatio-

2235 3368 2360 3408 nem
2392 3354 2556 3408 animi
2592 3354 2700 3409 lilia
2727 3357 3056 3421 nominetur,
3102 3367 3339 3423 sequens
3363 3367 3558 3407 versus
3583 3349 3814 3428 ostendit,

2235 3447 2288 3503 in
2320 3463 2426 3519 quo
2455 3457 2530 3503 ait
2565 3467 2578 3502 :
2612 3448 2766 3504 Solve
2791 3448 2995 3503 vincula
3023 3446 3147 3502 colli
3167 3449 3272 3517 tui,
3306 3450 3519 3518 captiva
3548 3449 3656 3518 ﬁlia
3683 3446 3812 3503 Sion.

2233 3540 2377 3597 Vere
2404 3542 2551 3596 enim
2582 3544 2829 3612 captivus
2859 3553 2942 3597 est
2973 3543 3208 3613 p0pulus
3234 3542 3582 3613 Judaeorum,
3615 3543 3698 3614 qui
3737 3557 3815 3595 us-

2234 3649 2338 3702 que
2379 3633 2542 3688 hodie
2573 3633 3074 3690 Nabuchodonosor
3105 3646 3285 3705 p0rtat
3311 3637 3533 3705 juguiu,
3567 3646 3620 3693 et
3647 3648 3814 3706 pecca-

2235 3735 2412 3781 torum
2455 3743 2520 3784 ac
2549 3729 3006 3798 blasphemiarum
3055 3744 3279 3784 suarum
3309 3728 3544 3785 strictus
3583 3737 3662 3784 est
3698 3727 3818 3782 luni-

2234 3819 2338 3874 bus
2371 3838 2383 3874 :
2419 3823 2510 3890 qui
2543 3821 2718 3891 gratis
2760 3831 2847 3877 est
2876 3822 3149 3890 venditus,
3184 3830 3240 3876 et
3271 3821 3406 3876 nihil
3449 3823 3578 3879 fecit
3620 3823 3812 3891 dignum

2235 3919 2460 3982 propter
2499 3914 2643 3984 quod
2691 3915 2863 3984 possit
2903 3915 3118 3970 redimi.
3167 3912 3266 3970 Cui
3299 3924 3356 3970 et
3385 3930 3558 3985 supra
3591 3915 3773 3970 dicitur
3802 3929 3814 3967 :

2235 4004 2373 4060 Ecce
2399 4008 2619 4077 peccatis
2665 4011 2845 4064 vestris
2878 4009 3159 4063 venundati
3185 4010 3306 4064 estis
3331 4025 3351 4063 :
3377 4021 3432 4065 et
3458 4012 3512 4064 in
3553 4006 3815 4080 iniquitati-

2236 4099 2330 4153 bus
2360 4100 2538 4154 vestris
2567 4100 2744 4155 dimisi
2769 4111 2987 4155 matrem
3015 4112 3260 4156 vestram.
3291 4099 3609 4173 Causasque
3637 4099 3812 4162 reddit,

2235 4208 2333 4248 cur
2365 4192 2659 4248 venundati
2700 4193 2829 4262 sint,
2862 4208 2962 4249 cur
3001 4193 3223 4264 abjecti.
3257 4193 3419 4263 Quia,
3465 4195 3657 4266 inquit,
3689 4191 3811 4259 veni,

2235 4297 2289 4342 et
2323 4303 2428 4343 non
2461 4295 2582 4343 erat
2607 4287 2774 4343 homo
2810 4306 2825 4345 :
2858 4289 3070 4355 vocavi,
3101 4298 3156 4344 et
3187 4304 3297 4344 non
3330 4299 3451 4344 erat
3474 4291 3564 4361 qui
3599 4288 3810 4345 audiret.

2235 4377 2316 4433 Ex
2349 4394 2456 4448 quo
2497 4379 2846 4436 manifestum
2880 4388 2997 4448 est,
3035 4380 3158 4435 ideo
3197 4383 3376 4436 errori
3414 4391 3472 4437 et
3501 4378 3812 4437 daimOnibus

2235 4485 2332 4526 eos
2363 4471 2616 4539 traditos,
2647 4472 2769 4540 quia
2800 4487 2906 4526 non
2930 4472 3221 4528 audierant
3247 4473 3580 4530 clamantem
3608 4490 3621 4526 :
3657 4471 3814 4525 Venite

530 4543 903 4600 concisionem
926 4553 1087 4613 atque
1119 4547 1465 4617 praeputium,
1500 4548 1598 4604 sed
1632 4559 1656 4587 δ
1688 4551 1754 4607 ad
1782 4567 2006 4623 operum
2033 4555 2136 4610 im-
2160 4541 2215 4602 D
2240 4560 2308 4614 ad
2349 4577 2449 4625 me,
2500 4577 2676 4616 omnes
2704 4562 2792 4631 qui
2834 4561 3084 4616 laboratis
3116 4573 3165 4617 et
3208 4563 3414 4618 onerati
3467 4564 3589 4618 estis
3616 4559 3810 4633 (Matth.

529 4636 876 4702 munditiam,
909 4636 1028 4693 sive
1055 4637 1378 4694 munditiam
1419 4641 1612 4696 referri
1651 4654 1851 4714 potest,
1883 4657 1941 4701 ut
1971 4647 2136 4704 incir-

530 4731 803 4788 cumcisos
833 4740 888 4785 et
915 4731 1228 4786 immundos
1249 4747 1527 4800 vocemus,
1550 4736 1639 4804 qui
1659 4738 1907 4806 corporis
1939 4741 2132 4811 volup-

527 4826 622 4880 tati
670 4835 724 4880 et
772 4823 984 4879 libidini
1039 4826 1309 4882 serviunt.
1363 4827 1611 4898 Denique
1655 4830 1724 4884 ad
1781 4832 2133 4892 circumcisos

600 4963 626 5028 ξι
669 4956 818 5028 linus
855 4958 1206 5016 Ambrosian.
1230 5005 1244 5028 ,
1274 4960 1381 5016 Sed
1403 4961 1473 5014 ad
1501 4962 1693 5018 anima:
1737 4964 2129 5022 immunditiam

522 5024 710 5096 referri
745 5038 928 5096 potest.

605 5095 632 5135 δ
671 5095 776 5178 Ars
803 5098 1611 5178 scilicetadducendiprtrputii
1647 5105 1974 5178 Hieronymo
2017 5125 2125 5166 non

525 5167 791 5249 innotuit,
824 5171 970 5249 unde
1004 5179 1061 5225 et
1094 5170 1197 5224 hoc
1235 5167 1553 5249 lierilpos'se‘
1574 5167 1868 5249 inliciatur,
1897 5187 1954 5234 et
1977 5184 2122 5249 Apo-

526 5240 652 5296 stoli
678 5256 896 5296 sensum
931 5243 1222 5312 detorquet
1249 5243 1300 5294 in
1329 5243 1669 5312 allegoriam.
1699 5247 1790 5304 Sic
1821 5240 1912 5303 lib.
1940 5266 1957 5304 ι
1987 5240 2118 5305 cono

524 5319 608 5364 tra
635 5311 819 5392 Joviu.
852 5327 911 5392 n2
957 5311 1049 5377 21,
1084 5311 1165 5392 de.
1199 5312 1637 5392 Circumcisione
1662 5318 1923 5392 loquens,
1957 5337 2117 5392 quam

525 5384 850 5456 repetiverat
884 5384 1078 5438 Josue:
1112 5381 1274 5450 Nam,
1313 5387 1502 5454 inquit.
1535 5388 1579 5440 si
1612 5381 1765 5456 juxta
1796 5381 2025 5448 littera'm
2056 5393 2120 5447 il-

527 5451 617 5526 lud
646 5459 943 5526 accipimus,
974 5456 1174 5524 penitus
1205 5464 1346 5508 stare
1374 5451 1476 5509 non
1512 5451 1698 5526 potest.
1733 5479 1834 5516 non
1865 5467 1999 5517 enim
2030 5481 2119 5518 ea:-

528 5523 1132 5604 cistinpelttculaiterum
1165 5527 1412 5604 nascitur.
1444 5523 1565 5584 Max
1593 5529 1757 5604 etiam
1797 5534 1928 5588 illud
1971 5536 2114 5604 quod

529 5591 597 5675 de
649 5593 796 5675 lf’iliis
840 5597 1125 5675 'l‘obit‘ein
1167 5596 1600 5675 Mat-habuerunt
1635 5601 1788 5675 libris
1834 5591 2110 5675 scribitur,

527 5664 670 5734 quod
703 5663 930 5719 iecerint
957 5665 1058 5719 sibi
1103 5667 1384 5734 praeputia,
1415 5678 1474 5722 ut
1498 5672 1702 5726 Graecis
1735 5685 1917 5730 essent
1957 5663 2108 5730 simi:

527 5727 630 5796 les,
665 5747 770 5785 non
820 5736 953 5788 satis
983 5727 1113 5790 vera'
1146 5727 1595 5809 interpretatione
1624 5742 1799 5799 diluit.
1835 5727 2109 5817 dosephus

2242 4668 2326 4718 XI,
2357 4651 2476 4723 28).
2528 4652 2884 4709 ltedimentur
2911 4667 3094 4712 autem
3127 4655 3220 4727 qui
3267 4657 3547 4712 voluerint
3584 4653 3809 4716 credere,

2241 4759 2580 4815 nequaquam
2611 4757 2836 4817 argento
2865 4756 2921 4803 et
2951 4749 3203 4817 pecunia,
3236 4749 3331 4805 sed
3357 4751 3604 4821 pretioso
3631 4741 3809 4802 Christi

2241 4837 2542 4907 sanguine,
2588 4846 2647 4892 ut
2686 4839 2906 4895 audiant
2960 4855 3058 4910 per
3105 4841 3441 4910 Apostolus:
3486 4840 3663 4897 Gratia
3690 4833 3814 4892 vobis

2235 4977 2441 5044 autem,
2473 4978 2664 5044 auctor
2689 4973 3055 5041 certissimus,
3104 4974 3413 5030 luculenter
3443 4974 3626 5041 tradit,
3679 4969 3807 5044 quod

2231 5039 2510 5112 Menealus
2540 5053 2595 5096 et
2621 5042 2806 5112 Tobiae
2846 5045 2938 5099 lilii
2964 5039 3048 5098 ad'
3070 5045 3397 5100 Antiochum
3449 5039 3807 5112 ιιι-οῐθριἱξτήν

2230 5119 2330 5191 τῷν
2353 5111 2554 5191 ᾳὶδῖἰων
2599 5109 2876 5191 meum»
2920 5117 3254 5191 ἀπεκάλυψαν
3281 5123 3351 5181 ὡς
3386 5109 3459 5173 ἄν’
3475 5114 3573 5191 εἶεν
3598 5118 3679 5172 καὶ
3703 5114 3807 5191 περὶ

2226 5189 2316 5243 τήν
2345 5183 2596 5241 ἀπόδυσιν
2623 5183 2874 5249 ’ἑλληῦες.
2940 5183 3393 5242 Circumcisionem
3453 5183 3802 5252 adduxerunt],

2228 5258 2462 5328 utetiam
2493 5257 2617 5310 nudi
2658 5263 2856 5312 similes
2893 5257 3089 5313 Graecis
3116 5269 3304 5313 essent.
3337 5259 3444 5314 Nec
3477 5261 3579 5328 ipsi
3614 5254 3802 5312 Hebraei

2227 5323 2546 5391 difliteutur,
2578 5328 2665 5394 qui
2690 5331 2807 5395 ejus
2823 5335 2957 5383 artis
2989 5330 3185 5384 Esium
3209 5323 3551 5386 inventorem
3577 5330 3800 5383 tradunt:

2229 5407 2286 5449 ut
2356 5407 2558 5451 taceam
2619 5397 2913 5454 illustrium
2973 5401 3304 5456 Medictirum
3361 5410 3476 5455 tum
3532 5412 3796 5456 veterum.

2227 5476 2353 5535 puta
2397 5469 2542 5524 Celsi
2589 5468 2684 5522 lih.
2717 5485 2816 5535 vti,
2849 5485 2971 5538 cap.
3006 5471 3096 5540 25,
3140 5472 3328 5528 Caleni
3359 5471 3526 5527 Meth.
3561 5471 3692 5525 Med.
3716 5467 3794 5521 lib.

2228 5552 2346 5605 XIV,
2395 5553 2516 5608 cap.
2563 5540 2650 5608 16,
2696 5540 3030 5597 Dioscuridis
3087 5543 3182 5598 lib.
3233 5559 3324 5609 ιιι,
3373 5558 3496 5609 cap.
3553 5542 3650 5610 5i,
3702 5550 3794 5610 tu!“

2221 5607 2586 5685 recentiorum
2631 5607 2978 5685 tesdmonia,
3029 5629 3152 5685 quae
3204 5619 3269 5670 ad
3300 5607 3578 5670 laudatum
3608 5607 3670 5669 ex
3715 5607 3793 5662 lib.

2220 5690 2406 5735 contra
2439 5681 2616 5737 Jovin.
2652 5683 2828 5740 locum
2858 5681 3256 5742 annotavimus.
