3932 6352
190 326 299 384 497

740 332 1392 394 εοΜιίΕΝτΑιιιοιιυΜ
1430 336 1498 394 IN
1536 335 1775 397 ISAIAM

1886 293 2235 399 lOPHETAM
2274 340 2407 399 LIB.
2450 340 2589 400 XIV.
2630 341 2789 399 CAP.
2829 343 2941 401 LII.

3391 345 3499 406 ‘98

189 455 240 503 et
268 464 379 520 pax
407 447 589 523 (Rom.
621 466 671 515 t,
721 452 802 520 7).
835 451 952 508 Non
998 452 1144 509 enim
1184 453 1256 509 ob
1306 453 1523 523 merita,
1574 454 1670 512 sed
1718 455 1792 512 ob
1818 459 1867 519 Α
1894 457 1999 512 cob
2035 457 2318 515 descendit
2344 457 2414 514 ad
2442 456 2752 531 Egyptios,
2784 468 2842 515 et
2872 468 3123 530 tempore
3153 460 3500 519 necessitatis

189 545 429 614 gratiam
472 556 527 602 et
572 545 730 602 ﬁdem
776 545 981 602 Christi
1032 548 1142 605 Deo
1180 549 1517 605 reconciliati
1575 564 1786 607 sumus.

189 634 410 692 Animae
435 654 648 709 quoque
679 638 902 705 dicitur,
928 654 1050 709 quae
1082 640 1340 696 vitiorum
1383 641 1586 712 polluta
1617 641 1793 698 sordi-

187 729 316 797 bus,
346 732 639 788 candorem
673 734 918 804 pristina:
948 736 1385 791 conversationis
1413 737 1695 806 amiserat,
1729 746 1792 794 ut

186 824 425 878 excutiat
445 824 613 897 603
637 827 916 893 pulverem
944 842 1065 881 cum
1096 827 1399 898 Apostolis,
1434 829 1524 900 qui
1558 828 1791 886 adhaesit

184 914 422 987 pedibus
445 920 565 986 ejus
595 917 815 990 (Matth.
845 917 925 990 x).
955 917 1139 989 Neque
1175 921 1320 975 enim
1369 919 1487 978 ﬁeri
1533 930 1785 992 poterat,

185 1020 240 1066 ut
269 1025 393 1081 quae
414 1021 686 1081 prostrata
708 1013 1022 1082 subiecerat
1036 1012 1283 1071 cervices
1304 1030 1433 1070 suas
1457 1015 1588 1071 l'oris
1613 1025 1791 1071 trans-

184 1102 488 1157 euntibus:
521 1114 575 1159 et
629 1105 806 1161 media
854 1115 1015 1161 terra:
1055 1108 1382 1172 sociaverat,
1424 1108 1787 1180 dixeratque:

185 1191 487 1250 Humiliata
525 1206 601 1251 est
640 1198 695 1252 in
736 1198 947 1267 pulvere
996 1201 1174 1255 anima
1221 1218 1358 1267 mea,
1388 1200 1611 1256 adhtesit
1638 1212 1791 1259 terrw

184 1295 365 1340 venter
391 1303 538 1342 meus
567 1286 690 1358 (Ps.
722 1304 888 1357 xuu,
933 1289 1053 1363 25),
1097 1308 1205 1348 nun
1245 1293 1538 1364 imaginem
1587 1295 1790 1350 terreni

183 1380 490 1448 acceperit.
524 1378 573 1434 Α
601 1397 705 1451 qua
756 1397 856 1437 nos
904 1391 1126 1439 revocat
1171 1385 1498 1454 Apostolus,
1548 1385 1788 1442 dicens:

180 1468 340 1526 Sicut
384 1473 703 1539 portavimus
746 1474 1022 1548 imaginem
1070 1476 1280 1545 terreni,
1312 1477 1389 1531 sic
1438 1488 1701 1549 portemus
1730 1486 1790 1532 et

178 1563 464 1635 imaginem
489 1566 706 1623 ctelestis
726 1566 772 1641 (Ι
800 1566 921 1623 Cor.
949 1584 1045 1638 xv,
1076 1570 1194 1639 49).
1228 1569 1384 1627 Unde
1422 1571 1515 1639 qui
1548 1572 1599 1626 in
1624 1587 1790 1628 carne

176 1670 331 1723 sunt,
368 1661 584 1731 placere
615 1663 723 1719 Deo
754 1678 865 1719 non
895 1674 1125 1735 possunt
1150 1664 1331 1741 (Rom.
1365 1665 1505 1739 vtu).
1530 1666 1648 1723 Non
1679 1684 1788 1738 quo

178 1753 371 1808 carnis
401 1764 595 1809 natura
619 1755 931 1821 damnetur,
957 1756 1116 1825 cuius
1140 1758 1394 1814 conditor
1428 1760 1572 1824 Deus
1600 1770 1706 1831 est,
1735 1770 1792 1817 et

1892 566 1956 606 ac
1986 550 2145 607 famis
2193 553 2573 623 peregrinatus
2614 563 2700 609 est
2748 555 2800 609 in
2852 564 2995 610 terra
3050 554 3257 611 Gessen
3312 554 3500 628 (Gen.

1891 643 2096 715 vatt):
2128 656 2316 714 postea
2358 645 2427 699 ah
2460 645 2722 717 Assyriis,
2769 661 2909 717 quos
2942 648 2997 701 in
3043 647 3192 702 nullo
3234 647 3494 716 laeserat,

1888 737 2224 793 calumniam
2267 740 2623 804 sustinuerit;
2655 748 2709 794 et
2736 737 2788 793 in
2819 739 3147 811 Babylonem
3174 740 3494 809 captivitate

1894 831 2186 886 translatus
2238 833 2310 885 sit
2352 830 2466 898 (Ν
2520 829 2654 905 Reg.
2704 847 2845 898 xvtt,
2886 831 3022 903 25').
3076 832 3232 888 Unde
3277 831 3498 889 infert:

1893 906 1961 973 Et
1984 937 2121 975 nunc
2140 922 2268 992 quid
2290 922 2417 976 mihi
2443 932 2515 977 est
2543 923 2648 993 hic,
2679 924 2806 978 dicit
2840 923 3093 979 Dominus
3110 928 3136 981 Ρ
3159 925 3226 980 Et
3253 936 3339 982 est
3368 940 3496 983 sen-

1891 1026 1984 1067 sus
2015 1030 2027 1066 :
2060 1013 2194 1068 nihil
2225 1013 2401 1070 habeo
2428 1016 2622 1085 reliqui
2656 1026 2881 1087 promer
2910 1017 3053 1087 quod
3085 1017 3138 1071 in
3169 1017 3271 1074 hac
3309 1021 3495 1090 regio—

1892 1122 1961 1162 ne
1990 1123 2360 1178 permaneam,
2396 1109 2464 1164 de
2505 1124 2612 1179 qua
2661 1110 2896 1181 populus
2944 1125 3099 1165 meus
3145 1110 3361 1167 ablatus
3406 1119 3497 1169 est

1891 1202 2078 1271 gratis,
2107 1211 2162 1257 et
2186 1201 2443 1258 venditus
2475 1204 2718 1273 peccatis
2746 1204 2884 1271 suis,
2932 1213 2987 1259 et
3015 1206 3169 1274 quasi
3198 1220 3335 1276 oryx
3376 1216 3497 1262 rete

1890 1296 2342 1366 comprehensus,
2378 1297 2467 1352 vel
2494 1296 2702 1351 viribus
2739 1297 3135 1367 Romanorum,
3167 1297 3256 1353 vel
3287 1297 3495 1354 diaboli

1892 1387 2121 1458 laqueis,
2155 1389 2355 1460 quibus
2383 1389 2601 1444 vinctus
2626 1389 2908 1461 hucusque
2952 1391 3240 1447 retinetur.
3284 1389 3357 1447 Ut
3396 1406 3496 1447 au-

1893 1492 1998 1538 tem
2028 1481 2131 1537 ista
2164 1491 2503 1554 paterentur,
2530 1485 2910 1542 dominatores
2938 1499 3130 1541 eorum
3153 1499 3217 1541 ac
3240 1483 3493 1556 magistri

1890 1576 2074 1647 inique
2105 1588 2370 1647 egerunt;
2405 1579 2496 1649 qui
2521 1578 2672 1648 juxta
2706 1577 3101 1650 Symmachum
3143 1588 3200 1633 et
3238 1576 3498 1633 Theodo-

1893 1669 2117 1741 tionem,
2142 1668 2455 1737 ululabunt;
2481 1672 2636 1740 juxta
2669 1671 2943 1742 Aquilam,
2974 1671 3193 1740 ﬂebunt,
3224 1686 3350 1726 cum
3382 1680 3498 1725 tor-

1892 1765 2090 1821 mentis
2123 1766 2308 1821 traditi
2347 1766 2569 1821 iuerint.
2603 1764 2710 1836 Ipsi
2739 1766 2883 1821 enim
2913 1774 3043 1820 sunt
3067 1765 3163 1834 qtti
3191 1763 3491 1820 adversum

177 1843 235 1899 in
269 1860 376 1916 qua
420 1847 638 1917 plurimi
699 1850 1024 1919 placuerunt
1077 1851 1213 1919 Deo,
1272 1865 1614 1925 regnantque
1660 1870 1781 1911 cum
1815 1862 1864 1923 Β
1890 1860 2234 1917 Salvatorem
2263 1861 2521 1930 populum
2549 1861 2919 1926 concitarunt,
2959 1870 3021 1914 ut
3072 1875 3311 1916 consona
3358 1875 3496 1916 voce

174 1937 403 1996 Christo
429 1959 441 1994 :
475 1942 572 1998 sed
603 1958 711 2013 quo
736 1959 902 2015 opera
933 1947 1115 2001 carnis
1146 1947 1525 2018 repudientur,
1559 1950 1629 2004 de
1665 1954 1787 2021 qui-

174 2033 285 2089 bus
335 2033 479 2091 idem
528 2036 827 2102 Apostolus
876 2039 1156 2110 loquitur:
1189 2039 1306 2113 Ego
1334 2052 1509 2097 autem
1557 2047 1788 2103 carnalis

170 2141 314 2190 sum,
345 2127 667 2184 venundatus
695 2129 788 2184 sub
813 2140 1027 2199 peccato
1049 2131 1230 2206 (Rom.
1261 2149 1366 2199 vlt,
1396 2135 1507 2208 li).
1540 2137 1787 2208 Denique

173 2218 245 2274 ad
283 2218 664 2288 hujuscemodi
701 2222 951 2279 homines
981 2224 1115 2280 dicit
1146 2243 1159 2279 :
1194 2224 1297 2281 Ubi
1336 2239 1507 2284 autem
1547 2229 1690 2285 zelus
1741 2240 1788 2286 et

168 2310 442 2365 mutatio
469 2312 525 2366 in
553 2312 694 2367 nobis
724 2322 822 2380 est,
861 2330 1035 2369 nonne
1077 2317 1317 2371 carnales
1345 2319 1491 2388 estis,
1521 2328 1571 2373 et
1597 2335 1783 2374 secun-

169 2403 304 2458 dum
345 2401 605 2460 hominem
631 2406 908 2461 ambulatis
940 2407 982 2478 (l
1017 2408 1139 2463 Cor.
1169 2425 1264 2475 tu,
1293 2410 1390 2482 5)?
1418 2411 1486 2466 Et
1528 2423 1784 2469 econtra-

169 2495 258 2551 rio
289 2496 358 2551 ad
389 2507 609 2553 sanctos
643 2516 656 2552 :
686 2497 793 2554 Vos
820 2509 991 2554 autem
1020 2517 1125 2557 non
1151 2503 1275 2557 estis
1304 2504 1359 2558 in
1383 2520 1540 2559 carne
1562 2520 1582 2560 :
1617 2506 1783 2577 siqui-

168 2591 292 2645 dem
340 2590 578 2661 Spiritus
627 2589 727 2646 Dei
767 2592 968 2648 habitat
1008 2594 1063 2649 in
1110 2594 1270 2649 vobis.
1316 2595 1602 2652 Excutitur
1648 2613 1782 2669 ergo

165 2684 373 2754 pulvis,
405 2684 475 2740 de
518 2698 627 2754 quo
655 2685 918 2755 scriptum
949 2696 1036 2743 est
1066 2705 1082 2744 :
1137 2687 1412 2760 Numquid
1458 2691 1784 2761 conﬁtebitur

163 2779 262 2834 tibi
295 2776 486 2848 puluis,
519 2790 611 2834 aut
635 2779 967 2835 annuntiabit
996 2783 1259 2837 veritatem
1298 2792 1444 2837 tuam
1472 2781 1595 2855 (Ps.
1619 2801 1776 2853 xxtx,

162 2872 291 2942 £0),
326 2880 384 2926 ut
415 2870 934 2928 solvanturvincula
961 2872 1089 2929 colli
1115 2873 1290 2929 nostri
1315 2882 1406 2940 ;et
1435 2889 1780 2947 nequaquam

160 2965 457 3023 audiamus
490 2981 505 3021 :
544 2981 734 3021 neruus
784 2965 985 3036 ferreus
1036 2965 1231 3021 collum
1279 2975 1465 3034 tuum,-
1516 2968 1611 3023 sed
1653 2983 1777 3023 cum

161 3075 376 3132 sponsa
410 3075 722 3117 mereamur
749 3060 941 3117 audire
969 3080 984 3116 :
1020 3061 1186 3127 Quam
1228 3062 1462 3134 pulchra:
1487 3072 1607 3117 sunt
1634 3079 1780 3133 gena:

159 3168 291 3216 tute.
325 3156 459 3211 sicut
482 3157 701 3211 turturis
728 3170 748 3211 :
779 3155 971 3211 collum
1000 3166 1146 3211 tuum
1173 3158 1309 3211 sicut
1338 3156 1554 3211 monilia
1595 3156 1774 3230 (Cant.

1890 1953 2189 2009 clamarent
2216 1971 2230 2007 :
2265 1952 2541 2026 Cruciﬁge,
2570 1954 2815 2025 cruciﬁge
2844 1954 3001 2008 talem
3020 1951 3208 2024 (Joan.
3229 1969 3347 2022 xtx,
3374 1952 3492 2026 15).

1890 2045 1968 2102 Ι)ε
1995 2048 2195 2117 quibus
2226 2056 2281 2102 et
2324 2046 2591 2117 anteiam
2638 2046 2861 2102 dixerat
2892 2066 2904 2099 :
2954 2044 3080 2117 Ipse
3124 2044 3383 2101 Dominus
3412 2061 3498 2100 oe-

1887 2139 1995 2192 niet
2020 2155 2139 2192 cum
2169 2139 2459 2194 senioribus
2509 2139 2692 2211 populi
2735 2148 2785 2193 et
2826 2154 2945 2193 cum
2986 2137 3312 2209 principibus
3354 2140 3490 2208 ejus.

1894 2227 2000 2284 Vos
2028 2239 2197 2284 autem
2213 2246 2373 2301 quare
2394 2229 2735 2285 succendistis
2772 2235 2973 2284 vineam
3016 2245 3185 2284 meam
3220 2238 3269 2284 et
3307 2229 3499 2301 rapina

1889 2322 2139 2391 pauperis
2159 2323 2214 2375 in
2247 2320 2485 2375 domibus
2514 2321 2695 2375 uestris
2717 2317 2821 2391 (Is.
2851 2335 2937 2389 ιιι,
2971 2319 3099 2391 M)?
3123 2319 3497 2389 Quamobrem

1881 2413 2037 2483 juxta
2070 2413 2424 2483 Septuaginta
2455 2412 2695 2482 loquitur
2723 2411 2789 2465 ad
2812 2426 2909 2466 eos
2940 2430 2950 2465 :
2988 2411 3213 2482 Propter
3242 2427 3333 2466 vos
3355 2426 3493 2467 sem-

1887 2521 1977 2573 per
2000 2522 2185 2561 nomen
2212 2521 2383 2560 meum
2414 2503 2800 2577 blasphematur
2819 2507 2875 2558 in
2910 2504 3166 2577 gentibus.
3218 2504 3286 2559 Et
3314 2504 3495 2559 scien-

1883 2599 2011 2654 dum
2038 2598 2206 2669 quod,
2235 2597 2562 2670 ingentibus,
2627 2612 2735 2651 non
2789 2596 3059 2652 habeatur
3115 2596 3170 2651 in
3228 2595 3490 2663 Hebraeo,

1883 2694 1981 2750 sed
2009 2693 2283 2759 absolute,
2306 2709 2494 2748 nomen
2534 2707 2706 2747 meum
2731 2691 2931 2764 jugiter
2977 2688 3386 2763 blasphematur,
3437 2696 3500 2745 ut

1882 2787 2261 2854 subaudiatur,
2294 2787 2349 2841 in
2399 2784 2689 2858 synagngis
2726 2784 2967 2840 vestris:
3016 2782 3111 2854 qui
3156 2783 3351 2838 diebus
3404 2795 3471 2838 ac

1888 2880 2142 2935 noctibus
2187 2876 2573 2948 blasphemant
2607 2875 2974 2941 Salvatorem,
3005 2882 3061 2930 et
3099 2873 3202 2929 sub
3245 2873 3490 2940 nomine,

1882 2983 1943 3029 ut
1970 2988 2117 3044 saepe
2141 2971 2278 3038 dixi,
2312 2971 2746 3040 Nazarenorum,
2773 2978 2855 3027 ter
2880 2970 2935 3025 iu
2952 2968 3042 3025 die
3064 2968 3117 3024 in
3147 2967 3490 3023 Christianos

1881 3075 2184 3136 congerunt
2234 3065 2548 3125 maledicta.
2590 3064 2709 3120 Illis
2754 3064 2937 3131 itaque
2985 3061 3493 3133 blasphemantihus

1879 3167 1937 3215 et
1958 3156 2406 3213 maledicentibus
2429 3156 2685 3223 Domino,
2724 3156 2957 3226 populus
2987 3156 3109 3225 ejus
3137 3154 3205 3210 de
3235 3168 3346 3226 quo
3371 3167 3492 3210 cre-

156 3265 211 3319 t,
242 3247 329 3321 9).
364 3248 432 3304 Et
457 3248 660 3305 iterum
696 3246 1073 3305 :Circumdedi
1098 3248 1335 3304 armillas
1372 3251 1609 3306 manibus
1635 3252 1771 3319 tuis,
1804 3238 1852 3303 C
1882 3252 1985 3309 bro
2020 3251 2131 3320 jam
2181 3249 2386 3305 dictum
2438 3258 2545 3317 est,
2578 3248 2630 3303 id
2672 3255 2779 3317 est,
2837 3247 3071 3318 populus
3119 3245 3488 3317 Christianus,

157 3354 209 3398 et
228 3342 431 3398 monile
457 3342 597 3398 collo
635 3353 723 3397 tuo
741 3359 760 3407 ;
804 3350 865 3398 ut
898 3343 1046 3411 gravi
1077 3356 1251 3398 onere
1281 3342 1523 3411 liberati,
1553 3352 1609 3397 et
1633 3343 1776 3398 reci-

158 3438 384 3509 pientes
411 3444 734 3491 ornamenta
763 3434 991 3505 pristina
1014 3476 1029 3501 ,
1061 3436 1259 3503 captivi
1291 3448 1415 3491 esse
1447 3449 1731 3491 cessemus
1758 3458 1772 3491 :

160 3528 443 3598 redempti
476 3528 545 3583 ab
575 3543 666 3592 eo,
697 3529 788 3599 qui
821 3529 970 3583 venit
997 3527 1297 3598 praedicare
1322 3528 1555 3600 captivis
1578 3529 1776 3584 remis-

161 3623 401 3678 sionem.
426 3621 495 3676 Et
512 3621 581 3676 de
602 3635 712 3692 quo
738 3621 1000 3693 scriptum
1023 3631 1109 3676 est
1134 3620 1325 3692 (Supr.
1353 3638 1477 3687 xt.v,
1504 3622 1596 3693 15)
1629 3639 1643 3677 :
1669 3621 1777 3677 Hic

160 3714 449 3786 cediﬁcobit
477 3714 733 3769 ciuitatem
777 3730 943 3770 meam
969 3760 982 3783 ,
1013 3725 1061 3769 et
1090 3715 1438 3785 captivitatem
1469 3716 1652 3787 populi
1676 3715 1778 3771 mei

159 3809 398 3866 reducet.
418 3823 522 3862 non
549 3824 666 3862 cum
690 3809 853 3878 pretio
879 3824 1040 3877 neque
1053 3824 1170 3863 cum
1190 3810 1507 3864 muneribus.
1530 3807 1626 3865 Cui
1651 3824 1778 3865 sen-

162 3901 253 3957 sui
275 3912 336 3957 et
366 3900 566 3956 Petrus
602 3901 893 3970 Apostolus
921 3901 1172 3970 congruit
1202 3919 1216 3957 :
1267 3888 1500 3958 scientes
1529 3904 1776 3972 quoniam

165 4011 271 4049 non
301 3992 727 4065 corruptibilibus
759 4001 974 4067 argento
1009 4002 1058 4047 et
1086 4009 1217 4048 auro
1254 3994 1505 4067 redempti
1543 3996 1663 4050 estis
1708 3995 1773 4050 de

163 4102 299 4140 rana
326 4093 501 4140 vestra
530 4086 933 4148 conversatione.
974 4086 1209 4157 patribus
1249 4086 1478 4153 tradita,
1526 4088 1616 4142 sed
1654 4105 1778 4143 san-

164 4180 325 4252 guine
359 4179 486 4250 agni
517 4179 838 4233 immaculati
868 4178 913 4250 (l
951 4177 1094 4233 Petr.
1121 4195 1159 4245 ι,
1192 4178 1307 4250 18).

238 4270 427 4343 (Vers.
477 4269 513 4323 4
567 4269 750 4344 seqq.)
795 4272 931 4339 Quia
974 4271 1089 4325 haec
1128 4270 1253 4324 dicit
1292 4267 1552 4324 Dominus
1596 4268 1779 4328 Deus:

166 4358 236 4415 In
266 4359 561 4435 ﬁggptum
587 4361 851 4418 descendit
881 4363 1108 4434 papulas
1147 4378 1289 4416 meus
1329 4363 1384 4416 in
1416 4363 1693 4433 principio.
1721 4372 1779 4417 ut

164 4457 388 4510 colonus
432 4464 562 4510 esset
593 4455 665 4510 ibi
692 4471 712 4508 :
756 4464 802 4509 et
830 4458 993 4509 Assur
1021 4457 1211 4526 absque
1248 4453 1363 4509 ul.a
1390 4471 1551 4510 causa
1578 4455 1781 4510 calum-

166 4550 340 4605 niatus
360 4559 433 4604 est
455 4565 590 4604 eum.
627 4548 695 4604 Et
718 4566 858 4603 nunc
882 4548 1009 4621 quid
1036 4548 1164 4603 mihi
1193 4559 1266 4605 est
1293 4549 1402 4617 hic,
1435 4548 1563 4603 dicit
1590 4549 1777 4605 Domi-

1878 3344 2016 3400 sciet
2056 3358 2255 3398 nomen
2296 3342 2440 3396 illius
2481 3342 2573 3411 qui
2600 3349 2868 3397 venturus
2917 3348 3004 3396 est
3034 3340 3088 3394 in
3120 3340 3341 3396 nomine
3370 3338 3480 3394 Pa-

1879 3435 1998 3490 tris.
2032 3434 2098 3490 Et
2129 3442 2417 3503 propterea
2457 3433 2619 3503 sciet,
2653 3432 2780 3501 quia
2810 3432 2927 3502 ipse
2953 3431 3045 3502 qui
3077 3431 3228 3501 prius
3255 3431 3476 3487 locutus

1880 3536 1967 3584 est
1998 3541 2091 3595 per
2122 3524 2447 3596 Prophetas,
2478 3538 2726 3595 praesens
2769 3521 2984 3578 erudiet
3026 3521 3282 3593 populos.
3315 3520 3482 3577 Juxta

1879 3618 2234 3688 Septuaginta
2268 3616 2511 3687 loquitur
2532 3616 2599 3671 ad
2637 3615 2805 3671 Israel
2836 3614 3002 3685 Deus,
3027 3613 3170 3684 quod
3198 3614 3253 3669 in
3279 3612 3484 3687 [Egyp-

1881 3723 1995 3768 tum
2024 3714 2303 3767 voluntate
2342 3709 2710 3766 descenderit.
2761 3708 2993 3765 Dicente
3042 3708 3097 3763 in
3143 3706 3487 3762 Deuterono-

1882 3807 1994 3861 mio
2028 3805 2213 3878 Moyse
2245 3824 2257 3859 :
2308 3804 2375 3859 In
2422 3805 2750 3877 septuaginta
2778 3802 3052 3859 animabus
3102 3800 3488 3856 descenderunt

1870 3909 2055 3975 patres
2078 3901 2155 3954 tui
2173 3900 2228 3953 in
2262 3897 2555 3974 ngyptum
2584 3898 2766 3971 (Deut.
2799 3914 2853 3962 x,
2881 3895 2978 3967 22)
3011 3914 3024 3950 :
3058 3905 3113 3952 et
3141 3896 3212 3951 ab
3243 3895 3490 3966 Assyriis

1880 3991 2082 4060 Captivi
2110 3991 2275 4063 605
2300 3991 2568 4045 violenter
2589 3989 2805 4045 abducti
2831 3998 2979 4044 sunt.
3006 3986 3164 4044 Unde
3190 3987 3398 4043 dicitur
3415 3988 3489 4045 ad

1881 4094 2017 4137 eos:
2050 4081 2117 4136 Et
2150 4096 2295 4135 nunc
2321 4080 2451 4150 quid
2480 4082 2614 4136 estis
2646 4080 2771 4135 hic?
2815 4079 2945 4150 quid
3002 4078 3180 4134 facitis
3234 4080 3288 4134 in
3339 4088 3489 4135 terra

1881 4173 2092 4241 Judtea,
2127 4173 2222 4245 qui
2251 4184 2373 4243 post
2400 4188 2590 4229 necem
2619 4171 3050 4241 Prophetarum,
3069 4171 3123 4226 in
3158 4170 3253 4226 Dei
3284 4170 3487 4227 Filium

1883 4265 2114 4321 misistis
2136 4265 2367 4320 manus?
2397 4267 2506 4319 Aut
2537 4272 2688 4319 certe
2717 4263 2785 4317 ad
2814 4262 3104 4332 Angelicas
3144 4272 3482 4334 potestates,

1882 4366 1940 4413 et
1970 4356 2228 4427 prtesides
2251 4357 2463 4427 Templi
2488 4356 2725 4426 Angelos
2752 4355 2994 4426 loquitur
3016 4354 3161 4411 Deus
3189 4373 3205 4411 :
3232 4354 3373 4423 Quid
3398 4356 3486 4413 hic

1883 4451 2080 4520 facitis,
2132 4465 2232 4506 cur
2270 4467 2378 4506 non
2418 4449 2728 4522 relinquitis
2776 4449 3038 4521 populum
3098 4449 3491 4520 blaspheman-

1886 4547 2032 4601 lem?
2062 4544 2205 4614 quod
2233 4556 2287 4600 et
2310 4543 2581 4613 Iosephus
2611 4542 2787 4599 refert
2813 4543 2955 4614 (Lib.
2985 4559 3037 4597 vt
3064 4543 3244 4616 Antig.
3274 4545 3489 4600 Judaic.

168 4643 312 4698 nus?
342 4641 604 4708 Quoniam
624 4641 831 4696 ablatus
853 4650 927 4695 est
953 4643 1179 4711 populus
1204 4659 1345 4697 meus
1377 4642 1541 4715 gratis
1568 4659 1587 4696 :
1610 4642 1779 4697 domi-
1804 4630 1861 4691 D
1884 4654 1933 4692 c.
1974 4635 2062 4709 ιε)
2097 4654 2110 4690 :
2144 4634 2351 4705 apertis
2378 4642 2604 4704 repente
2630 4634 2811 4703 ianuis
2827 4634 3064 4702 Tentpli,
3090 4643 3143 4691 et
3172 4646 3371 4706 sponte
3402 4651 3491 4693 re-

169 4746 383 4789 natores
426 4735 540 4801 ejus
566 4734 743 4806 inique
779 4742 963 4805 agunt,
996 4733 1121 4787 dicit
1169 4734 1448 4799 Dominus,
1493 4745 1541 4789 et
1578 4736 1782 4809 jugiter

168 4837 280 4884 tota
323 4827 409 4881 die
464 4843 649 4881 nomen
704 4843 875 4882 meum
918 4825 1324 4896 blasphematur.
1371 4826 1596 4900 Propter
1641 4829 1779 4897 quod

166 4922 301 4976 sciet
333 4920 559 4987 populus
584 4935 728 4976 meus
754 4936 939 4974 nomen
974 4935 1147 4974 meum
1174 4920 1229 4973 in
1253 4920 1340 4975 die
1369 4919 1467 4974 illa
1487 4936 1507 4976 :
1533 4921 1657 4992 quia
1681 4937 1778 4990 ego

168 5014 282 5085 ipse
310 5013 398 5083 qui
442 5013 709 5085 loquebar,
741 5029 858 5068 ecce
900 5012 1106 5068 adsum.
1140 5011 1280 5068 LXX
1310 5029 1324 5067 :
1369 5014 1506 5081 Quia
1551 5016 1627 5069 sic
1656 5015 1784 5070 dicit

173 5105 433 5160 Dominus
466 5122 484 5159 :
529 5102 596 5159 In
648 5104 941 5178 zEgyptum
991 5104 1261 5159 descendit
1324 5106 1549 5176 pupulas
1599 5122 1777 5172 meus,

162 5200 321 5271 prius
342 5206 397 5253 ut
441 5198 865 5269 peregrinaretur
887 5197 1057 5270 σοι
1086 5196 1157 5251 ibi
1183 5213 1203 5251 .°
1234 5206 1282 5250 et
1306 5196 1364 5250 in
1401 5196 1643 5267 Assyrios
1672 5198 1786 5252 vio-

159 5294 338 5348 lenter
358 5291 571 5346 abducti
594 5303 715 5346 sunt
739 5308 758 5357 ;
782 5300 829 5346 et
859 5308 996 5345 nunc
1016 5291 1145 5363 quid
1172 5291 1269 5345 erit
1294 5291 1401 5352 hic,
1444 5289 1573 5345 dicit
1599 5289 1783 5346 Domi-

158 5401 272 5441 nus
287 5384 315 5438 7
338 5382 478 5450 Quia
494 5383 698 5438 ablatus
722 5392 798 5438 est
831 5381 1057 5453 populus
1091 5399 1258 5453 meus,
1284 5384 1446 5457 gratis
1477 5384 1782 5437 admirami—

154 5477 253 5541 ni,
290 5484 342 5530 et
374 5474 595 5530 ululate.
633 5474 761 5531 Haec
788 5475 917 5530 dicit
952 5472 1209 5531 Dominus
1230 5493 1251 5530 :
1283 5474 1505 5548 Propter
1526 5492 1615 5530 vos
1646 5492 1782 5530 sem-

167 5586 265 5641 per
293 5585 486 5625 nomen
507 5584 679 5623 meum
709 5567 1098 5640 blasphematur
1124 5569 1179 5622 in
1209 5568 1468 5639 gentibus.
1496 5565 1781 5640 Propterea

164 5665 299 5721 sciet
328 5662 555 5729 populus
589 5677 734 5715 meus
758 5676 945 5715 nomen
968 5676 1136 5714 meum
1164 5662 1216 5714 in
1249 5660 1335 5714 die
1362 5658 1459 5714 illa
1491 5677 1510 5714 :
1534 5660 1658 5725 quia
1685 5676 1780 5732 ego

164 5757 282 5831 ipse
307 5755 398 5825 qui
415 5752 679 5823 loquebar,
701 5753 906 5806 adsum.
934 5749 1128 5821 Arguit
1151 5751 1411 5821 populum
1435 5749 1775 5818 Judaeorum,

160 5843 218 5909 et
250 5840 493 5905 Ventura
527 5845 795 5917 praedicit.
826 5843 982 5912 Quod
1020 5845 1112 5915 qui
1146 5843 1428 5902 voluntate
1458 5859 1555 5901 sua.
1595 5844 1648 5900 in
1693 5844 1779 5898 In:

1887 4729 2104 4795 seratis,
2139 4743 2273 4799 quas
2300 4726 2458 4782 multi
2492 4725 2743 4781 homines
2780 4726 3039 4781 claudere
3070 4727 3157 4781 vix
3201 4735 3488 4798 poterant,

1889 4838 2080 4878 vocem
2101 4822 2169 4877 de
2196 4820 2375 4892 adytis
2406 4819 2623 4893 Templi
2645 4820 2826 4876 exisse
2857 4820 3155 4875 dicentium
3185 4837 3199 4875 :
3235 4819 3494 4876 Transea-

1887 4932 2001 4970 mus
2028 4931 2091 4971 επ
2117 4915 2198 4969 his
2229 4914 2456 4969 sedibus.
2480 4912 2539 4968 In
2585 4926 2694 4981 quo
2722 4911 3121 4967 consideranda
3167 4927 3489 4970 sermonum

1889 5010 2220 5083 proprietas,
2243 5008 2387 5081 quod
2414 5023 2520 5064 non
2544 5007 2807 5074 dixerint,
2836 5006 3180 5075 recedamus,
3202 5007 3297 5064 sed
3322 5017 3495 5064 trans-

1890 5118 2079 5159 eamus
2108 5102 2175 5158 ad
2226 5101 2486 5173 populum
2516 5100 2781 5171 gentium.
2815 5099 2973 5157 Unde
3001 5108 3058 5156 et
3101 5101 3280 5157 velum
3329 5099 3496 5158 Tem-

1883 5194 1962 5265 pli
1988 5211 2015 5248 a
2047 5208 2264 5250 summo
2290 5207 2461 5264 usque
2479 5191 2737 5248 deorsum
2759 5191 2992 5249 scissum
3013 5193 3178 5249 estin
3206 5193 3343 5249 duas
3372 5208 3498 5264 par-

1888 5295 1991 5355 tes,
2026 5298 2084 5341 ut
2118 5300 2312 5341 omnes
2340 5284 2654 5340 Judaeorum
2700 5285 3047 5341 caeremoniae
3092 5283 3490 5356 ponderentur,

1885 5386 2031 5433 eteo
2059 5388 2303 5445 tempore
2339 5377 2687 5446 impleretur,
2727 5377 2872 5444 quod
2917 5378 2971 5431 in
3001 5379 3103 5431 hoc
3129 5376 3325 5431 eodem
3356 5374 3497 5430 Pro-

1888 5469 2050 5541 pheta
2073 5469 2279 5528 dicitur
2307 5487 2320 5522 :
2354 5467 2440 5525 Ea:
2463 5468 2595 5525 Sion
2617 5468 2911 5541 egredietur
2941 5468 3048 5535 lex,
3077 5476 3127 5523 et
3153 5468 3358 5523 verbum
3388 5467 3500 5524 Do-

1888 5562 2016 5617 mini
2056 5562 2121 5616 de
2157 5558 2475 5616 Jerusalem.
2522 5556 2593 5614 Ei
2610 5560 2873 5634 judicabit
2910 5561 3046 5616 inter
3084 5560 3277 5616 multas
3323 5570 3502 5635 gentes

1890 5672 2054 5729 usque
2074 5656 2129 5710 in
2155 5653 2500 5728 longinquum
2532 5651 2693 5724 (Isai.
2723 5667 2762 5707 tt
2780 5693 2795 5717 ,
2820 5653 2877 5720 3,
2903 5651 2984 5731 4).
3019 5654 3075 5709 In
3100 5670 3324 5710 omnem
3346 5655 3499 5712 enim

1891 5759 2094 5804 terram
2139 5746 2313 5803 exivit
2351 5760 2520 5802 sonus
2565 5745 2986 5830 eorumnetin
3038 5747 3310 5830 terminos
3348 5747 3497 5803 orbi“~

1890 5841 2053 5897 verba
2083 5854 2275 5898 eorum
2305 5837 2426 5913 (Ps.
2456 5834 2645 5909 xvtu‘).
2677 5819 2746 5895 liii
2775 5819 2829 5893 in
2856 5819 3005 5896 omni
3036 5829 3163 5899 loco
3196 5819 3310 5898 ι)εὸ
3337 5840 3407 5889 o"
