3932 6336
532 321 638 379 ωε)

1774 312 1830 370 S.
1877 310 2163 370 EUSEBH‘
2193 309 2586 368 HIER‘ONYMT
3663 264 3745 373 bOll

529 445 622 491 tur
653 437 959 501 incensum,
999 437 1055 484 et
1083 428 1263 484 hostia
1292 427 1490 483 mundo
1535 426 1727 501 (Misit.
1772 426 1879 499 ιιι),
1914 425 2134 498 quando
2161 429 2215 488 Α
2240 427 2396 481 lutem
2426 442 2611 493 meam,
2662 424 2837 478 dicens
2870 438 2890 477 :
2920 417 3049 477 Sion
3096 423 3320 495 regnabit
3350 418 3476 478 Deus
3503 435 3621 482 tuus.
3660 429 3748 487 Vox

532 527 885 598 propheticus
940 538 1123 577 sermo
1161 521 1471 590 completus
1523 530 1606 576 est
1641 512 2134 576 :‘Recordabuntur

533 634 581 678 et
603 621 841 676 redibunt
879 619 950 672 ad
983 618 1265 671 Dominum
1294 633 1469 671 omnes
1489 615 1620 685 ﬁnes
1644 626 1795 671 term
1821 632 1840 671 :
1867 623 1916 670 et
1945 614 2136 668 adora-

534 718 658 769 bunt
688 714 741 766 in
769 721 1044 783 conspectu
1078 714 1192 791 ejus
1224 726 1395 764 omnes
1444 707 1662 779 familia:
1702 708 1966 780 gentium;
2005 722 2136 779 quo-

528 808 674 862 niam
707 806 917 860 Domini
944 820 1161 878 regnum
1187 814 1283 870 est,
1308 814 1355 859 et
1377 805 1486 874 ipse
1525 803 1876 858 dominabitur
1907 802 2136 873 gentium

532 898 653 971 (Ps.
687 914 806 965 xxi,
853 897 924 953 28
954 899 1147 969 θείη),
1184 897 1339 953 Unde
1379 898 1582 953 dicitur
1613 897 1687 951 ad
1734 896 2013 966 principes
2041 896 2136 950 Ju-

532 993 775 1046 dreorum
810 1009 822 1045 :
859 991 1227 1056 Admiramini,
1259 1000 1306 1045 et
1334 989 1552 1055 ululate,
1586 990 1844 1061 quoniam
1878 1004 1977 1044 V08
2006 1004 2136 1044 cau-

531 1099 592 1140 sa
623 1087 757 1141 estis
790 1085 959 1138 ruina:
1008 1084 1213 1154 p0puli.
1275 1083 1447 1138 Porro
1496 1084 1652 1155 juxta
1698 1098 1976 1154 anagogen
2033 1081 2136 1137 huc

527 1195 822 1253 possumus
850 1179 1057 1243 dicere,
1090 1176 1239 1249 quod
1267 1177 1560 1233 descendat
1594 1178 1645 1231 in
1685 1176 1984 1249 [Egyptum
2031 1176 2133 1230 ltu-

528 1276 620 1345 jus
647 1273 835 1329 smcul‘i
867 1273 1101 1343 populus
1149 1271 1249 1328 Dei
1303 1273 1526 1343 propria
1568 1270 1869 1339 voluntate,
1916 1269 2136 1341 quando

533 1379 748 1422 amator
771 1368 943 1439 magis
973 1366 1310 1436 voluptatum
1343 1382 1502 1436 quam
1548 1366 1645 1420 Dei
1675 1375 1780 1433 est,
1812 1374 1865 1421 et
1894 1380 2003 1420 non
2034 1381 2134 1420 au-

536 1461 617 1516 dit
646 1461 775 1516 iliud
808 1460 1189 1531 propheticum
1220 1478 1233 1516 :
1280 1458 1367 1515 Va:
1390 1460 1480 1531 qui
1508 1460 1831 1515 descendunt
1852 1460 1905 1515 in
1929 1458 2136 1531 ngyp-

536 1563 646 1609 tum
672 1555 741 1609 ad
763 1553 1021 1609 auxilium
1050 1552 1209 1625 (I'sai.
1248 1569 1372 1608 xxx:
1392 1598 1406 1622 ,
1446 1552 1522 1624 ι).
1559 1552 1670 1619 Qui
1700 1567 1821 1608 cum
1852 1551 2000 1606 vitiis
2023 1550 2136 1606 fue-

534 1647 904 1715 ritdelinitus,
930 1654 985 1701 et
1010 1645 1332 1701 habitaverit
1357 1644 1410 1699 in
1441 1645 1560 1700 loco
1583 1659 1847 1713 aquarum
1880 1655 1933 1699 et
1958 1642 2136 1699 ﬂumi-

537 1756 690 1805 num,
723 1740 821 1809 qui
847 1739 1118 1794 castitatis
1147 1754 1253 1793 non
1289 1737 1456 1792 habet
1485 1736 1789 1791 siccitatem
1818 1754 1830 1790 :
1869 1746 1996 1792 tunc
2023 1734 2136 1790 vi’o-

2238 518 2639 573 custodientium
2672 526 2719 572 te
2758 517 2985 571 exaltata
3013 524 3124 584 est,
3172 525 3218 569 et
3256 532 3370 570 race
3394 517 3746 578 simulltrmbun-

2237 620 2342 681 tur,
2384 611 2507 682 quia
2553 610 2703 665 oruli’
2738 609 2817 664 ad‘
2848 608 3026 664 oculos
3052 609 3309 679 uidebunt,
3350 611 3541 679 quando
3567 616 3747 673 misertus

2238 707 2393 779 fuerit
2415 703 2670 759 Dominus
2700 702 2854 760 Sion.
2915 702 3325 773 Coitsequent'cr
3351 702 3415 759 de
3437 719 3498 760 eo
3522 706 3609 775 qui
3624 721 3745 778 supra

2238 796 2488 855 dixerat:
2547 792 2657 866 Ego
2686 795 2796 866 ipse
2840 793 2928 862 qui
2969 792 3231 864 loquebar,
3279 809 3388 848 ecce
3423 795 3606 862 adsum,
3643 813 3751 854 nunc

2238 888 2513 958 Propheta
2560 897 2796 942 testatur
2824 886 2978 957 quod
2998 887 3117 957 ipse
3147 901 3311 955 super
3339 897 3537 943 montes
3559 889 3753 962 Evange-

2239 979 2370 1034 lium
2408 978 2737 1049 prmdicaritv,
2770 979 2823 1033 id
2850 990 2956 1046 est,
2987 994 3156 1050 super
3181 980 3481 1048 Apnstol‘os,
3508 980 3581 1035 de
3599 983 3748 1051 quimus

2238 1072 2503 1141 scriptum
2527 1080 2611 1126 est
2635 1088 2650 1124 :
2700 1071 3131 1144 Appropinquate
3144 1072 3397 1125 montibus
3412 1073 3596 1127 internis
3608 1073 3749 1143 (ιιεει.

2237 1178 2309 1231 ιι,
2336 1164 2391 1232 9,
2428 1178 2531 1217 sec.
2566 1162 2710 1219 LXX
2739 1162 2795 1233 );
2847 1174 2902 1217 et
2946 1177 3180 1233 quorum
3221 1163 3460 1218 doctrina
3495 1163 3754 1221 illuminatib

2239 1255 2336 1311 Dei
2364 1264 2469 1311 est.
2532 1255 2691 1311 Undis
2716 1255 2787 1310 ad
2819 1270 2940 1310 eum
2987 1256 3038 1310 in
3068 1254 3315 1310 Psalmis
3338 1255 3556 1310 dicitur:
3596 1254 3756 1311 litanti-

2239 1364 2371 1402 nans
2400 1359 2463 1402 ιιι-
2484 1347 2855 1402 mirabilitena
2882 1348 3137 1403 montibus
3167 1350 3373 1404 (uternis
3396 1347 3505 1421 (Ἠ.
3538 1365 3676 1417 txxv,
3695 1350 3754 1421 5),.

2240 1440 2343 1495 l'l‘ic
2388 1441 2733 1495 annuntiavit
2777 1450 2843 1496 et
2879 1440 3199 1510 prmdioavit'
3226 1456 3409 1512 pacem
3440 1445 3515 1499 bis
3540 1444 3760 1515 quierant

2240 1534 2420 1605 longe,
2448 1533 2611 1607 σοί]
2639 1533 2690 1589 id
2724 1543 2825 1601 est,
2856 1535 3130 1605 gentibus;
3164 1546 3224 1590 et
3245 1551 3431 1606 prope,
3460 1539 3552 1591 hoc
3574 1545 3661 1602 est,
3684 1531 3756 1587 ιιι.

2238 1625 2402 1680 (imis:
2431 1626 2691 1680 muitdum
2723 1626 3084 1681 reconcilians
3113 1626 3245 1695 Deo,
3298 1629 3366 1683 d‘e
3387 1643 3489 1700 quo
3512 1629 3602 1684 sub
3628 1625 3757 1681 nomi-

2239 1736 2307 1777 ne
2334 1720 2646 1777 Salomonis
2693 1721 2746 1775 in
2776 1721 2999 1790 psalmo
3019 1723 3237 1777 canitur
3262 1744 3275 1779 :
3325 1722 3521 1777 Orietur
3547 1724 3595 1775 iu
3617 1721 3761 1775 diebus

535 1831 714 1887 lcnter
742 1832 987 1885 tradetur
1014 1830 1274 1902 Assyriis,
1309 1837 1371 1884 ut
1403 1828 1765 1884 dominentur
1783 1828 1856 1897 ei‘,
1888 1829 1976 1899 qui
2014 1842 2138 1883 eum

2243 1817 2359 1887 ejus
2374 1815 2607 1882 jnstitia,
2654 1823 2711 1868 ει-
2742 1815 3021 1869 multitudo
3052 1817 3215 1887 pacis,
3268 1817 3424 1871 donec
3447 1812 3763 1888 auferatur-lit-

538 1937 728 1998 postea
770 1927 821 1979 in
872 1937 1096 2005 peccato
1141 1935 1370 1995 arguant
1420 1933 1584 1994 atque
1636 1923 1981 1978 convincnnt.
2033 1921 2139 1991 ipsi

537 2029 665 2072 sunt
689 2017 834 2071 enim
864 2026 919 2071 et
950 2016 1156 2070 inimici
1179 2027 1233 2071 et
1262 2014 1532 2083 vindices,
1566 2014 1635 2069 de
1674 2015 1869 2084 quibus
1894 2014 2141 2084 loquitur

539 2110 617 2164 ad
636 2107 809 2163 Israel
835 2125 845 2161 :
882 2105 952 2161 Et
973 2123 1108 2161 nime
1125 2107 1261 2178 quid'
1281 2107 1373 2162 tibi
1405 2115 1546 2160 estet
1574 2107 1669 2160 vite
1695 2104 1938 2177 ngypti‘,
1968 2115 2024 2158 ut
2064 2105 2139 2158 bi-

542 2200 632 2253 bas
664 2216 851 2271 aquam
896 2199 1039 2255 Geon
1069 2213 1089 2254 :
1139 2208 1187 2253 et
1236 2200 1375 2275 quid
1404 2199 1498 2253 tibi
1531 2209 1607 2253 est
1662 2207 1711 2253 et
1759 2200 1858 2253 uiae
1900 2198 2139 2269 Assyrio-

536 2310 678 2362 rum,
708 2305 763 2349 ut
802 2293 943 2347 bibas
969 2309 1155 2362 aquam
1181 2294 1457 2363 ﬂuminum
1490 2291 1623 2367 (J'er.
1658 2306 1725 2358 ιι,
1764 2292 1877 2362 18).
1908 2290 2008 2361 Qui
2041 2291 2137 2361 igi-

536 2397 630 2442 tur
652 2387 938 2442 descendit
971 2387 1027 2441 in
1060 2386 1377 2458 ngyptum,
1408 2393 1465 2441 et
1493 2384 1562 2440 de
1588 2384 1807 2440 excelso
1834 2381 2151 2440 Jerusalem

539 2480 606 2535 ad
643 2480 933 2534 humiliora
971 2479 1229 2550 delapsus
1258 2487 1341 2534 est
1372 2497 1385 2531 :
1432 2477 1744 2548 vadensque
1783 2475 2027 2544 Iericho,
2061 2475 2140 2529 al-

540 2581 714 2627 teram
746 2569 1069 2642 JEgyptum,
1100 2586 1127 2624 a
1163 2570 1479 2624 latronibus
1502 2569 1724 2622 vulnera
1768 2567 1920 2636 plura
1952 2580 2140 2621 susce-

541 2666 646 2734 pit,
680 2664 877 2718 dicitur
903 2662 1120 2716 ad‘cum
1154 2677 1167 2713 :
1222 2660 1293 2713 Et
1327 2674 1472 2714 nunc
1502 2659 1637 2729 quid
1664 2659 1819 2712 vobis
1868 2665 1951 2712 est
1975 2657 2147 2731 βω

545 2758 633 2810 hic
660 2758 684 2809 ι
714 2755 843 2825 quid
875 2756 928 2808 in
960 2764 1101 2808 terra
1127 2761 1183 2807 et
1212 2753 1265 2806 in
1297 2751 1543 2807 Ecclesia
1573 2750 1667 2806 Dei
1690 2765 1788 2805 vos
1817 2765 1940 2806 csse
1969 2753 2137 2806 simu-

540 2848 690 2917 latis,
722 2848 813 2917 qui
836 2847 1017 2902 studio
1038 2854 1203 2916 atque
1225 2843 1670 2901 omni'desi‘derio
1690 2842 2053 2898 descendistis
2083 2844 2137 2898 in

543 2943 673 3019 :Egy
689 2954 860 3012 plum,
886 2952 937 2996 et
964 2942 1032 2995 ab
1062 2940 1302 3013 Assyriis
1352 2939 1727 3010 possidemini,
1768 2941 2021 3009 captique
2060 2954 2141 2995 es-

544 3035 615 3088 tis
648 3053 657 3088 :
691 3043 745 3089 et
772 3033 985 3088 ululare
1013 3033 1180 3102 magis
1204 3047 1266 3087 ac
1292 3033 1479 3103 lugere
1494 3031 1737 3097 debetis;
1770 3034 1892 3102 quia
1916 3043 2141 3102 propter

545 3128 676 3182 vitia
711 3136 888 3182 vestra
919 3135 1079 3195 atq-ue
1106 3134 1345 3195 peccata,
1382 3139 1577 3179 nomen
1606 3123 1702 3179 Dei
1730 3124 2143 3192 blnSphematur

2243 1909 2470 1980 na(l’s.
2500 1926 2648 1980 uxr,
2683 1911 2771 1983 7‘);
2840 1911 2911 1967 Et
2955 1913 3008 1967 in
3057 1912 3162 1969 hoc
3209 1914 3403 1969 eodem
3450 1912 3683 1981 Propheta
3715 1909 3765 1967 de

2242 2018 2412 2075 puero
2436 2004 2540 2074 qui‘
2577 2011 2745 2059 natus
2763 2014 2865 2073 est,
2910 2018 2965 2060 et
2990 2005 3059 2061 de
3090 2005 3202 2062 lilio
3232 2008 3323 2081 qui
3354 2007 3506 2062 datus
3530 2013 3605 2060 est
3625 2003 3763 2070 nobis,

2241 2095 2399 2165 cujus
2430 2096 2766 2166 principatus
2796 2098 2847 2150 in
2881 2099 3111 2152 humero
3141 2098 3262 2169 citis
3282 2145 3295 2168 ,
3329 2110 3379 2154 et
3410 2097 3659 2153 vocabitur
3682 2108 3766 2149 ma-

2239 2189 2329 2260 gni
2378 2189 2601 2245 consilii”
2641 2191 2905 2260 Angelus,
2963 2202 3084 2261 post
3122 2194 3333 2264 reliqua
3363 2194 3547 2249 dicitur
3575 2192 3763 2262 (Supra,

2241 2295 2318 2347 lx,
2362 2280 2465 2354 7‘):
2519 2281 2584 2335 Et
2632 2284 2775 2352 pacis
2822 2285 2937 2353 ejus
2990 2301 3090 2338 non
3145 2287 3247 2341 erit
3286 2286 3538 2341 terminus.
3581 2283 3681 2352 Ipse
3707 2288 3771 2336 est

2240 2373 2395 2427 enim
2415 2389 2517 2444 pax
2553 2385 2761 2445 nostra,
2818 2378 2908 2448 qui
2953 2379 3260 2444 pacillcavit
3286 2382 3458 2435 omnia
3490 2393 3572 2449 per
3595 2375 3772 2447 sangvi-

2242 2483 2365 2522 nem
2394 2469 2573 2523 crucis
2605 2484 2716 2525 sua:
2744 2471 2796 2526 in
2824 2472 2966 2527 coelo
2987 2480 3041 2527 et
3072 2474 3124 2528 in
3158 2483 3327 2529 terra.
3376 2473 3477 2542 Qui
3498 2472 3679 2527 locutus
3701 2475 3774 2522 est

2240 2561 2558 2631 Apostolis:
2608 2563 2795 2619 Pacem
2838 2582 3004 2621 meam
3048 2568 3113 2621 do
3144 2568 3309 2635 vobis,
3351 2584 3516 2641 pacem
3547 2577 3771 2619 meamn-

2242 2654 2423 2726 linquo
2467 2656 2607 2710 vobis
2656 2655 2839 2729 (loau.
2881 2674 2993 2729 xtv,
3019 2658 3138 2731 27).
3191 2660 3264 2715 Et
3300 2657 3612 2715 annuntiavit
3644 2652 3776 2707 nobis

2242 2747 2418 2817 bona,
2475 2765 2582 2804 non
2634 2765 2753 2820 qua:
2798 2766 2826 2804 a
2858 2750 3206 2822 Philosophis
3243 2754 3576 2825 appellantur
3603 2743 3778 2803 indiffe-

2241 2843 2452 2910 rentia;
2489 2842 2595 2899 sed‘
2618 2860 2739 2915 quae
2762 2860 2889 2900 vere
2922 2845 3063 2900 bona
3096 2857 3245 2917 sunt,
3284 2864 3402 2918 qum
3432 2847 3516 2900 dat
3544 2843 3683 2898 Pater
3708 2852 3778 2911 ge-

2244 2936 2482 2993 tentibus
2536 2953 2615 3007 se,
2668 2939 2727 2993 id'
2750 2948 2863 3008 est,
2897 2956 3086 2995 omnes
3117 2942 3327 3012 gratias
3358 2940 3577 3010 Spiritus
3617 2930 3776 2988 sancti.

2243 3030 2492 3109 Denique
2542 3034 2680 3087 alter
2732 3033 3075 3105 EVangelista
3126 3037 3177 3089 in
3230 3035 3421 3090 eodem
3454 3024 3779 3086 locuscribil:

2246 3123 2455 3191 Quanto
2486 3127 2649 3198 magis
2678 3124 2835 3179 Pater
2858 3137 3021 3182 vester
3047 3127 3135 3198 qui
3160 3128 3318 3181 est‘in
3350 3125 3505 3190 caelis,
3538 3121 3661 3175 dabit
3689 3114 3785 3187 Spi-

546 3220 599 3273 in
632 3218 924 3295 gentibus?
960 3219 1164 3291 quibus
1194 3219 1247 3272 in
1282 3216 1564 3272 Ezechiele
1605 3216 1846 3272 dicitur:
1880 3216 2144 3272 Contami-
2171 3204 2223 3267 Θ
2248 3221 2402 3271 nilum
2425 3228 2658 3272 sanctum
2691 3218 2979 3289 petentibus
3005 3235 3060 3274 se
3093 3219 3266 3290 ('Buc.
3300 3236 3376 3286 ιι,
3404 3215 3554 3287 13)“?
3575 3213 3685 3267 κως
3711 3208 3783 3261 δο-

544 3331 577 3366 n
600 3312 709 3365 :stis
747 3321 931 3364 nomen
963 3326 1129 3363 meum
1172 3310 1225 3363 in
1269 3309 1507 3379 gentibus
1539 3307 1753 3381 (Ezech.
1778 3300 1989 3378 XXXVI,
2020 3309 2137 3380 20‘).

544 3406 615 3461 Et
646 3406 916 3474 quomodo
945 3404 998 3458 in
1029 3403 1328 3474 Evangeli‘o
1360 3403 1650 3473 discipulis
1681 3404 1919 3474 loquitur
1958 3403 2141 3459 Domi-

544 3513 647 3551 nus
678 3516 689 3550 :
728 3473 1118 3550 Luceat'lumen
1151 3505 1375 3550 vestram
1402 3511 1579 3550 coram
1617 3493 1937 3560 hominibus,
1982 3505 2039 3549 ut
2068 3498 2142 3550 vi-

545 3593 698 3643 deant
721 3590 855 3641 bona
885 3605 1043 3658 Opera
1070 3598 1267 3663 vestra,
1282 3598 1330 3641 et
1352 3586 1645 3658 gloriﬁcent
1676 3585 1889 3642 Patrem
1918 3597 2143 3642 vestrum

547 3683 637 3753 qui
670 3693 741 3735 est
784 3682 835 3733 in
865 3682 1004 3734 caalis
1033 3678 1252 3751 (Matth.
1287 3697 1335 3747 v,
1365 3681 1454 3749 lli)
1483 3699 1494 3733 :
1527 3684 1606 3735 sic
1632 3682 1945 3737 econtrari‘o
1965 3724 1978 3747 ,
2020 3698 2143 3737 cum

550 3773 690 3827 tnala
725 3785 887 3839 opera
920 3769 1228 3836 fecerimus,
1273 3785 1468 3825 nomen
1493 3770 1593 3826 Dei
1615 3780 1841 3842 pmpter
1872 3789 1969 3828 nos
1999 3773 2144 3829 blus-

548 3862 839 3932 phctnatur
861 3862 911 3915 in
926 3861 1197 3931 gentibus.
1212 3858 1419 3915 Idcirco
1445 3863 1534 3931 qui
1566 3862 1727 3917 habet
1750 3862 2031 3918 scientiam
2051 3879 2148 3918 no-

550 3956 715 4009 minis
745 3952 876 4017 Dci,
924 3963 979 4007 et
1022 3953 1167 4024 quod
1217 3953 1598 4024 ad'imaginem
1628 3963 1691 4010 et
1733 3955 2144 4013 sinsi'litudinem

547 4048 696 4104 illius
715 4048 791 4102 sit
806 4048 1080 4115 conditus,
1109 4062 1214 4104 non
1242 4048 1473 4119 ignorat,
1502 4050 1553 4102 in
1581 4048 1699 4104 luce
1726 4049 2054 4104 versabitur.
2081 4050 2150 4105 Et

547 4142 655 4196 erit
685 4141 739 4195 in
779 4139 889 4208 die,
925 4140 993 4194 de
1015 4155 1117 4210 qua
1150 4140 1412 4196 exultavit
1439 4140 1713 4196 Abraham
1754 4141 1905 4210 quod
1924 4141 2152 4199 vidisset

546 4250 667 4289 eam
704 4232 889 4302 (Joant
927 4232 1079 4303 vui);
1107 4233 1176 4288 de
1199 4250 1304 4304 qua
1335 4242 1389 4287 et
1414 4242 1635 4288 sanctus
1661 4232 1899 4313 loquitur
1930 4233 2108 4288 David‘
2134 4253 2144 4287 :

548 4325 681 4381 Haec
696 4337 768 4380 est
787 4326 897 4380 dies
923 4341 1080 4397 quam
1108 4327 1226 4397 fecit
1249 4324 1527 4393 Dominus,
1550 4325 1836 4381 exaltemus
1857 4337 1902 4381 et
1920 4328 2150 4382 laetemur

543 4419 599 4474 in
614 4435 675 4473 ea
695 4416 813 4491 (Ps.
844 4434 1008 4490 cxvn,
1037 4417 1153 4497 24).
1186 4419 1289 4489 Qui
1318 4418 1919 4476 enimilluminaverunt
1948 4420 2152 4476 sibilu-

550 4526 674 4567 cem
705 4512 974 4577 scientiae,
1009 4519 1064 4567 et
1092 4512 1295 4568 habent
1321 4512 1505 4567 lumen
1544 4514 1961 4584 sempiternum,
2005 4512 2150 4585 quod

2247 3323 2313 3361 na
2344 3324 2465 3377 qua:
2494 3308 2843 3366 credentibus
2871 3310 3134 3365 Dominus
3167 3311 3458 3381 pollicetur
3482 3327 3495 3363 :
3541 3303 3707 3361 Audite
3727 3313 3788 3353 me

2245 3415 2294 3459 et
2316 3405 2590 3460 comedetis
2615 3405 2785 3472 bona;
2824 3415 2870 3459 et
2909 3406 3245 3460 delectabitur
3287 3408 3340 3459 in
3370 3404 3511 3459 bonis
3537 3400 3690 3455 anima
3724 3408 3788 3445 νε·

2246 3508 2389 3564 stra;
2422 3507 2476 3554 et
2507 3513 2614 3552 non
2644 3498 2817 3553 solum
2847 3498 3008 3564 bona,
3034 3498 3139 3554 scd'
3162 3500 3400 3554 salutem
3430 3493 3663 3551 omnibus
3684 3501 3792 3541 nun-

2249 3587 2426 3655 tiavit,
2457 3604 2629 3660 quam
2650 3589 2767 3658 ipse
2798 3590 3025 3659 pra-buit
3056 3589 3307 3661 qui‘dicit
3336 3587 3483 3651 Sion,
3518 3584 3565 3639 id
3591 3590 3682 3647 est,
3707 3575 3789 3631 Et-

2247 3680 2463 3735 clesite:
2509 3678 2765 3752 Regnabit
2809 3679 2928 3753 [ΑΙ.
2958 3679 3256 3755 Regnavit]
3304 3679 3449 3738 Deus
3486 3686 3611 3731 tuus.
3667 3666 3794 3727 Unde

2249 3782 2299 3829 et
2332 3772 2634 3843 Apostolus
2663 3776 2901 3846 loquitur
2931 3776 2996 3829 ad
3017 3773 3285 3831 Sanetos:
3317 3772 3441 3829 Non
3466 3776 3794 3843 regnet-pecca-

2250 3875 2358 3920 tum
2388 3867 2441 3919 in
2469 3877 2636 3921 uestro
2667 3867 2878 3922 mortali
2904 3883 3146 3936 corpore,
3192 3877 3248 3921 ut
3290 3863 3538 3921 obediatis
3568 3850 3796 3915 desideriis

2251 3962 2367 4035 ‘17“
2398 3958 2588 4031 (Ποιηο
2618 3977 2692 4027 νιν
2732 3960 2859 4032 η).
2927 3961 2994 4017 Ει
3038 3961 3106 4017 de
3137 3958 3518 4031 peccatoribus
3559 3950 3794 4009 scribens:

2253 4052 2419 4120 Mors,
2472 4054 2665 4125 inquit,
2725 4054 2957 4126 regnauit
3010 4053 3074 4107 ab
3116 4052 3287 4107 Adam
3334 4064 3497 4121 usque
3532 4038 3797 4110 (tamen

2252 4143 2434 4217 (Rom.
2456 4160 2511 4213 ν,
2548 4144 2660 4216 14).
2703 4144 2969 4216 Quodque
2999 4144 3286 4216 sequitur:
3324 4142 3443 4198 Vox
3471 4136 3801 4211 speculatorum

2252 4247 2480 4304 tuorum,
2512 4239 2633 4293 sive
2658 4238 2933 4293 custodum
2964 4247 3193 4306 tuorum,
3226 4234 3525 4308 Apostolus
3554 4225 3799 4300 signillbsl.

2253 4332 2323 4388 de
2348 4331 2548 4404 quibus
2573 4340 2629 4387 et
2658 4331 2711 4385 in
2742 4331 2850 4386 alio
2881 4331 3003 4386 loco
3045 4327 3264 4407 (Infra,
3298 4343 3434 4392 Lm,
3466 4322 3533 4395 ϐ)
3559 4321 3629 4375 ad!
3649 4312 3799 4372 Eccle-

2253 4426 2391 4480 siam
2426 4425 2667 4497 lequitur
2696 4424 2874 4479 Deus:
2933 4423 3105 4494 Super
3138 4439 3315 4477 muros
3346 4431 3460 4475 tuos
3488 4407 3801 4497 constitui

2256 4518 2450 4584 stades,
2495 4495 2595 4589 qui'
2619 4531 2901 4587 numquam
2931 4515 3189 4579 tacebunt,
3222 4511 3577 4570 recordantes
3603 4495 3801 4559 Domini.

547 4605 902 4662 credentibus
940 4606 1332 4677 repromissum
1356 4619 1477 4662 est:
1513 4606 1630 4661 Erit
1658 4609 1751 4664 tibi
1772 4607 2027 4665 Dominus
2051 4610 2147 4667 lux
2171 4591 2341 4680 1διιιιὶ
2391 4610 2710 4667 exaltabunt
2752 4623 2943 4664 vocem
2999 4608 3079 4664 de.
3122 4606 3451 4663 sublimibus
3489 4599 3801 4657 disserentes.

547 4713 745 4759 reterna
795 4700 948 4776 ('Isai.
983 4718 1083 4768 ιχ,
1133 4701 1252 4772 20),
1283 4702 1334 4756 in
1367 4702 1457 4757 die
1490 4704 1718 4759 honeste
1757 4704 2055 4773 ambulant,
2090 4716 2147 4762 et
2251 4703 2407 4762 Unde
2436 4702 2635 4758 dicitur
2660 4701 2726 4757 ad
2758 4715 2857 4758 eos
2884 4699 3119 4773 (Supra,
3152 4716 3239 4765 χιι,
3271 4698 3343 4771 9‘)
3371 4716 3385 4753 ε
3435 4695 3601 4765 Super
3622 4692 3805 4776 montem

545 4807 674 4851 sunt
700 4774 957 4851 lilii—hicis
981 4802 1038 4851 et
1062 4793 1203 4860 diei;
1237 4805 1291 4849 et
1325 4805 1664 4865 cognoscunt
1707 4810 1829 4850 eum
1873 4798 1977 4868 qui'
2011 4797 2146 4855 dicit
2251 4795 2508 4855 excelsum
2530 4796 2747 4851 ascende
2772 4795 2862 4865 qui
2888 4793 3209 4868 euangelizas
3239 4792 3394 4848 Sion.
3441 4782 3693 4879 Exultant

547 4888 615 4941 ad
644 4887 864 4958 Moysen
893 4904 905 4938 :
950 4885 1114 4952 Vade,
1159 4887 1243 4942 dic
1273 4884 1402 4956 ﬁliis
1452 4883 1641 4955 Israel,
1671 4888 1758 4955 qui
1787 4896 1861 4940 est
1894 4866 2038 4941 misit
2065 4904 2145 4943 me
2252 4892 2671 4946 titudine'uocem
2706 4897 2848 4943 tuam
2884 4887 2976 4959 qui
3004 4866 3334 4960 euangelizas
3372 4878 3675 4939 Jerusalem.
3728 4866 3806 4960 Ni

550 4954 753 5051 (Exod:
790 4995 881 5046 ιιι,
917 4978 1007 5049 Η)
1041 4996 1055 5032 :
1095 4989 1147 5033 et
1175 4954 1336 5057 quem
1382 4980 1435 5033 in
1462 4954 1665 5034 sanctis
1686 4954 1689 4955 7
1710 4989 1839 5034 ante
1867 4993 2142 5050 cognove-
2254 4984 2377 5055 pari‘
2413 4982 2583 5038 Deum
2634 4996 2769 5037 voce
2818 4954 3153 5046 laudabunt;
3185 4986 3241 5034 et
3268 4977 3449 5033 oculis
3478 4968 3720 5027 videbunt
3752 4954 3815 5057 ad

548 5049 703 5140 iam,
734 5070 897 5125 “iam
925 5070 1027 5124 Sibi
1056 5049 1253 5127 ades-ie
1282 5081 1638 5141 οοεηοεοθηιο
1945 5049 1955 5050 7
2250 5049 2459 5132 oculos.
2502 5072 2669 5142 Quod’
2685 5072 2805 5128 aliis
2835 5072 3017 5126 Verbis
3040 5070 3341 5149 Apostolus
3367 5068 3527 5124 dicit:
3580 5058 3722 5149 Facit
3745 5049 3811 5149 uti:

626 5161 808 5237 (’V'ers.
836 5162 887 5225 7,
910 5159 996 5233 8⁵.)
1028 5159 1195 5226 Quam
1238 5163 1445 5232 pulchri
1477 5180 1630 5236 super
1655 5173 1850 5220 montes
1875 5165 2029 5237 pedes
2058 5183 2145 5221 an-
2253 5168 2437 5240 facient
2480 5166 2547 5237 ('l‘
2575 5164 2694 5221 ϐον.
2726 5162 2894 5237 xm);
2928 5142 3148 5235 quando
3202 5162 3441 5219 Sanctus
3467 5157 3633 5215 canit:
3680 5142 3813 5205 Oculi

546 5254 837 5311 nuntiantis
858 5263 908 5309 et
927 5253 1467 5326 praedicantispacem,
1491 5265 1539 5310 et
1558 5260 1914 5316 annuntiantis
1931 5260 2143 5314 bonum:
2249 5262 2366 5315 mei‘
2387 5276 2587 5333 semper
2612 5259 2680 5312 ad
2709 5258 3003 5313 Dominum
3039 5256 3158 5329 (Ps.
3192 5274 3344 5323 χειν,
3377 5257 3445 5312 f5
3467 5260 3507 5327 ).
3552 5252 3645 5307 Et:
3676 5243 3746 5301 Ad
3769 5250 3809 5333 te

547 5346 882 5417 pmdicantis
900 5344 1141 5412 salutem,
1164 5354 1219 5400 et
1237 5345 1457 5401 dicentis
1480 5344 1895 5421 Sionzﬂeguabit
1909 5348 2017 5431 [ΑΙ.
2038 5348 2141 5405 Re-
2248 5352 2410 5408 levavi
2442 5332 2619 5406 oculos
2661 5366 2818 5416 meos,
2876 5351 2963 5421 qui
2990 5349 3197 5405 habitas
3220 5351 3275 5403 in
3306 5348 3439 5403 caelo
3484 5344 3603 5415 (Ps.
3635 5355 3718 5431 sx.
3741 5332 3802 5402 1')-

546 5438 759 5512 gnauit]
806 5435 950 5493 Deus
973 5449 1113 5494 tuus.
1154 5436 1267 5494 Vox
1291 5438 1676 5510 speculatorum
1698 5428 2144 5497 tuorumslevave-
2248 5443 2317 5499 Et
2342 5443 2608 5498 Dominus
2637 5442 2991 5512 respondebit
3022 5442 3071 5496 ei
3100 5459 3113 5495 :
3161 5440 3318 5495 Oculi
3358 5440 3496 5493 enim
3523 5428 3720 5490 Domini
3737 5440 3809 5478 su-

545 5542 669 5588 runt
696 5548 911 5587 vocem:
941 5532 1107 5586 simul
1131 5533 1451 5599 laudabunt,
1502 5535 1627 5605 quia
1665 5537 1813 5589 oculo
1835 5535 1903 5588 ad
1935 5535 2142 5589 oculum
2248 5554 2340 5610 per
2380 5542 2577 5610 justas,
2630 5547 2678 5591 et
2731 5550 2887 5589 aures
2936 5535 3081 5590 illius
3132 5537 3186 5589 in
3236 5549 3444 5601 precem
3485 5545 3657 5585 eorum
3701 5515 3804 5592 (Ρῖσ

544 5624 806 5689 videbunt,
836 5641 954 5677 cum
982 5628 1286 5680 converterit
1321 5625 1573 5681 Dominus
1595 5625 1746 5683 Sion.
1770 5624 1949 5682 EX‘X’:
1995 5627 2144 5682 Sicut
2252 5648 2447 5698 sum,
2478 5630 2604 5701 16).
2674 5629 2785 5683 libo
2831 5628 2975 5699 quod
3028 5627 3388 5701 Septuaginta
3423 5617 3805 5701 transtuleruM’:

550 5715 677 5767 hora
699 5730 855 5784 super
881 5726 1075 5768 montes
1116 5731 1133 5770 :
1165 5717 1238 5770 sic
1281 5716 1435 5787 pedes
1468 5719 1872 5790 eoaugelizantis
1899 5716 2141 5773 auditum
2247 5726 2387 5780 sicut
2411 5694 2541 5801 ὅιρα,
2564 5694 2638 5777 id‘
2654 5730 2760 5787 est,
2792 5694 2921 5775 liora
2944 5694 3313 5792 super'inontes
3340 5732 3373 5771 :-
3386 5717 3464 5771 sic
3491 5711 3611 5786 [Αἳο
3649 5694 3807 5801 Sim]

549 5807 697 5887 pacis
716 5850 729 5873 ,
768 5807 1169 5879 euangelizanti:
1194 5810 1366 5866 bona:
1416 5813 1541 5885 quia
1572 5814 1806 5868 auditam
1838 5814 2029 5889 faciam
2055 5828 2141 5865 sa-
2245 5816 2399 5891 pedes
2425 5797 2819 5887 euangelizantis
2852 5810 3022 5889 θος
3058 5812 3292 5868 auditum
3322 5809 3491 5894 pacis,
3519 5814 3577 5862 et
3601 5797 3803 5869 rellil‘"!
