3932 6382
141 351 244 411 505

664 350 1318 412 COMMENTARIORUM
1357 353 1424 412 IN
1466 353 1697 410 ISAIAM
1736 353 2159 414 PROPIIETAM
2198 357 2326 414 LIB.
2366 357 2510 415 XIV.
2553 357 2708 415 CAP.
2747 357 2882 414 LIII.

3331 355 3436 417 506

138 463 289 533 licus,
323 465 420 537 qui
460 474 589 537 post
617 464 832 521 Petrum
885 467 1186 524 Romanam
1230 469 1370 526 rexit
1403 467 1726 535 Ecclesium,
1758 471 1809 532 Α
1838 469 2050 526 Domini
2079 473 2166 527 cui
2193 472 2477 528 revelatum
2521 476 2634 528 est?
2662 474 2945 528 raritatem
2990 473 3327 530 credentium
3363 474 3441 529 si-

136 559 327 614 scrihit
381 560 450 614 ad
508 561 862 616 Corinthios:
917 563 1205 634 Sceptrum
1241 573 1267 601 ι
1325 563 1422 617 Dei
1471 562 1736 619 Dominus

134 650 298 724 613
326 651 490 706 Jesus
520 652 793 718 Chrisuts,
829 671 934 710 non
981 657 1135 712 venit
1167 657 1221 711 in
1251 654 1512 724 jactantia
1545 671 1737 726 snper-

137 742 265 808 biae,
298 760 421 800 cum
455 746 628 814 possit
668 748 876 816 omnia,
930 751 1024 805 sed
1086 752 1138 806 in
1187 751 1520 806 humilitate.
1552 750 1738 806 Intan-

133 843 242 887 tum
269 847 324 889 ut
345 836 712 894 verberatusa
731 841 980 895 ministro
1009 843 1332 909 sacerdotis,
1355 843 1731 914 responderit:

131 926 174 978 si
198 929 335 982 male
358 928 563 984 locutus
589 948 724 995 sum,
753 949 916 1003 argue
936 937 999 989 de
1022 950 1267 1003 peccato;
1297 935 1376 989 sin
1396 945 1565 989 autem
1587 935 1732 1001 bene,

128 1018 252 1087 quid
282 1035 362 1072 me
385 1023 543 1076 aedis
566 1022 758 1093 (onan.
786 1041 919 1080 xvnt
941 1026 998 1096 )?
1030 1027 1236 1083 habens
1289 1028 1578 1085 duodecim
1623 1031 1734 1085 An-

126 1112 376 1180 gelorum
427 1115 620 1183 millia,
657 1133 779 1188 quae
810 1119 960 1175 illius
989 1122 1211 1178 nutibus
1257 1123 1566 1180 ohedirent.
1621 1122 1736 1180 Iste

122 1219 362 1279 asperget
388 1219 564 1281 gentes
594 1211 812 1278 multas,
843 1215 1117 1270 muttdans
1142 1231 1236 1272 eas
1263 1217 1530 1288 sanguine
1547 1233 1650 1274 suo
1679 1227 1732 1274 et

122 1299 173 1354 in
209 1301 549 1371 baptismate
581 1304 674 1359 Dei
700 1321 1038 1364 consecrans
1059 1311 1333 1366 servituti.
1363 1309 1536 1378 Super
1566 1312 1734 1380 ipsum

120 1393 462 1449 continebant
487 1413 632 1467 reges
663 1414 721 1452 os
746 1416 919 1466 suum,
947 1409 1006 1456 et
1037 1402 1311 1471 principes
1352 1402 1563 1469 sa:culi,
1599 1417 1732 1472 quo-

119 1500 246 1541 rum
283 1491 465 1544 omnis
509 1492 776 1562 sapientia
814 1496 993 1551 crucis
1038 1497 1424 1566 praedicatione
1467 1496 1731 1552 subversa

115 1589 200 1636 est
237 1600 254 1636 :
288 1592 347 1637 et
379 1585 470 1654 qui
508 1601 614 1642 non
649 1585 957 1644 habuerant
979 1589 1178 1659 Legem
1223 1600 1279 1646 et
1318 1590 1644 1661 Prophetas,
1677 1599 1734 1647 et

112 1672 327 1740 quibus
359 1674 429 1730 de
451 1692 518 1732 eo
548 1694 656 1733 non
687 1679 864 1736 fuerat
891 1683 1228 1749 nuntiatum,
1263 1684 1367 1754 ipsi
1389 1684 1648 1740 videbunt
1677 1693 1735 1740 et

111 1762 460 1837 intelligent.
496 1767 570 1824 De
609 1772 804 1840 quibus
851 1771 1094 1842 10quitur
1137 1783 1196 1830 et
1240 1775 1541 1831 Salvator:
1587 1773 1733 1828 Beati

1835 562 2058 645 gnificat
2079 579 2143 619 ex
2175 561 2400 621 Judzeis.
2427 563 2694 633 Quodque
2719 566 2995 645 sequitur:
3027 565 3276 620 Ascendet
3296 566 3431 620 sicut

1837 640 2119 727 virgultum
2139 675 2312 712 coram
2338 673 2433 723 eo;
2467 673 2562 726 pro
2585 673 2693 728 quo
2720 658 2862 714 LXX
2888 640 3302 719 transtulerunt.
3325 658 3434 713 An-

1838 753 2180 806 uuntiavimus
2212 753 2341 806 sicut
2373 752 2645 824 parvulum
2683 769 2857 807 coram
2885 770 2943 808 eo
2986 771 3004 808 :
3042 769 3141 823 pro
3183 750 3428 824 virgulto,

1838 841 2218 911 Symmachus,
2250 859 2452 896 ramum
2476 845 2868 911 interpretatus
2884 855 2989 910 est,
3013 854 3071 899 ut
3091 853 3428 913 assumptum

1836 934 2151 991 ostenderet
2183 935 2458 991 hominem
2484 938 2573 1005 qui
2599 936 2950 1005 processitde
2975 948 3131 993 utero
3156 937 3431 1008 virginali.

1839 1029 1919 1084 De
1946 1045 2052 1099 quo
2094 1028 2287 1083 infert:
2325 1029 2473 1084 Sicut
2523 1030 2677 1083 radix
2709 1030 2772 1083 de
2800 1040 2937 1083 terra
2963 1029 3175 1084 sitienti.
3226 1029 3331 1083 Pro
3363 1029 3437 1084 si—

1836 1122 2003 1188 tienti,
2032 1121 2230 1190 Aquila
2261 1122 2653 1192 interpretatus
2679 1132 2786 1186 est,
2830 1122 2992 1188 invia,
3024 1131 3081 1176 ut
3108 1120 3436 1190 virginitatis

1836 1215 2177 1285 privilegium
2200 1213 2625 1282 demonstraret,
2656 1213 2798 1282 quod
2826 1212 3034 1282 absque
3059 1211 3176 1266 ullo
3197 1210 3436 1266 humano

1835 1308 2046 1362 semine
2085 1306 2152 1362 de
2177 1314 2327 1361 terra
2359 1308 2512 1376 prius
2542 1306 2681 1361 invia
2723 1307 2797 1360 sit
2827 1314 3066 1359 creatus.
3108 1302 3217 1358 Iste
3257 1312 3341 1357 est
3370 1302 3439 1356 de

1835 1415 1943 1470 quo
1970 1410 2023 1454 et
2053 1415 2219 1469 supra
2253 1400 2515 1470 legimus:
2544 1396 2696 1453 Exiet
2721 1401 2862 1470 uirga
2894 1399 2957 1451 de
2982 1395 3160 1449 radice
3186 1393 3355 1459 Jesse,
3390 1403 3438 1447 et

1834 1493 1932 1562 [los
1960 1491 2024 1544 de
2053 1490 2228 1545 radice
2253 1494 2363 1564 ejus
2394 1491 2634 1545 ascendet
2663 1489 2820 1562 (Isai.
2854 1506 2932 1558 ιι,
2967 1489 3046 1559 I);
3096 1499 3153 1542 ut
3188 1497 3209 1527 ε
3250 1485 3442 1540 nativi-

1837 1593 2000 1640 tatem
2024 1585 2144 1653 ejus
2176 1595 2230 1639 ct
2257 1599 2543 1640 ascensum
2573 1584 2840 1654 significet
2883 1583 2933 1636 iu
2962 1581 3188 1636 mttndo.
3219 1579 3314 1634 Sin
3347 1566 3444 1632 au?-

1838 1690 1944 1735 tem
1975 1694 2080 1733 non
2119 1679 2353 1733 habebat
2373 1678 2612 1749 speciem
2639 1691 2816 1747 neque
2845 1676 3109 1746 gloriam;
3140 1673 3236 1730 sed
3265 1673 3440 1728 forma

1835 1772 2006 1842 ipsius
2033 1784 2151 1826 erat
2182 1771 2434 1842 ignobilis
2461 1781 2515 1826 et
2543 1770 2807 1826 defit-iens
2840 1784 2951 1839 pra:
2976 1768 3105 1824 ﬁliis
3131 1767 3438 1838 hominum,

109 1857 198 1927 qui
216 1876 331 1913 non
359 1860 598 1918 viderunt
613 1876 661 1918 et
691 1865 1018 1922 crediderunt
1042 1866 1232 1939 (Joan.
1254 1885 1346 1936 xx,
1369 1867 1488 1938 29).
1515 1867 1572 1922 In
1596 1882 1732 1938 quo-
1762 1869 1809 1928 B
1837 1867 1950 1922 sive
1982 1873 2042 1920 ut
2084 1865 2315 1920 habetur
2355 1864 2408 1920 in
2457 1864 2712 1930 llebrazo,
2743 1863 3014 1933 despectus
3047 1871 3092 1915 et
3124 1861 3436 1915 novissimus

112 1965 233 2004 rutn
258 1955 696 2024 comparatione,
727 1957 1044 2014 Jttdteorum
1063 1959 1262 2014 duritia
1287 1959 1728 2030 reprehenditur.

112 2041 202 2110 qui
262 2042 513 2100 videntes
545 2055 601 2101 et
641 2047 947 2115 audientes,
1003 2049 1155 2106 lsaite
1199 2052 1252 2106 in
1298 2066 1358 2107 se
1411 2051 1728 2106 vaticinium

114 2135 560 2206 compleverunt,
596 2139 829 2196 dicentis
863 2145 1097 2197 :Auditu
1148 2145 1395 2212 audietis,
1437 2155 1486 2199 et
1515 2162 1615 2200 non
1647 2146 1728 2199 in-

116 2225 366 2297 telligetis
397 2243 416 2280 :
442 2238 495 2283 et
538 2230 764 2286 videntes
814 2235 1099 2306 aspicietis,
1144 2245 1191 2290 et
1221 2252 1323 2291 non
1351 2236 1604 2291 videbitis.
1636 2235 1732 2291 In-

120 2330 416 2374 crassatum
444 2332 516 2375 est
545 2324 680 2377 enim
708 2340 798 2377 cor
841 2328 1020 2396 papuli
1049 2328 1226 2399 hujus,
1282 2336 1328 2382 et
1349 2326 1566 2381 auribus
1606 2341 1727 2399 gra-

125 2411 252 2465 viter
282 2413 568 2468 audierunt
597 2415 743 2487 (lsa.
781 2433 855 2482 vr,
890 2420 944 2487 9,
977 2419 1102 2490 10).

185 2505 340 2576 (Cap.
364 2506 728 2566 LIII.—Vers.
741 2513 760 2565 'l
781 2527 877 2582 seq
890 2507 1066 2584 Quis
1080 2515 1296 2568 credidit
1308 2516 1515 2568 auditui
1529 2517 1734 2571 nostro?

134 2606 172 2650 et
187 2598 666 2657 brachiumDomini
676 2605 760 2658 cui
771 2604 1049 2660 revelatum
1063 2607 1482 2663 est?Etascendet
1495 2609 1625 2662 sicut
1641 2610 1736 2665 vir-

138 2690 322 2758 gultum
333 2708 506 2746 coram
518 2696 796 2756 eo,etsicut
810 2699 962 2752 radix
973 2699 1410 2754 deterrasitienti:
1423 2717 1524 2755 non
1538 2712 1611 2756 est
1621 2719 1735 2774 spc-

141 2781 232 2835 cies
248 2783 312 2850 ei,
327 2801 487 2854 neque
501 2789 678 2842 decor:
703 2801 750 2842 et
766 2790 1058 2846 vidimuseu
1067 2808 1136 2856 nt,
1153 2801 1200 2845 et
1220 2809 1320 2845 non
1336 2802 1446 2846 erat
1458 2803 1696 2863 aspectus
1715 2810 1734 2848 :

141 2885 180 2928 et
192 2876 593 2936 desideravimus
604 2899 739 2937 eum.
751 2882 1060 2954 Despectam
1079 2897 1123 2940 et
1137 2887 1467 2940 novissimum
1483 2887 1730 2952 virorum,

143 2968 295 3024 virum
323 2971 583 3042 dolorum,
615 2983 662 3028 et
692 2977 937 3031 scientem
967 2977 1357 3047 inﬁrmitatem;
1380 2989 1425 3032 et
1448 2979 1598 3049 quasi
1617 2980 1737 3033 abs-

140 3061 365 3118 conditus
387 3065 562 3120 vultus
599 3070 734 3140 ejus,
769 3077 816 3122 et
852 3069 1121 3139 despectus
1151 3073 1331 3125 :unde
1358 3087 1450 3125 nec
1479 3073 1735 3143 reputavi-

139 3168 242 3208 ntus
273 3172 405 3210 eum.
450 3157 577 3214 Vere
605 3160 883 3231 languores
911 3173 1115 3218 nostros
1142 3165 1252 3236 ipse
1283 3164 1422 3232 tulit,
1455 3177 1499 3219 et
1528 3165 1736 3220 dolores

1835 1960 2082 2026 virorum,
2115 1959 2391 2028 quomodo
2415 1958 2467 2011 in
2501 1957 2730 2012 Psalmis
2759 1957 2987 2010 dicitur:
3024 1955 3307 2023 Accingere
3325 1951 3441 2026 gla-

1834 2054 1921 2106 dio
1950 2064 2035 2107 tuo
2065 2069 2219 2124 super
2239 2051 2407 2122 femur
2439 2060 2605 2114 tuum,
2639 2050 3015 2119 potentissime,
3049 2045 3441 2118 pulchritudine

1832 2158 1880 2203 et
1936 2148 2120 2202 decore
2166 2157 2254 2200 tuo
2307 2145 2426 2219 (Ps.
2471 2160 2618 2210 κων,
2661 2144 2747 2213 4)⁶ἒ
2778 2142 2936 2211 Quod
2979 2141 3135 2197 facile
3179 2141 3434 2196 solvitur.

1837 2243 2134 2312 Despectus
2192 2249 2310 2296 erat
2360 2249 2416 2295 et
2477 2238 2734 2310 ignobilis
2782 2236 3004 2308 quando
3060 2235 3329 2307 pendebat
3384 2235 3438 2290 in

1834 2350 2018 2402 eruce,
2049 2343 2104 2390 et
2132 2333 2307 2389 factus
2332 2348 2431 2403 pro
2454 2332 2615 2388 nobis
2647 2331 3021 2395 maledictum,
3049 2337 3270 2400 peccata
3305 2343 3437 2383 nos-

1839 2437 1917 2483 tra
1951 2427 2219 2498 portabat.
2251 2426 2316 2480 Et
2347 2425 2674 2493 loquebatur
2703 2423 2846 2478 Patri
2883 2440 2896 2474 :
2931 2421 3068 2476 Deus
3099 2419 3238 2474 Deus
3269 2435 3437 2487 meus,

1832 2537 1996 2594 quare
2027 2537 2106 2574 me
2134 2518 2454 2589 dereliquisti
2479 2515 2698 2588 (Matth.
2726 2530 2898 2581 xxvii,
2933 2511 3051 2584 46)?
3074 2513 3315 2584 Inclytus
3340 2525 3438 2564 au-

1839 2624 1946 2671 tem
1979 2623 2114 2680 erat,
2148 2622 2201 2668 et
2241 2611 2481 2667 decorus
2508 2618 2754 2677 aspectu,
2785 2603 3002 2677 quando
3033 2604 3098 2659 ad
3128 2604 3435 2675 passionem

1837 2708 1955 2778 ejus
1985 2716 2131 2762 terra
2153 2704 2505 2766 contremuit.
2536 2716 2666 2756 saxa
2699 2700 2916 2769 dirupta
2945 2707 3093 2766 sunt,
3121 2695 3435 2766 ctfugiente

1837 2803 1972 2863 sole.
2003 2809 2266 2856 internum
2315 2808 2528 2853 noctem
2560 2796 2829 2850 elementa
2872 2793 3189 2847 timuerunt.
3223 2789 3300 2843 De
3329 2801 3440 2858 quo

1837 2903 1894 2950 et
1930 2907 2129 2962 sponsa
2180 2890 2234 2946 in
2275 2889 2502 2946 Cautico
2534 2889 2879 2943 Canticorum
2908 2902 2921 2938 :
2968 2881 3262 2938 Fratruelis
3291 2896 3437 2935 meus

1837 2988 2115 3052 candidus,
2147 2995 2194 3038 et
2222 2983 2560 3048 rubicundus,
2602 2982 2790 3035 electus
2818 2979 2880 3033 de
2911 2975 3140 3031 millibus
3170 2973 3345 3046 (Cant.
3379 2989 3435 3040 v,

1842 3080 1951 3149 10).
1980 3076 2258 3133 Candidus
2289 3073 2625 3145 plenitudine
2656 3087 2718 3126 ac
2749 3069 2986 3141 puritate
3011 3070 3272 3123 virtutum
3299 3107 3314 3132 ,
3348 3081 3438 3119 ru-

1839 3170 2108 3226 bicundus
2135 3170 2184 3222 in
2216 3169 2489 3236 passione,
2521 3165 2591 3220 de
2618 3179 2722 3234 qua
2755 3171 2944 3232 postea
2971 3162 3160 3216 lecturi
3191 3171 3382 3214 sumus
3414 3176 3429 3212 :

139 3258 331 3304 rastros
361 3250 544 3323 [Vulg.
574 3256 771 3324 repetit
797 3256 927 3328 ipse]
956 3259 1176 3329 portavit
1203 3275 1218 3312 ε
1244 3268 1292 3313 et
1318 3276 1413 3314 nos
1442 3263 1734 3328 putavimus
1764 3261 1809 3326 C
1843 3266 1970 3332 Quis
1994 3272 2066 3317 est
2087 3263 2185 3318 iste
2209 3262 2296 3331 qui
2318 3260 2548 3315 ascendit
2579 3260 2641 3312 de
2677 3256 2864 3316 Edam.
2899 3253 3041 3326 fulva
3073 3251 3182 3326 [AL
3217 3249 3442 3322 [uivida]

136 3357 250 3418 eum.
287 3348 434 3414 quasi
473 3348 758 3418 leprosum,
791 3360 839 3404 et
864 3366 1165 3422 percussum
1191 3369 1222 3405 a
1252 3351 1384 3420 Deo,
1414 3362 1460 3407 et
1489 3353 1734 3409 humilia-

137 3441 257 3487 tum.
310 3435 447 3491 LXX
476 3455 488 3490 :
523 3436 768 3508 Domine,
812 3442 926 3512 quis
955 3442 1176 3496 credidit
1219 3444 1424 3498 auditui
1451 3454 1650 3514 nostro,
1684 3457 1732 3500 et

135 3521 388 3580 brachium
437 3527 655 3584 Domini
685 3533 769 3585 cui
813 3533 1096 3588 revelatum
1145 3535 1257 3590 est?
1298 3535 1732 3590 Annuntiavimus

132 3619 271 3684 quasi
314 3619 588 3687 parvulum
620 3623 674 3676 in
698 3636 971 3696 conspectu
999 3627 1117 3697 ejus
1141 3643 1159 3680 :
1186 3627 1318 3682 sicut
1342 3629 1497 3682 radix
1515 3628 1571 3682 in
1595 3639 1731 3683 terra

128 3709 333 3764 sitienti.
378 3711 501 3766 Non
544 3725 617 3768 est
655 3717 845 3787 species
893 3718 941 3770 ei
987 3733 1147 3788 neque
1189 3719 1378 3790 gloria,
1418 3728 1466 3774 et
1511 3720 1732 3774 vidimus

127 3816 256 3873 eum,
291 3815 336 3860 et
365 3823 469 3860 non
497 3807 715 3862 habebat
747 3810 968 3880 speciem
996 3826 1158 3881 neque
1184 3811 1418 3866 decorem
1445 3829 1463 3866 :
1493 3812 1582 3865 sed
1611 3828 1732 3880 spe-

125 3894 221 3948 cies
261 3900 375 3969 ejus
402 3897 733 3967 inhonorata,
775 3910 821 3954 et
865 3901 1113 3971 deﬁciens
1140 3918 1249 3972 prw
1277 3903 1403 3971 ﬁliis
1440 3901 1728 3958 hominum.

135 3982 308 4040 Homo
329 3989 382 4042 in
409 3990 589 4061 plaga,
614 3999 660 4045 et
679 3993 844 4046 sciens
861 3997 996 4064 ferre
1017 3993 1395 4064 inﬁrmitatem,
1413 3997 1535 4064 quia
1551 4011 1731 4050 aversa

127 4089 197 4130 est
242 4079 405 4148 facies
435 4085 575 4152 ejus,
603 4083 842 4155 despecta
873 4095 919 4139 et
944 4101 1050 4138 non
1077 4096 1341 4156 reputata.
1389 4085 1498 4142 Iste
1525 4097 1736 4159 peccata

127 4180 307 4225 nostra
349 4183 542 4242 portat,
579 4183 627 4228 et
667 4191 761 4247 pro
791 4177 938 4230 nobis
964 4178 1122 4242 dolet,
1169 4188 1215 4230 et
1259 4195 1351 4232 nos
1381 4181 1732 4248 reputavimus

127 4277 242 4314 cum
273 4281 381 4320 esse
412 4266 468 4321 in
495 4266 696 4335 dolore,
730 4280 779 4322 et
820 4269 871 4322 in
915 4268 1071 4339 plaga
1099 4279 1144 4322 et
1177 4270 1230 4322 in
1267 4271 1571 4339 afflictione.
1604 4271 1734 4326 Post

125 4356 296 4410 verba
321 4359 516 4428 Patris,
541 4361 740 4431 quibus
770 4362 936 4417 [ilium
962 4378 1119 4417 suum
1154 4364 1358 4418 mundo
1388 4365 1738 4419 nuntiaverat

123 4462 251 4504 esse
297 4461 628 4520 venturum;
669 4463 728 4511 et
765 4467 893 4512 ante
935 4456 1254 4513 scandalum
1293 4459 1496 4525 crucis,
1528 4458 1598 4512 de
1629 4473 1737 4527 quo

125 4539 374 4602 dicturus
403 4559 522 4604 erat
547 4568 558 4603 :
591 4548 862 4622 Inglorius
883 4553 980 4606 erit
1006 4550 1034 4589 δ
1066 4561 1308 4618 aspectus
1330 4555 1464 4624 ejus,
1494 4561 1541 4605 et
1567 4553 1734 4623 {arma

1837 3356 2136 3410 vestittienta
2156 3358 2266 3421 eius
2283 3368 2348 3407 ex
2364 3351 2556 3416 Bosor;
2587 3351 2795 3404 electus
2814 3347 2882 3401 de
2909 3345 3152 3400 millibus
3175 3345 3229 3399 in
3254 3357 3439 3398 resur-

1834 3449 2168 3511 rectionem;
2199 3446 2366 3514 utqui
2394 3453 2509 3498 erat
2535 3440 2927 3512 primogenitus
2955 3438 3131 3491 omnis
3149 3444 3436 3502 creaturis,

1836 3538 2230 3612 primogenitus
2261 3536 2416 3592 ﬁeret
2445 3550 2510 3588 ex
2541 3534 2789 3587 inortuis.
2820 3529 2974 3597 Quod
3002 3539 3186 3582 autem
3230 3524 3392 3580 infert
3422 3541 3436 3578 :

1837 3634 2008 3689 Homo
2039 3635 2093 3688 in
2123 3633 2302 3686 dolore
2349 3639 2394 3684 et
2423 3629 2588 3683 sciens
2626 3630 2761 3696 ferre
2801 3623 3176 3694 inﬁrmitatem.
3209 3621 3326 3676 sive
3365 3619 3440 3672 vi-

1833 3744 1950 3782 rum
1977 3727 2234 3791 dolorum,
2277 3735 2322 3778 et
2349 3725 2589 3778 scientem
2621 3718 2646 3756 (³
2680 3719 3056 3789 inﬁrmitatem,
3091 3729 3282 3770 verum
3312 3727 3440 3767 cor-

1834 3835 1936 3890 pus
1958 3819 2214 3883 hominis,
2231 3827 2284 3873 et
2306 3831 2486 3871 veram
2506 3815 2854 3869 demonstrat
2869 3811 3130 3875 animam,
3153 3807 3244 3878 qui
3260 3807 3440 3861 sciens

1831 3911 1996 3984 615
2029 3911 2174 3967 ferre
2205 3909 2572 3970 infirmitates,
2601 3920 2794 3961 omnes
2824 3919 2921 3958 eas
2953 3901 3246 3956 divinitate
3279 3913 3445 3969 supe-

1833 4006 1994 4059 ravit.
2031 4001 2099 4058 Et
2122 4002 2476 4058 absconditus
2515 4001 2691 4053 vultus
2733 3998 2881 4052 illius
2928 4005 3090 4064 atque
3121 3995 3434 4062 despectus,

1834 4103 1891 4149 ut
1942 4097 2178 4149 humano
2221 4107 2449 4162 corpore
2505 4090 2688 4144 divina
2722 4087 2962 4156 potentia
3009 4084 3309 4138 celaretur.
3358 4081 3437 4134 De

1834 4203 1943 4257 quo
1991 4204 2152 4257 supra
2193 4188 2399 4242 dictum
2444 4195 2528 4239 est
2563 4200 2574 4236 :
2627 4181 2703 4235 Tu
2747 4198 2799 4235 es
2832 4177 2971 4232 Deus
2999 4175 3349 4242 absconditus,
3394 4184 3443 4228 ct

1834 4280 2199 4334 nesciebamus.
2227 4279 2328 4347 Qui
2371 4291 2501 4332 vere
2547 4276 2839 4345 languores
2869 4282 3091 4325 nostros
3116 4278 3168 4324 et
3217 4278 3439 4338 peccata

1837 4375 2094 4444 portavit,
2143 4381 2198 4427 et
2229 4388 2328 4442 pro
2371 4371 2529 4426 nobis
2572 4367 2739 4433 dolet,
2776 4380 2884 4420 non
2915 4362 3181 4434 putative,
3229 4359 3282 4414 id
3330 4368 3437 4421 est,

1840 4473 1863 4501 θ
1890 4467 1949 4520 τὸ
1978 4463 2164 4530 δοκεῖν,
2219 4471 2278 4517 ιιι
2325 4473 2480 4516 vetus
2527 4469 2582 4514 et
2614 4474 2749 4512 nova
2781 4457 3007 4512 haeresis
3055 4453 3437 4524 suspicantur;

1839 4555 1933 4608 sed
1963 4569 2093 4608 vere
2121 4553 2415 4606 cruciﬁxus
2441 4561 2542 4605 est.
2579 4551 2716 4606 Vere
2739 4549 2930 4615 doluit,
2962 4549 3150 4601 dicens
3180 4545 3230 4598 in
3250 4545 3436 4598 Evan-

124 4639 242 4706 εἰπε*
275 4640 442 4714 614
487 4659 598 4713 pra:
625 4642 752 4713 ﬁliis
794 4643 1080 4713 hominum,
1128 4644 1362 4715 gloriam
1395 4643 1736 4715 przrmiserat
1764 4642 1818 4701 D
1842 4648 2011 4719 gelio:
2049 4645 2232 4699 Tristis
2259 4654 2332 4697 est
2353 4644 2526 4696 anima
2557 4657 2669 4694 mea
2694 4656 2854 4710 usque
2883 4638 2950 4692 ad
2980 4646 3194 4692 mortem
3215 4633 3436 4705 (Matth.

127 4733 552 4787 resurrectionis
585 4750 598 4786 :
633 4731 974 4787 Exultabitur
1001 4743 1047 4787 et
1087 4733 1388 4801 elevabitur,
1428 4744 1474 4787 et
1501 4734 1737 4788 sublimis

128 4821 220 4873 erit
255 4825 411 4891 valde:
433 4842 452 4880 :
507 4836 564 4880 ut
598 4827 911 4881 humilitate
941 4827 1119 4882 crucis
1151 4828 1576 4882 resurrectionis
1617 4828 1732 4897 glo-

131 4911 265 4968 riam
299 4920 655 4988 prmveniret,
689 4919 975 4991 respondit
1001 4919 1398 4989 Prophetarum
1442 4922 1648 4976 chorus
1678 4936 1738 4977 se

131 5003 384 5078 implesse
422 5011 686 5080 oflicium,
718 5023 774 5068 et
800 5021 1062 5083 quantum
1107 5014 1160 5068 in
1199 5028 1260 5070 se
1298 5013 1420 5082 fttit,
1452 5015 1762 5072 brachium.

136 5097 281 5157 illius
309 5116 470 5177 atque
491 5107 752 5162 virtutem
775 5107 1035 5162 omnibus
1059 5108 1360 5162 nuntiasse.
1392 5107 1450 5161 In
1470 5123 1537 5163 eo
1555 5119 1734 5164 autem

138 5195 277 5259 quod
305 5197 436 5254 dicit
463 5216 476 5251 :
512 5197 646 5266 Quis
676 5201 894 5254 credidit
925 5200 1130 5254 auditui
1158 5207 1356 5268 nostra,
1391 5209 1438 5254 et
1469 5201 1738 5255 brachium

176 5354 331 5432 _'_S_.
373 5355 673 5432 Clementis
707 5356 875 5432 verba
923 5367 1053 5432 sunt
1084 5372 1148 5432 es
1185 5355 1424 5424 Epistula
1474 5373 1491 5412 ι
1530 5355 1595 5410 ad
1623 5355 1729 5412 Co-

151 5425 366 5482 rinthios
397 5445 566 5499 usque
596 5427 665 5483 ad
697 5430 922 5484 verbum
975 5427 1265 5482 humilitate
1289 5445 1308 5482 .·
1339 5443 1446 5482 non
1479 5443 1606 5482 vero
1644 5445 1735 5483 us-

154 5507 248 5561 que
272 5499 335 5549 ad
363 5500 754 5570 subsequentis
783 5499 992 5571 periodi
1031 5499 1316 5568 obedirent,
1345 5499 1487 5569 quod
1516 5499 1735 5556 Martia-

158 5579 294 5622 uteus
325 5572 550 5635 putavit.

220 5635 246 5673 δ
286 5639 443 5712 addit
469 5641 750 5697 Victorius
774 5642 908 5695 inter
931 5643 1068 5697 viros
1094 5657 1158 5698 ex
1194 5641 1440 5712 Vulgata.

225 5717 245 5783 ξ
276 5709 505 5783 _\_iictor.,
536 5722 592 5766 ut
615 5713 894 5783 nativitatis
927 5715 1038 5783 ejus
1065 5709 1355 5769 ascensum.

173 5773 508 5906 mammam
560 5785 694 5854 ferre
739 5781 826 5840 hic
873 5773 1088 5855 quoque
1137 5784 1475 5841 interserunt
1507 5785 1736 5842 Ambro-

217 5863 284 5903 ilnl
310 5863 436 5906 mss.

1841 4757 2002 4806 xxvr,
2045 4737 2165 4810 58).
2206 4738 2274 4793 Et
2305 4755 2317 4791 :
2362 4735 2518 4790 Nunc
2559 4734 2732 4787 anima
2760 4748 2874 4786 mea
2904 4731 3112 4784 turbata
3149 4736 3225 4780 est
3253 4725 3437 4796 (Joan.

1841 4849 1936 4900 xu,
1969 4829 2085 4902 27).
2130 4829 2199 4885 Ει
2250 4844 2350 4883 nos
2390 4825 2701 4895 putavimus
2740 4839 2864 4878 eum
2909 4836 3032 4885 esse
3072 4818 3436 4882 immundum,

1837 4924 1958 4980 sive
1986 4925 2037 4977 in
2068 4923 2266 4990 dolore,
2292 4931 2350 4975 ut
2374 4919 2723 4989 Septuaginta
2756 4918 3174 4977 transtulerunt,
3201 4925 3298 4980 pro
3329 4923 3438 4979 quo

1840 5017 2036 5080 Aquila
2090 5025 2145 5070 et
2192 5013 2552 5087 Sytnniachus
2598 5016 2894 5078 posuerunt
2932 5008 3213 5076 leprosum,
3260 5002 3443 5059 Theo-

1838 5108 2009 5174 dotio,
2039 5107 2380 5178 ﬂagellatam.
2429 5103 2584 5171 Quod
2621 5103 2743 5156 aliis
2775 5101 2954 5156 verbis
2988 5097 3258 5154 Hebraico
3301 5095 3441 5150 idio-

1841 5213 1984 5256 tnate
2016 5201 2159 5269 lepra
2191 5196 2530 5267 intelligitur,
2576 5196 2734 5266 juxta
2767 5194 2900 5250 illud
2945 5191 3087 5264 quod
3136 5191 3189 5246 in
3225 5189 3441 5262 psalmo

1910 5368 1934 5396 °
1964 5361 2031 5415 Τὸ
2077 5358 2272 5421 δοκεῖν,
2308 5365 2416 5412 etc.
2462 5356 2743 5411 Miraberis
2785 5356 3130 5424 antiquorum
3164 5350 3437 5406 editorum

1843 5431 2232 5494 temeritatem,
2289 5429 2381 5497 qui
2410 5443 2508 5499 pro
2537 5431 2596 5485 τὸ
2625 5427 2811 5487 δοκεῖν,
2851 5426 2994 5494 ‹ιιι‹›‹ι
3030 5426 3214 5499 Ιθςιιιιι
3243 5434 3435 5499 omnes

1843 5515 1976 5556 mss.
2004 5492 2243 5564 codices,
2282 5492 2438 5553 nobis
2467 5500 2770 5553 obtroduut
2805 5492 2992 5550 vocem
3021 5492 3306 5546 confictam
3341 5494 3437 5546 οἰο-

1840 5575 2034 5644 μένως,
2068 5585 2188 5644 qtae
2226 5571 2381 5644 nihil
2411 5567 2878 5644 habet_afiln_i_tatis
2917 5580 3041 5619 cum
3075 5564 3310 5644 lectitipe
3336 5578 3432 5644 ge-

1845 5631 2032 5698 nuina
2069 5631 2513 5712 Hier-Onymiana.
2566 5638 2846 5712 Signiﬁcat
2901 5646 3082 5690 autem
3127 5637 3188 5690 τὸ
3241 5631 3430 5712 dontis,

1839 5715 1993 5784 juxta
2049 5705 2471 5784 apparentiam,_
2510 5705 3103 5784 secu'ntlum__apparere
3140 5705 3431 5784 _et_videri.

1846 5775 1978 5840 Hinc
2008 5775 2254 5838 Veterum
2281 5775 2700 5838 Maniéhtl‘orum
2727 5792 2780 5833 et
2809 5781 3110 5834 Turcarum
3140 5775 3434 5833 hodierno‘

1844 5869 1964 5913 rum
1992 5866 2235 5913 errorem
2270 5853 2664 5927 redarguimus.
2709 5852 2977 5909 ΜΑιιτιΑιι.
