3932 6342
119 362 242 416 509

682 356 1340 415 COMMENTARIORUM
1380 357 1445 411 ll‘
1488 355 1731 412 lSAl‘AM

1841 354 2202 411 lWﬁETAM‘
2237 354 2369 411 LIB.
2413 352 2552 411 XIV.
2593 353 2753 412 CAP.
2795 354 2930 413 ΜΠ.

3348 353 3456 410 ΜΘ

118 473 222 532 iur
265 476 418 552 (ﬁer.
455 491 545 530 vni
575 485 628 530 et
647 475 845 544 θείη),
899 484 958 528 et
1003 474 1186 543 legens
1215 470 1334 543 Tuon
1388 471 1744 542 intelligeret,
1773 471 1825 531 Α
1853 480 1958 536 est,
1997 470 2298 526 secundum
2327 469 2462 526 iliud
2487 489 2500 524 :
2543 469 2680 538 Qui:
2701 472 2930 544 sapiens,
2961 481 3010 524 et
3036 471 3287 543 intelliget
3314 472 3461 529 liae:

118 569 547 638 interpretante
595 566 846 637 Philippo
896 580 1076 636 super
1117 565 1372 634 passione
1420 574 1486 619 ειν
1526 565 1749 620 nomine

119 659 472 722 Salvatoris,
521 655 809 722 intellexit,
844 665 898 709 et
945 655 1128 708 statim
1176 654 1499 725 baptizatus,
1538 655 1590 708 ιιι
1623 653 1753 724 agni

116 750 408 820 sanguine
450 764 610 819 quem
662 747 881 816 legebat
909 789 924 812 ,
958 746 1042 800 vir
1090 747 1294 802 meruit
1344 747 1632 817 appellari,
1693 753 1748 800 et

119 853 154 880 δ’
180 843 487 914 Apostolus
535 841 685 910 genti
710 839 1031 910 Ethiopum
1068 840 1271 896 missus
1295 848 1398 894 est.
1431 839 1534 907 Qui
1584 839 1748 909 igitur

117 938 355 991 obl‘atus
384 943 474 989 est
500 933 702 1000 Pilato,
735 934 866 1004 quia
896 934 1014 1003 ipse
1049 931 1256 997 voluit;
1290 942 1348 986 et
1376 947 1485 985 non
1518 946 1747 1000 respon-

115 1028 235 1094 dit,
270 1037 340 1082 ιιι·
389 1026 692 1097 patibulum
728 1041 828 1097 pro
859 1025 1020 1080 nobis
1067 1024 1356 1080 damnatus
1401 1023 1742 1090 ascenderet,

115 1122 254 1191 ipse
285 1121 432 1175 sicut
477 1120 598 1174 ovis
628 1119 696 1176 ad
738 1119 1074 1174 occisionem
1119 1117 1315 1173 ductus
1346 1130 1451 1186 est,
1504 1126 1558 1172 et
1587 1117 1750 1188 quasi

114 1228 307 1284 agnus
338 1228 524 1266 eorum
551 1211 817 1267 tondente
846 1210 1138 1266 obmutuit.
1175 1210 1377 1265 Etenim
1409 1211 1600 1280 pascha
1624 1227 1744 1264 nos-

113 1317 269 1361 trum
296 1307 684 1360 immolatusest
713 1303 946 1360 Christu;
981 1304 1040 1376 (1⁵
1059 1303 1181 1358 Cor.
1215 1303 1294 1376 v),
1321 1319 1480 1373 quem
1504 1302 1746 1358 Joannes

113 1397 373 1466 Baptista
411 1397 782 1461 monstrabat,
832 1395 1062 1450 dicens:
1100 1394 1246 1448 Ecce
1262 1411 1426 1466 agnus
1463 1393 1580 1463 Dei,
1629 1409 1744 1447 ecce

112 1488 384 1559 quitoliit
415 1499 627 1557 peccatu
645 1487 834 1541 mundi
859 1486 1040 1558 (Joan.
1075 1503 1112 1552 ι,
1147 1485 1264 1558 29).
1296 1486 1394 1555 Qui
1429 1498 1483 1541 et
1512 1487 1563 1540 in
1594 1485 1740 1556 Apo-

111 1583 340 1654 calypsi
390 1581 617 1638 Joannis
669 1581 1059 1651 Evangelistre,
1114 1595 1287 1652 agnus
1330 1582 1544 1636 occisus
1594 1595 1738 1651 saepe

111 1683 470 1731 memoratur
501 1674 756 1746 (:Apocal'.
802 1672 887 1746 v).
923 1673 1025 1740 Qui
1077 1674 1146 1729 de
1177 1674 1358 1746 sei‘pso
1407 1675 1651 1745 loquitur
1681 1675 1735 1730 in

109 1766 368 1823 Ieremia
404 1765 622 1838 (forem.
649 1768 747 1840 XI).
780 1765 950 1839 θη
980 1767 1091 1838 Ego
1119 1777 1292 1821 autem
1316 1769 1448 1821 sicut
1470 1783 1633 1838 agnus
1654 1766 1736 1819 in-

1849 563 2166 636 inteltigens,
2193 575 2252 618 et'
2269 574 2555 638 cognoscet
2574 581 2636 618 ea
2665 564 2822 635 (Osee
2847 579 2959 634 xw,
2994 563 3123 635 f0)?
3149 563 3251 620 εἴη·
3267 575 3454 622 autem

1851 658 2092 728 prudens
2150 658 2324 713 lector
2361 655 2522 712 tacita
2571 656 2901 727 cogitatione
2941 655 3327 724 responderit:
3384 656 3458 713 Et

1849 748 2124 820 quomodo
2154 749 2414 818 scriptum
2445 757 2575 803 est:
2601 747 2772 802 Nemo
2811 749 2958 802 nouit
2979 746 3182 802 litium
3213 749 3324 803 nisi
3347 745 3453 804 Pir-

1848 849 1958 894 ter:
2001 849 2048 894 et
2077 856 2224 895 nemo
2248 841 2417 912 619
2444 842 2585 894 novit
2622 839 2856 904 Patrem,
2901 841 3014 894 nisi
3047 837 3244 908 Filius,
3286 849 3338 897 et
3362 842 3452 896 cui

1847 933 2073 987 voluerit
2099 930 2270 986 Filius
2300 935 2571 988 revelare?
2602 932 2677 986 Et
2711 932 2800 1002 qui
2836 931 2992 986 novit
3017 931 3244 988 Patrem
3265 944 3320 988 et
3360 932 3454 988 FF-

1847 1024 2001 1090 Ii'um,
2037 1024 2225 1094 utique
2256 1031 2312 1079 et
2341 1025 2712 1093 generationis
2743 1034 2926 1094 potest
2968 1038 3226 1082 enarrare
3252 1037 3454 1098 myste-

1845 1119 2011 1172 rium.
2057 1115 2259 1171 Audi'at
2304 1116 2458 1170 aliud
2497 1131 2622 1172 esse
2671 1131 2852 1183 nosse,
2888 1116 3038 1171 aliud
3065 1118 3272 1188 eloqui,
3325 1120 3449 1190 quia

1847 1209 2164 1278 frequenter
2179 1224 2298 1278 qua:
2317 1217 2500 1263 mente
2513 1207 2876 1276 concipimus,
2897 1221 3154 1263 sermone
3173 1208 3452 1277 explicare

1845 1318 1952 1356 non
1985 1317 2300 1372 possumus.
2330 1302 2482 1372 Ergo
2499 1311 2560 1357 et
2576 1301 2897 1372 mysterium
2926 1300 3120 1355 divinae
3153 1301 3452 1358 nativitatis

1843 1394 2170 1462 incorpore,
2207 1402 2440 1463 possunt
2471 1394 2668 1458 sancti,
2718 1392 2824 1447 ll'de
2867 1393 3047 1462 magis
3068 1406 3240 1448 nosse
3281 1409 3452 1464 quam

1843 1486 2046 1541 dicere.
2082 1487 2338 1556 Alioquin
2369 1495 2428 1541 et‘
2454 1487 2746 1560 Apostolus
2776 1499 2962 1556 raptus
2994 1488 3046 1541 in
3082 1487 3306 1544 tertium
3330 1503 3447 1545 cm-

1843 1585 1952 1639 l'um
1985 1593 2040 1638 et
2067 1585 2117 1638 in
2148 1585 2480 1654 paradisum,
2512 1584 2724 1639 audivit
2748 1584 2911 1640 verba
2940 1599 3060 1654 qua!
3104 1597 3448 1654 nequaquam

1841 1677 1983 1731 valet
2031 1675 2264 1731 humana
2307 1677 2484 1748 lingua
2532 1675 2782 1744 proferre
2827 1675 3046 1747 (Πϐον.
3097 1675 3215 1746 m).
3251 1674 3451 1732 Sedet

1839 1769 2070 1839 Spiritus
2098 1769 2402 1840 interpellat
2430 1784 2526 1839 pro
2549 1784 2616 1823 no
2627 1769 2708 1824 bis
2730 1768 3025 1836 gemitibus
3048 1768 3442 1824 i‘neﬂ'aliilibus'.

109 1874 340 1926 nocens,
375 1869 436 1913 et
456 1861 638 1913 ductus
669 1859 737 1912 ad
767 1860 1046 1926 victimam,
1082 1859 1392 1914 nesciebant.
1427 1859 1560 1914 Cum
1588 1859 1732 1913 enim
1766 1861 1812 1920 B
1841 1862 1999 1916 istius
2022 1862 2207 1933 igitur.
2229 1862 2386 1931 cujus
2405 1862 2810 1931 generationem
2833 1870 2920 1915 aut
2944 1860 3147 1922 nullus,
3169 1870 3261 1914 aut
3287 1876 3442 1917 rarus

111 1951 374 2005 nesciret
403 1961 708 2019 peccatum,
759 1965 864 2020 pro
885 1951 1050 2005 nobis
1091 1960 1370 2020 peccatum
1424 1950 1600 2006 factus
1650 1963 1734 2007 est

112 2041 196 2112 (ιιι
217 2041 345 2096 Cor.
379 2041 458 2112 νγ.
486 2042 548 2096 Et
579 2043 726 2097 sicut
739 2057 914 2113 agnus
941 2056 1065 2097 cum
1095 2042 1320 2097 ducitur
1339 2043 1405 2097 ad
1432 2043 1729 2114 victimam,

113 2150 226 2189 non
262 2143 541 2205 repugnat
573 2154 584 2189 :
618 2135 699 2190 sic
733 2135 824 2190 ille
854 2150 1056 2205 passus
1079 2146 1162 2190 est
1191 2136 1472 2191 voluntate
1495 2183 1508 2205 ,
1545 2148 1604 2191 ut
1635 2137 1730 2193 de.

113 2237 363 2284 strueret
386 2243 509 2282 eum
535 2227 841 2298 qui'mortis
865 2228 1098 2283 habebat
1121 2229 1406 2301 imperium
1427 2229 1617 2299 (Hebr.
1639 2228 1729 2299 ιι),

115 2320 426 2376 humilians
457 2336 517 2376 se
569 2337 738 2392 usque
769 2321 833 2376 ad
869 2333 1122 2388 mortem,
1161 2333 1215 2378 et
1264 2331 1495 2378 mortem
1547 2325 1730 2379 crucis

113 2411 393 2484 (Philipp.
434 2413 514 2484 ﬂ)".
550 2415 652 2469 Hi‘c
681 2430 850 2484 agnus
897 2426 1001 2483 est,
1038 2417 1089 2470 in
1123 2418 1280 2485 cujus
1327 2428 1454 2489 typo
1487 2418 1733 2473 immola-

114 2505 282 2561 bitur
315 2521 512 2577 agnus,
545 2508 702 2576 cujus
751 2523 914 2563 cruor
947 2509 1134 2565 li'nilus
1177 2513 1229 2565 in
1263 2513 1513 2582 postibus
1543 2523 1728 2568 exter-

113 2599 456 2654 minutorem
485 2600 943 2673 fugabatEgypti
965 2602 1162 2675 (Exod.
1190 2607 1373 2678 xxrr)-;-
1400 2606 1490 2675 qui
1512 2623 1616 2662 non
1641 2623 1728 2662 so-

111 2691 231 2747 lum
269 2691 543 2762 sanguine
574 2707 672 2746 suo
695 2709 792 2749 nos
826 2694 1077 2763 redemit,
1113 2695 1206 2750 sed
1234 2704 1287 2751 et
1323 2697 1464 2751 lanis
1493 2701 1727 2766 operuit,

113 2796 168 2840 ιιι
199 2786 458 2856 algentes
487 2786 833 2850 inﬁdelitate,
865 2803 959 2842 sua
990 2796 1146 2844 veste
1177 2789 1525 2852 calefaceret,
1556 2802 1609 2845 et
1638 2807 1732 2845 au-

113 2879 374 2933 diremus
406 2878 736 2944 Apostolum-
773 2879 932 2934 nobis
978 2881 1293 2951 loquentem
1324 2899 1337 2935 :
1375 2882 1635 2954 Quotquot
1678 2885 1729 2937 in

116 2970 334 3024 Christo
365 2971 627 3040 baptizati"
657 2972 798 3039 estis,
833 2971 1096 3026 Christum
1130 2973 1373 3027 inditistis
1407 2973 1608 3046 (Gtt/at.
1649 2991 1727 3043 ιιι,

116 3061 235 3130 2-7).
279 3061 345 3114 Et
392 3061 444 3115 in
478 3062 585 3116 alio
616 3062 735 3117 loco
763 3081 772 3115 :
827 3062 1120 3118 Induimini
1153 3063 1357 3119 Christo
1389 3065 1517 3120 Jesu
1550 3067 1726 3133 (Rom.

119 3168 240 3219 alii,
277 3152 393 3224 Ni).
412 3153 680 3225 Quodime
703 3154 953 3226 sequitur
977 3175 991 3210 :
1015 3156 1096 3210 De
1119 3159 1360 3228 angustia
1383 3168 1427 3212 et
1451 3159 1730 3232 dejudirio

1837 1969 2099 2010 enarrare
2129 1963 2330 2024 potest,
2353 1954 2565 2009 sublata
2598 1965 2682 2009 est
2705 1956 2814 2008 vita
2840 1954 2908 2008 tl'e
2934 1963 3080 2008 terra
3103 1969 3124 2019 ;_
3151 1961 3210 2008 ut
3237 1967 3441 2026 nequa-

1836 2062 1999 2118 quam
2031 2049 2084 2101 i'n
2120 2055 2282 2112 terra,
2320 2045 2415 2101 sed
2462 2047 2516 2100 in
2560 2047 2701 2102 coelo
2729 2046 2955 2101 viveret.
3003 2044 3135 2102 Sive
3165 2044 3440 2100 abscissus

1835 2151 1916 2194 est
1949 2138 2016 2193 de
2065 2150 2208 2193 terra
2240 2139 2562 2206 viventium,
2613 2145 2672 2193 ut
2721 2137 3041 2208 impleretur
3087 2136 3154 2192 de
3181 2152 3246 2192 eo
3292 2136 3452 2208 quod

1835 2235 2095 2303 scriptum
2124 2242 2208 2288 est
2239 2233 2292 2287 in
2317 2231 2923 2304 Apocalypsi‘l’oannis:
2953 2230 3068 2303 Ego
3095 2247 3208 2285 sum
3236 2231 3438 2303 primus

1834 2337 1882 2380 et
1914 2329 2218 2382 novissimus
2244 2344 2262 2381 :
2285 2328 2375 2397 qui
2415 2327 2661 2388 vivebam,
2695 2336 2884 2380 et'sum
2919 2335 3153 2378 mortuus
3177 2341 3195 2378 :
3239 2334 3288 2378 et
3323 2339 3439 2378 ecce

1833 2425 1943 2476 vivo
1969 2423 2021 2475 in
2052 2432 2298 2477 wteruum
2331 2419 2514 2492 (Apoc.
2540 2437 2670 2490 xvu,
2703 2419 2824 2490 i8);
2859 2429 2917 2473 ut
2941 2429 3058 2487 post
3085 2420 3248 2474 vitam
3272 2434 3446 2490 quam-

1834 2511 1974 2567 vixit'
1999 2513 2050 2566 in
2086 2521 2228 2567 terra
2259 2520 2506 2566 mortuus
2544 2521 2724 2580 terrae,
2758 2512 2914 2566 ctrli's
2945 2511 3153 2566 viveret
3178 2510 3229 2564 i‘n
3271 2521 3435 2565 aeter-

1835 2603 2266 2674 num.Quod'que
2284 2605 2552 2674 jungitur,
2579 2603 2801 2676 Propter
2823 2604 2991 2658 scelus
3015 2601 3440 2675 paputimciper—

1834 2698 1988 2752 cussit
2017 2713 2141 2762 eos;
2190 2697 2326 2762 sive,
2356 2697 2510 2767 juxta
2539 2695 2712 2762 LXX,
2747 2695 2809 2749 ab
2850 2696 3214 2767 iniquitatibus
3256 2693 3446 2765 populi"

1833 2790 1933 2843 mei
1964 2789 2150 2843 ductus
2181 2799 2253 2843 est
2283 2789 2362 2842 ατί·
2391 2797 2628 2857 mortem,
2678 2785 2949 2858 duplicem
2981 2801 3200 2842 sensum
3244 2785 3432 2841 habet.

1835 2884 1942 2937 Aut
1971 2881 2111 2937 enim
2142 2891 2611 2953 persecutoreset
2643 2883 2938 2937 sceleratos
2980 2879 3165 2952 populi
3196 2881 3301 2948 sui,
3333 2894 3442 2936 sua

1835 2987 2010 3030 morte
2041 2975 2314 3045 percussit
2341 2991 2353 3027 ε
2402 2986 2493 3028 aut
2524 2983 2745 3044 propter
2775 2973 3202 3044 magnitudinem
3236 2987 3445 3042 peccam

1835 3077 2008 3121 torum
2036 3067 2243 3138 populi,
2273 3082 2430 3135 quem
2462 3080 2677 3135 seraper
2705 3067 3036 3136 peculiarem
3061 3064 3275 3133 habuit,
3305 3065 3438 3120 dnc-

1835 3167 1932 3213 tus'
1950 3157 2014 3211 ad
2047 3166 2278 3212 mortem
2305 3167 2409 3222 est,
2443 3156 2644 3210 ut'illbs
2667 3155 2924 3210 advitam
2952 3169 3048 3209 sua
3071 3163 3245 3209 morte
3271 3170 3434 3210 revo-

118 3247 366 3300 sublatus
392 3257 499 3313 est;
531 3247 644 3301 sive
668 3247 890 3303 ιιι-[ΚΧ
919 3251 1338 3319 transtulerunt,
1362 3253 1416 3306 in
1438 3252 1732 3308 humilitate
1758 3246 1804 3309 ε
1835 3259 2003 3307 caret.
2028 3251 2145 3319 Ipse
2161 3249 2541 3318 dedit-impios,
2561 3249 2946 3317 prosepnltura
2960 3262 3088 3312 sua;
3108 3249 3428 3314 et'divitem,

114 3337 384 3408 iudicium
416 3340 528 3409 eius
553 3339 790 3393 ablatum
829 3351 919 3407 est,
969 3342 1106 3395 illitd‘
1146 3343 1436 3414 significat,
1473 3345 1628 3411 quod”
1663 3345 1732 3400 de

121 3431 492 3488 tribulatione
517 3442 679 3503 atque
716 3434 921 3503 judicio
950 3435 1028 3489 ad?
1063 3436 1277 3490 Patrem
1329 3437 1506 3491 victor
1536 3453 1726 3492 ascen-

123 3528 306 3593 deritt;
333 3527 449 3580 sive
471 3526 612 3596 quod
636 3528 1090 3597 judex'omni'um,
1118 3529 1307 3599 judicii
1336 3546 1439 3583 non
1466 3533 1736 3598 repererit-

122 3621 419 3673 veritatem
451 3634 464 3682 ;
499 3618 593 3672 sed
623 3618 832 3688 absque
859 3620 978 3673 ulla
998 3621 1175 3690 culpa,
1209 3620 1481 3675 seditione
1507 3621 1730 3678 .i'udtco-

125 3731 258 3768 rum-
299 3723 362 3766 et-
405 3711 561 3766 Pilati
594 3725 728 3766 voce
757 3712 1045 3766 damnatus
1087 3715 1177 3767 sit:
1227 3713 1385 3770 Unde
1436 3714 1734 3769 admiratur

127 3805 427 3876 Propheta,
462 3804 614 3874 quod
628 3807 880 3859 omniurn-
895 3805 1039 3860 D'eus
1060 3821 1120 3859 se
1151 3805 1440 3861 tradiderit
1472 3806 1728 3876 passioni.

127 3896 561 3967 De‘quo'l’anlus
585 3896 861 3966 loqui-tun:
898 3895 960 3950 Si
981 3897 1113 3950 enim
1135 3895 1163 3934 Β
1191 3897 1548 3965 credidissent,
1583 3915 1735 3951 naua.

127 4004 296 4060 quam
321 3985 604 4041 Dominum
652 3986 836 4059 gloriae
881 3989 1272 4057 cruoiﬁwissent'
1307 3989 1366 4062 (σιτ
1394 3987 1514 4044 Cor.
1548 4005 1606 4058 ιι,
1652 3991 1728 4058 8):

129 4083 433 4155 Sequitur:
482 4079 878 4135 Generatibnem
921 4085 1037 4153 ejus
1081 4084 1194 4152 quis
1238 4084 1538 4137 enarrabit?
1577 4083 1731 4151 Quod

127 4172 430 4245 dupliciter
457 4173 812 4243 intelligitur:
861 4176 1124 4227 aut-enim
1167 4173 1235 4227 de
1282 4173 1570 4227 divinitate
1615 4177 1734 4243 ejus

128 4264 508 4336 accipiendum
542 4275 646 4331 est,
689 4263 832 4335 quod
880 4263 1217 4334 impossibile
1263 4264 1336 4317 sit
1366 4262 1562 4316 divinae
1597 4265 1736 4317 nnti-

130 4363 320 4417 vitatis
344 4373 517 4415 nosse-
532 4360 830 4431 mysteria;
859 4358 940 4415 de
956 4375 1068 4430 qua
1095 4359 1220 4428 ipse
1251 4358 1493 4426 loquitur
1517 4357 1581 4410 inv
1601 4357 1738 4413 Pro-

129 4453 368 4511 verbiis:
383 4451 1154 4525 Anteomnercoites'generavit
1175 4467 1255 4504 me
1279 4450 1464 4523 (Prov.
1483 4465 1595 4516 vitr,
1615 4449 1731 4518 25);

127 4548 276 4618 juxta
303 4547 436 4602 illud
463 4546 607 4617 quod
639 4547 767 4600 alibi
799 4547 1028 4616 legimus
1054 4565 1066 4599 :
1104 4547 1240 4612 Quis
1257 4547 1498 4617 cognovit
1528 4562 1734 4599 sensum

1838 3359 1936 3413 pro
1962 3352 2137 3397 morte
2161 3356 2275 3395 sua.
2307 3341 2430 3397 Sive
2455 3339 2742 3410 pessimos,
2770 3355 2867 3404 pro
2891 3339 3172 3409 sepultura
3195 3340 3348 3407 ejus;
3379 3346 3442 3392 et-

1835 3439 2052 3504 divites,
2083 3452 2183 3508 pro
2214 3446 2386 3490 morte
2417 3436 2574 3505 ejus:
2607 3443 2901 3504 utrumque
2929 3433 3182 3502 populum
3225 3430 3432 3501 signiti-

1834 3546 1987 3599 cans,
2019 3541 2080 3583 ιιιτ
2105 3530 2156 3583 in
2189 3529 2359 3582 malis
2377 3538 2436 3583 et-
2461 3527 2732 3598 pessimis,
2765 3525 2860 3596 qui
2891 3533 3019 3579 ante
3053 3525 3160 3578 Dui-
3183 3523 3429 3577 notitiam

1835 3639 1941 3678 non
1969 3622 2251 3678 liabebant'
2270 3620 2444 3689 (Rom.
2475 3623 2573 3690 tx)‘,
2607 3619 2940 3696 ostendatur-
2969 3616 3215 3688 gentium
3250 3613 3435 3669 multii-

1837 3716 1964 3770 tutlo
1987 3733 1998 3767 :
2036 3715 2087 3767 in
2111 3713 2394 3778 divitibus;
2418 3725 2649 3782 quorum
2675 3719 2801 3765 erat
2820 3709 3229 3763 Testamentum
3255 3715 3310 3761 et
3331 3706 3435 3761 [θι-

1834 3806 2060 3878 gislatio-
2090 3815 2141 3858 et
2170 3803 2476 3873 Pmpltene,
2523 3801 2782 3858 Iudaicus
2826 3799 3058 3870 populus
3089 3797 3436 3852 detnonstne-

1837 3909 1942 3956 tur.
1979 3895 2352 3967 Ergoidci'reo
2378 3909 2570 3966 passus
2599 3902 2690 3948 est‘
2707 3892 2972 3947 Dominus
2999 3902 3054 3946 et
3083 3891 3349 3959 sepultus,
3379 3897 3445 3944 ue

1836 4007 1902 4048 ex
1933 4001 2178 4058 utroque
2197 3987 2393 4058 populo
2422 3986 2524 4040 sibi
2571 3985 2873 4040 Ecelesiam
2903 3991 3279 4054 congregaret.
3307 3981 3444 4036 Sive

1837 4087 1940 4140 hoc
1961 4083 2273 4147 dicendum,
2297 4080 2454 4152 quod'
2470 4079 2702 4136 Seribas'
2719 4087 2774 4133 et
2799 4077 3128 4137 Pharis-aeota»,
3159 4086 3180 4113 ε
3214 4087 3277 4128 ac
3301 4072 3438 4127 Sad~

1838 4179 2075 4246 ducazos,
2105 4176 2418 4232 sacerdotes
2450 4183 2504 4229 et
2526 4171 2834 4242 pontillces,
2866 4167 2956 4240 qui
2999 4170 3050 4224 in
3078 4169 3280 4240 populo
3309 4177 3437 4223 ante

1837 4273 2161 4343 regnabant,
2191 4279 2254 4324 et
2276 4270 2464 4323 nimiis-
2485 4266 2678 4336 opibus
2709 4264 3026 4328 aluitebant‘,
3071 4272 3196 4332 post
3224 4260 3438 4317 Domini

1839 4368 2146 4436 passionem
2177 4362 2436 4417 Romanis
2474 4359 2767 4416 tradiderit
2782 4358 2948 4426 Deus,
2979 4366 3036 4412 et
3061 4367 3281 4412 aeterna:
3311 4354 3441 4410 sub-

1832 4458 2034 4529 jecerit
2055 4455 2323 4510 servituti.
2357 4453 2475 4509 iste-
2493 4469 2592 4523 pro
2635 4449 3188 4522 cnjussepultura-et
3231 4455 3430 4514 morte,

1841 4551 1990 4620 impii
2020 4549 2330 4617 divitesque
2355 4544 2718 4612 sunt’traditi‘,
2761 4543 3101 4613 iniquitatem
3139 4556 3258 4594 non
3286 4537 3438 4604 fecit,

132 4641 382 4695 Domini:
408 4648 506 4694 aut'
523 4641 641 4712 quis
668 4639 1004 4695 consitiarius
1033 4645 1146 4714 ejus
1174 4641 1477 4714 [itit-(Rom.
1503 4657 1580 4704 xi,
1604 4640 1734 4712 34v)?
1761 4630 1810 4696 Β
1840 4656 1939 4697 nec
1965 4640 2128 4695 dolus
2174 4639 2424 4692 inventus
2450 4644 2544 4690 est
2567 4637 2628 4688 in
2649 4649 2747 4689 ore
2792 4636 2933 4699 citis.
2974 4631 3141 4699 Quod‘
3174 4630 3241 4684 de
3289 4627 3440 4682 nullo

133 4734 182 4788 id
211 4745 317 4802 est,
348 4731 563 4796 nullus;
590 4742 683 4786 aut
704 4731 1246 4802 de-partu-Vitgiiris,
1273 4733 1415 4802 quod
1439 4731 1734 4786 difﬁculter

133 4826 306 4895 possit
333 4825 552 4894 exponit
590 4823 834 4892 Denique
854 4838 986 4879 cum
1012 4823 1204 4878 alariae-
1223 4823 1501 4880 diceretur
1531 4824 1600 4878 ab
1621 4825 1732 4878 Am-

134 4920 254 4990 gel'o
278 4938 300 4973 ε·
324 4918 597 4992 Concipies
626 4927 672 4973 et
693 4919 865 4990 paries
891 4917 1079 4986 ﬁlium,
1107 4917 1198 4970 ill'a
1231 4918 1548 4988 respondit:
1582 4915 1734 4972 Unde

136 5012 260 5066 mihi
289 5013 406 5080 hoc,
434 5013 560 5084 quia
583 5013 751 5066 virum
780 5027 883 5065 non
907 5011 1121 5080 cognovi
1138 5010 1293 5064 ?-(€ni'
1314 5026 1530 5066 rursum
1558 5011 1737 5081 Ange-

138 5103 219 5160 lus
243 5124 256 5160 :
290 5104 544 5178 Spiritus,
573 5105 766 5174 inquit,
800 5114 1012 5159 sanctus
1040 5102 1204 5156 veniet
1223 5117 1379 5172 super
1409 5112 1476 5167 te,
1502 5104 1734 5157 et'virms

142 5189 390 5254 Altissinii
417 5199 860 5255 obumbrabitztilti
890 5197 1045 5270 (Luc.
1090 5213 1128 5265 ι,
1172 5197 1263 5266 δι,
1291 5199 1380 5263 5",
1415 5196 1526 5267 35),
1561 5206 1620 5252 ut
1648 5198 1733 5253 vel

140 5291 206 5346 ab
227 5294 455 5363 Angelo,
489 5295 571 5349 vel
602 5293 670 5348 ab
703 5292 1044 5364 Evangelista
1076 5301 1284 5346 tantum
1315 5291 1612 5346 nativitatis
1639 5293 1736 5346 Ιιιι-

139 5384 222 5454 jus
249 5397 590 5442 sacramenta
624 5387 896 5442 dicantur.
926 5385 1092 5456 Cujus
1120 5391 1372 5440 narrator
1418 5385 1737 5441 rat-iesimus

143 5560 290 5617 δῶσω
319 5560 1092 5632 veteresGr-ascillnterpretes
1120 5560 1534 5632 transtuleruntt

211 5643 238 5670 ⁸
267 5633 389 5688 Haec
415 5633 641 5692 Hieron.
672 5635 950 5702 acceperit
986 5647 1062 5694 ett
1098 5631 1368 5694 Eusebim
1392 5634 1484 5690 lib.
1513 5648 1560 5692 in
1590 5633 1736 5692 "ist.

143 5703 284 5759 Eccl.
310 5719 428 5772 cap.
465 5709 518 5770 1,
565 5703 658 5774 qui
702 5709 906 5772 pariter
933 5718 1002 5758 ex
1047 5703 1252 5758 Irenaeo
1289 5703 1500 5768 didicit,
1535 5704 1624 5759 lib.
1673 5721 1729 5760 ιιι

141 5786 322 5830 contra
336 5776 607 5844 Ennaeas,
627 5776 1238 5834 Mimsliunuchumin
1259 5777 1494 5847 regiones
1518 5774 1746 5832 ﬁtltio.»

145 5849 243 5924 pio:
279 5848 697 5920 prwdicotururn-
731 5853 830 5904 hoc
872 5849 1018 5918 quod.
1049 5849 1162 5924 ipse
1206 5851 1516 5924 crediderat.
1571 5847 1730 5916 Adde

1835 4733 2054 4805 penitus
2073 4727 2549 4800 ltominum'm-
2561 4725 2796 4795 intelligi
2809 4732 3015 4794 potest,
3046 4731 3114 4776 nr
3132 4735 3233 4776 nec
3249 4732 3439 4789 opere;

1837 4841 1938 4882 nec
1947 4836 2202 4880 sermone
2217 4818 2767 4892 peecaverit=,dicente
2777 4815 3066 4884 Scriptura
3081 4832 3103 4866 :-
3114 4811 3282 4866 Nemo
3297 4826 3446 4864 mun-

1836 4919 1942 4972 dus
1956 4934 1988 4970 a
2005 4914 2268 4980 sordibus,
2293 4929 2384 4966 nec
2411 4912 2632 4967 οἰκηίης
2654 4903 3438 4979 ᾳωὶάθιπάὲοὶὟιιινίιωὶιιιτῂισ.

1836 5011 1927 5080 Ει,
1953 5010 2284 5063 omnes-sicut
2314 5021 2429 5060 oves
2450 5003 2753 5068 erravimus,
2785 4997 3134 5069 unusquisque
3156 4995 3218 5049 in-
3235 4994 3316 5048 eia
3342 5008 3440 5048 sua

1837 5104 2124 5160 declinavib
2145 5101 2288 5173 (Job.
2317 5098 2481 5169 xxv):
2511 5094 2710 5150 nisi-de
2739 5094 2855 5161 illo,
2885 5092 2975 5161 qui
3005 5096 3225 5161 peccata
3254 5095 3442 5142 nostra

1839 5197 2095 5270 portavit,
2127 5205 2188 5250 οι·
2225 5209 2336 5263 pro
2370 5189 2528 5245 nobis
2569 5188 2740 5253 dolet,
2772 5195 2836 5243 et-
2860 5184 3188 5239 vulneratus
3211 5189 3305 5236 est'
3343 5191 3445 5248 pro

1839 5288 2219 5362 iniquitatibus
2261 5285 2484 5351 uestris,
2517 5280 2828 5336 ettal‘lllctus
2857 5285 2950 5332 est.
2984 5283 3210 5347 propteo
3233 5273 3442 5328 scelera

1841 5394 2048 5450 nostra,
2077 5381 2233 5450 cujus
2254 5380 2438 5434 livore
2454 5393 2585 5433 sana
2595 5377 2643 5432 ti'
2654 5389 2864 5431 sumus.
2887 5371 3065 5441 Super
3083 5377 3278 5441 quo-ett
3295 5367 3442 5437 prin-

1840 5557 2285 5630 apocrypborumj
2338 5555 2642 5630 testimonia
2674 5596 2688 5620 ,
2756 5551 2990 5610 Genetio.
3062 5525 3334 5620 Apostoit'
3385 5561 3436 5604 ιι.

1840 5628 2022 5695 xtvm'
2038 5628 2087 5685 et
2120 5628 2577 5698 umido-45.1mm.

1908 5703 1935 5741 δ
1973 5689 2259 5764 Victorius,
2287 5700 2664 5772 cognovissent,
2697 5712 2764 5753 ex
2791 5694 2983 5751 Grzeeo
3017 5701 3165 5748 textu
3186 5689 3432 5767 ἔγνωσαν.

1912 5785 1936 5813 ο
1966 5773 2175 5836 Verius,
2210 5770 2966 5833 Iit-MaluntSadducwomm
2981 5773 3434 5837 nntneupnutor.

1835 5845 2456 5924 mittuntAtnbrosiante
2481 5843 2707 5922 chaone.
3217 5845 3223 5854 ‘
