3932 6332
499 261 599 319 511

1751 254 1809 313 S.
1855 253 2132 311 EUSEBII
2172 249 2556 308 HIERONYMI

3689 250 3780 310 512

497 390 628 448 ceps
681 373 1063 445 Apostolorum
1113 367 1310 424 Petrus
1367 367 1472 424 hoc
1522 368 1892 424 testimonium
1943 366 2091 423 edis-
2118 369 2168 448 Α
2195 365 2488 437 iniquitates
2513 381 2688 420 eorum
2713 366 2820 437 ipse
2861 365 3118 433 portabit,
3147 379 3283 436 quas
3315 364 3399 421 illi
3439 372 3657 433 portare
3685 379 3777 422 non

501 443 711 527 Serens.
733 443 820 517 ait
847 481 860 517 :
892 461 958 515 In
985 461 1081 515 hoc
1108 460 1243 514 enim
1270 460 1438 514 vocati
1474 459 1617 528 estis,
1641 461 1760 531 quia
1781 470 1826 515 et
1857 457 2092 515 Christus
2118 443 2130 453 ’

499 574 682 630 passus
719 565 794 608 est
837 569 931 626 pro
961 553 1127 617 nobis,
1155 552 1451 621 relinquens
1489 550 1629 606 vobis
1672 551 1989 622 exemplum,
2038 559 2094 604 ut

497 648 786 721 sequamini
811 647 1026 719 vestigia
1067 648 1201 717 ejus.
1235 645 1332 712 Qui
1377 653 1642 710 peccatum
1669 659 1770 697 non
1822 643 1961 710 fecit,
2007 657 2098 696 nec

500 745 738 799 inventus
761 751 835 796 est
859 738 1010 794 dolus
1028 741 1079 793 in
1104 755 1192 794 ore
1215 739 1401 810 ipsius.
1420 737 1654 804 Quicum
1677 735 2092 802 mulediceretur,

502 852 605 892 non
635 833 971 889 maledicebat
995 848 1013 886 :
1041 842 1088 886 et
1119 847 1232 884 cum
1255 839 1539 902 pateretur,
1569 845 1671 882 non
1693 827 2100 881 comminabatur

509 925 566 1000 (l
594 925 738 981 Petr.
769 940 828 992 ll,
871 923 938 978 21
963 934 1012 977 et
1033 921 1223 994 seqq.).
1259 923 1516 977 Dominus
1541 931 1723 976 autem
1750 919 1923 974 voluit
1946 933 2100 972 mun-

502 1019 634 1074 dare
677 1033 801 1072 eum
833 1031 862 1071 a
896 1017 1071 1086 plaga,
1121 1030 1284 1084 quam
1338 1014 1526 1068 lancea
1572 1012 1760 1066 militis
1809 1025 2102 1081 percussus

502 1121 814 1180 acceperat.
846 1109 977 1165 Sive
997 1117 1285 1162 conterere
1315 1121 1437 1160 eum
1470 1106 1523 1159 in
1553 1103 1869 1158 inlirmitate
1898 1117 1962 1157 ac
1982 1103 2106 1157 vul-

505 1218 674 1258 nere:
706 1201 775 1256 de
795 1215 900 1270 quo
927 1207 982 1254 el
1014 1200 1130 1268 ipse
1157 1199 1412 1252 diccbat:
1449 1197 1705 1262 Quoniam
1731 1212 1881 1266 quem
1903 1205 1957 1250 tu
1987 1211 2104 1265 per-

502 1295 730 1360 cussisti,
762 1295 866 1365 ipsi
910 1293 1165 1364 persecuti
1201 1303 1320 1347 sunt
1353 1290 1471 1362 (Ps.
1516 1307 1703 1357 vam,
1744 1290 1862 1358 9.7).
1899 1290 1964 1344 Et
2006 1304 2106 1359 per

500 1387 821 1446 Zachariam
841 1387 1084 1454 loquitur
1104 1385 1269 1441 Deus:
1302 1384 1594 1439 Percutiam
1611 1393 1895 1453 pastorem,
1923 1393 1970 1436 et
1990 1399 2106 1436 oves

505 1479 870 1550 dispergentur
895 1475 1081 1551 (Zach.
1117 1492 1246 1542 xm,
1291 1475 1368 1548 7).
1400 1475 1542 1545 Ergo
1574 1484 1630 1528 ut
1674 1483 1954 1544 pateretur
1997 1488 2104 1527 non

505 1570 608 1628 fuit
657 1571 1024 1635 necessitatis,
1072 1567 1167 1623 sed
1199 1567 1495 1622 voluntatis
1546 1566 1721 1620 Patris
1753 1574 1805 1620 et
1855 1580 1988 1633 suat,
2037 1563 2104 1619 ad

506 1678 668 1732 quem
690 1664 806 1732 ipse
828 1661 1076 1717 dicebat:
1101 1658 1264 1725 Deus,
1295 1669 1349 1713 ut
1369 1663 1587 1729 facerem
1612 1658 1920 1712 voluntatem
1940 1666 2104 1724 tuam,

503 1754 645 1808 volui
671 1751 790 1822 (Ps.
813 1768 1000 1819 χχχιχ,
1033 1751 1114 1820 9).
1149 1752 1223 1807 De
1249 1766 1355 1822 quo
1378 1760 1433 1807 et
1459 1765 1621 1821 supra
1645 1749 1906 1821 legimus:
1947 1749 2108 1804 Obla-

505 1852 587 1898 tus
617 1855 712 1906 est,
742 1844 866 1912 quia
896 1845 1006 1912 ipse
1033 1843 1217 1898 voluit.

574 1936 757 2010 (Vers.
785 1935 872 1998 10.
895 1934 1007 2007 11.)
1029 1936 1088 1990 Si
1105 1936 1333 2004 posuerit
1350 1951 1444 2005 pro
1459 1944 1668 2008 peccato
1690 1937 1916 1990 animam
1931 1953 2100 2006 suam,

501 2030 690 2084 videbit
719 2045 889 2084 semen
919 2029 1227 2102 longamum,
1259 2037 1306 2081 et
1333 2028 1569 2081 voluntas
1615 2027 1828 2082 Domini
1868 2030 1922 2082 in
1951 2045 2106 2083 manu

505 2124 619 2194 ejus
648 2121 922 2193 dirigetur.
955 2119 1063 2174 Pro
1091 2137 1150 2174 eo
1178 2121 1318 2192 quod
1344 2121 1650 2174 laboraverit
1680 2119 1863 2193 [Vulg.
1896 2120 2106 2174 labora-

503 2213 595 2286 vit]
629 2215 804 2268 anima
828 2217 964 2287 ejus,
999 2214 1211 2278 videbit,
1239 2222 1288 2268 et
1309 2215 1632 2268 saturabitur
1652 2231 1670 2268 :
1701 2214 1754 2267 in
1774 2215 1987 2269 scientia
2011 2231 2108 2268 sua

497 2309 808 2382 justiﬁcabit
820 2311 932 2377 ipse
943 2313 1120 2382 justus
1139 2325 1307 2364 servos
1321 2325 1458 2364 meos
1478 2308 1538 2382 [\
1549 2309 1586 2364 1.
1606 2325 1782 2364 servus
1795 2308 1958 2382 meus]
1973 2311 2109 2364 mul-

505 2411 604 2469 los,
620 2411 668 2456 et
691 2405 987 2471 iniquitates
999 2420 1176 2458 eorum
1198 2405 1309 2474 ipse
1331 2405 1572 2472 portabit.
1589 2404 1765 2459 LXX:
1788 2404 1849 2460 Si
1863 2404 2110 2460 dederitis

508 2511 602 2564 pro
649 2504 883 2567 peccato,
914 2503 938 2532 ³
957 2497 1132 2550 anima
1158 2508 1329 2551 vestra
1367 2497 1556 2551 videbit
1585 2514 1755 2550 semen
1787 2501 2110 2569 longaevum:

507 2599 553 2642 et
582 2587 689 2643 vult
713 2587 969 2643 Dominus
995 2591 1204 2660 auferre
1231 2591 1295 2644 de
1315 2591 1494 2644 dolore
1519 2592 1752 2645 animam
1777 2593 1910 2662 ejus,
1945 2602 2111 2646 osten-

510 2679 632 2734 dere
677 2682 721 2734 ei
750 2680 938 2744 lucem,
969 2690 1017 2735 et
1070 2684 1298 2752 formare
1345 2682 1763 2757 intelligentiam.
1811 2685 2112 2755 Justificare

501 2779 704 2847 justum
735 2777 861 2831 bene
880 2777 1180 2830 servientem
1212 2779 1388 2833 multis
1413 2797 1430 2832 :
1460 2787 1509 2833 et
1548 2789 1763 2851 peccata
1795 2795 1971 2834 eorum
2001 2783 2114 2852 ipse

511 2869 752 2938 portabit.
781 2868 941 2924 Juxta
973 2869 1292 2926 Hebraicum
1317 2872 1405 2927 hic
1424 2887 1617 2927 sensus
1647 2881 1760 2927 est:
1794 2874 1850 2928 Si
1875 2875 2116 2943 posuerit

514 2973 614 3029 pro
647 2969 865 3028 peccato
894 2963 1130 3018 animum
1173 2979 1328 3019 suam
1362 2964 1455 3021 ille
1485 2981 1642 3033 quem
1690 2965 1952 3022 Dominus
1977 2981 2114 3022 con-

514 3059 692 3108 terere
711 3054 897 3122 voluit,
924 3056 1038 3110 sive
1057 3057 1338 3123 mundare,
1361 3058 1762 3114 videbitsemeu
1786 3061 2110 3132 longzevum,

513 3144 656 3214 quod
702 3147 992 3213 seminavit
1020 3150 1071 3203 in
1113 3149 1251 3205 bona
1282 3161 1453 3208 terra.
1485 3153 1559 3209 De
1598 3169 1705 3225 quo
1732 3154 1785 3210 in
1821 3155 2115 3226 Evangelio

514 3238 774 3306 scriptum
797 3249 880 3296 est
905 3259 918 3295 :
945 3241 1121 3296 Exivi!
1139 3245 1228 3312 qui
1247 3246 1464 3298 seminat
1491 3247 1782 3313 seminare;
1810 3256 1864 3300 et
1882 3248 2075 3302 itermn
2101 3265 2114 3302 :

515 3330 706 3388 Simile
724 3345 795 3387 est
813 3351 1026 3406 regnum
1050 3336 1292 3392 raelorum
1313 3337 1510 3394 homini
1526 3341 1615 3408 qui
1641 3342 1912 3395 seminavit
1927 3343 2117 3396 bonum

512 3443 682 3482 semen
705 3429 760 3483 in
785 3446 912 3500 agro
941 3447 1036 3484 suo
1066 3431 1278 3502 (Matth.
1310 3449 1425 3499 xm,
1457 3433 1536 3504 5).
1565 3433 1630 3487 Et
1651 3436 1890 3489 voluntas
1909 3433 2120 3490 Domini

512 3521 569 3574 in
596 3539 752 3577 manu
782 3524 925 3578 illius
955 3525 1232 3598 dirigetur,
1263 3537 1320 3579 ut
1350 3525 1616 3596 quidquid
1647 3527 1807 3582 Pater
1836 3527 2027 3594 voluit,
2056 3528 2123 3582 il-

515 3613 618 3666 lius
648 3615 941 3670 virtutibus
969 3617 1280 3683 impleatur,
1308 3618 1539 3674 dicentis
1563 3618 1726 3690 621
1759 3619 1824 3673 ad
1866 3619 2079 3674 Patrem
2103 3638 2116 3673 :

521 3701 634 3773 Ego
657 3705 856 3757 servavi
883 3721 969 3759 eos
1005 3706 1060 3758 in
1090 3709 1296 3760 nomine
1322 3717 1410 3762 tuo
1435 3725 1566 3778 quos
1591 3711 1779 3762 dedisti
1807 3709 1954 3762 mihi.
1992 3709 2122 3764 Cus-

516 3795 699 3861 todivi,
746 3806 792 3850 et
835 3813 983 3851 nemo
1029 3813 1094 3851 ea:
1119 3797 1199 3851 his
1249 3800 1420 3868 periit,
1455 3801 1555 3854 nisi
1601 3801 1741 3868 ﬁlius
1792 3802 2116 3865 perditionis.

517 3887 696 3958 (Joau.
733 3903 840 3942 xvu
865 3933 878 3956 ,
911 3889 1021 3961 12).
1057 3889 1252 3945 Semen
1287 3902 1467 3945 autem
1515 3891 1718 3946 videbit
1743 3901 2032 3958 internum,
2067 3904 2122 3948 et

520 3982 767 4036 voluntas
796 3981 972 4037 Patris
1008 3983 1063 4038 in
1109 3998 1272 4038 manu
1300 3984 1452 4040 illius
1481 3985 1781 4055 dirigetur:
1814 3985 1938 4056 quia
1968 3985 2119 4040 labo-

517 4076 658 4128 ravit
682 4075 860 4130 anima
892 4077 1012 4144 ejus
1044 4076 1217 4131 multo
1245 4086 1511 4146 tempore,
1556 4079 1802 4146 requiem
1836 4093 1942 4130 non
1975 4077 2123 4130 inve-

520 4169 676 4224 niens
698 4171 752 4224 in
781 4169 1010 4237 ludatis,
1041 4180 1097 4225 et
1132 4171 1320 4226 dicens
1350 4172 1403 4226 in
1437 4171 1777 4240 Evangelio:
1811 4169 2004 4233 Vulpes
2043 4175 2123 4242 fo-

517 4277 637 4316 veas
684 4261 910 4315 habent:
968 4271 1015 4316 et
1047 4264 1274 4317 volucres
1315 4265 1452 4329 caeli,
1497 4264 1684 4318 nidos:
1731 4262 1906 4318 Filius
1949 4274 2121 4317 autem

521 4355 743 4409 hominis
774 4372 874 4410 non
905 4356 1053 4410 habet
1079 4357 1165 4410 ubi
1187 4366 1342 4428 caput
1372 4359 1587 4413 reclinet
1618 4355 1839 4430 (Matth.
1864 4372 1978 4418 vttl.
2009 4356 2120 4428 10).

521 4447 591 4503 Ει
615 4451 667 4502 in
698 4448 800 4504 hoc
831 4449 1021 4505 eodem
1051 4449 1317 4519 Propheta
1345 4469 1357 4504 :
1387 4450 1642 4505 Laboravi
1671 4453 1931 4506 sustinens
1963 4449 2118 4522 (Isai.

2199 467 2472 528 poterant,
2516 467 2572 512 et
2613 473 2843 527 quarum
2871 457 3112 527 pondere
3151 457 3619 528 opprimebantur.
3640 455 3778 512 Juxta

2200 549 2555 621 Septuaginta
2579 550 2684 604 hoc
2701 550 2937 604 dicitur:
2967 549 3012 606 0
3030 565 3150 617 vos,
3183 559 3406 621 pr0pter
3427 564 3656 621 quorum
3679 564 3780 618 pec-

2200 652 2319 698 cata
2352 642 2524 698 Filius
2560 643 2653 697 Dei
2685 651 2776 698 est
2812 643 3008 698 ductus
3035 643 3102 698 ad
3136 653 3392 709 mortem,
3424 641 3518 714 qui
3560 644 3780 712 pessimi,

2200 743 2256 790 et
2281 737 2331 788 in
2365 735 2510 789 malo
2540 735 2763 802 divites,
2795 736 2906 792 dati
2936 737 3069 791 estis
3097 752 3198 807 pro
3239 737 3522 806 sepultura
3545 745 3599 791 et
3628 746 3781 792 morte

2201 829 2338 898 ejus.
2365 830 2408 882 si
2434 829 2721 884 volueritis
2743 845 2906 900 agere
2929 831 3328 899 pmnitentiam,
3359 840 3412 886 et
3435 845 3536 901 pro
3566 830 3781 901 peccatis

2201 923 2400 978 vestris
2425 922 2624 979 oﬂ‘erre
2641 923 2978 979 sacriﬁcium
3005 924 3226 994 placens
3249 923 3382 990 Deo,
3407 924 3656 990 Spiritum
3673 939 3784 978 eou-

2202 1016 2544 1080 tribulatmn,
2576 1015 2780 1071 videbit
2819 1017 3000 1071 anima
3029 1025 3208 1072 vestra
3255 1031 3446 1072 semen
3478 1016 3622 1086 longi
3662 1027 3780 1070 tem-

2205 1107 2374 1176 poris,
2411 1107 2587 1176 ipsum
2619 1108 2903 1164 Dominum
2936 1108 3300 1164 Salvatorem.
3333 1108 3407 1164 De
3435 1123 3547 1178 quo
3578 1108 3632 1162 in
3656 1120 3784 1162 octo-

2204 1200 2413 1267 gesimo
2427 1207 2620 1254 octavo
2638 1200 2848 1269 psalmo
2867 1203 3114 1255 canitur:
3141 1199 3327 1256 Semen
3349 1203 3464 1273 ejus
3488 1202 3543 1252 in
3563 1211 3785 1254 veternum

2207 1301 2494 1359 permanet,
2529 1300 2577 1344 et
2605 1295 2822 1345 thronus
2848 1292 2992 1346 illius
3012 1293 3151 1347 sicut
3177 1293 3259 1346 sol
3288 1293 3342 1347 in
3369 1303 3644 1356 conspectu
3671 1307 3784 1346 meo.

2208 1380 2276 1434 Et
2307 1383 2502 1435 iterum
2529 1399 2543 1436 :
2577 1381 2779 1436 Ponam
2816 1385 2870 1436 in
2896 1385 3148 1438 steculum
3185 1384 3364 1438 surculi
3392 1400 3566 1438 semen
3597 1387 3718 1455 ejus,
3745 1393 3785 1437 et

2206 1475 2449 1526 thronum
2481 1473 2624 1527 illius
2663 1475 2793 1528 sicut
2820 1475 2929 1529 dies
2974 1473 3107 1529 caeli.
3151 1475 3304 1543 Quod
3347 1475 3473 1530 aliis
3504 1475 3690 1530 verbis
3729 1475 3788 1529 ad

2208 1565 2486 1638 Virginem
2519 1567 2736 1623 Gabriel
2785 1569 3064 1639 loquitur:
3099 1567 3236 1623 Erce
3277 1572 3538 1640 concipies
3565 1569 3618 1623 in
3661 1579 3786 1622 utero

2207 1667 2256 1712 et
2280 1659 2447 1729 paries
2470 1675 2488 1712 :
2514 1660 2602 1728 qui
2647 1657 2819 1714 Filius
2841 1659 3096 1714 Altissimi
3120 1661 3403 1715 vocabitur.
3435 1659 3502 1714 Et
3547 1660 3684 1715 dabit
3719 1662 3788 1715 illi

2209 1747 2466 1804 Dominus
2491 1750 2731 1805 thronum
2761 1751 2931 1805 David
2970 1754 3135 1822 patris
3165 1753 3268 1819 sui,
3307 1762 3354 1806 et
3387 1751 3627 1824 regnabit
3652 1768 3790 1822 super

2137 1843 2182 1902 Β
2210 1844 2417 1898 domum
2454 1843 2620 1900 Iacob
2653 1847 2708 1900 in
2739 1849 3104 1912 sempiternum
3123 1864 3142 1902 :
3181 1857 3226 1901 et
3256 1849 3400 1920 regni
3429 1851 3546 1920 ejus
3581 1863 3678 1902 non
3705 1848 3787 1902 erit

2207 1936 2329 2006 ﬁnis
2359 1936 2512 2009 (Luc.
2546 1955 2584 2002 ι,
2615 1940 2706 2005 51,
2729 1939 2847 2009 52).
2877 1939 3007 1994 Vult
3028 1941 3174 1994 enim
3205 1940 3468 1994 Dominus
3495 1939 3704 1994 auferre
3729 1937 3790 1994 de

2208 2028 2402 2084 dolore
2417 2031 2654 2085 animam
2678 2031 2814 2101 ejus,
2837 2033 2926 2099 qui
2945 2031 3158 2087 dixerat
3179 2051 3191 2086 :
3216 2030 3397 2086 Tristis
3420 2042 3494 2086 est
3512 2032 3680 2085 anima
3692 2046 3788 2084 mea

2209 2138 2374 2193 usque
2401 2125 2469 2176 ad
2497 2133 2710 2177 mortent
2735 2123 2951 2193 (Matth.
2985 2139 3134 2192 xxVI,
3164 2122 3277 2193 58),
3312 2132 3374 2179 ut
3397 2124 3577 2179 crucis
3613 2131 3790 2179 contu-

2211 2216 2373 2270 melia
2407 2217 2832 2272 resurrectionis
2858 2215 3029 2286 gloria
3060 2224 3421 2286 temperetur.
3458 2213 3526 2269 Et
3547 2216 3791 2270 ostendere

2211 2309 2256 2360 ei
2287 2307 2475 2369 lucem,
2513 2318 2566 2362 ut
2590 2323 2785 2364 omnes
2812 2325 2909 2379 per
2934 2323 2995 2364 se
3022 2308 3206 2364 videat
3228 2307 3580 2363 illuminaios.
3604 2304 3672 2360 Et
3697 2311 3794 2378 [or-

2209 2416 2350 2454 mare
2387 2401 2751 2470 intelligentia,
2789 2401 3108 2456 subauditur
3139 2417 3287 2470 eum,
3332 2417 3498 2472 super
3521 2418 3677 2470 quem
3704 2403 3794 2456 de-

2211 2493 2490 2549 seenderit
2521 2495 2684 2566 622
2713 2494 2943 2564 spiritus
2977 2495 3263 2563 sapientite
3287 2503 3344 2549 et
3387 2495 3699 2550 intellectus.
3729 2492 3797 2548 Et

2205 2589 2501 2661 justiﬁcare
2509 2590 2738 2658 justum,
2760 2589 2852 2659 qui
2878 2588 3017 2644 bene
3033 2587 3217 2642 multis
3235 2588 3521 2653 servierit;
3539 2601 3641 2642 non
3658 2587 3796 2640 enim

2213 2683 2362 2738 venit
2388 2694 2448 2736 ut
2477 2681 2889 2737 ministraretur
2918 2682 2990 2747 ei,
3023 2681 3119 2738 sed
3153 2692 3209 2734 ut
3236 2677 3794 2745 ministraret(Matth.

2214 2775 2332 2846 xx),
2360 2776 2411 2828 in
2435 2774 2582 2830 Petri
2624 2775 2852 2844 pedibus
2887 2773 3068 2848 (Joan.
3117 2773 3257 2845 xm),
3311 2782 3629 2830 cunctorum
3670 2775 3800 2843 Apo-

2214 2871 2480 2923 stolorum
2509 2877 2732 2938 peccata
2747 2868 2997 2924 abluens.
3026 2867 3129 2936 Qui
3151 2870 3403 2939 apparuit
3424 2867 3477 2924 in
3496 2883 3681 2930 carne,
3699 2867 3800 2936 jus-

2217 2961 2454 3016 tilieatus
2475 2970 2558 3014 est
2589 2961 2642 3014 in
2670 2960 2882 3031 spiritu.
2916 2960 2993 3016 De
3017 2976 3129 3032 quo
3158 2960 3398 3016 etJudas
3427 2961 3669 3030 proditor
3687 2973 3802 3016 con-

2221 3053 2447 3108 ﬁtetur:
2482 3052 2722 3120 Peccavi,
2759 3053 2968 3108 tradens
3010 3054 3313 3126 sanguinem
3348 3054 3549 3125 justum
3593 3052 3798 3124 (Matth.

2221 3162 2387 3212 χχιιι,
2422 3149 2498 3217 4).
2534 3147 2602 3200 Ει
2630 3161 2768 3201 uxor
2791 3146 2948 3201 Pilati
2977 3165 2990 3201 :
3033 3145 3186 3200 Nihil
3217 3147 3308 3201 tibi
3336 3148 3400 3201 sit
3439 3157 3484 3202 et
3522 3148 3666 3217 justo
3700 3146 3802 3200 illi:

2219 3239 2386 3293 multa
2413 3240 2548 3293 enim
2573 3257 2725 3309 passa
2753 3257 2867 3293 sum
2887 3239 3038 3293 hodie
3059 3240 3113 3293 in
3137 3241 3333 3294 somnis
3355 3249 3566 3311 promer
3591 3257 3721 3294 eum.
3746 3239 3802 3292 Et

2222 3335 2520 3391 notandum
2569 3333 2713 3405 quod
2762 3350 2868 3389 non
2915 3334 3244 3405 justilicatus
3281 3336 3374 3396 sit.
3417 3344 3478 3389 ut
3516 3335 3583 3390 de
3610 3335 3798 3404 iniquo,

2217 3425 2395 3495 justus
2423 3425 2597 3481 ﬁeret.
2625 3425 2731 3482 Sed
2756 3426 2940 3495 justus
2959 3426 3318 3497 justilieatur,
3343 3443 3450 3482 non
3477 3437 3533 3482 ut
3558 3427 3802 3498 inciperet

2221 3533 2346 3574 esse
2375 3517 2519 3587 quod
2563 3533 2668 3572 non
2711 3528 2860 3583 erat;
2894 3518 2990 3573 sed
3036 3518 3263 3590 utquod
3297 3526 3422 3574 erat
3448 3519 3689 3574 omnibus
3711 3531 3805 3587 apo

2222 3623 2460 3684 pareret.
2495 3612 2602 3668 lste
2622 3613 2805 3682 justus
2838 3628 2934 3682 pro
2963 3613 3160 3679 iniquis
3188 3627 3387 3683 passus
3417 3623 3524 3678 est,
3558 3623 3606 3667 ut
3626 3625 3801 3666 omnes

2223 3721 2323 3762 nos
2353 3706 2573 3761 oll'erret
2607 3707 2737 3760 Deo.
2769 3708 2841 3761 De
2865 3721 2976 3776 quo
3013 3706 3212 3760 dicitur
3233 3706 3300 3760 ad
3331 3705 3586 3762 Judasos:
3628 3702 3686 3757 Et
3721 3718 3802 3756 ne-

2221 3801 2380 3870 gastis
2414 3808 2650 3854 sanctum
2677 3810 2722 3853 et
2760 3802 2990 3870 justum,
3021 3810 3068 3854 et
3116 3799 3316 3872 petistis
3357 3812 3414 3854 ut
3442 3801 3521 3854 vir
3558 3797 3799 3853 homicida

2223 3895 2508 3948 donaretur
2525 3894 2664 3948 vobis
2682 3892 2822 3966 (Act.
2846 3911 2923 3959 ιιι,
2945 3894 3054 3965 14).
3083 3895 3152 3948 Et
3175 3905 3408 3965 peccata,
3434 3896 3622 3961 inquit,
3644 3907 3798 3948 eorum

2223 3989 2333 4057 ipse
2357 3988 2614 4058 portavit;
2639 3989 2792 4059 quasi
2825 3988 3069 4042 medicos
3101 3987 3390 4058 lauguores
3418 3986 3795 4059 mgrotautium,

2223 4095 2333 4150 quo
2362 4081 2478 4134 sani
2521 4094 2628 4135 non
2678 4079 2945 4151 indigent,
2994 4093 3056 4135 se
3105 4079 3158 4134 hi
3185 4081 3274 4149 qui
3324 4080 3467 4136 male
3515 4095 3574 4136 se
3622 4077 3798 4133 habent

2227 4171 2380 4244 (Luc.
2416 4175 2493 4242 v).
2567 4225 2570 4229 .

2299 4262 2616 4334 (Vers.12.)
2642 4263 2770 4318 Ideo
2791 4265 3096 4334 dispertiam
3131 4265 3179 4318 ei
3207 4263 3496 4335 plurimos,
3529 4274 3575 4319 et
3607 4263 3796 4335 fortium

2226 4355 2416 4410 dividet
2443 4358 2613 4424 spolia
2637 4374 2655 4410 :
2683 4374 2778 4426 pro
2799 4374 2856 4411 eo
2875 4357 3014 4427 quod
3044 4357 3259 4412 tradidit
3283 4360 3336 4413 in
3358 4370 3576 4414 mortem
3597 4358 3797 4412 animam

2225 4467 2396 4517 suam,
2429 4462 2479 4506 et
2508 4468 2623 4504 cum
2653 4449 2922 4504 sceleratis
2949 4460 3220 4523 reputatus
3251 4462 3324 4505 est
3357 4469 3376 4506 .·
3397 4461 3445 4507 et
3480 4453 3589 4521 ipse
3612 4456 3798 4524 peccata

521 4558 560 4609 ι,
591 4543 702 4614 14).
727 4543 862 4612 Quia
891 4545 1053 4615 igitur
1083 4545 1369 4613 laboravit,
1398 4546 1602 4602 videbit
1633 4547 1902 4602 Ecclesias
1923 4545 1976 4600 in
2009 4555 2121 4600 toto
2148 4578 2202 4638 Β
2227 4541 2514 4596 multorum
2535 4541 2675 4608 tulit,
2708 4550 2756 4595 et
2775 4558 2869 4612 pro
2893 4543 3360 4615 transgressoribus
3388 4545 3602 4615 rogavit.
3633 4537 3756 4638 LXli
3783 4556 3794 4591 :

520 4637 656 4692 orbe
684 4653 1038 4708 consurgere,
1066 4648 1120 4694 et
1145 4653 1332 4694 earum
1361 4639 1699 4695 Saturabitur
1720 4641 1846 4696 lide.
1877 4639 2120 4707 Denique

519 4744 642 4784 cum
665 4731 916 4787 esuriens
945 4741 1002 4787 et
1025 4731 1220 4788 sitiens
1249 4732 1481 4788 sedisset
1511 4747 1679 4800 super
1709 4741 1932 4801 puteum
1953 4729 2120 4786 Jacob

520 4821 701 4893 (Joau.
731 4824 829 4894 tv),
872 4824 1116 4880 medium
1144 4826 1289 4879 diem
1319 4825 1436 4880 sole
1461 4831 1728 4890 torrente,
1761 4823 1959 4894 emptis
1984 4822 2122 4876 cibis

523 4915 600 4967 uti
629 4916 818 4983 noluit,
851 4917 976 4984 quia
996 4917 1109 4986 jam
1138 4917 1518 4983 Samaritana,
1547 4923 1603 4970 et
1630 4914 1882 4970 exeuntis
1905 4913 1974 4968 ad
1998 4929 2121 4968 eum

520 5005 758 5060 civitatis
773 5007 994 5062 Sichem
1016 5009 1119 5063 ﬁde
1144 5011 1372 5064 sntiatus
1392 5019 1529 5065 erat.
1548 5009 1703 5062 Juxta
1726 5023 1884 5078 quem
1902 5022 2120 5062 sensum

521 5097 745 5154 diccbat
770 5100 914 5154 inter
942 5111 1065 5155 octo
1096 5102 1460 5159 beatitudiucs
1484 5119 1496 5156 :
1533 5102 1681 5157 Beati
1701 5103 1788 5174 qui
1815 5103 2050 5157 esuriuut
2075 5111 2122 5158 et

518 5192 978 5265 sitiuntjustitiam
1005 5192 1230 5263 (Matth.
1256 5210 1309 5262 v,
1339 5196 1416 5261 6).
1451 5194 1505 5249 In
1529 5197 1756 5250 scientia
1782 5209 1900 5261 sua,
1931 5193 1984 5249 id
2014 5203 2116 5259 est,

518 5283 573 5338 in
607 5283 878 5347 doctrina,
902 5283 1020 5352 ipse
1041 5284 1246 5354 justus,
1277 5285 1366 5350 qui
1394 5294 1671 5353 peccatum
1703 5301 1808 5340 non
1836 5286 1983 5354 fecit,
2021 5301 2122 5341 nec

521 5376 678 5432 dolus
705 5379 964 5434 inventus
986 5384 1072 5432 est
1103 5377 1154 5432 in
1188 5391 1285 5432 ore
1308 5378 1428 5446 ejus
1453 5397 1465 5433 :
1499 5389 1551 5434 et
1578 5391 1774 5433 servus
1803 5377 2003 5447 Patris,
2029 5379 2122 5449 qui

517 5469 746 5526 formam
780 5472 921 5526 servi
953 5481 1260 5541 acceperat,
1293 5457 1348 5527 et
1376 5472 1594 5528 Domini
1637 5473 1900 5529 servierat
1931 5472 2126 5526 volun-

520 5564 636 5628 tati,
672 5566 872 5622 multos
909 5564 1230 5634 justilicabit
1272 5565 1339 5620 de
1373 5575 1484 5622 tote
1525 5566 1656 5622 orbe
1699 5564 2009 5622 credentes.
2055 5563 2123 5618 Et

2231 4633 2518 4701 PrOpterea
2565 4636 2675 4703 ipse
2717 4635 2999 4705 possidebit
3030 4636 3220 4690 multos
3239 4677 3254 4702 ,
3286 4649 3334 4692 et
3363 4639 3577 4707 fortium
3621 4631 3791 4689 dividet

2225 4730 2396 4800 spolia
2426 4745 2444 4781 :
2474 4743 2568 4799 pro
2617 4743 2676 4780 eo
2700 4728 2841 4798 quod
2893 4729 3246 4782 contaminata
3271 4738 3344 4782 est
3371 4729 3427 4782 in
3458 4741 3616 4784 morte
3644 4727 3798 4780 animo

2228 4824 2337 4892 ejus
2365 4861 2379 4885 ,
2428 4828 2476 4873 et
2507 4834 2620 4872 cum
2667 4819 2860 4889 iniquis
2909 4828 3180 4889 reputatus
3210 4828 3284 4873 est
3316 4861 3331 4884 ,
3367 4828 3412 4874 et
3460 4821 3570 4890 ipse
3615 4826 3800 4891 peccata

2229 4915 2510 4970 multorum
2540 4913 2762 4984 suscepit
2787 4955 2801 4976 ,
2846 4923 2893 4967 et
2937 4924 3147 4984 prapter
3174 4914 3480 4984 iniquitates
3509 4932 3682 4969 eorum
3711 4923 3801 4966 trar

2229 5009 2370 5062 ditus
2401 5014 2496 5060 est.
2531 5005 2735 5061 Causas
2767 5005 2947 5060 reddit
2975 5020 3070 5059 cur
3112 5013 3231 5075 post
3290 5007 3598 5076 passionem
3652 5004 3801 5060 multa

2229 5101 2482 5157 Christus
2513 5101 2732 5169 praemia
2778 5109 3164 5169 consequatur.
3200 5099 3370 5168 Quia,
3404 5101 3609 5172 inquit,
3642 5114 3802 5171 passus

2225 5202 2317 5259 est,
2353 5205 2406 5248 et
2438 5191 2567 5248 fecit
2595 5192 2774 5247 omnia
2810 5207 2929 5259 quae
2961 5195 3271 5260 praeteritus
3302 5208 3486 5247 sermo
3514 5192 3797 5261 descripsit,

2224 5295 2278 5342 et
2308 5287 2618 5358 iniquitates
2649 5285 2939 5340 multorum
2974 5286 3089 5356 ipse
3121 5286 3351 5353 portavit
3377 5305 3391 5341 :
3425 5297 3704 5359 prapterea
3733 5282 3800 5337 di-

2225 5381 2404 5437 vidam
2453 5382 2502 5436 ei
2556 5381 2852 5452 plurimos,
2897 5391 2955 5436 ut
3000 5395 3098 5449 pro
3155 5389 3306 5448 parte
3356 5381 3568 5436 Domini
3617 5378 3796 5445 Jacob,

2224 5482 2282 5529 et
2331 5474 2572 5529 funiculo
2627 5473 2959 5529 hereditatis
3010 5473 3155 5528 illius
3209 5473 3373 5528 Israel
3406 5519 3420 5543 ,
3491 5475 3706 5529 credant
3755 5471 3798 5522 in

2225 5581 2348 5621 eum
2379 5566 2446 5620 de
2488 5563 2718 5621 Oriente
2771 5574 2827 5619 ct
2876 5563 3173 5620 Occidente
3237 5566 3523 5621 venientes
3555 5611 3568 5634 ,
3623 5573 3672 5619 et
3728 5574 3799 5615 re-

541 5759 545 5774 ,
591 5712 618 5740 °
641 5703 790 5763 Unus
820 5703 1200 5776 Ambrosiam,
1231 5703 1291 5776 Si
1323 5703 1571 5776 dederitis
1593 5720 1688 5775 pro
1717 5711 1926 5776 peccato
1948 5701 2174 5754 animam
2193 5711 2444 5776 _ses_tra_m,
2474 5700 2711 5776 videbitis
2747 5715 2916 5776 semen
2948 5698 3385 5776 longitemporis,
3419 5707 3470 5752 et
3496 5698 3600 5776 vult
3641 5690 3795 5750 Dentis

521 5765 643 5841 nus,
678 5783 785 5828 etc.
818 5775 894 5829 Ac
939 5769 1091 5830 Certe
1136 5765 1391 5830 Alilinum
1438 5765 1652 5844 aliaque
1697 5765 1957 5830 nonnulla
1988 5771 2328 5843 exemplaria
2350 5773 2535 5829 Graeca
2563 5772 2659 5827 hac
2686 5768 2828 5826 serie
2850 5765 3057 5841 legunt;
3091 5765 3218 5826 δῶτε
3238 5774 3331 5829 τὴν
3355 5767 3557 5842 ψυχὴν.
