  <div class='ocr_page' id='page_1' title='image "/cluster/home/n/w/nwhite01/storage/ocr_20150623/24/uva.x000826571/264.png"; bbox 0 0 3932 6366; ppageno 0'>
   <div class='ocr_carea' id='block_1_1' title="bbox 141 361 254 418">
    <p class='ocr_par' dir='ltr' id='par_1_1' title="bbox 141 361 254 418">
     <span class='ocr_line' id='line_1_1' title="bbox 141 361 254 418; baseline 0.018 -2"><span class='ocrx_word' id='word_1_1' title='bbox 141 361 254 418; x_wconf 77' lang='grc'><strong>515</strong></span> 
     </span>
    </p>
   </div>
   <div class='ocr_carea' id='block_1_2' title="bbox 688 357 2895 421">
    <p class='ocr_par' dir='ltr' id='par_1_2' title="bbox 688 357 2895 421">
     <span class='ocr_line' id='line_1_2' title="bbox 688 357 2895 421; baseline 0 -4"><span class='ocrx_word' id='word_1_2' title='bbox 688 359 1346 418; x_wconf 73' lang='lat' dir='ltr'><strong>COMMENTAIHOBUM</strong></span> <span class='ocrx_word' id='word_1_3' title='bbox 1389 358 1451 416; x_wconf 79' lang='lat' dir='ltr'><strong>IN</strong></span> <span class='ocrx_word' id='word_1_4' title='bbox 1492 357 1730 417; x_wconf 73' lang='lat' dir='ltr'><strong>ISAIAM</strong></span> <span class='ocrx_word' id='word_1_5' title='bbox 1771 358 2193 417; x_wconf 72' lang='lat' dir='ltr'><strong>l‘liOPllliTAM</strong></span> <span class='ocrx_word' id='word_1_6' title='bbox 2231 360 2360 418; x_wconf 80' lang='lat' dir='ltr'><strong>LIB.</strong></span> <span class='ocrx_word' id='word_1_7' title='bbox 2403 359 2521 418; x_wconf 76' lang='lat' dir='ltr'><strong>XV.</strong></span> <span class='ocrx_word' id='word_1_8' title='bbox 2563 361 2718 421; x_wconf 83' lang='lat' dir='ltr'><strong>CAP.</strong></span> <span class='ocrx_word' id='word_1_9' title='bbox 2759 361 2895 419; x_wconf 86' lang='lat' dir='ltr'><strong>LIV.</strong></span> 
     </span>
    </p>
   </div>
   <div class='ocr_carea' id='block_1_3' title="bbox 3338 365 3444 426">
    <p class='ocr_par' dir='ltr' id='par_1_3' title="bbox 3338 365 3444 426">
     <span class='ocr_line' id='line_1_3' title="bbox 3338 365 3444 426; baseline 0.009 -2"><span class='ocrx_word' id='word_1_10' title='bbox 3338 365 3444 426; x_wconf 74' lang='lat' dir='ltr'><strong>5M</strong></span> 
     </span>
    </p>
   </div>
   <div class='ocr_carea' id='block_1_4' title="bbox 137 477 3442 550">
    <p class='ocr_par' dir='ltr' id='par_1_4' title="bbox 137 477 3442 550">
     <span class='ocr_line' id='line_1_4' title="bbox 137 477 3442 550; baseline 0.001 -17"><span class='ocrx_word' id='word_1_11' title='bbox 137 477 416 534; x_wconf 79' lang='lat' dir='ltr'><strong>cunibant</strong></span> <span class='ocrx_word' id='word_1_12' title='bbox 448 478 502 534; x_wconf 92' lang='lat' dir='ltr'><strong>in</strong></span> <span class='ocrx_word' id='word_1_13' title='bbox 535 493 698 550; x_wconf 89' lang='lat' dir='ltr'><strong>regno</strong></span> <span class='ocrx_word' id='word_1_14' title='bbox 728 479 820 533; x_wconf 86' lang='lat' dir='ltr'><strong>Dei</strong></span> <span class='ocrx_word' id='word_1_15' title='bbox 853 493 976 533; x_wconf 91' lang='lat' dir='ltr'><strong>cum</strong></span> <span class='ocrx_word' id='word_1_16' title='bbox 1011 478 1306 545; x_wconf 83' lang='lat' dir='ltr'><strong>Abraham,</strong></span> <span class='ocrx_word' id='word_1_17' title='bbox 1357 477 1508 534; x_wconf 76' lang='lat' dir='ltr'><strong>Isaac</strong></span> <span class='ocrx_word' id='word_1_18' title='bbox 1555 488 1608 532; x_wconf 90' lang='lat' dir='ltr'><strong>et</strong></span> <span class='ocrx_word' id='word_1_19' title='bbox 1655 477 1746 532; x_wconf 87' lang='lat' dir='ltr'><strong>Ja-</strong></span> <span class='ocrx_word' id='word_1_20' title='bbox 1771 482 1820 542; x_wconf 82' lang='grc' dir='ltr'><strong>Α</strong></span> <span class='ocrx_word' id='word_1_21' title='bbox 1851 477 2031 533; x_wconf 89' lang='lat' dir='ltr'><strong>dicarc</strong></span> <span class='ocrx_word' id='word_1_22' title='bbox 2062 479 2287 548; x_wconf 76' lang='lat' dir='ltr'><strong>captivis</strong></span> <span class='ocrx_word' id='word_1_23' title='bbox 2321 479 2694 534; x_wconf 81' lang='lat' dir='ltr'><strong>remissionem</strong></span> <span class='ocrx_word' id='word_1_24' title='bbox 2723 525 2736 547; x_wconf 89' lang='lat'><strong>,</strong></span> <span class='ocrx_word' id='word_1_25' title='bbox 2789 490 2844 534; x_wconf 85' lang='lat' dir='ltr'><strong>et</strong></span> <span class='ocrx_word' id='word_1_26' title='bbox 2892 481 3156 550; x_wconf 83' lang='lat' dir='ltr'><strong>captivam</strong></span> <span class='ocrx_word' id='word_1_27' title='bbox 3208 483 3356 549; x_wconf 86' lang='lat' dir='ltr'><strong>prius</strong></span> <span class='ocrx_word' id='word_1_28' title='bbox 3412 497 3442 537; x_wconf 89' lang='lat' dir='ltr'><strong>a</strong></span> 
     </span>
    </p>
   </div>
   <div class='ocr_carea' id='block_1_5' title="bbox 137 571 1743 644">
    <p class='ocr_par' dir='ltr' id='par_1_5' title="bbox 137 571 1743 644">
     <span class='ocr_line' id='line_1_5' title="bbox 137 571 1743 644; baseline -0.001 -17"><span class='ocrx_word' id='word_1_29' title='bbox 137 572 250 627; x_wconf 87' lang='lat' dir='ltr'><strong>cob</strong></span> <span class='ocrx_word' id='word_1_30' title='bbox 285 572 505 644; x_wconf 77' lang='lat' dir='ltr'><strong>(Matth.</strong></span> <span class='ocrx_word' id='word_1_31' title='bbox 541 572 652 642; x_wconf 86' lang='lat' dir='ltr'><strong>vin)</strong></span> <span class='ocrx_word' id='word_1_32' title='bbox 688 589 700 624; x_wconf 90' lang='lat'><strong>:</strong></span> <span class='ocrx_word' id='word_1_33' title='bbox 732 571 959 640; x_wconf 90' lang='lat' dir='ltr'><strong>impleto</strong></span> <span class='ocrx_word' id='word_1_34' title='bbox 990 572 1082 626; x_wconf 92' lang='lat' dir='ltr'><strong>illo</strong></span> <span class='ocrx_word' id='word_1_35' title='bbox 1113 571 1256 642; x_wconf 90' lang='lat' dir='ltr'><strong>quod</strong></span> <span class='ocrx_word' id='word_1_36' title='bbox 1305 571 1568 641; x_wconf 88' lang='lat' dir='ltr'><strong>scriptum</strong></span> <span class='ocrx_word' id='word_1_37' title='bbox 1600 579 1684 624; x_wconf 89' lang='lat' dir='ltr'><strong>est</strong></span> <span class='ocrx_word' id='word_1_38' title='bbox 1727 586 1743 625; x_wconf 88' lang='lat'><strong>:</strong></span> 
     </span>
    </p>
   </div>
   <div class='ocr_carea' id='block_1_6' title="bbox 138 660 1739 736">
    <p class='ocr_par' dir='ltr' id='par_1_6' title="bbox 138 660 1739 736">
     <span class='ocr_line' id='line_1_6' title="bbox 138 660 1739 736; baseline -0.002 -17"><span class='ocrx_word' id='word_1_39' title='bbox 138 660 378 722; x_wconf 74' lang='lat' dir='ltr'><strong>Postulo</strong></span> <span class='ocrx_word' id='word_1_40' title='bbox 407 683 438 720; x_wconf 88' lang='lat' dir='ltr'><strong>a</strong></span> <span class='ocrx_word' id='word_1_41' title='bbox 471 682 566 731; x_wconf 87' lang='lat' dir='ltr'><strong>me,</strong></span> <span class='ocrx_word' id='word_1_42' title='bbox 600 675 644 720; x_wconf 85' lang='lat' dir='ltr'><strong>et</strong></span> <span class='ocrx_word' id='word_1_43' title='bbox 675 665 807 719; x_wconf 87' lang='lat' dir='ltr'><strong><em>dabo</em></strong></span> <span class='ocrx_word' id='word_1_44' title='bbox 837 666 927 720; x_wconf 81' lang='lat' dir='ltr'><strong>tibi</strong></span> <span class='ocrx_word' id='word_1_45' title='bbox 956 673 1129 736; x_wconf 87' lang='lat' dir='ltr'><strong>gentes</strong></span> <span class='ocrx_word' id='word_1_46' title='bbox 1159 664 1507 718; x_wconf 73' lang='lat' dir='ltr'><strong>hiereditatem</strong></span> <span class='ocrx_word' id='word_1_47' title='bbox 1553 665 1695 717; x_wconf 82' lang='lat' dir='ltr'><strong>tuam</strong></span> <span class='ocrx_word' id='word_1_48' title='bbox 1723 702 1739 730; x_wconf 91' lang='lat'><strong>,</strong></span> 
     </span>
    </p>
   </div>
   <div class='ocr_carea' id='block_1_7' title="bbox 136 755 1745 831">
    <p class='ocr_par' dir='ltr' id='par_1_7' title="bbox 136 755 1745 831">
     <span class='ocr_line' id='line_1_7' title="bbox 136 755 1745 831; baseline -0.001 -19"><span class='ocrx_word' id='word_1_49' title='bbox 136 767 189 812; x_wconf 82' lang='lat' dir='ltr'><strong>et</strong></span> <span class='ocrx_word' id='word_1_50' title='bbox 221 760 598 829; x_wconf 68' lang='lat' dir='ltr'><strong>possessionem</strong></span> <span class='ocrx_word' id='word_1_51' title='bbox 628 767 773 812; x_wconf 87' lang='lat' dir='ltr'><strong>tuam</strong></span> <span class='ocrx_word' id='word_1_52' title='bbox 835 760 1079 812; x_wconf 77' lang='lat' dir='ltr'><strong>terminos</strong></span> <span class='ocrx_word' id='word_1_53' title='bbox 1111 769 1261 812; x_wconf 63' lang='lat' dir='ltr'><strong>terra</strong></span> <span class='ocrx_word' id='word_1_54' title='bbox 1289 755 1409 831; x_wconf 86' lang='lat' dir='ltr'><strong>(Ps.</strong></span> <span class='ocrx_word' id='word_1_55' title='bbox 1445 773 1504 821; x_wconf 85' lang='lat' dir='ltr'><strong>tt,</strong></span> <span class='ocrx_word' id='word_1_56' title='bbox 1535 755 1615 826; x_wconf 88' lang='lat'><strong>8).</strong></span> <span class='ocrx_word' id='word_1_57' title='bbox 1669 756 1745 811; x_wconf 84' lang='lat' dir='ltr'><strong>De</strong></span> 
     </span>
    </p>
   </div>
   <div class='ocr_carea' id='block_1_8' title="bbox 135 845 1746 919">
    <p class='ocr_par' dir='ltr' id='par_1_8' title="bbox 135 845 1746 919">
     <span class='ocr_line' id='line_1_8' title="bbox 135 845 1746 919; baseline -0.001 -18"><span class='ocrx_word' id='word_1_58' title='bbox 135 864 248 918; x_wconf 89' lang='lat' dir='ltr'><strong>quo</strong></span> <span class='ocrx_word' id='word_1_59' title='bbox 280 857 338 904; x_wconf 91' lang='lat' dir='ltr'><strong>et</strong></span> <span class='ocrx_word' id='word_1_60' title='bbox 370 850 423 903; x_wconf 92' lang='lat' dir='ltr'><strong>in</strong></span> <span class='ocrx_word' id='word_1_61' title='bbox 480 849 585 904; x_wconf 87' lang='lat' dir='ltr'><strong>huc</strong></span> <span class='ocrx_word' id='word_1_62' title='bbox 632 848 826 904; x_wconf 89' lang='lat' dir='ltr'><strong>eodem</strong></span> <span class='ocrx_word' id='word_1_63' title='bbox 860 847 1132 916; x_wconf 82' lang='lat' dir='ltr'><strong>PrOplteta</strong></span> <span class='ocrx_word' id='word_1_64' title='bbox 1166 848 1378 919; x_wconf 90' lang='lat' dir='ltr'><strong>legitur,</strong></span> <span class='ocrx_word' id='word_1_65' title='bbox 1418 845 1534 900; x_wconf 76' lang='lat' dir='ltr'><strong>Erit</strong></span> <span class='ocrx_word' id='word_1_66' title='bbox 1589 845 1746 900; x_wconf 73' lang='lat' dir='ltr'><strong>radix</strong></span> 
     </span>
    </p>
   </div>
   <div class='ocr_carea' id='block_1_9' title="bbox 132 939 1744 1014">
    <p class='ocr_par' dir='ltr' id='par_1_9' title="bbox 132 939 1744 1014">
     <span class='ocr_line' id='line_1_9' title="bbox 132 939 1744 1014; baseline -0.002 -18"><span class='ocrx_word' id='word_1_67' title='bbox 132 939 288 998; x_wconf 81' lang='lat' dir='ltr'><strong>Jcsse</strong></span> <span class='ocrx_word' id='word_1_68' title='bbox 322 959 341 998; x_wconf 90' lang='lat'><strong><em>:</em></strong></span> <span class='ocrx_word' id='word_1_69' title='bbox 370 952 420 997; x_wconf 90' lang='lat' dir='ltr'><strong>et</strong></span> <span class='ocrx_word' id='word_1_70' title='bbox 448 944 538 1014; x_wconf 97' lang='lat' dir='ltr'><strong>qui</strong></span> <span class='ocrx_word' id='word_1_71' title='bbox 567 953 801 1012; x_wconf 74' lang='lat' dir='ltr'><strong>resurget</strong></span> <span class='ocrx_word' id='word_1_72' title='bbox 831 951 886 996; x_wconf 90' lang='lat' dir='ltr'><strong>ut</strong></span> <span class='ocrx_word' id='word_1_73' title='bbox 917 943 1239 1013; x_wconf 71' lang='lat' dir='ltr'><strong>principatur</strong></span> <span class='ocrx_word' id='word_1_74' title='bbox 1267 941 1516 1014; x_wconf 84' lang='lat' dir='ltr'><strong>gentium,</strong></span> <span class='ocrx_word' id='word_1_75' title='bbox 1548 941 1602 994; x_wconf 90' lang='lat' dir='ltr'><strong>in</strong></span> <span class='ocrx_word' id='word_1_76' title='bbox 1631 942 1744 1010; x_wconf 88' lang='lat' dir='ltr'><strong>ipso</strong></span> 
     </span>
    </p>
   </div>
   <div class='ocr_carea' id='block_1_10' title="bbox 132 1033 1743 1110">
    <p class='ocr_par' dir='ltr' id='par_1_10' title="bbox 132 1033 1743 1110">
     <span class='ocr_line' id='line_1_10' title="bbox 132 1033 1743 1110; baseline -0.002 -20"><span class='ocrx_word' id='word_1_77' title='bbox 132 1047 309 1110; x_wconf 84' lang='lat' dir='ltr'><strong>gentes</strong></span> <span class='ocrx_word' id='word_1_78' title='bbox 339 1038 621 1108; x_wconf 85' lang='lat' dir='ltr'><strong>sperabunt</strong></span> <span class='ocrx_word' id='word_1_79' title='bbox 670 1035 842 1106; x_wconf 84' lang='lat' dir='ltr'><strong>(Isai.</strong></span> <span class='ocrx_word' id='word_1_80' title='bbox 876 1052 951 1104; x_wconf 64' lang='grc' dir='ltr'>ιιι,</span> <span class='ocrx_word' id='word_1_81' title='bbox 989 1035 1056 1091; x_wconf 77' lang='grc'><strong>10</strong></span> <span class='ocrx_word' id='word_1_82' title='bbox 1079 1036 1119 1105; x_wconf 94' lang='grc'><strong>).</strong></span> <span class='ocrx_word' id='word_1_83' title='bbox 1155 1035 1248 1090; x_wconf 90' lang='lat' dir='ltr'><strong>Isti</strong></span> <span class='ocrx_word' id='word_1_84' title='bbox 1295 1045 1476 1089; x_wconf 88' lang='lat' dir='ltr'><strong>autem</strong></span> <span class='ocrx_word' id='word_1_85' title='bbox 1529 1033 1743 1101; x_wconf 85' lang='lat' dir='ltr'><strong>plurimi</strong></span> 
     </span>
    </p>
   </div>
   <div class='ocr_carea' id='block_1_11' title="bbox 132 1128 1743 1200">
    <p class='ocr_par' dir='ltr' id='par_1_11' title="bbox 132 1128 1743 1200">
     <span class='ocr_line' id='line_1_11' title="bbox 132 1128 1743 1200; baseline -0.001 -17"><span class='ocrx_word' id='word_1_86' title='bbox 132 1129 415 1200; x_wconf 88' lang='lat' dir='ltr'><strong>quondam</strong></span> <span class='ocrx_word' id='word_1_87' title='bbox 446 1146 478 1186; x_wconf 90' lang='lat' dir='ltr'><strong>a</strong></span> <span class='ocrx_word' id='word_1_88' title='bbox 508 1129 741 1185; x_wconf 78' lang='lat' dir='ltr'><strong>fortibus</strong></span> <span class='ocrx_word' id='word_1_89' title='bbox 764 1129 1122 1193; x_wconf 88' lang='lat' dir='ltr'><strong>tenebantur;</strong></span> <span class='ocrx_word' id='word_1_90' title='bbox 1156 1138 1209 1182; x_wconf 90' lang='lat' dir='ltr'><strong>et</strong></span> <span class='ocrx_word' id='word_1_91' title='bbox 1238 1129 1340 1184; x_wconf 88' lang='lat' dir='ltr'><strong>sub</strong></span> <span class='ocrx_word' id='word_1_92' title='bbox 1368 1128 1552 1197; x_wconf 88' lang='lat' dir='ltr'><strong>specie</strong></span> <span class='ocrx_word' id='word_1_93' title='bbox 1577 1128 1743 1182; x_wconf 76' lang='lat' dir='ltr'><strong>asina:</strong></span> 
     </span>
    </p>
   </div>
   <div class='ocr_carea' id='block_1_12' title="bbox 132 1220 1744 1293">
    <p class='ocr_par' dir='ltr' id='par_1_12' title="bbox 132 1220 1744 1293">
     <span class='ocr_line' id='line_1_12' title="bbox 132 1220 1744 1293; baseline -0.002 -16"><span class='ocrx_word' id='word_1_94' title='bbox 132 1231 190 1278; x_wconf 90' lang='lat' dir='ltr'><strong>et</strong></span> <span class='ocrx_word' id='word_1_95' title='bbox 225 1223 385 1293; x_wconf 81' lang='lat' dir='ltr'><strong>pulli,</strong></span> <span class='ocrx_word' id='word_1_96' title='bbox 421 1224 624 1277; x_wconf 91' lang='lat' dir='ltr'><strong>multos</strong></span> <span class='ocrx_word' id='word_1_97' title='bbox 655 1221 932 1277; x_wconf 88' lang='lat' dir='ltr'><strong>habebant</strong></span> <span class='ocrx_word' id='word_1_98' title='bbox 964 1221 1229 1290; x_wconf 84' lang='lat' dir='ltr'><strong>dominos,</strong></span> <span class='ocrx_word' id='word_1_99' title='bbox 1261 1220 1460 1292; x_wconf 90' lang='lat' dir='ltr'><strong>quibus</strong></span> <span class='ocrx_word' id='word_1_100' title='bbox 1488 1220 1744 1275; x_wconf 87' lang='lat' dir='ltr'><strong>dixerunt</strong></span> 
     </span>
    </p>
   </div>
   <div class='ocr_carea' id='block_1_13' title="bbox 127 1314 1741 1389">
    <p class='ocr_par' dir='ltr' id='par_1_13' title="bbox 127 1314 1741 1389">
     <span class='ocr_line' id='line_1_13' title="bbox 127 1314 1741 1389; baseline -0.001 -18"><span class='ocrx_word' id='word_1_101' title='bbox 127 1317 386 1389; x_wconf 82' lang='lat' dir='ltr'><strong>Apostoli</strong></span> <span class='ocrx_word' id='word_1_102' title='bbox 423 1335 436 1372; x_wconf 93' lang='lat'>:</span> <span class='ocrx_word' id='word_1_103' title='bbox 471 1316 725 1372; x_wconf 84' lang='lat' dir='ltr'><strong>Dominus</strong></span> <span class='ocrx_word' id='word_1_104' title='bbox 753 1332 839 1370; x_wconf 87' lang='lat' dir='ltr'><strong>eos</strong></span> <span class='ocrx_word' id='word_1_105' title='bbox 869 1317 1184 1372; x_wconf 84' lang='lat' dir='ltr'><strong>necessarios</strong></span> <span class='ocrx_word' id='word_1_106' title='bbox 1207 1315 1355 1370; x_wconf 81' lang='lat' dir='ltr'><strong>habet</strong></span> <span class='ocrx_word' id='word_1_107' title='bbox 1380 1314 1593 1384; x_wconf 80' lang='lat' dir='ltr'><strong>(Matth.</strong></span> <span class='ocrx_word' id='word_1_108' title='bbox 1627 1330 1741 1382; x_wconf 74' lang='lat' dir='ltr'><strong>xst,</strong></span> 
     </span>
    </p>
   </div>
   <div class='ocr_carea' id='block_1_14' title="bbox 125 1408 1742 1481">
    <p class='ocr_par' dir='ltr' id='par_1_14' title="bbox 125 1408 1742 1481">
     <span class='ocr_line' id='line_1_14' title="bbox 125 1408 1742 1481; baseline -0.002 -15"><span class='ocrx_word' id='word_1_109' title='bbox 125 1410 211 1479; x_wconf 78' lang='lat'><strong>3).</strong></span> <span class='ocrx_word' id='word_1_110' title='bbox 239 1412 347 1477; x_wconf 79' lang='lat' dir='ltr'><strong>Qui</strong></span> <span class='ocrx_word' id='word_1_111' title='bbox 383 1409 552 1466; x_wconf 81' lang='lat' dir='ltr'><strong>fortes</strong></span> <span class='ocrx_word' id='word_1_112' title='bbox 603 1421 761 1465; x_wconf 89' lang='lat' dir='ltr'><strong>erant</strong></span> <span class='ocrx_word' id='word_1_113' title='bbox 806 1418 1093 1481; x_wconf 85' lang='lat' dir='ltr'><strong>antequam</strong></span> <span class='ocrx_word' id='word_1_114' title='bbox 1149 1409 1402 1464; x_wconf 84' lang='lat' dir='ltr'><strong>Christus</strong></span> <span class='ocrx_word' id='word_1_115' title='bbox 1449 1408 1742 1463; x_wconf 90' lang='lat' dir='ltr'><strong>humanum</strong></span> 
     </span>
    </p>
   </div>
   <div class='ocr_carea' id='block_1_15' title="bbox 124 1500 1745 1573">
    <p class='ocr_par' dir='ltr' id='par_1_15' title="bbox 124 1500 1745 1573">
     <span class='ocr_line' id='line_1_15' title="bbox 124 1500 1745 1573; baseline -0.001 -16"><span class='ocrx_word' id='word_1_116' title='bbox 124 1511 342 1572; x_wconf 77' lang='lat' dir='ltr'><strong>“corpus</strong></span> <span class='ocrx_word' id='word_1_117' title='bbox 387 1514 710 1571; x_wconf 85' lang='lat' dir='ltr'><strong>assumeret,</strong></span> <span class='ocrx_word' id='word_1_118' title='bbox 761 1513 815 1559; x_wconf 89' lang='lat' dir='ltr'><strong>et</strong></span> <span class='ocrx_word' id='word_1_119' title='bbox 846 1501 984 1558; x_wconf 88' lang='lat' dir='ltr'><strong>forte</strong></span> <span class='ocrx_word' id='word_1_120' title='bbox 1014 1513 1273 1573; x_wconf 88' lang='lat' dir='ltr'><strong>superato</strong></span> <span class='ocrx_word' id='word_1_121' title='bbox 1297 1547 1311 1571; x_wconf 93' lang='lat'><strong>,</strong></span> <span class='ocrx_word' id='word_1_122' title='bbox 1344 1501 1604 1570; x_wconf 84' lang='lat' dir='ltr'><strong>diriperet</strong></span> <span class='ocrx_word' id='word_1_123' title='bbox 1648 1500 1745 1556; x_wconf 90' lang='lat' dir='ltr'><strong>do-</strong></span> 
     </span>
    </p>
   </div>
   <div class='ocr_carea' id='block_1_16' title="bbox 123 1592 1746 1665">
    <p class='ocr_par' dir='ltr' id='par_1_16' title="bbox 123 1592 1746 1665">
     <span class='ocr_line' id='line_1_16' title="bbox 123 1592 1746 1665; baseline -0.002 -16"><span class='ocrx_word' id='word_1_124' title='bbox 123 1610 285 1649; x_wconf 89' lang='lat' dir='ltr'><strong>mum</strong></span> <span class='ocrx_word' id='word_1_125' title='bbox 311 1596 454 1664; x_wconf 83' lang='lat' dir='ltr'><strong>ejus.</strong></span> <span class='ocrx_word' id='word_1_126' title='bbox 485 1595 726 1650; x_wconf 74' lang='lat' dir='ltr'><strong>Przedam</strong></span> <span class='ocrx_word' id='word_1_127' title='bbox 750 1609 879 1665; x_wconf 81' lang='lat' dir='ltr'><strong>ergo</strong></span> <span class='ocrx_word' id='word_1_128' title='bbox 913 1594 1134 1649; x_wconf 79' lang='lat' dir='ltr'><strong>fortium</strong></span> <span class='ocrx_word' id='word_1_129' title='bbox 1162 1593 1440 1664; x_wconf 83' lang='lat' dir='ltr'><strong>Apostolis</strong></span> <span class='ocrx_word' id='word_1_130' title='bbox 1471 1592 1586 1647; x_wconf 86' lang='lat' dir='ltr'><strong>suis</strong></span> <span class='ocrx_word' id='word_1_131' title='bbox 1636 1605 1746 1646; x_wconf 91' lang='lat' dir='ltr'><strong>tra-</strong></span> 
     </span>
    </p>
   </div>
   <div class='ocr_carea' id='block_1_17' title="bbox 124 1685 1742 1760">
    <p class='ocr_par' dir='ltr' id='par_1_17' title="bbox 124 1685 1742 1760">
     <span class='ocr_line' id='line_1_17' title="bbox 124 1685 1742 1760; baseline -0.003 -16"><span class='ocrx_word' id='word_1_132' title='bbox 124 1688 276 1744; x_wconf 85' lang='lat' dir='ltr'><strong>didit</strong></span> <span class='ocrx_word' id='word_1_133' title='bbox 307 1699 475 1760; x_wconf 89' lang='lat' dir='ltr'><strong>atque</strong></span> <span class='ocrx_word' id='word_1_134' title='bbox 504 1689 690 1743; x_wconf 76' lang='lat' dir='ltr'><strong>divisit</strong></span> <span class='ocrx_word' id='word_1_135' title='bbox 726 1733 739 1756; x_wconf 94' lang='lat'><strong>,</strong></span> <span class='ocrx_word' id='word_1_136' title='bbox 787 1697 845 1742; x_wconf 92' lang='lat' dir='ltr'><strong>ut</strong></span> <span class='ocrx_word' id='word_1_137' title='bbox 873 1687 1066 1743; x_wconf 84' lang='lat' dir='ltr'><strong>Petrus</strong></span> <span class='ocrx_word' id='word_1_138' title='bbox 1087 1733 1101 1756; x_wconf 92' lang='lat'><strong>,</strong></span> <span class='ocrx_word' id='word_1_139' title='bbox 1163 1686 1395 1742; x_wconf 89' lang='lat' dir='ltr'><strong>Jacobus</strong></span> <span class='ocrx_word' id='word_1_140' title='bbox 1423 1730 1436 1754; x_wconf 86' lang='lat'><strong>,</strong></span> <span class='ocrx_word' id='word_1_141' title='bbox 1479 1692 1532 1741; x_wconf 85' lang='lat' dir='ltr'><strong>et</strong></span> <span class='ocrx_word' id='word_1_142' title='bbox 1579 1685 1742 1757; x_wconf 77' lang='lat'><strong>623</strong></span> 
     </span>
    </p>
   </div>
   <div class='ocr_carea' id='block_1_18' title="bbox 123 1777 1744 1850">
    <p class='ocr_par' dir='ltr' id='par_1_18' title="bbox 123 1777 1744 1850">
     <span class='ocr_line' id='line_1_18' title="bbox 123 1777 1744 1850; baseline -0.004 -14"><span class='ocrx_word' id='word_1_143' title='bbox 123 1781 404 1848; x_wconf 85' lang='lat' dir='ltr'><strong>Joannes,</strong></span> <span class='ocrx_word' id='word_1_144' title='bbox 435 1780 745 1836; x_wconf 81' lang='lat' dir='ltr'><strong>circumcisi</strong></span> <span class='ocrx_word' id='word_1_145' title='bbox 779 1780 963 1850; x_wconf 81' lang='lat' dir='ltr'><strong>populi</strong></span> <span class='ocrx_word' id='word_1_146' title='bbox 993 1778 1262 1849; x_wconf 87' lang='lat' dir='ltr'><strong>principes</strong></span> <span class='ocrx_word' id='word_1_147' title='bbox 1289 1777 1500 1845; x_wconf 83' lang='lat' dir='ltr'><strong>ﬂerent,</strong></span> <span class='ocrx_word' id='word_1_148' title='bbox 1525 1787 1578 1831; x_wconf 88' lang='lat' dir='ltr'><strong>et</strong></span> <span class='ocrx_word' id='word_1_149' title='bbox 1607 1777 1744 1830; x_wconf 79' lang='lat' dir='ltr'><strong>Pau-</strong></span> 
     </span>
    </p>
   </div>
   <div class='ocr_carea' id='block_1_19' title="bbox 1845 571 3445 645">
    <p class='ocr_par' dir='ltr' id='par_1_19' title="bbox 1845 571 3445 645">
     <span class='ocr_line' id='line_1_19' title="bbox 1845 571 3445 645; baseline 0.005 -19"><span class='ocrx_word' id='word_1_150' title='bbox 1845 571 2067 627; x_wconf 80' lang='lat' dir='ltr'><strong>diabolo</strong></span> <span class='ocrx_word' id='word_1_151' title='bbox 2109 581 2271 642; x_wconf 88' lang='lat' dir='ltr'><strong>atque</strong></span> <span class='ocrx_word' id='word_1_152' title='bbox 2328 571 2667 628; x_wconf 58' lang='lat' dir='ltr'><strong>damonibus</strong></span> <span class='ocrx_word' id='word_1_153' title='bbox 2721 574 2873 629; x_wconf 80' lang='lat' dir='ltr'><strong>duxit</strong></span> <span class='ocrx_word' id='word_1_154' title='bbox 2921 577 3326 645; x_wconf 79' lang='lat' dir='ltr'><strong>captivitatem,</strong></span> <span class='ocrx_word' id='word_1_155' title='bbox 3389 587 3445 634; x_wconf 92' lang='lat' dir='ltr'><strong>ct</strong></span> 
     </span>
    </p>
   </div>
   <div class='ocr_carea' id='block_1_20' title="bbox 1845 663 3444 739">
    <p class='ocr_par' dir='ltr' id='par_1_20' title="bbox 1845 663 3444 739">
     <span class='ocr_line' id='line_1_20' title="bbox 1845 663 3444 739; baseline 0.005 -22"><span class='ocrx_word' id='word_1_156' title='bbox 1845 663 1994 718; x_wconf 89' lang='lat' dir='ltr'><strong>dedit</strong></span> <span class='ocrx_word' id='word_1_157' title='bbox 2025 679 2144 718; x_wconf 88' lang='lat' dir='ltr'><strong>eam</strong></span> <span class='ocrx_word' id='word_1_158' title='bbox 2177 664 2322 719; x_wconf 92' lang='lat' dir='ltr'><strong>dono</strong></span> <span class='ocrx_word' id='word_1_159' title='bbox 2375 663 2689 720; x_wconf 89' lang='lat' dir='ltr'><strong>hominibus</strong></span> <span class='ocrx_word' id='word_1_160' title='bbox 2721 677 2884 736; x_wconf 88' lang='lat' dir='ltr'><strong>atque</strong></span> <span class='ocrx_word' id='word_1_161' title='bbox 2913 667 3285 737; x_wconf 86' lang='lat' dir='ltr'><strong>credentibus,</strong></span> <span class='ocrx_word' id='word_1_162' title='bbox 3319 669 3444 739; x_wconf 86' lang='lat' dir='ltr'><strong>quia</strong></span> 
     </span>
    </p>
   </div>
   <div class='ocr_carea' id='block_1_21' title="bbox 1847 755 3445 827">
    <p class='ocr_par' dir='ltr' id='par_1_21' title="bbox 1847 755 3445 827">
     <span class='ocr_line' id='line_1_21' title="bbox 1847 755 3445 827; baseline 0.004 -17"><span class='ocrx_word' id='word_1_163' title='bbox 1847 755 2070 810; x_wconf 84' lang='lat' dir='ltr'><strong>tradidit</strong></span> <span class='ocrx_word' id='word_1_164' title='bbox 2091 757 2142 810; x_wconf 94' lang='lat' dir='ltr'><strong>in</strong></span> <span class='ocrx_word' id='word_1_165' title='bbox 2175 767 2406 810; x_wconf 90' lang='lat' dir='ltr'><strong>mortem</strong></span> <span class='ocrx_word' id='word_1_166' title='bbox 2441 755 2681 812; x_wconf 87' lang='lat' dir='ltr'><strong>animam</strong></span> <span class='ocrx_word' id='word_1_167' title='bbox 2711 772 2888 827; x_wconf 89' lang='lat' dir='ltr'><strong>suam,</strong></span> <span class='ocrx_word' id='word_1_168' title='bbox 2923 767 2978 814; x_wconf 90' lang='lat' dir='ltr'><strong>et</strong></span> <span class='ocrx_word' id='word_1_169' title='bbox 3007 775 3128 814; x_wconf 89' lang='lat' dir='ltr'><strong>cum</strong></span> <span class='ocrx_word' id='word_1_170' title='bbox 3161 760 3445 816; x_wconf 84' lang='lat' dir='ltr'><strong>sceleratis</strong></span> 
     </span>
    </p>
   </div>
   <div class='ocr_carea' id='block_1_22' title="bbox 1843 847 3440 923">
    <p class='ocr_par' dir='ltr' id='par_1_22' title="bbox 1843 847 3440 923">
     <span class='ocr_line' id='line_1_22' title="bbox 1843 847 3440 923; baseline 0.006 -22"><span class='ocrx_word' id='word_1_171' title='bbox 1843 849 1957 903; x_wconf 89' lang='lat' dir='ltr'><strong>sive</strong></span> <span class='ocrx_word' id='word_1_172' title='bbox 1990 847 2192 919; x_wconf 86' lang='lat' dir='ltr'><strong>iniquis</strong></span> <span class='ocrx_word' id='word_1_173' title='bbox 2240 855 2529 919; x_wconf 87' lang='lat' dir='ltr'><strong>reputatus</strong></span> <span class='ocrx_word' id='word_1_174' title='bbox 2559 861 2642 904; x_wconf 93' lang='lat' dir='ltr'><strong>est</strong></span> <span class='ocrx_word' id='word_1_175' title='bbox 2674 849 2714 921; x_wconf 97' lang='lat' dir='ltr'><strong>(l</strong></span> <span class='ocrx_word' id='word_1_176' title='bbox 2749 848 2870 905; x_wconf 87' lang='lat' dir='ltr'><strong>Cor.</strong></span> <span class='ocrx_word' id='word_1_177' title='bbox 2905 849 3003 923; x_wconf 84' lang='lat' dir='ltr'><strong>ix).</strong></span> <span class='ocrx_word' id='word_1_178' title='bbox 3031 852 3088 909; x_wconf 91' lang='lat' dir='ltr'><strong>Si</strong></span> <span class='ocrx_word' id='word_1_179' title='bbox 3116 853 3260 907; x_wconf 93' lang='lat' dir='ltr'><strong>enim</strong></span> <span class='ocrx_word' id='word_1_180' title='bbox 3293 854 3440 922; x_wconf 72' lang='grc' dir='ltr'><strong>Αινοο</strong></span> 
     </span>
    </p>
   </div>
   <div class='ocr_carea' id='block_1_23' title="bbox 1843 940 3444 1015">
    <p class='ocr_par' dir='ltr' id='par_1_23' title="bbox 1843 940 3444 1015">
     <span class='ocr_line' id='line_1_23' title="bbox 1843 940 3444 1015; baseline 0.004 -20"><span class='ocrx_word' id='word_1_181' title='bbox 1843 941 2018 995; x_wconf 89' lang='lat' dir='ltr'><strong>stolus</strong></span> <span class='ocrx_word' id='word_1_182' title='bbox 2047 940 2166 1009; x_wconf 90' lang='lat' dir='ltr'><strong>ejus</strong></span> <span class='ocrx_word' id='word_1_183' title='bbox 2214 940 2298 995; x_wconf 88' lang='lat' dir='ltr'><strong>his</strong></span> <span class='ocrx_word' id='word_1_184' title='bbox 2330 943 2419 1010; x_wconf 89' lang='lat' dir='ltr'><strong>qtti</strong></span> <span class='ocrx_word' id='word_1_185' title='bbox 2452 953 2607 996; x_wconf 82' lang='lat' dir='ltr'><strong>erant</strong></span> <span class='ocrx_word' id='word_1_186' title='bbox 2637 943 2754 998; x_wconf 88' lang='lat' dir='ltr'><strong>sine</strong></span> <span class='ocrx_word' id='word_1_187' title='bbox 2787 943 2924 1015; x_wconf 83' lang='lat' dir='ltr'><strong>lege,</strong></span> <span class='ocrx_word' id='word_1_188' title='bbox 2951 945 3122 999; x_wconf 74' lang='lat' dir='ltr'><strong>factus</strong></span> <span class='ocrx_word' id='word_1_189' title='bbox 3179 955 3263 1000; x_wconf 90' lang='lat' dir='ltr'><strong>est</strong></span> <span class='ocrx_word' id='word_1_190' title='bbox 3289 945 3444 1015; x_wconf 88' lang='lat' dir='ltr'><strong>quasi</strong></span> 
     </span>
    </p>
   </div>
   <div class='ocr_carea' id='block_1_24' title="bbox 1843 1034 3442 1109">
    <p class='ocr_par' dir='ltr' id='par_1_24' title="bbox 1843 1034 3442 1109">
     <span class='ocr_line' id='line_1_24' title="bbox 1843 1034 3442 1109; baseline 0.005 -21"><span class='ocrx_word' id='word_1_191' title='bbox 1843 1034 2009 1108; x_wconf 64' lang='grc'><strong>624</strong></span> <span class='ocrx_word' id='word_1_192' title='bbox 2033 1035 2151 1089; x_wconf 88' lang='lat' dir='ltr'><strong>sine</strong></span> <span class='ocrx_word' id='word_1_193' title='bbox 2183 1035 2300 1104; x_wconf 82' lang='lat' dir='ltr'><strong>lege</strong></span> <span class='ocrx_word' id='word_1_194' title='bbox 2327 1052 2341 1100; x_wconf 91' lang='lat'><strong>;</strong></span> <span class='ocrx_word' id='word_1_195' title='bbox 2393 1051 2514 1092; x_wconf 90' lang='lat' dir='ltr'><strong>cum</strong></span> <span class='ocrx_word' id='word_1_196' title='bbox 2550 1051 2657 1091; x_wconf 89' lang='lat' dir='ltr'><strong>non</strong></span> <span class='ocrx_word' id='word_1_197' title='bbox 2692 1048 2835 1092; x_wconf 87' lang='lat' dir='ltr'><strong>esset</strong></span> <span class='ocrx_word' id='word_1_198' title='bbox 2866 1038 2984 1094; x_wconf 91' lang='lat' dir='ltr'><strong>sine</strong></span> <span class='ocrx_word' id='word_1_199' title='bbox 3038 1039 3152 1109; x_wconf 87' lang='lat' dir='ltr'><strong>lege</strong></span> <span class='ocrx_word' id='word_1_200' title='bbox 3177 1084 3191 1107; x_wconf 94' lang='lat'><strong>,</strong></span> <span class='ocrx_word' id='word_1_201' title='bbox 3227 1039 3320 1095; x_wconf 89' lang='lat' dir='ltr'><strong>sed</strong></span> <span class='ocrx_word' id='word_1_202' title='bbox 3351 1054 3442 1096; x_wconf 85' lang='lat' dir='ltr'><strong>es-</strong></span> 
     </span>
    </p>
   </div>
   <div class='ocr_carea' id='block_1_25' title="bbox 1842 1127 3436 1200">
    <p class='ocr_par' dir='ltr' id='par_1_25' title="bbox 1842 1127 3436 1200">
     <span class='ocr_line' id='line_1_25' title="bbox 1842 1127 3436 1200; baseline 0.003 -15"><span class='ocrx_word' id='word_1_203' title='bbox 1842 1137 1928 1185; x_wconf 86' lang='lat' dir='ltr'><strong>set</strong></span> <span class='ocrx_word' id='word_1_204' title='bbox 1950 1130 2001 1183; x_wconf 92' lang='lat' dir='ltr'><strong>in</strong></span> <span class='ocrx_word' id='word_1_205' title='bbox 2035 1130 2151 1200; x_wconf 88' lang='lat' dir='ltr'><strong>lege</strong></span> <span class='ocrx_word' id='word_1_206' title='bbox 2176 1127 2382 1185; x_wconf 88' lang='lat' dir='ltr'><strong>Christi</strong></span> <span class='ocrx_word' id='word_1_207' title='bbox 2419 1145 2625 1200; x_wconf 82' lang='lat' dir='ltr'><strong>:quare</strong></span> <span class='ocrx_word' id='word_1_208' title='bbox 2655 1145 2763 1184; x_wconf 88' lang='lat' dir='ltr'><strong>non</strong></span> <span class='ocrx_word' id='word_1_209' title='bbox 2792 1139 2846 1185; x_wconf 92' lang='lat' dir='ltr'><strong>et</strong></span> <span class='ocrx_word' id='word_1_210' title='bbox 2877 1131 3127 1186; x_wconf 81' lang='lat' dir='ltr'><strong>Christus</strong></span> <span class='ocrx_word' id='word_1_211' title='bbox 3181 1147 3303 1187; x_wconf 92' lang='lat' dir='ltr'><strong>cum</strong></span> <span class='ocrx_word' id='word_1_212' title='bbox 3337 1133 3436 1190; x_wconf 83' lang='lat' dir='ltr'><strong>ini-</strong></span> 
     </span>
    </p>
   </div>
   <div class='ocr_carea' id='block_1_26' title="bbox 1844 1221 3440 1296">
    <p class='ocr_par' dir='ltr' id='par_1_26' title="bbox 1844 1221 3440 1296">
     <span class='ocr_line' id='line_1_26' title="bbox 1844 1221 3440 1296; baseline 0.004 -21"><span class='ocrx_word' id='word_1_213' title='bbox 1844 1222 1968 1292; x_wconf 89' lang='lat' dir='ltr'><strong>quis</strong></span> <span class='ocrx_word' id='word_1_214' title='bbox 1996 1231 2278 1292; x_wconf 88' lang='lat' dir='ltr'><strong>reputatus</strong></span> <span class='ocrx_word' id='word_1_215' title='bbox 2309 1223 2419 1289; x_wconf 91' lang='lat' dir='ltr'><strong>sit,</strong></span> <span class='ocrx_word' id='word_1_216' title='bbox 2455 1231 2512 1276; x_wconf 89' lang='lat' dir='ltr'><strong>ut</strong></span> <span class='ocrx_word' id='word_1_217' title='bbox 2545 1223 2759 1293; x_wconf 88' lang='lat' dir='ltr'><strong>iniquos</strong></span> <span class='ocrx_word' id='word_1_218' title='bbox 2799 1221 3096 1278; x_wconf 88' lang='lat' dir='ltr'><strong>redimeret</strong></span> <span class='ocrx_word' id='word_1_219' title='bbox 3133 1239 3162 1277; x_wconf 87' lang='lat' dir='ltr'><strong>a</strong></span> <span class='ocrx_word' id='word_1_220' title='bbox 3197 1235 3440 1296; x_wconf 91' lang='lat' dir='ltr'><strong>peccato,</strong></span> 
     </span>
    </p>
   </div>
   <div class='ocr_carea' id='block_1_27' title="bbox 1844 1315 3443 1382">
    <p class='ocr_par' dir='ltr' id='par_1_27' title="bbox 1844 1315 3443 1382">
     <span class='ocr_line' id='line_1_27' title="bbox 1844 1315 3443 1382; baseline 0.002 -10"><span class='ocrx_word' id='word_1_221' title='bbox 1844 1323 1900 1372; x_wconf 86' lang='lat' dir='ltr'><strong>et</strong></span> <span class='ocrx_word' id='word_1_222' title='bbox 1946 1315 2202 1370; x_wconf 88' lang='lat' dir='ltr'><strong>omnibus</strong></span> <span class='ocrx_word' id='word_1_223' title='bbox 2256 1315 2435 1370; x_wconf 89' lang='lat' dir='ltr'><strong>omnia</strong></span> <span class='ocrx_word' id='word_1_224' title='bbox 2469 1315 2643 1382; x_wconf 85' lang='lat' dir='ltr'><strong>fieret,</strong></span> <span class='ocrx_word' id='word_1_225' title='bbox 2681 1325 2738 1370; x_wconf 91' lang='lat' dir='ltr'><strong>ut</strong></span> <span class='ocrx_word' id='word_1_226' title='bbox 2765 1331 2954 1372; x_wconf 90' lang='lat' dir='ltr'><strong>omnes</strong></span> <span class='ocrx_word' id='word_1_227' title='bbox 2985 1316 3162 1371; x_wconf 82' lang='lat' dir='ltr'><strong>salvos</strong></span> <span class='ocrx_word' id='word_1_228' title='bbox 3193 1316 3443 1375; x_wconf 79' lang='lat' dir='ltr'><strong>faceret?</strong></span> 
     </span>
    </p>
   </div>
   <div class='ocr_carea' id='block_1_28' title="bbox 1844 1407 3440 1481">
    <p class='ocr_par' dir='ltr' id='par_1_28' title="bbox 1844 1407 3440 1481">
     <span class='ocr_line' id='line_1_28' title="bbox 1844 1407 3440 1481; baseline 0.001 -19"><span class='ocrx_word' id='word_1_229' title='bbox 1844 1408 2070 1464; x_wconf 89' lang='lat' dir='ltr'><strong>Peccata</strong></span> <span class='ocrx_word' id='word_1_230' title='bbox 2102 1409 2247 1464; x_wconf 89' lang='lat' dir='ltr'><strong>enim</strong></span> <span class='ocrx_word' id='word_1_231' title='bbox 2281 1416 2464 1463; x_wconf 90' lang='lat' dir='ltr'><strong>nostra</strong></span> <span class='ocrx_word' id='word_1_232' title='bbox 2493 1409 2725 1477; x_wconf 77' lang='lat' dir='ltr'><strong>portavit</strong></span> <span class='ocrx_word' id='word_1_233' title='bbox 2756 1408 2805 1462; x_wconf 92' lang='lat' dir='ltr'><strong>in</strong></span> <span class='ocrx_word' id='word_1_234' title='bbox 2837 1423 3066 1479; x_wconf 89' lang='lat' dir='ltr'><strong>corpore</strong></span> <span class='ocrx_word' id='word_1_235' title='bbox 3087 1424 3189 1464; x_wconf 91' lang='lat' dir='ltr'><strong>suo</strong></span> <span class='ocrx_word' id='word_1_236' title='bbox 3218 1409 3262 1481; x_wconf 91' lang='grc'><strong>(1</strong></span> <span class='ocrx_word' id='word_1_237' title='bbox 3295 1407 3440 1464; x_wconf 88' lang='lat' dir='ltr'><strong>Petr.</strong></span> 
     </span>
    </p>
   </div>
   <div class='ocr_carea' id='block_1_29' title="bbox 1843 1500 3444 1572">
    <p class='ocr_par' dir='ltr' id='par_1_29' title="bbox 1843 1500 3444 1572">
     <span class='ocr_line' id='line_1_29' title="bbox 1843 1500 3444 1572; baseline 0.001 -16"><span class='ocrx_word' id='word_1_238' title='bbox 1843 1500 1926 1572; x_wconf 92' lang='grc' dir='ltr'>ιι),</span> <span class='ocrx_word' id='word_1_239' title='bbox 1987 1501 2131 1571; x_wconf 88' lang='lat' dir='ltr'><strong>ligno</strong></span> <span class='ocrx_word' id='word_1_240' title='bbox 2196 1501 2372 1554; x_wconf 86' lang='lat' dir='ltr'><strong>crucis</strong></span> <span class='ocrx_word' id='word_1_241' title='bbox 2424 1500 2652 1572; x_wconf 73' lang='lat' dir='ltr'><strong>attigeris</strong></span> <span class='ocrx_word' id='word_1_242' title='bbox 2682 1515 2777 1567; x_wconf 90' lang='lat' dir='ltr'><strong>ea,</strong></span> <span class='ocrx_word' id='word_1_243' title='bbox 2812 1510 2871 1555; x_wconf 91' lang='lat' dir='ltr'><strong>ut</strong></span> <span class='ocrx_word' id='word_1_244' title='bbox 2927 1502 3136 1557; x_wconf 89' lang='lat' dir='ltr'><strong>deleret</strong></span> <span class='ocrx_word' id='word_1_245' title='bbox 3167 1501 3444 1570; x_wconf 78' lang='lat' dir='ltr'><strong>chirogra-</strong></span> 
     </span>
    </p>
   </div>
   <div class='ocr_carea' id='block_1_30' title="bbox 1847 1591 3440 1664">
    <p class='ocr_par' dir='ltr' id='par_1_30' title="bbox 1847 1591 3440 1664">
     <span class='ocr_line' id='line_1_30' title="bbox 1847 1591 3440 1664; baseline 0.003 -19"><span class='ocrx_word' id='word_1_246' title='bbox 1847 1595 2010 1662; x_wconf 86' lang='lat' dir='ltr'><strong>phum</strong></span> <span class='ocrx_word' id='word_1_247' title='bbox 2048 1637 2061 1661; x_wconf 91' lang='lat'><strong>,</strong></span> <span class='ocrx_word' id='word_1_248' title='bbox 2113 1592 2258 1663; x_wconf 88' lang='lat' dir='ltr'><strong>quod</strong></span> <span class='ocrx_word' id='word_1_249' title='bbox 2313 1591 2532 1646; x_wconf 87' lang='lat' dir='ltr'><strong>diabolo</strong></span> <span class='ocrx_word' id='word_1_250' title='bbox 2563 1601 2617 1647; x_wconf 89' lang='lat' dir='ltr'><strong>et</strong></span> <span class='ocrx_word' id='word_1_251' title='bbox 2645 1593 2858 1663; x_wconf 83' lang='lat' dir='ltr'><strong>angelis</strong></span> <span class='ocrx_word' id='word_1_252' title='bbox 2899 1594 3045 1650; x_wconf 91' lang='lat' dir='ltr'><strong>illius</strong></span> <span class='ocrx_word' id='word_1_253' title='bbox 3096 1594 3440 1664; x_wconf 86' lang='lat' dir='ltr'><strong>feceramus,</strong></span> 
     </span>
    </p>
   </div>
   <div class='ocr_carea' id='block_1_31' title="bbox 1845 1685 3448 1758">
    <p class='ocr_par' dir='ltr' id='par_1_31' title="bbox 1845 1685 3448 1758">
     <span class='ocr_line' id='line_1_31' title="bbox 1845 1685 3448 1758; baseline 0.001 -16"><span class='ocrx_word' id='word_1_254' title='bbox 1845 1685 2107 1754; x_wconf 89' lang='lat' dir='ltr'><strong>scriptum</strong></span> <span class='ocrx_word' id='word_1_255' title='bbox 2143 1685 2393 1741; x_wconf 90' lang='lat' dir='ltr'><strong>manibus</strong></span> <span class='ocrx_word' id='word_1_256' title='bbox 2422 1685 2640 1754; x_wconf 70' lang='lat' dir='ltr'><strong>animae,</strong></span> <span class='ocrx_word' id='word_1_257' title='bbox 2678 1685 2728 1740; x_wconf 93' lang='lat' dir='ltr'><strong>id</strong></span> <span class='ocrx_word' id='word_1_258' title='bbox 2761 1695 2867 1754; x_wconf 87' lang='lat' dir='ltr'><strong>est,</strong></span> <span class='ocrx_word' id='word_1_259' title='bbox 2906 1689 3166 1757; x_wconf 90' lang='lat' dir='ltr'><strong>operibus</strong></span> <span class='ocrx_word' id='word_1_260' title='bbox 3195 1687 3331 1758; x_wconf 88' lang='lat' dir='ltr'><strong>ejus.</strong></span> <span class='ocrx_word' id='word_1_261' title='bbox 3371 1688 3448 1744; x_wconf 89' lang='lat' dir='ltr'><strong>De</strong></span> 
     </span>
    </p>
   </div>
   <div class='ocr_carea' id='block_1_32' title="bbox 1845 1777 3447 1848">
    <p class='ocr_par' dir='ltr' id='par_1_32' title="bbox 1845 1777 3447 1848">
     <span class='ocr_line' id='line_1_32' title="bbox 1845 1777 3447 1848; baseline 0.001 -16"><span class='ocrx_word' id='word_1_262' title='bbox 1845 1779 2042 1848; x_wconf 72' lang='lat' dir='ltr'><strong>quibus</strong></span> <span class='ocrx_word' id='word_1_263' title='bbox 2074 1777 2276 1833; x_wconf 88' lang='lat' dir='ltr'><strong>Paulus</strong></span> <span class='ocrx_word' id='word_1_264' title='bbox 2306 1779 2587 1845; x_wconf 88' lang='lat' dir='ltr'><strong>apostolus</strong></span> <span class='ocrx_word' id='word_1_265' title='bbox 2605 1778 2849 1847; x_wconf 86' lang='lat' dir='ltr'><strong>loquitur</strong></span> <span class='ocrx_word' id='word_1_266' title='bbox 2883 1797 2894 1832; x_wconf 88' lang='lat'>:</span> <span class='ocrx_word' id='word_1_267' title='bbox 2932 1777 2999 1832; x_wconf 85' lang='lat' dir='ltr'><strong>Et</strong></span> <span class='ocrx_word' id='word_1_268' title='bbox 3050 1796 3138 1834; x_wconf 86' lang='lat' dir='ltr'><strong>vos</strong></span> <span class='ocrx_word' id='word_1_269' title='bbox 3165 1796 3282 1834; x_wconf 86' lang='lat' dir='ltr'><strong>cum</strong></span> <span class='ocrx_word' id='word_1_270' title='bbox 3312 1795 3447 1834; x_wconf 87' lang='lat' dir='ltr'><strong>esse-</strong></span> 
     </span>
    </p>
   </div>
   <div class='ocr_carea' id='block_1_33' title="bbox 126 1866 3446 1942">
    <p class='ocr_par' dir='ltr' id='par_1_33' title="bbox 126 1866 3446 1942">
     <span class='ocr_line' id='line_1_33' title="bbox 126 1866 3446 1942; baseline -0.001 -13"><span class='ocrx_word' id='word_1_271' title='bbox 126 1874 219 1929; x_wconf 89' lang='lat' dir='ltr'><strong>lus</strong></span> <span class='ocrx_word' id='word_1_272' title='bbox 252 1883 309 1927; x_wconf 92' lang='lat' dir='ltr'><strong>ct</strong></span> <span class='ocrx_word' id='word_1_273' title='bbox 344 1872 618 1928; x_wconf 61' lang='lat' dir='ltr'><strong>Barnabas</strong></span> <span class='ocrx_word' id='word_1_274' title='bbox 674 1871 1024 1927; x_wconf 88' lang='lat' dir='ltr'><strong>mitterentur</strong></span> <span class='ocrx_word' id='word_1_275' title='bbox 1054 1870 1120 1924; x_wconf 89' lang='lat' dir='ltr'><strong>ad</strong></span> <span class='ocrx_word' id='word_1_276' title='bbox 1150 1877 1343 1940; x_wconf 79' lang='lat' dir='ltr'><strong>gentes</strong></span> <span class='ocrx_word' id='word_1_277' title='bbox 1373 1914 1387 1935; x_wconf 91' lang='lat'><strong>,</strong></span> <span class='ocrx_word' id='word_1_278' title='bbox 1425 1869 1558 1923; x_wconf 91' lang='lat' dir='ltr'><strong>locis</strong></span> <span class='ocrx_word' id='word_1_279' title='bbox 1587 1913 1602 1935; x_wconf 92' lang='lat'><strong>,</strong></span> <span class='ocrx_word' id='word_1_280' title='bbox 1635 1882 1743 1922; x_wconf 91' lang='lat' dir='ltr'><strong>non</strong></span> <span class='ocrx_word' id='word_1_281' title='bbox 1774 1866 1823 1926; x_wconf 92' lang='lat' dir='ltr'><strong>B</strong></span> <span class='ocrx_word' id='word_1_282' title='bbox 1852 1873 1916 1926; x_wconf 86' lang='lat' dir='ltr'><strong>tis</strong></span> <span class='ocrx_word' id='word_1_283' title='bbox 1935 1873 2125 1926; x_wconf 84' lang='lat' dir='ltr'><strong>mortui</strong></span> <span class='ocrx_word' id='word_1_284' title='bbox 2153 1873 2205 1925; x_wconf 88' lang='lat' dir='ltr'><strong>in</strong></span> <span class='ocrx_word' id='word_1_285' title='bbox 2228 1873 2472 1942; x_wconf 82' lang='lat' dir='ltr'><strong>peccatis,</strong></span> <span class='ocrx_word' id='word_1_286' title='bbox 2497 1881 2545 1925; x_wconf 93' lang='lat' dir='ltr'><strong>et</strong></span> <span class='ocrx_word' id='word_1_287' title='bbox 2576 1871 2627 1924; x_wconf 85' lang='lat' dir='ltr'><strong>in</strong></span> <span class='ocrx_word' id='word_1_288' title='bbox 2652 1871 2922 1926; x_wconf 81' lang='lat' dir='ltr'><strong>desideriis</strong></span> <span class='ocrx_word' id='word_1_289' title='bbox 2951 1875 3142 1938; x_wconf 87' lang='lat' dir='ltr'><strong>carnis,</strong></span> <span class='ocrx_word' id='word_1_290' title='bbox 3176 1875 3342 1928; x_wconf 76' lang='lat' dir='ltr'><strong>vivere</strong></span> <span class='ocrx_word' id='word_1_291' title='bbox 3370 1878 3446 1942; x_wconf 76' lang='lat' dir='ltr'><strong>[e-</strong></span> 
     </span>
    </p>
   </div>
   <div class='ocr_carea' id='block_1_34' title="bbox 123 1963 1745 2036">
    <p class='ocr_par' dir='ltr' id='par_1_34' title="bbox 123 1963 1745 2036">
     <span class='ocr_line' id='line_1_34' title="bbox 123 1963 1745 2036; baseline -0.004 -14"><span class='ocrx_word' id='word_1_292' title='bbox 123 1969 325 2023; x_wconf 88' lang='lat' dir='ltr'><strong>animo</strong></span> <span class='ocrx_word' id='word_1_293' title='bbox 359 1971 596 2036; x_wconf 87' lang='lat' dir='ltr'><strong>separati</strong></span> <span class='ocrx_word' id='word_1_294' title='bbox 633 2011 646 2035; x_wconf 91' lang='lat'><strong>,</strong></span> <span class='ocrx_word' id='word_1_295' title='bbox 680 1976 735 2022; x_wconf 90' lang='lat' dir='ltr'><strong>et</strong></span> <span class='ocrx_word' id='word_1_296' title='bbox 765 1966 864 2021; x_wconf 88' lang='lat' dir='ltr'><strong>sub</strong></span> <span class='ocrx_word' id='word_1_297' title='bbox 897 1980 1008 2021; x_wconf 92' lang='lat' dir='ltr'><strong>uno</strong></span> <span class='ocrx_word' id='word_1_298' title='bbox 1041 1965 1272 2019; x_wconf 86' lang='lat' dir='ltr'><strong>Domino</strong></span> <span class='ocrx_word' id='word_1_299' title='bbox 1304 1966 1356 2018; x_wconf 92' lang='lat' dir='ltr'><strong>in</strong></span> <span class='ocrx_word' id='word_1_300' title='bbox 1389 1963 1600 2018; x_wconf 90' lang='lat' dir='ltr'><strong>diversa</strong></span> <span class='ocrx_word' id='word_1_301' title='bbox 1634 1973 1745 2016; x_wconf 88' lang='lat' dir='ltr'><strong>sta-</strong></span> 
     </span>
    </p>
   </div>
   <div class='ocr_carea' id='block_1_35' title="bbox 123 2054 1740 2130">
    <p class='ocr_par' dir='ltr' id='par_1_35' title="bbox 123 2054 1740 2130">
     <span class='ocr_line' id='line_1_35' title="bbox 123 2054 1740 2130; baseline -0.003 -15"><span class='ocrx_word' id='word_1_302' title='bbox 123 2071 254 2116; x_wconf 88' lang='lat' dir='ltr'><strong>rent</strong></span> <span class='ocrx_word' id='word_1_303' title='bbox 287 2059 431 2128; x_wconf 84' lang='lat' dir='ltr'><strong>acie,</strong></span> <span class='ocrx_word' id='word_1_304' title='bbox 466 2068 524 2113; x_wconf 87' lang='lat' dir='ltr'><strong>ut</strong></span> <span class='ocrx_word' id='word_1_305' title='bbox 551 2059 782 2130; x_wconf 83' lang='lat' dir='ltr'><strong>agminis</strong></span> <span class='ocrx_word' id='word_1_306' title='bbox 813 2059 1093 2129; x_wconf 89' lang='lat' dir='ltr'><strong>utriusque</strong></span> <span class='ocrx_word' id='word_1_307' title='bbox 1123 2054 1374 2124; x_wconf 83' lang='lat' dir='ltr'><strong>victoria,</strong></span> <span class='ocrx_word' id='word_1_308' title='bbox 1409 2054 1740 2126; x_wconf 88' lang='lat' dir='ltr'><strong>triumphum</strong></span> 
     </span>
    </p>
   </div>
   <div class='ocr_carea' id='block_1_36' title="bbox 122 2148 1744 2223">
    <p class='ocr_par' dir='ltr' id='par_1_36' title="bbox 122 2148 1744 2223">
     <span class='ocr_line' id='line_1_36' title="bbox 122 2148 1744 2223; baseline -0.006 -12"><span class='ocrx_word' id='word_1_309' title='bbox 122 2155 419 2223; x_wconf 81' lang='lat' dir='ltr'><strong>erigerent</strong></span> <span class='ocrx_word' id='word_1_310' title='bbox 473 2151 765 2209; x_wconf 87' lang='lat' dir='ltr'><strong>Salvatori.</strong></span> <span class='ocrx_word' id='word_1_311' title='bbox 813 2154 894 2208; x_wconf 75' lang='lat' dir='ltr'><strong>Ex</strong></span> <span class='ocrx_word' id='word_1_312' title='bbox 926 2167 1032 2223; x_wconf 92' lang='lat' dir='ltr'><strong>quo</strong></span> <span class='ocrx_word' id='word_1_313' title='bbox 1061 2151 1153 2221; x_wconf 89' lang='lat' dir='ltr'><strong>qui</strong></span> <span class='ocrx_word' id='word_1_314' title='bbox 1181 2151 1631 2221; x_wconf 79' lang='lat' dir='ltr'><strong>diSpensatoriam</strong></span> <span class='ocrx_word' id='word_1_315' title='bbox 1662 2148 1744 2203; x_wconf 93' lang='lat' dir='ltr'><strong>in-</strong></span> 
     </span>
    </p>
   </div>
   <div class='ocr_carea' id='block_1_37' title="bbox 124 2243 1742 2312">
    <p class='ocr_par' dir='ltr' id='par_1_37' title="bbox 124 2243 1742 2312">
     <span class='ocr_line' id='line_1_37' title="bbox 124 2243 1742 2312; baseline -0.002 -10"><span class='ocrx_word' id='word_1_316' title='bbox 124 2256 214 2302; x_wconf 90' lang='lat' dir='ltr'><strong>ter</strong></span> <span class='ocrx_word' id='word_1_317' title='bbox 250 2247 480 2301; x_wconf 88' lang='lat' dir='ltr'><strong>Petrum</strong></span> <span class='ocrx_word' id='word_1_318' title='bbox 511 2255 564 2301; x_wconf 89' lang='lat' dir='ltr'><strong>et</strong></span> <span class='ocrx_word' id='word_1_319' title='bbox 594 2245 816 2300; x_wconf 89' lang='lat' dir='ltr'><strong>Paulum</strong></span> <span class='ocrx_word' id='word_1_320' title='bbox 851 2245 1258 2301; x_wconf 89' lang='lat' dir='ltr'><strong>contentionem</strong></span> <span class='ocrx_word' id='word_1_321' title='bbox 1291 2243 1429 2312; x_wconf 79' lang='lat' dir='ltr'><strong>(Act.</strong></span> <span class='ocrx_word' id='word_1_322' title='bbox 1466 2243 1581 2310; x_wconf 80' lang='lat' dir='ltr'><strong>xv).</strong></span> <span class='ocrx_word' id='word_1_323' title='bbox 1614 2258 1742 2299; x_wconf 88' lang='lat' dir='ltr'><strong>vere</strong></span> 
     </span>
    </p>
   </div>
   <div class='ocr_carea' id='block_1_38' title="bbox 125 2333 1742 2406">
    <p class='ocr_par' dir='ltr' id='par_1_38' title="bbox 125 2333 1742 2406">
     <span class='ocr_line' id='line_1_38' title="bbox 125 2333 1742 2406; baseline -0.002 -14"><span class='ocrx_word' id='word_1_324' title='bbox 125 2337 320 2392; x_wconf 83' lang='lat' dir='ltr'><strong>dicunt</strong></span> <span class='ocrx_word' id='word_1_325' title='bbox 354 2335 595 2405; x_wconf 84' lang='lat' dir='ltr'><strong>jurgium</strong></span> <span class='ocrx_word' id='word_1_326' title='bbox 631 2335 804 2391; x_wconf 89' lang='lat' dir='ltr'><strong>fuisse</strong></span> <span class='ocrx_word' id='word_1_327' title='bbox 831 2347 995 2406; x_wconf 90' lang='lat' dir='ltr'><strong>atque</strong></span> <span class='ocrx_word' id='word_1_328' title='bbox 1023 2345 1301 2391; x_wconf 87' lang='lat' dir='ltr'><strong>certamen</strong></span> <span class='ocrx_word' id='word_1_329' title='bbox 1327 2380 1341 2402; x_wconf 93' lang='lat'><strong>,</strong></span> <span class='ocrx_word' id='word_1_330' title='bbox 1374 2342 1435 2390; x_wconf 91' lang='lat' dir='ltr'><strong>ut</strong></span> <span class='ocrx_word' id='word_1_331' title='bbox 1485 2333 1742 2403; x_wconf 87' lang='lat' dir='ltr'><strong>blasphe-</strong></span> 
     </span>
    </p>
   </div>
   <div class='ocr_carea' id='block_1_39' title="bbox 125 2429 1742 2501">
    <p class='ocr_par' dir='ltr' id='par_1_39' title="bbox 125 2429 1742 2501">
     <span class='ocr_line' id='line_1_39' title="bbox 125 2429 1742 2501; baseline -0.001 -14"><span class='ocrx_word' id='word_1_332' title='bbox 125 2433 306 2487; x_wconf 85' lang='lat' dir='ltr'><strong>manti</strong></span> <span class='ocrx_word' id='word_1_333' title='bbox 343 2429 650 2501; x_wconf 79' lang='lat' dir='ltr'><strong>Porpliyrio</strong></span> <span class='ocrx_word' id='word_1_334' title='bbox 680 2430 1016 2486; x_wconf 86' lang='lat' dir='ltr'><strong>satisfaciant</strong></span> <span class='ocrx_word' id='word_1_335' title='bbox 1050 2449 1060 2484; x_wconf 90' lang='lat'>:</span> <span class='ocrx_word' id='word_1_336' title='bbox 1109 2439 1165 2486; x_wconf 89' lang='lat' dir='ltr'><strong>et</strong></span> <span class='ocrx_word' id='word_1_337' title='bbox 1206 2431 1409 2486; x_wconf 84' lang='lat' dir='ltr'><strong>veteris</strong></span> <span class='ocrx_word' id='word_1_338' title='bbox 1446 2429 1608 2500; x_wconf 83' lang='lat' dir='ltr'><strong>Legis</strong></span> <span class='ocrx_word' id='word_1_339' title='bbox 1638 2444 1742 2484; x_wconf 70' lang='lat' dir='ltr'><strong>cae-</strong></span> 
     </span>
    </p>
   </div>
   <div class='ocr_carea' id='block_1_40' title="bbox 125 2522 1742 2596">
    <p class='ocr_par' dir='ltr' id='par_1_40' title="bbox 125 2522 1742 2596">
     <span class='ocr_line' id='line_1_40' title="bbox 125 2522 1742 2596; baseline -0.001 -17"><span class='ocrx_word' id='word_1_340' title='bbox 125 2526 411 2581; x_wconf 86' lang='lat' dir='ltr'><strong>remonias</strong></span> <span class='ocrx_word' id='word_1_341' title='bbox 444 2524 496 2578; x_wconf 92' lang='lat' dir='ltr'><strong>in</strong></span> <span class='ocrx_word' id='word_1_342' title='bbox 553 2524 796 2580; x_wconf 87' lang='lat' dir='ltr'><strong>Ecclesia</strong></span> <span class='ocrx_word' id='word_1_343' title='bbox 849 2522 1095 2592; x_wconf 89' lang='lat' dir='ltr'><strong>Christi,</strong></span> <span class='ocrx_word' id='word_1_344' title='bbox 1159 2539 1189 2579; x_wconf 88' lang='lat' dir='ltr'><strong>a</strong></span> <span class='ocrx_word' id='word_1_345' title='bbox 1238 2525 1408 2596; x_wconf 89' lang='lat' dir='ltr'><strong>stirpe</strong></span> <span class='ocrx_word' id='word_1_346' title='bbox 1467 2523 1742 2580; x_wconf 90' lang='lat' dir='ltr'><strong>credentis</strong></span> 
     </span>
    </p>
   </div>
   <div class='ocr_carea' id='block_1_41' title="bbox 124 2616 1742 2685">
    <p class='ocr_par' dir='ltr' id='par_1_41' title="bbox 124 2616 1742 2685">
     <span class='ocr_line' id='line_1_41' title="bbox 124 2616 1742 2685; baseline -0.001 -13"><span class='ocrx_word' id='word_1_347' title='bbox 124 2617 302 2672; x_wconf 84' lang='lat' dir='ltr'><strong>Israel</strong></span> <span class='ocrx_word' id='word_1_348' title='bbox 336 2624 588 2672; x_wconf 88' lang='lat' dir='ltr'><strong>asserunt</strong></span> <span class='ocrx_word' id='word_1_349' title='bbox 616 2631 741 2672; x_wconf 91' lang='lat' dir='ltr'><strong>esse</strong></span> <span class='ocrx_word' id='word_1_350' title='bbox 770 2617 1093 2685; x_wconf 86' lang='lat' dir='ltr'><strong>servandas,</strong></span> <span class='ocrx_word' id='word_1_351' title='bbox 1126 2617 1326 2672; x_wconf 86' lang='lat' dir='ltr'><strong>debent</strong></span> <span class='ocrx_word' id='word_1_352' title='bbox 1355 2626 1411 2673; x_wconf 90' lang='lat' dir='ltr'><strong>et</strong></span> <span class='ocrx_word' id='word_1_353' title='bbox 1438 2632 1658 2672; x_wconf 89' lang='lat' dir='ltr'><strong>auream</strong></span> <span class='ocrx_word' id='word_1_354' title='bbox 1687 2616 1742 2672; x_wconf 93' lang='lat' dir='ltr'><strong>in</strong></span> 
     </span>
    </p>
   </div>
   <div class='ocr_carea' id='block_1_42' title="bbox 124 2711 1738 2781">
    <p class='ocr_par' dir='ltr' id='par_1_42' title="bbox 124 2711 1738 2781">
     <span class='ocr_line' id='line_1_42' title="bbox 124 2711 1738 2781; baseline 0 -15"><span class='ocrx_word' id='word_1_355' title='bbox 124 2712 285 2766; x_wconf 86' lang='lat' dir='ltr'><strong>mille</strong></span> <span class='ocrx_word' id='word_1_356' title='bbox 317 2713 478 2766; x_wconf 88' lang='lat' dir='ltr'><strong>annis</strong></span> <span class='ocrx_word' id='word_1_357' title='bbox 517 2719 845 2781; x_wconf 85' lang='lat' dir='ltr'><strong>exspectare</strong></span> <span class='ocrx_word' id='word_1_358' title='bbox 873 2711 1173 2767; x_wconf 84' lang='lat' dir='ltr'><strong>Jerusalem</strong></span> <span class='ocrx_word' id='word_1_359' title='bbox 1196 2758 1210 2779; x_wconf 93' lang='lat'><strong>,</strong></span> <span class='ocrx_word' id='word_1_360' title='bbox 1269 2723 1325 2767; x_wconf 92' lang='lat' dir='ltr'><strong>ut</strong></span> <span class='ocrx_word' id='word_1_361' title='bbox 1357 2712 1605 2768; x_wconf 90' lang='lat' dir='ltr'><strong>victimas</strong></span> <span class='ocrx_word' id='word_1_362' title='bbox 1637 2713 1738 2768; x_wconf 59' lang='lat' dir='ltr'><strong>imo</strong></span> 
     </span>
    </p>
   </div>
   <div class='ocr_carea' id='block_1_43' title="bbox 125 2801 1736 2872">
    <p class='ocr_par' dir='ltr' id='par_1_43' title="bbox 125 2801 1736 2872">
     <span class='ocr_line' id='line_1_43' title="bbox 125 2801 1736 2872; baseline 0.002 -16"><span class='ocrx_word' id='word_1_363' title='bbox 125 2801 366 2869; x_wconf 87' lang='lat' dir='ltr'><strong>molent,</strong></span> <span class='ocrx_word' id='word_1_364' title='bbox 401 2810 457 2857; x_wconf 92' lang='lat' dir='ltr'><strong>et</strong></span> <span class='ocrx_word' id='word_1_365' title='bbox 485 2801 948 2858; x_wconf 88' lang='lat' dir='ltr'><strong>circnntcidantur</strong></span> <span class='ocrx_word' id='word_1_366' title='bbox 972 2848 985 2872; x_wconf 94' lang='lat'><strong>,</strong></span> <span class='ocrx_word' id='word_1_367' title='bbox 1018 2814 1077 2858; x_wconf 87' lang='lat' dir='ltr'><strong>ut</strong></span> <span class='ocrx_word' id='word_1_368' title='bbox 1110 2803 1162 2857; x_wconf 93' lang='lat' dir='ltr'><strong>in</strong></span> <span class='ocrx_word' id='word_1_369' title='bbox 1191 2803 1419 2858; x_wconf 89' lang='lat' dir='ltr'><strong>sabbato</strong></span> <span class='ocrx_word' id='word_1_370' title='bbox 1471 2805 1736 2872; x_wconf 90' lang='lat' dir='ltr'><strong>sedeant,</strong></span> 
     </span>
    </p>
   </div>
   <div class='ocr_carea' id='block_1_44' title="bbox 125 2894 1742 2965">
    <p class='ocr_par' dir='ltr' id='par_1_44' title="bbox 125 2894 1742 2965">
     <span class='ocr_line' id='line_1_44' title="bbox 125 2894 1742 2965; baseline 0.001 -15"><span class='ocrx_word' id='word_1_371' title='bbox 125 2894 437 2962; x_wconf 84' lang='lat' dir='ltr'><strong>dormiant,</strong></span> <span class='ocrx_word' id='word_1_372' title='bbox 470 2902 804 2964; x_wconf 87' lang='lat' dir='ltr'><strong>saturentur,</strong></span> <span class='ocrx_word' id='word_1_373' title='bbox 842 2895 1202 2964; x_wconf 90' lang='lat' dir='ltr'><strong>inebrientur,</strong></span> <span class='ocrx_word' id='word_1_374' title='bbox 1237 2905 1293 2951; x_wconf 90' lang='lat' dir='ltr'><strong>et</strong></span> <span class='ocrx_word' id='word_1_375' title='bbox 1322 2904 1545 2965; x_wconf 81' lang='lat' dir='ltr'><strong>surgant</strong></span> <span class='ocrx_word' id='word_1_376' title='bbox 1594 2895 1742 2951; x_wconf 83' lang='lat' dir='ltr'><strong>lude-</strong></span> 
     </span>
    </p>
   </div>
   <div class='ocr_carea' id='block_1_45' title="bbox 124 2986 1740 3060">
    <p class='ocr_par' dir='ltr' id='par_1_45' title="bbox 124 2986 1740 3060">
     <span class='ocr_line' id='line_1_45' title="bbox 124 2986 1740 3060; baseline 0.002 -18"><span class='ocrx_word' id='word_1_377' title='bbox 124 3003 212 3055; x_wconf 89' lang='lat' dir='ltr'><strong>re,</strong></span> <span class='ocrx_word' id='word_1_378' title='bbox 249 2986 345 3057; x_wconf 81' lang='lat' dir='ltr'><strong>qui</strong></span> <span class='ocrx_word' id='word_1_379' title='bbox 379 2986 538 3042; x_wconf 90' lang='lat' dir='ltr'><strong>ludus</strong></span> <span class='ocrx_word' id='word_1_380' title='bbox 568 2987 797 3043; x_wconf 80' lang='lat' dir='ltr'><strong>oﬂ‘endit</strong></span> <span class='ocrx_word' id='word_1_381' title='bbox 826 2988 1013 3044; x_wconf 89' lang='lat' dir='ltr'><strong>Deum.</strong></span> <span class='ocrx_word' id='word_1_382' title='bbox 1039 2989 1152 3044; x_wconf 86' lang='lat' dir='ltr'><strong>Hoc</strong></span> <span class='ocrx_word' id='word_1_383' title='bbox 1182 2990 1418 3044; x_wconf 83' lang='lat' dir='ltr'><strong>diximus</strong></span> <span class='ocrx_word' id='word_1_384' title='bbox 1452 3005 1668 3060; x_wconf 72' lang='lat' dir='ltr'><strong>prop1er</strong></span> <span class='ocrx_word' id='word_1_385' title='bbox 1688 2990 1740 3045; x_wconf 89' lang='lat' dir='ltr'><strong>id</strong></span> 
     </span>
    </p>
   </div>
   <div class='ocr_carea' id='block_1_46' title="bbox 127 3079 1742 3154">
    <p class='ocr_par' dir='ltr' id='par_1_46' title="bbox 127 3079 1742 3154">
     <span class='ocr_line' id='line_1_46' title="bbox 127 3079 1742 3154; baseline 0.002 -20"><span class='ocrx_word' id='word_1_386' title='bbox 127 3079 283 3150; x_wconf 89' lang='lat' dir='ltr'><strong>quod</strong></span> <span class='ocrx_word' id='word_1_387' title='bbox 317 3095 465 3134; x_wconf 91' lang='lat' dir='ltr'><strong>nunc</strong></span> <span class='ocrx_word' id='word_1_388' title='bbox 509 3080 867 3152; x_wconf 86' lang='lat' dir='ltr'><strong>prophetatur</strong></span> <span class='ocrx_word' id='word_1_389' title='bbox 899 3101 913 3137; x_wconf 91' lang='lat'><strong>:</strong></span> <span class='ocrx_word' id='word_1_390' title='bbox 949 3081 1019 3136; x_wconf 87' lang='lat' dir='ltr'><strong>Et</strong></span> <span class='ocrx_word' id='word_1_391' title='bbox 1067 3085 1279 3154; x_wconf 82' lang='lat' dir='ltr'><strong>fortium</strong></span> <span class='ocrx_word' id='word_1_392' title='bbox 1326 3083 1517 3137; x_wconf 84' lang='lat' dir='ltr'><strong>dividet</strong></span> <span class='ocrx_word' id='word_1_393' title='bbox 1572 3085 1742 3154; x_wconf 88' lang='lat' dir='ltr'><strong>spolia</strong></span> 
     </span>
    </p>
   </div>
   <div class='ocr_carea' id='block_1_47' title="bbox 128 3170 1738 3245">
    <p class='ocr_par' dir='ltr' id='par_1_47' title="bbox 128 3170 1738 3245">
     <span class='ocr_line' id='line_1_47' title="bbox 128 3170 1738 3245; baseline 0.004 -21"><span class='ocrx_word' id='word_1_394' title='bbox 128 3170 236 3241; x_wconf 86' lang='lat' dir='ltr'><strong>(Is.</strong></span> <span class='ocrx_word' id='word_1_395' title='bbox 274 3187 391 3241; x_wconf 80' lang='lat' dir='ltr'><strong>uti,</strong></span> <span class='ocrx_word' id='word_1_396' title='bbox 419 3170 531 3243; x_wconf 72' lang='grc'><strong>12).</strong></span> <span class='ocrx_word' id='word_1_397' title='bbox 563 3171 720 3227; x_wconf 82' lang='lat' dir='ltr'><strong>Juxta</strong></span> <span class='ocrx_word' id='word_1_398' title='bbox 755 3173 889 3228; x_wconf 90' lang='lat' dir='ltr'><strong>illud</strong></span> <span class='ocrx_word' id='word_1_399' title='bbox 921 3175 1064 3245; x_wconf 88' lang='lat' dir='ltr'><strong>quod</strong></span> <span class='ocrx_word' id='word_1_400' title='bbox 1098 3175 1149 3229; x_wconf 93' lang='lat' dir='ltr'><strong>in</strong></span> <span class='ocrx_word' id='word_1_401' title='bbox 1181 3174 1288 3229; x_wconf 89' lang='lat' dir='ltr'><strong>alio</strong></span> <span class='ocrx_word' id='word_1_402' title='bbox 1331 3175 1449 3230; x_wconf 91' lang='lat' dir='ltr'><strong>loco</strong></span> <span class='ocrx_word' id='word_1_403' title='bbox 1479 3176 1738 3244; x_wconf 83' lang='lat' dir='ltr'><strong>scriptum</strong></span> 
     </span>
    </p>
   </div>
   <div class='ocr_carea' id='block_1_48' title="bbox 1847 1962 3446 2034">
    <p class='ocr_par' dir='ltr' id='par_1_48' title="bbox 1847 1962 3446 2034">
     <span class='ocr_line' id='line_1_48' title="bbox 1847 1962 3446 2034; baseline 0.003 -18"><span class='ocrx_word' id='word_1_404' title='bbox 1847 1966 1915 2017; x_wconf 88' lang='lat' dir='ltr'><strong>cit</strong></span> <span class='ocrx_word' id='word_1_405' title='bbox 1938 1981 2054 2017; x_wconf 90' lang='lat' dir='ltr'><strong>cum</strong></span> <span class='ocrx_word' id='word_1_406' title='bbox 2087 1962 2318 2027; x_wconf 82' lang='lat' dir='ltr'><strong>Christo,</strong></span> <span class='ocrx_word' id='word_1_407' title='bbox 2349 1963 2552 2017; x_wconf 86' lang='lat' dir='ltr'><strong>donans</strong></span> <span class='ocrx_word' id='word_1_408' title='bbox 2605 1964 2750 2018; x_wconf 86' lang='lat' dir='ltr'><strong>nobis</strong></span> <span class='ocrx_word' id='word_1_409' title='bbox 2780 1966 2952 2018; x_wconf 82' lang='lat' dir='ltr'><strong>omnia</strong></span> <span class='ocrx_word' id='word_1_410' title='bbox 2998 1981 3226 2034; x_wconf 88' lang='lat' dir='ltr'><strong>peccata.</strong></span> <span class='ocrx_word' id='word_1_411' title='bbox 3262 1963 3329 2018; x_wconf 86' lang='lat' dir='ltr'><strong>Et</strong></span> <span class='ocrx_word' id='word_1_412' title='bbox 3356 1966 3446 2020; x_wconf 87' lang='lat' dir='ltr'><strong>de-</strong></span> 
     </span>
    </p>
   </div>
   <div class='ocr_carea' id='block_1_49' title="bbox 1847 2057 3447 2129">
    <p class='ocr_par' dir='ltr' id='par_1_49' title="bbox 1847 2057 3447 2129">
     <span class='ocr_line' id='line_1_49' title="bbox 1847 2057 3447 2129; baseline 0.001 -17"><span class='ocrx_word' id='word_1_413' title='bbox 1847 2058 1957 2113; x_wconf 85' lang='lat' dir='ltr'><strong>lens</strong></span> <span class='ocrx_word' id='word_1_414' title='bbox 1981 2058 2120 2125; x_wconf 88' lang='lat' dir='ltr'><strong>quod</strong></span> <span class='ocrx_word' id='word_1_415' title='bbox 2141 2059 2411 2112; x_wconf 84' lang='lat' dir='ltr'><strong>adversum</strong></span> <span class='ocrx_word' id='word_1_416' title='bbox 2435 2075 2526 2113; x_wconf 91' lang='lat' dir='ltr'><strong>nos</strong></span> <span class='ocrx_word' id='word_1_417' title='bbox 2552 2066 2661 2112; x_wconf 87' lang='lat' dir='ltr'><strong>erat</strong></span> <span class='ocrx_word' id='word_1_418' title='bbox 2688 2057 3096 2129; x_wconf 85' lang='lat' dir='ltr'><strong>chirographum</strong></span> <span class='ocrx_word' id='word_1_419' title='bbox 3120 2101 3134 2124; x_wconf 92' lang='lat'><strong>,</strong></span> <span class='ocrx_word' id='word_1_420' title='bbox 3157 2059 3294 2128; x_wconf 88' lang='lat' dir='ltr'><strong>quod</strong></span> <span class='ocrx_word' id='word_1_421' title='bbox 3337 2069 3447 2113; x_wconf 88' lang='lat' dir='ltr'><strong>erat</strong></span> 
     </span>
    </p>
   </div>
   <div class='ocr_carea' id='block_1_50' title="bbox 1847 2151 3446 2224">
    <p class='ocr_par' dir='ltr' id='par_1_50' title="bbox 1847 2151 3446 2224">
     <span class='ocr_line' id='line_1_50' title="bbox 1847 2151 3446 2224; baseline 0.003 -21"><span class='ocrx_word' id='word_1_422' title='bbox 1847 2152 2166 2204; x_wconf 82' lang='lat' dir='ltr'><strong>contrarium</strong></span> <span class='ocrx_word' id='word_1_423' title='bbox 2197 2151 2383 2215; x_wconf 86' lang='lat' dir='ltr'><strong>nobis;</strong></span> <span class='ocrx_word' id='word_1_424' title='bbox 2427 2161 2474 2206; x_wconf 89' lang='lat' dir='ltr'><strong>et</strong></span> <span class='ocrx_word' id='word_1_425' title='bbox 2506 2151 2676 2220; x_wconf 89' lang='lat' dir='ltr'><strong>ipsum</strong></span> <span class='ocrx_word' id='word_1_426' title='bbox 2709 2153 2827 2206; x_wconf 86' lang='lat' dir='ltr'><strong>tulit</strong></span> <span class='ocrx_word' id='word_1_427' title='bbox 2870 2154 2935 2208; x_wconf 85' lang='lat' dir='ltr'><strong>de</strong></span> <span class='ocrx_word' id='word_1_428' title='bbox 2981 2152 3151 2206; x_wconf 86' lang='lat' dir='ltr'><strong>medio</strong></span> <span class='ocrx_word' id='word_1_429' title='bbox 3178 2197 3191 2221; x_wconf 90' lang='lat'><strong>,</strong></span> <span class='ocrx_word' id='word_1_430' title='bbox 3238 2153 3446 2224; x_wconf 75' lang='lat' dir='ltr'><strong>afﬁgens</strong></span> 
     </span>
    </p>
   </div>
   <div class='ocr_carea' id='block_1_51' title="bbox 1847 2243 3450 2316">
    <p class='ocr_par' dir='ltr' id='par_1_51' title="bbox 1847 2243 3450 2316">
     <span class='ocr_line' id='line_1_51' title="bbox 1847 2243 3450 2316; baseline 0.002 -19"><span class='ocrx_word' id='word_1_431' title='bbox 1847 2243 1980 2298; x_wconf 90' lang='lat' dir='ltr'><strong>illud</strong></span> <span class='ocrx_word' id='word_1_432' title='bbox 2006 2245 2145 2298; x_wconf 86' lang='lat' dir='ltr'><strong>cruci</strong></span> <span class='ocrx_word' id='word_1_433' title='bbox 2172 2244 2442 2316; x_wconf 84' lang='lat' dir='ltr'><strong>:spolians</strong></span> <span class='ocrx_word' id='word_1_434' title='bbox 2471 2245 2812 2316; x_wconf 82' lang='lat' dir='ltr'><strong>principatus,</strong></span> <span class='ocrx_word' id='word_1_435' title='bbox 2848 2256 2894 2299; x_wconf 84' lang='lat' dir='ltr'><strong>et</strong></span> <span class='ocrx_word' id='word_1_436' title='bbox 2918 2253 3199 2316; x_wconf 84' lang='lat' dir='ltr'><strong>potestates</strong></span> <span class='ocrx_word' id='word_1_437' title='bbox 3224 2247 3450 2301; x_wconf 85' lang='lat' dir='ltr'><strong>dehone-</strong></span> 
     </span>
    </p>
   </div>
   <div class='ocr_carea' id='block_1_52' title="bbox 1846 2337 3448 2410">
    <p class='ocr_par' dir='ltr' id='par_1_52' title="bbox 1846 2337 3448 2410">
     <span class='ocr_line' id='line_1_52' title="bbox 1846 2337 3448 2410; baseline 0.002 -19"><span class='ocrx_word' id='word_1_438' title='bbox 1846 2339 1995 2392; x_wconf 87' lang='lat' dir='ltr'><strong>stavit</strong></span> <span class='ocrx_word' id='word_1_439' title='bbox 2022 2383 2036 2406; x_wconf 95' lang='lat'><strong>,</strong></span> <span class='ocrx_word' id='word_1_440' title='bbox 2096 2338 2416 2407; x_wconf 83' lang='lat' dir='ltr'><strong>conﬁdenter</strong></span> <span class='ocrx_word' id='word_1_441' title='bbox 2443 2337 2768 2410; x_wconf 85' lang='lat' dir='ltr'><strong>triumphans</strong></span> <span class='ocrx_word' id='word_1_442' title='bbox 2799 2338 2863 2393; x_wconf 89' lang='lat' dir='ltr'><strong>de</strong></span> <span class='ocrx_word' id='word_1_443' title='bbox 2886 2339 2960 2392; x_wconf 87' lang='lat' dir='ltr'><strong>eis</strong></span> <span class='ocrx_word' id='word_1_444' title='bbox 2986 2337 3149 2408; x_wconf 84' lang='lat' dir='ltr'><strong>(Eph.</strong></span> <span class='ocrx_word' id='word_1_445' title='bbox 3183 2354 3222 2407; x_wconf 87' lang='grc' dir='ltr'><strong>ι,</strong></span> <span class='ocrx_word' id='word_1_446' title='bbox 3249 2338 3318 2405; x_wconf 74' lang='lat'><strong>2;</strong></span> <span class='ocrx_word' id='word_1_447' title='bbox 3352 2338 3448 2394; x_wconf 85' lang='lat' dir='ltr'><strong>Co-</strong></span> 
     </span>
    </p>
   </div>
   <div class='ocr_carea' id='block_1_53' title="bbox 1847 2431 3451 2503">
    <p class='ocr_par' dir='ltr' id='par_1_53' title="bbox 1847 2431 3451 2503">
     <span class='ocr_line' id='line_1_53' title="bbox 1847 2431 3451 2503; baseline 0.001 -17"><span class='ocrx_word' id='word_1_448' title='bbox 1847 2433 1972 2487; x_wconf 85' lang='lat' dir='ltr'><strong>loss.</strong></span> <span class='ocrx_word' id='word_1_449' title='bbox 2009 2448 2068 2501; x_wconf 89' lang='lat' dir='ltr'><strong>n,</strong></span> <span class='ocrx_word' id='word_1_450' title='bbox 2104 2433 2195 2501; x_wconf 78' lang='grc'><strong>14,</strong></span> <span class='ocrx_word' id='word_1_451' title='bbox 2230 2431 2340 2503; x_wconf 78' lang='grc'><strong>15).</strong></span> <span class='ocrx_word' id='word_1_452' title='bbox 2373 2431 2592 2502; x_wconf 89' lang='lat' dir='ltr'><strong>lniquos</strong></span> <span class='ocrx_word' id='word_1_453' title='bbox 2621 2442 2802 2487; x_wconf 88' lang='lat' dir='ltr'><strong>autem</strong></span> <span class='ocrx_word' id='word_1_454' title='bbox 2835 2447 2959 2488; x_wconf 92' lang='lat' dir='ltr'><strong>cum</strong></span> <span class='ocrx_word' id='word_1_455' title='bbox 3011 2432 3208 2502; x_wconf 85' lang='lat' dir='ltr'><strong>quibus</strong></span> <span class='ocrx_word' id='word_1_456' title='bbox 3235 2441 3451 2502; x_wconf 84' lang='lat' dir='ltr'><strong>reputa-</strong></span> 
     </span>
    </p>
   </div>
   <div class='ocr_carea' id='block_1_54' title="bbox 1847 2524 3447 2596">
    <p class='ocr_par' dir='ltr' id='par_1_54' title="bbox 1847 2524 3447 2596">
     <span class='ocr_line' id='line_1_54' title="bbox 1847 2524 3447 2596; baseline -0.002 -15"><span class='ocrx_word' id='word_1_457' title='bbox 1847 2534 1934 2582; x_wconf 90' lang='lat' dir='ltr'><strong>tus</strong></span> <span class='ocrx_word' id='word_1_458' title='bbox 1987 2535 2090 2593; x_wconf 85' lang='lat' dir='ltr'><strong>est,</strong></span> <span class='ocrx_word' id='word_1_459' title='bbox 2149 2526 2362 2584; x_wconf 84' lang='lat' dir='ltr'><strong>Marcus</strong></span> <span class='ocrx_word' id='word_1_460' title='bbox 2424 2525 2778 2596; x_wconf 84' lang='lat' dir='ltr'><strong>Evangelista</strong></span> <span class='ocrx_word' id='word_1_461' title='bbox 2845 2525 3090 2580; x_wconf 91' lang='lat' dir='ltr'><strong>latrones</strong></span> <span class='ocrx_word' id='word_1_462' title='bbox 3149 2524 3447 2595; x_wconf 81' lang='lat' dir='ltr'><strong>intelligit,</strong></span> 
     </span>
    </p>
   </div>
   <div class='ocr_carea' id='block_1_55' title="bbox 1845 2616 3447 2687">
    <p class='ocr_par' dir='ltr' id='par_1_55' title="bbox 1845 2616 3447 2687">
     <span class='ocr_line' id='line_1_55' title="bbox 1845 2616 3447 2687; baseline -0.001 -14"><span class='ocrx_word' id='word_1_463' title='bbox 1845 2617 2137 2674; x_wconf 87' lang='lat' dir='ltr'><strong>scribens:</strong></span> <span class='ocrx_word' id='word_1_464' title='bbox 2175 2616 2246 2672; x_wconf 88' lang='lat' dir='ltr'><strong>Et</strong></span> <span class='ocrx_word' id='word_1_465' title='bbox 2300 2619 2671 2687; x_wconf 74' lang='lat' dir='ltr'><strong>cruci/ixerunt</strong></span> <span class='ocrx_word' id='word_1_466' title='bbox 2719 2633 2836 2672; x_wconf 85' lang='lat' dir='ltr'><strong>cum</strong></span> <span class='ocrx_word' id='word_1_467' title='bbox 2883 2633 2943 2672; x_wconf 89' lang='lat' dir='ltr'><strong>eo</strong></span> <span class='ocrx_word' id='word_1_468' title='bbox 2990 2618 3122 2672; x_wconf 88' lang='lat' dir='ltr'><strong>duos</strong></span> <span class='ocrx_word' id='word_1_469' title='bbox 3176 2617 3447 2672; x_wconf 84' lang='lat' dir='ltr'><strong>latrones:</strong></span> 
     </span>
    </p>
   </div>
   <div class='ocr_carea' id='block_1_56' title="bbox 1846 2709 3450 2781">
    <p class='ocr_par' dir='ltr' id='par_1_56' title="bbox 1846 2709 3450 2781">
     <span class='ocr_line' id='line_1_56' title="bbox 1846 2709 3450 2781; baseline 0 -16"><span class='ocrx_word' id='word_1_470' title='bbox 1846 2728 2009 2766; x_wconf 90' lang='lat' dir='ltr'><strong>unum</strong></span> <span class='ocrx_word' id='word_1_471' title='bbox 2031 2728 2062 2764; x_wconf 92' lang='lat' dir='ltr'><strong>a</strong></span> <span class='ocrx_word' id='word_1_472' title='bbox 2090 2711 2305 2774; x_wconf 71' lang='lat' dir='ltr'><strong>dextris,</strong></span> <span class='ocrx_word' id='word_1_473' title='bbox 2339 2721 2386 2766; x_wconf 91' lang='lat' dir='ltr'><strong>et</strong></span> <span class='ocrx_word' id='word_1_474' title='bbox 2421 2711 2639 2765; x_wconf 87' lang='lat' dir='ltr'><strong>alterum</strong></span> <span class='ocrx_word' id='word_1_475' title='bbox 2659 2729 2692 2764; x_wconf 93' lang='lat' dir='ltr'><strong>a</strong></span> <span class='ocrx_word' id='word_1_476' title='bbox 2715 2711 2958 2765; x_wconf 87' lang='lat' dir='ltr'><strong>sinistris.</strong></span> <span class='ocrx_word' id='word_1_477' title='bbox 3002 2709 3069 2764; x_wconf 88' lang='lat' dir='ltr'><strong>Et</strong></span> <span class='ocrx_word' id='word_1_478' title='bbox 3100 2710 3318 2781; x_wconf 89' lang='lat' dir='ltr'><strong>impleta</strong></span> <span class='ocrx_word' id='word_1_479' title='bbox 3375 2719 3450 2766; x_wconf 86' lang='lat' dir='ltr'><strong>est</strong></span> 
     </span>
    </p>
   </div>
   <div class='ocr_carea' id='block_1_57' title="bbox 1846 2803 3453 2877">
    <p class='ocr_par' dir='ltr' id='par_1_57' title="bbox 1846 2803 3453 2877">
     <span class='ocr_line' id='line_1_57' title="bbox 1846 2803 3453 2877; baseline -0.002 -16"><span class='ocrx_word' id='word_1_480' title='bbox 1846 2806 2123 2873; x_wconf 86' lang='lat' dir='ltr'><strong>Scriptura</strong></span> <span class='ocrx_word' id='word_1_481' title='bbox 2176 2822 2295 2877; x_wconf 80' lang='lat' dir='ltr'><strong>qua:</strong></span> <span class='ocrx_word' id='word_1_482' title='bbox 2339 2806 2516 2859; x_wconf 87' lang='lat' dir='ltr'><strong>dicit:</strong></span> <span class='ocrx_word' id='word_1_483' title='bbox 2556 2803 2774 2858; x_wconf 85' lang='lat' dir='ltr'><strong>Etcum</strong></span> <span class='ocrx_word' id='word_1_484' title='bbox 2817 2804 3012 2875; x_wconf 86' lang='lat' dir='ltr'><strong>iniquis</strong></span> <span class='ocrx_word' id='word_1_485' title='bbox 3061 2815 3330 2874; x_wconf 85' lang='lat' dir='ltr'><strong>reputatus</strong></span> <span class='ocrx_word' id='word_1_486' title='bbox 3378 2812 3453 2859; x_wconf 84' lang='lat' dir='ltr'><strong>est</strong></span> 
     </span>
    </p>
   </div>
   <div class='ocr_carea' id='block_1_58' title="bbox 1847 2893 3452 2968">
    <p class='ocr_par' dir='ltr' id='par_1_58' title="bbox 1847 2893 3452 2968">
     <span class='ocr_line' id='line_1_58' title="bbox 1847 2893 3452 2968; baseline 0.002 -19"><span class='ocrx_word' id='word_1_487' title='bbox 1847 2895 2044 2968; x_wconf 80' lang='lat' dir='ltr'><strong>(Marc.</strong></span> <span class='ocrx_word' id='word_1_488' title='bbox 2080 2912 2173 2966; x_wconf 88' lang='lat' dir='ltr'><strong>xv,</strong></span> <span class='ocrx_word' id='word_1_489' title='bbox 2206 2894 2320 2968; x_wconf 66' lang='grc' dir='ltr'><strong>Υ).</strong></span> <span class='ocrx_word' id='word_1_490' title='bbox 2353 2895 2506 2964; x_wconf 84' lang='lat' dir='ltr'><strong>Quod</strong></span> <span class='ocrx_word' id='word_1_491' title='bbox 2543 2906 2565 2935; x_wconf 77' lang='grc' dir='ltr'><strong><em>ο</em></strong></span> <span class='ocrx_word' id='word_1_492' title='bbox 2601 2905 2656 2951; x_wconf 88' lang='lat' dir='ltr'><strong>et</strong></span> <span class='ocrx_word' id='word_1_493' title='bbox 2685 2896 2849 2951; x_wconf 90' lang='lat' dir='ltr'><strong>altius</strong></span> <span class='ocrx_word' id='word_1_494' title='bbox 2882 2896 3106 2967; x_wconf 78' lang='lat' dir='ltr'><strong>intelligi</strong></span> <span class='ocrx_word' id='word_1_495' title='bbox 3143 2906 3343 2967; x_wconf 88' lang='lat' dir='ltr'><strong>potest,</strong></span> <span class='ocrx_word' id='word_1_496' title='bbox 3368 2893 3452 2952; x_wconf 87' lang='lat' dir='ltr'><strong>di-</strong></span> 
     </span>
    </p>
   </div>
   <div class='ocr_carea' id='block_1_59' title="bbox 1846 2987 3449 3057">
    <p class='ocr_par' dir='ltr' id='par_1_59' title="bbox 1846 2987 3449 3057">
     <span class='ocr_line' id='line_1_59' title="bbox 1846 2987 3449 3057; baseline -0.001 -14"><span class='ocrx_word' id='word_1_497' title='bbox 1846 2999 2002 3044; x_wconf 87' lang='lat' dir='ltr'><strong>cente</strong></span> <span class='ocrx_word' id='word_1_498' title='bbox 2032 2989 2100 3043; x_wconf 91' lang='lat' dir='ltr'><strong>de</strong></span> <span class='ocrx_word' id='word_1_499' title='bbox 2131 2988 2428 3057; x_wconf 88' lang='lat' dir='ltr'><strong>semetipso</strong></span> <span class='ocrx_word' id='word_1_500' title='bbox 2475 2987 2758 3042; x_wconf 91' lang='lat' dir='ltr'><strong>Domino:</strong></span> <span class='ocrx_word' id='word_1_501' title='bbox 2807 2987 3099 3056; x_wconf 88' lang='lat' dir='ltr'><strong>Reputatus</strong></span> <span class='ocrx_word' id='word_1_502' title='bbox 3164 3004 3280 3042; x_wconf 89' lang='lat' dir='ltr'><strong>sum</strong></span> <span class='ocrx_word' id='word_1_503' title='bbox 3329 3003 3449 3042; x_wconf 88' lang='lat' dir='ltr'><strong>cum</strong></span> 
     </span>
    </p>
   </div>
   <div class='ocr_carea' id='block_1_60' title="bbox 1846 3079 3454 3152">
    <p class='ocr_par' dir='ltr' id='par_1_60' title="bbox 1846 3079 3454 3152">
     <span class='ocr_line' id='line_1_60' title="bbox 1846 3079 3454 3152; baseline -0.001 -17"><span class='ocrx_word' id='word_1_504' title='bbox 1846 3080 2271 3135; x_wconf 78' lang='lat' dir='ltr'><strong>descendentibus</strong></span> <span class='ocrx_word' id='word_1_505' title='bbox 2302 3082 2357 3135; x_wconf 89' lang='lat' dir='ltr'><strong>in</strong></span> <span class='ocrx_word' id='word_1_506' title='bbox 2397 3081 2570 3134; x_wconf 87' lang='lat' dir='ltr'><strong>lacum</strong></span> <span class='ocrx_word' id='word_1_507' title='bbox 2603 3096 2622 3133; x_wconf 91' lang='lat'><strong><em>:</em></strong></span> <span class='ocrx_word' id='word_1_508' title='bbox 2646 3085 2816 3152; x_wconf 79' lang='lat' dir='ltr'><strong>factus</strong></span> <span class='ocrx_word' id='word_1_509' title='bbox 2847 3096 2963 3134; x_wconf 89' lang='lat' dir='ltr'><strong>sum</strong></span> <span class='ocrx_word' id='word_1_510' title='bbox 3003 3081 3134 3134; x_wconf 88' lang='lat' dir='ltr'><strong>sicut</strong></span> <span class='ocrx_word' id='word_1_511' title='bbox 3161 3079 3315 3135; x_wconf 79' lang='lat' dir='ltr'><strong>homo</strong></span> <span class='ocrx_word' id='word_1_512' title='bbox 3343 3081 3454 3135; x_wconf 87' lang='lat' dir='ltr'><strong>sine</strong></span> 
     </span>
    </p>
   </div>
   <div class='ocr_carea' id='block_1_61' title="bbox 1846 3172 3444 3246">
    <p class='ocr_par' dir='ltr' id='par_1_61' title="bbox 1846 3172 3444 3246">
     <span class='ocr_line' id='line_1_61' title="bbox 1846 3172 3444 3246; baseline 0.001 -17"><span class='ocrx_word' id='word_1_513' title='bbox 1846 3174 2108 3242; x_wconf 85' lang='lat' dir='ltr'><strong>adiutorio</strong></span> <span class='ocrx_word' id='word_1_514' title='bbox 2130 3175 2261 3227; x_wconf 90' lang='lat' dir='ltr'><strong>inter</strong></span> <span class='ocrx_word' id='word_1_515' title='bbox 2286 3183 2514 3229; x_wconf 89' lang='lat' dir='ltr'><strong>mortuos</strong></span> <span class='ocrx_word' id='word_1_516' title='bbox 2542 3173 2668 3228; x_wconf 85' lang='lat' dir='ltr'><strong>liber</strong></span> <span class='ocrx_word' id='word_1_517' title='bbox 2724 3172 2846 3246; x_wconf 86' lang='lat' dir='ltr'><strong>(Ps.</strong></span> <span class='ocrx_word' id='word_1_518' title='bbox 2885 3189 3097 3228; x_wconf 73' lang='lat' dir='ltr'><strong>Lxxxvn</strong></span> <span class='ocrx_word' id='word_1_519' title='bbox 3125 3219 3139 3243; x_wconf 95' lang='lat'><strong>,</strong></span> <span class='ocrx_word' id='word_1_520' title='bbox 3170 3173 3250 3244; x_wconf 70' lang='grc'><strong>4).</strong></span> <span class='ocrx_word' id='word_1_521' title='bbox 3302 3173 3444 3231; x_wconf 84' lang='lat' dir='ltr'><strong>Vere</strong></span> 
     </span>
    </p>
   </div>
   <div class='ocr_carea' id='block_1_62' title="bbox 128 3261 3454 3337">
    <p class='ocr_par' dir='ltr' id='par_1_62' title="bbox 128 3261 3454 3337">
     <span class='ocr_line' id='line_1_62' title="bbox 128 3261 3454 3337; baseline 0.001 -17"><span class='ocrx_word' id='word_1_522' title='bbox 128 3272 219 3320; x_wconf 84' lang='lat' dir='ltr'><strong>est</strong></span> <span class='ocrx_word' id='word_1_523' title='bbox 254 3281 268 3317; x_wconf 89' lang='lat'><strong>:</strong></span> <span class='ocrx_word' id='word_1_524' title='bbox 306 3263 438 3318; x_wconf 89' lang='lat' dir='ltr'><strong>Cum</strong></span> <span class='ocrx_word' id='word_1_525' title='bbox 468 3264 717 3319; x_wconf 83' lang='lat' dir='ltr'><strong>divideret</strong></span> <span class='ocrx_word' id='word_1_526' title='bbox 748 3267 962 3320; x_wconf 74' lang='lat' dir='ltr'><strong>(celestis</strong></span> <span class='ocrx_word' id='word_1_527' title='bbox 987 3275 1012 3303; x_wconf 77' lang='grc' dir='ltr'>ἰ</span> <span class='ocrx_word' id='word_1_528' title='bbox 1039 3284 1183 3337; x_wconf 85' lang='lat' dir='ltr'><strong>reges</strong></span> <span class='ocrx_word' id='word_1_529' title='bbox 1214 3268 1266 3322; x_wconf 87' lang='lat' dir='ltr'><strong>in</strong></span> <span class='ocrx_word' id='word_1_530' title='bbox 1292 3284 1371 3322; x_wconf 86' lang='lat' dir='ltr'><strong>ea.</strong></span> <span class='ocrx_word' id='word_1_531' title='bbox 1408 3268 1467 3322; x_wconf 85' lang='lat' dir='ltr'><strong>Et</strong></span> <span class='ocrx_word' id='word_1_532' title='bbox 1504 3269 1738 3325; x_wconf 87' lang='lat' dir='ltr'><strong>iterum:</strong></span> <span class='ocrx_word' id='word_1_533' title='bbox 1774 3261 1819 3326; x_wconf 90' lang='lat' dir='ltr'><strong>C</strong></span> <span class='ocrx_word' id='word_1_534' title='bbox 1850 3267 1993 3322; x_wconf 89' lang='lat' dir='ltr'><strong>enim</strong></span> <span class='ocrx_word' id='word_1_535' title='bbox 2027 3274 2310 3337; x_wconf 84' lang='lat' dir='ltr'><strong>repntatus</strong></span> <span class='ocrx_word' id='word_1_536' title='bbox 2349 3275 2435 3319; x_wconf 84' lang='lat' dir='ltr'><strong>est.</strong></span> <span class='ocrx_word' id='word_1_537' title='bbox 2489 3267 2634 3319; x_wconf 90' lang='lat' dir='ltr'><strong>inter</strong></span> <span class='ocrx_word' id='word_1_538' title='bbox 2666 3275 2985 3334; x_wconf 89' lang='lat' dir='ltr'><strong>peccatores</strong></span> <span class='ocrx_word' id='word_1_539' title='bbox 3015 3275 3070 3321; x_wconf 89' lang='lat' dir='ltr'><strong>et</strong></span> <span class='ocrx_word' id='word_1_540' title='bbox 3099 3264 3315 3336; x_wconf 73' lang='lat' dir='ltr'><strong>iniquos</strong></span> <span class='ocrx_word' id='word_1_541' title='bbox 3346 3288 3371 3334; x_wconf 82' lang='lat'><strong>,-</strong></span> <span class='ocrx_word' id='word_1_542' title='bbox 3393 3276 3454 3322; x_wconf 89' lang='lat' dir='ltr'><strong>ut</strong></span> 
     </span>
    </p>
   </div>
   <div class='ocr_carea' id='block_1_63' title="bbox 127 3357 1745 3431">
    <p class='ocr_par' dir='ltr' id='par_1_63' title="bbox 127 3357 1745 3431">
     <span class='ocr_line' id='line_1_63' title="bbox 127 3357 1745 3431; baseline 0.001 -18"><span class='ocrx_word' id='word_1_543' title='bbox 127 3357 256 3413; x_wconf 78' lang='lat' dir='ltr'><strong>Rea:</strong></span> <span class='ocrx_word' id='word_1_544' title='bbox 285 3358 532 3411; x_wconf 79' lang='lat' dir='ltr'><strong>virtutum</strong></span> <span class='ocrx_word' id='word_1_545' title='bbox 564 3358 760 3427; x_wconf 80' lang='lat' dir='ltr'><strong>dilecti,</strong></span> <span class='ocrx_word' id='word_1_546' title='bbox 793 3369 841 3414; x_wconf 91' lang='lat' dir='ltr'><strong>et</strong></span> <span class='ocrx_word' id='word_1_547' title='bbox 870 3359 1057 3430; x_wconf 86' lang='lat' dir='ltr'><strong>speciei</strong></span> <span class='ocrx_word' id='word_1_548' title='bbox 1106 3360 1291 3414; x_wconf 90' lang='lat' dir='ltr'><strong>domus</strong></span> <span class='ocrx_word' id='word_1_549' title='bbox 1320 3360 1544 3414; x_wconf 86' lang='lat' dir='ltr'><strong>dividere</strong></span> <span class='ocrx_word' id='word_1_550' title='bbox 1574 3361 1745 3431; x_wconf 86' lang='lat' dir='ltr'><strong>spolia</strong></span> 
     </span>
    </p>
   </div>
   <div class='ocr_carea' id='block_1_64' title="bbox 129 3445 1745 3524">
    <p class='ocr_par' dir='ltr' id='par_1_64' title="bbox 129 3445 1745 3524">
     <span class='ocr_line' id='line_1_64' title="bbox 129 3445 1745 3524; baseline 0.004 -23"><span class='ocrx_word' id='word_1_551' title='bbox 129 3445 259 3520; x_wconf 80' lang='lat' dir='ltr'><strong>(Ps.</strong></span> <span class='ocrx_word' id='word_1_552' title='bbox 298 3463 468 3515; x_wconf 77' lang='lat' dir='ltr'><strong>van,</strong></span> <span class='ocrx_word' id='word_1_553' title='bbox 503 3448 615 3520; x_wconf 80' lang='grc'><strong>15).</strong></span> <span class='ocrx_word' id='word_1_554' title='bbox 653 3451 894 3521; x_wconf 85' lang='lat' dir='ltr'><strong>Denique</strong></span> <span class='ocrx_word' id='word_1_555' title='bbox 926 3466 1090 3521; x_wconf 86' lang='lat' dir='ltr'><strong>super</strong></span> <span class='ocrx_word' id='word_1_556' title='bbox 1119 3451 1288 3505; x_wconf 88' lang='lat' dir='ltr'><strong>Paulo</strong></span> <span class='ocrx_word' id='word_1_557' title='bbox 1317 3453 1566 3522; x_wconf 80' lang='lat' dir='ltr'><strong>apostolo</strong></span> <span class='ocrx_word' id='word_1_558' title='bbox 1591 3497 1604 3520; x_wconf 94' lang='lat'><strong>,</strong></span> <span class='ocrx_word' id='word_1_559' title='bbox 1653 3454 1745 3524; x_wconf 83' lang='lat' dir='ltr'><strong>qui</strong></span> 
     </span>
    </p>
   </div>
   <div class='ocr_carea' id='block_1_65' title="bbox 130 3539 1741 3614">
    <p class='ocr_par' dir='ltr' id='par_1_65' title="bbox 130 3539 1741 3614">
     <span class='ocr_line' id='line_1_65' title="bbox 130 3539 1741 3614; baseline 0.004 -20"><span class='ocrx_word' id='word_1_560' title='bbox 130 3539 205 3595; x_wconf 88' lang='lat' dir='ltr'><strong>de</strong></span> <span class='ocrx_word' id='word_1_561' title='bbox 238 3540 381 3595; x_wconf 86' lang='lat' dir='ltr'><strong>tribu</strong></span> <span class='ocrx_word' id='word_1_562' title='bbox 414 3539 692 3610; x_wconf 76' lang='lat' dir='ltr'><strong>Beniamin</strong></span> <span class='ocrx_word' id='word_1_563' title='bbox 723 3552 840 3597; x_wconf 91' lang='lat' dir='ltr'><strong>erat</strong></span> <span class='ocrx_word' id='word_1_564' title='bbox 865 3588 879 3612; x_wconf 94' lang='lat'><strong>,</strong></span> <span class='ocrx_word' id='word_1_565' title='bbox 935 3543 1089 3614; x_wconf 83' lang='lat' dir='ltr'><strong>juxta</strong></span> <span class='ocrx_word' id='word_1_566' title='bbox 1140 3543 1464 3600; x_wconf 88' lang='lat' dir='ltr'><strong>Hebraicnm</strong></span> <span class='ocrx_word' id='word_1_567' title='bbox 1496 3546 1687 3601; x_wconf 89' lang='lat' dir='ltr'><strong>dicitur</strong></span> <span class='ocrx_word' id='word_1_568' title='bbox 1726 3563 1741 3600; x_wconf 89' lang='lat'><strong>:</strong></span> 
     </span>
    </p>
   </div>
   <div class='ocr_carea' id='block_1_66' title="bbox 129 3630 1745 3708">
    <p class='ocr_par' dir='ltr' id='par_1_66' title="bbox 129 3630 1745 3708">
     <span class='ocr_line' id='line_1_66' title="bbox 129 3630 1745 3708; baseline 0.004 -22"><span class='ocrx_word' id='word_1_569' title='bbox 129 3630 416 3705; x_wconf 82' lang='lat' dir='ltr'><strong>Benjamin</strong></span> <span class='ocrx_word' id='word_1_570' title='bbox 447 3632 602 3701; x_wconf 88' lang='lat' dir='ltr'><strong>lupus</strong></span> <span class='ocrx_word' id='word_1_571' title='bbox 631 3649 803 3698; x_wconf 72' lang='lat' dir='ltr'><strong>rapax</strong></span> <span class='ocrx_word' id='word_1_572' title='bbox 827 3650 845 3689; x_wconf 89' lang='lat'><strong><em>:</em></strong></span> <span class='ocrx_word' id='word_1_573' title='bbox 872 3651 1022 3690; x_wconf 87' lang='lat' dir='ltr'><strong>mane</strong></span> <span class='ocrx_word' id='word_1_574' title='bbox 1051 3635 1280 3690; x_wconf 89' lang='lat' dir='ltr'><strong>comedet</strong></span> <span class='ocrx_word' id='word_1_575' title='bbox 1313 3634 1364 3706; x_wconf 70' lang='grc' dir='ltr'>ι),</span> <span class='ocrx_word' id='word_1_576' title='bbox 1399 3647 1443 3690; x_wconf 90' lang='lat' dir='ltr'><strong>et</strong></span> <span class='ocrx_word' id='word_1_577' title='bbox 1475 3637 1544 3690; x_wconf 89' lang='lat' dir='ltr'><strong>ad</strong></span> <span class='ocrx_word' id='word_1_578' title='bbox 1571 3653 1745 3708; x_wconf 83' lang='lat' dir='ltr'><strong>vespe-</strong></span> 
     </span>
    </p>
   </div>
   <div class='ocr_carea' id='block_1_67' title="bbox 131 3725 1744 3800">
    <p class='ocr_par' dir='ltr' id='par_1_67' title="bbox 131 3725 1744 3800">
     <span class='ocr_line' id='line_1_67' title="bbox 131 3725 1744 3800; baseline 0.003 -20"><span class='ocrx_word' id='word_1_579' title='bbox 131 3743 257 3781; x_wconf 74' lang='lat' dir='ltr'><strong>rum</strong></span> <span class='ocrx_word' id='word_1_580' title='bbox 285 3725 478 3782; x_wconf 87' lang='lat' dir='ltr'><strong>dividet</strong></span> <span class='ocrx_word' id='word_1_581' title='bbox 502 3728 671 3798; x_wconf 84' lang='lat' dir='ltr'><strong>spolia</strong></span> <span class='ocrx_word' id='word_1_582' title='bbox 693 3727 845 3799; x_wconf 82' lang='lat' dir='ltr'><strong>(Gen.</strong></span> <span class='ocrx_word' id='word_1_583' title='bbox 879 3745 1030 3799; x_wconf 80' lang='lat' dir='ltr'><strong>xux,</strong></span> <span class='ocrx_word' id='word_1_584' title='bbox 1062 3729 1176 3799; x_wconf 68' lang='grc' dir='ltr'><strong>Ξῖ).</strong></span> <span class='ocrx_word' id='word_1_585' title='bbox 1210 3730 1286 3784; x_wconf 91' lang='lat' dir='ltr'><strong>De</strong></span> <span class='ocrx_word' id='word_1_586' title='bbox 1315 3730 1512 3800; x_wconf 87' lang='lat' dir='ltr'><strong>quibus</strong></span> <span class='ocrx_word' id='word_1_587' title='bbox 1541 3741 1597 3787; x_wconf 90' lang='lat' dir='ltr'><strong>et</strong></span> <span class='ocrx_word' id='word_1_588' title='bbox 1618 3739 1744 3786; x_wconf 90' lang='lat' dir='ltr'><strong>ante</strong></span> 
     </span>
    </p>
   </div>
   <div class='ocr_carea' id='block_1_68' title="bbox 126 3821 1746 3896">
    <p class='ocr_par' dir='ltr' id='par_1_68' title="bbox 126 3821 1746 3896">
     <span class='ocr_line' id='line_1_68' title="bbox 126 3821 1746 3896; baseline 0.002 -22"><span class='ocrx_word' id='word_1_589' title='bbox 126 3821 245 3892; x_wconf 81' lang='lat' dir='ltr'><strong>jam</strong></span> <span class='ocrx_word' id='word_1_590' title='bbox 279 3821 522 3876; x_wconf 79' lang='lat' dir='ltr'><strong>diximus</strong></span> <span class='ocrx_word' id='word_1_591' title='bbox 559 3840 570 3875; x_wconf 86' lang='lat'>:</span> <span class='ocrx_word' id='word_1_592' title='bbox 604 3821 941 3878; x_wconf 75' lang='lat' dir='ltr'><strong>Lwtabuntur</strong></span> <span class='ocrx_word' id='word_1_593' title='bbox 968 3823 1022 3878; x_wconf 81' lang='lat' dir='ltr'><strong>in</strong></span> <span class='ocrx_word' id='word_1_594' title='bbox 1053 3834 1328 3896; x_wconf 87' lang='lat' dir='ltr'><strong>conspectu</strong></span> <span class='ocrx_word' id='word_1_595' title='bbox 1360 3836 1445 3878; x_wconf 90' lang='lat' dir='ltr'><strong>tuo</strong></span> <span class='ocrx_word' id='word_1_596' title='bbox 1467 3870 1480 3893; x_wconf 93' lang='lat'><strong>,</strong></span> <span class='ocrx_word' id='word_1_597' title='bbox 1505 3825 1636 3878; x_wconf 88' lang='lat' dir='ltr'><strong>sicut</strong></span> <span class='ocrx_word' id='word_1_598' title='bbox 1655 3824 1746 3896; x_wconf 88' lang='lat' dir='ltr'><strong>qui</strong></span> 
     </span>
    </p>
   </div>
   <div class='ocr_carea' id='block_1_69' title="bbox 136 3917 1742 3991">
    <p class='ocr_par' dir='ltr' id='par_1_69' title="bbox 136 3917 1742 3991">
     <span class='ocr_line' id='line_1_69' title="bbox 136 3917 1742 3991; baseline 0 -20"><span class='ocrx_word' id='word_1_599' title='bbox 136 3918 393 3972; x_wconf 67' lang='lat' dir='ltr'><strong>leuantur</strong></span> <span class='ocrx_word' id='word_1_600' title='bbox 414 3918 470 3972; x_wconf 84' lang='lat' dir='ltr'><strong>in</strong></span> <span class='ocrx_word' id='word_1_601' title='bbox 501 3934 664 3972; x_wconf 85' lang='lat' dir='ltr'><strong>messe</strong></span> <span class='ocrx_word' id='word_1_602' title='bbox 687 3963 701 3987; x_wconf 93' lang='lat'><strong>,</strong></span> <span class='ocrx_word' id='word_1_603' title='bbox 737 3928 784 3973; x_wconf 85' lang='lat' dir='ltr'><strong>et</strong></span> <span class='ocrx_word' id='word_1_604' title='bbox 813 3919 944 3973; x_wconf 89' lang='lat' dir='ltr'><strong>sicut</strong></span> <span class='ocrx_word' id='word_1_605' title='bbox 973 3920 1064 3990; x_wconf 88' lang='lat' dir='ltr'><strong>qui</strong></span> <span class='ocrx_word' id='word_1_606' title='bbox 1093 3919 1326 3972; x_wconf 83' lang='lat' dir='ltr'><strong>dividunt</strong></span> <span class='ocrx_word' id='word_1_607' title='bbox 1382 3919 1553 3986; x_wconf 86' lang='lat' dir='ltr'><strong>spolia</strong></span> <span class='ocrx_word' id='word_1_608' title='bbox 1585 3917 1742 3991; x_wconf 85' lang='lat' dir='ltr'><strong>(Isai.</strong></span> 
     </span>
    </p>
   </div>
   <div class='ocr_carea' id='block_1_70' title="bbox 136 4009 1743 4078">
    <p class='ocr_par' dir='ltr' id='par_1_70' title="bbox 136 4009 1743 4078">
     <span class='ocr_line' id='line_1_70' title="bbox 136 4009 1743 4078; baseline 0 -15"><span class='ocrx_word' id='word_1_609' title='bbox 136 4024 210 4078; x_wconf 78' lang='lat' dir='ltr'><strong>is,</strong></span> <span class='ocrx_word' id='word_1_610' title='bbox 238 4011 322 4078; x_wconf 79' lang='lat'><strong>5),</strong></span> <span class='ocrx_word' id='word_1_611' title='bbox 350 4009 405 4064; x_wconf 91' lang='lat' dir='ltr'><strong>in</strong></span> <span class='ocrx_word' id='word_1_612' title='bbox 437 4019 549 4065; x_wconf 89' lang='lat' dir='ltr'><strong>toto</strong></span> <span class='ocrx_word' id='word_1_613' title='bbox 587 4011 722 4065; x_wconf 91' lang='lat' dir='ltr'><strong>orbe</strong></span> <span class='ocrx_word' id='word_1_614' title='bbox 749 4011 855 4065; x_wconf 90' lang='lat' dir='ltr'><strong>sibi</strong></span> <span class='ocrx_word' id='word_1_615' title='bbox 886 4009 1087 4067; x_wconf 91' lang='lat' dir='ltr'><strong>Christi</strong></span> <span class='ocrx_word' id='word_1_616' title='bbox 1125 4009 1396 4066; x_wconf 72' lang='lat' dir='ltr'><strong>Ecclesias</strong></span> <span class='ocrx_word' id='word_1_617' title='bbox 1420 4009 1743 4065; x_wconf 85' lang='lat' dir='ltr'><strong>dividentes.</strong></span> 
     </span>
    </p>
   </div>
   <div class='ocr_carea' id='block_1_71' title="bbox 135 4099 1744 4173">
    <p class='ocr_par' dir='ltr' id='par_1_71' title="bbox 135 4099 1744 4173">
     <span class='ocr_line' id='line_1_71' title="bbox 135 4099 1744 4173; baseline 0 -17"><span class='ocrx_word' id='word_1_618' title='bbox 135 4099 440 4173; x_wconf 87' lang='lat' dir='ltr'><strong>Propterea</strong></span> <span class='ocrx_word' id='word_1_619' title='bbox 481 4101 712 4172; x_wconf 89' lang='lat' dir='ltr'><strong>accipiet</strong></span> <span class='ocrx_word' id='word_1_620' title='bbox 739 4110 932 4173; x_wconf 79' lang='lat' dir='ltr'><strong>gentes</strong></span> <span class='ocrx_word' id='word_1_621' title='bbox 985 4101 1272 4172; x_wconf 86' lang='lat' dir='ltr'><strong>plurimas,</strong></span> <span class='ocrx_word' id='word_1_622' title='bbox 1304 4102 1394 4172; x_wconf 92' lang='lat' dir='ltr'><strong>qui</strong></span> <span class='ocrx_word' id='word_1_623' title='bbox 1425 4101 1576 4156; x_wconf 80' lang='lat' dir='ltr'><strong>venit</strong></span> <span class='ocrx_word' id='word_1_624' title='bbox 1606 4117 1744 4171; x_wconf 80' lang='lat' dir='ltr'><strong>prae-</strong></span> 
     </span>
    </p>
   </div>
   <div class='ocr_carea' id='block_1_72' title="bbox 210 4237 1747 4311">
    <p class='ocr_par' dir='ltr' id='par_1_72' title="bbox 210 4237 1747 4311">
     <span class='ocr_line' id='line_1_72' title="bbox 210 4237 1747 4311; baseline -0.001 -17"><span class='ocrx_word' id='word_1_625' title='bbox 210 4250 239 4278; x_wconf 77' lang='grc' dir='ltr'>ει</span> <span class='ocrx_word' id='word_1_626' title='bbox 283 4238 408 4308; x_wconf 85' lang='lat' dir='ltr'><strong>Pro,</strong></span> <span class='ocrx_word' id='word_1_627' title='bbox 437 4255 580 4311; x_wconf 88' lang='lat' dir='ltr'><strong>reges</strong></span> <span class='ocrx_word' id='word_1_628' title='bbox 626 4238 768 4307; x_wconf 88' lang='lat' dir='ltr'><strong>quod</strong></span> <span class='ocrx_word' id='word_1_629' title='bbox 821 4253 965 4311; x_wconf 76' lang='lat' dir='ltr'><strong>mss.</strong></span> <span class='ocrx_word' id='word_1_630' title='bbox 994 4239 1311 4311; x_wconf 77' lang='lat' dir='ltr'><strong>reSIitunnt,</strong></span> <span class='ocrx_word' id='word_1_631' title='bbox 1351 4237 1550 4293; x_wconf 92' lang='lat' dir='ltr'><strong>lectum</strong></span> <span class='ocrx_word' id='word_1_632' title='bbox 1591 4249 1747 4294; x_wconf 88' lang='lat' dir='ltr'><strong>antea</strong></span> 
     </span>
    </p>
   </div>
   <div class='ocr_carea' id='block_1_73' title="bbox 139 4309 1746 4382">
    <p class='ocr_par' dir='ltr' id='par_1_73' title="bbox 139 4309 1746 4382">
     <span class='ocr_line' id='line_1_73' title="bbox 139 4309 1746 4382; baseline -0.001 -16"><span class='ocrx_word' id='word_1_633' title='bbox 139 4320 226 4366; x_wconf 89' lang='lat' dir='ltr'><strong>est</strong></span> <span class='ocrx_word' id='word_1_634' title='bbox 253 4322 450 4376; x_wconf 84' lang='lat' dir='ltr'><strong>gentes,</strong></span> <span class='ocrx_word' id='word_1_635' title='bbox 474 4309 929 4382; x_wconf 86' lang='lat' dir='ltr'><strong>quemadmodum</strong></span> <span class='ocrx_word' id='word_1_636' title='bbox 953 4310 1175 4382; x_wconf 87' lang='lat' dir='ltr'><strong>innullo</strong></span> <span class='ocrx_word' id='word_1_637' title='bbox 1197 4309 1404 4382; x_wconf 75' lang='lat' dir='ltr'><strong>usuiam</strong></span> <span class='ocrx_word' id='word_1_638' title='bbox 1427 4317 1746 4382; x_wconf 63' lang='lat' dir='ltr'><strong>autiextus,</strong></span> 
     </span>
    </p>
   </div>
   <div class='ocr_carea' id='block_1_74' title="bbox 140 4379 1623 4453">
    <p class='ocr_par' dir='ltr' id='par_1_74' title="bbox 140 4379 1623 4453">
     <span class='ocr_line' id='line_1_74' title="bbox 140 4379 1623 4453; baseline 0 -18"><span class='ocrx_word' id='word_1_639' title='bbox 140 4393 235 4437; x_wconf 89' lang='lat' dir='ltr'><strong>aut</strong></span> <span class='ocrx_word' id='word_1_640' title='bbox 263 4379 577 4438; x_wconf 83' lang='lat' dir='ltr'><strong>versionitm</strong></span> <span class='ocrx_word' id='word_1_641' title='bbox 607 4386 949 4453; x_wconf 85' lang='lat' dir='ltr'><strong>antiquarum</strong></span> <span class='ocrx_word' id='word_1_642' title='bbox 973 4381 1111 4437; x_wconf 90' lang='lat' dir='ltr'><strong>libro</strong></span> <span class='ocrx_word' id='word_1_643' title='bbox 1139 4381 1342 4436; x_wconf 90' lang='lat' dir='ltr'><strong>scimus</strong></span> <span class='ocrx_word' id='word_1_644' title='bbox 1367 4379 1623 4436; x_wconf 87' lang='lat' dir='ltr'><strong>inveniri.</strong></span> 
     </span>
    </p>
   </div>
   <div class='ocr_carea' id='block_1_75' title="bbox 135 4524 474 4541">
    <p class='ocr_par' dir='ltr' id='par_1_75' title="bbox 135 4524 474 4541">
     <span class='ocr_line' id='line_1_75' title="bbox 135 4524 474 4541; baseline -0.012 -1"><span class='ocrx_word' id='word_1_645' title='bbox 135 4524 474 4541; x_wconf 49' lang='grc' dir='ltr'><strong><em>ψ</em></strong></span> 
     </span>
    </p>
   </div>
   <div class='ocr_carea' id='block_1_76' title="bbox 1849 3355 3453 3427">
    <p class='ocr_par' dir='ltr' id='par_1_76' title="bbox 1849 3355 3453 3427">
     <span class='ocr_line' id='line_1_76' title="bbox 1849 3355 3453 3427; baseline 0 -15"><span class='ocrx_word' id='word_1_646' title='bbox 1849 3358 2202 3414; x_wconf 87' lang='lat' dir='ltr'><strong>descenderet</strong></span> <span class='ocrx_word' id='word_1_647' title='bbox 2230 3357 2295 3410; x_wconf 90' lang='lat' dir='ltr'><strong>ad</strong></span> <span class='ocrx_word' id='word_1_648' title='bbox 2330 3356 2602 3412; x_wconf 82' lang='lat' dir='ltr'><strong>infernum</strong></span> <span class='ocrx_word' id='word_1_649' title='bbox 2633 3372 2646 3420; x_wconf 93' lang='lat'><strong>;</strong></span> <span class='ocrx_word' id='word_1_650' title='bbox 2679 3355 2770 3427; x_wconf 91' lang='lat' dir='ltr'><strong>qui</strong></span> <span class='ocrx_word' id='word_1_651' title='bbox 2821 3356 2873 3409; x_wconf 91' lang='lat' dir='ltr'><strong>in</strong></span> <span class='ocrx_word' id='word_1_652' title='bbox 2925 3356 3112 3410; x_wconf 87' lang='lat' dir='ltr'><strong>multis</strong></span> <span class='ocrx_word' id='word_1_653' title='bbox 3141 3357 3453 3426; x_wconf 85' lang='lat' dir='ltr'><strong>Scriptura-</strong></span> 
     </span>
    </p>
   </div>
   <div class='ocr_carea' id='block_1_77' title="bbox 1849 3449 3452 3518">
    <p class='ocr_par' dir='ltr' id='par_1_77' title="bbox 1849 3449 3452 3518">
     <span class='ocr_line' id='line_1_77' title="bbox 1849 3449 3452 3518; baseline -0.001 -11"><span class='ocrx_word' id='word_1_654' title='bbox 1849 3469 1966 3508; x_wconf 85' lang='lat' dir='ltr'><strong>rtnu</strong></span> <span class='ocrx_word' id='word_1_655' title='bbox 1993 3452 2125 3506; x_wconf 90' lang='lat' dir='ltr'><strong>locis</strong></span> <span class='ocrx_word' id='word_1_656' title='bbox 2149 3460 2370 3506; x_wconf 89' lang='lat' dir='ltr'><strong>vocatur</strong></span> <span class='ocrx_word' id='word_1_657' title='bbox 2396 3452 2566 3518; x_wconf 83' lang='lat' dir='ltr'><strong>lacus,</strong></span> <span class='ocrx_word' id='word_1_658' title='bbox 2602 3461 2655 3505; x_wconf 90' lang='lat' dir='ltr'><strong>et</strong></span> <span class='ocrx_word' id='word_1_659' title='bbox 2677 3450 2892 3504; x_wconf 89' lang='lat' dir='ltr'><strong>vinctos</strong></span> <span class='ocrx_word' id='word_1_660' title='bbox 2915 3449 2969 3504; x_wconf 92' lang='lat' dir='ltr'><strong>in</strong></span> <span class='ocrx_word' id='word_1_661' title='bbox 2999 3465 3220 3506; x_wconf 86' lang='lat' dir='ltr'><strong>carcere</strong></span> <span class='ocrx_word' id='word_1_662' title='bbox 3252 3449 3452 3506; x_wconf 81' lang='lat' dir='ltr'><strong>libera-</strong></span> 
     </span>
    </p>
   </div>
   <div class='ocr_carea' id='block_1_78' title="bbox 1848 3544 3452 3614">
    <p class='ocr_par' dir='ltr' id='par_1_78' title="bbox 1848 3544 3452 3614">
     <span class='ocr_line' id='line_1_78' title="bbox 1848 3544 3452 3614; baseline 0 -13"><span class='ocrx_word' id='word_1_663' title='bbox 1848 3556 1949 3602; x_wconf 88' lang='lat' dir='ltr'><strong>ret.</strong></span> <span class='ocrx_word' id='word_1_664' title='bbox 1999 3545 2099 3613; x_wconf 87' lang='lat' dir='ltr'><strong>Qui</strong></span> <span class='ocrx_word' id='word_1_665' title='bbox 2133 3544 2362 3600; x_wconf 71' lang='lat' dir='ltr'><strong>traditus</strong></span> <span class='ocrx_word' id='word_1_666' title='bbox 2392 3554 2476 3600; x_wconf 87' lang='lat' dir='ltr'><strong>est</strong></span> <span class='ocrx_word' id='word_1_667' title='bbox 2509 3553 2730 3614; x_wconf 81' lang='lat' dir='ltr'><strong>propter</strong></span> <span class='ocrx_word' id='word_1_668' title='bbox 2759 3553 2982 3614; x_wconf 87' lang='lat' dir='ltr'><strong>peccata</strong></span> <span class='ocrx_word' id='word_1_669' title='bbox 3016 3552 3227 3613; x_wconf 87' lang='lat' dir='ltr'><strong>nostra,</strong></span> <span class='ocrx_word' id='word_1_670' title='bbox 3280 3553 3336 3600; x_wconf 86' lang='lat' dir='ltr'><strong>et</strong></span> <span class='ocrx_word' id='word_1_671' title='bbox 3364 3560 3452 3601; x_wconf 73' lang='grc' dir='ltr'><strong>ιο-</strong></span> 
     </span>
    </p>
   </div>
   <div class='ocr_carea' id='block_1_79' title="bbox 1846 3636 3448 3708">
    <p class='ocr_par' dir='ltr' id='par_1_79' title="bbox 1846 3636 3448 3708">
     <span class='ocr_line' id='line_1_79' title="bbox 1846 3636 3448 3708; baseline -0.001 -12"><span class='ocrx_word' id='word_1_672' title='bbox 1846 3639 2087 3696; x_wconf 72' lang='lat' dir='ltr'><strong>surrexit</strong></span> <span class='ocrx_word' id='word_1_673' title='bbox 2117 3649 2335 3708; x_wconf 83' lang='lat' dir='ltr'><strong>propter</strong></span> <span class='ocrx_word' id='word_1_674' title='bbox 2363 3637 2805 3708; x_wconf 71' lang='lat' dir='ltr'><strong>jnstilicationem</strong></span> <span class='ocrx_word' id='word_1_675' title='bbox 2840 3647 3084 3693; x_wconf 88' lang='lat' dir='ltr'><strong>nostram</strong></span> <span class='ocrx_word' id='word_1_676' title='bbox 3141 3637 3316 3708; x_wconf 78' lang='lat' dir='ltr'><strong>(Rom.</strong></span> <span class='ocrx_word' id='word_1_677' title='bbox 3352 3636 3448 3708; x_wconf 84' lang='lat' dir='ltr'><strong>tv).</strong></span> 
     </span>
    </p>
   </div>
   <div class='ocr_carea' id='block_1_80' title="bbox 1846 3727 3448 3802">
    <p class='ocr_par' dir='ltr' id='par_1_80' title="bbox 1846 3727 3448 3802">
     <span class='ocr_line' id='line_1_80' title="bbox 1846 3727 3448 3802; baseline -0.002 -16"><span class='ocrx_word' id='word_1_678' title='bbox 1846 3731 2142 3802; x_wconf 63' lang='lat' dir='ltr'><strong>Tantaaque</strong></span> <span class='ocrx_word' id='word_1_679' title='bbox 2169 3730 2475 3786; x_wconf 81' lang='lat' dir='ltr'><strong>clementiae</strong></span> <span class='ocrx_word' id='word_1_680' title='bbox 2507 3730 2644 3799; x_wconf 89' lang='lat' dir='ltr'><strong>fuit,</strong></span> <span class='ocrx_word' id='word_1_681' title='bbox 2671 3738 2731 3785; x_wconf 88' lang='lat' dir='ltr'><strong>ut</strong></span> <span class='ocrx_word' id='word_1_682' title='bbox 2779 3745 2876 3800; x_wconf 87' lang='lat' dir='ltr'><strong>pro</strong></span> <span class='ocrx_word' id='word_1_683' title='bbox 2925 3727 3448 3799; x_wconf 74' lang='lat' dir='ltr'><strong>transgressoribus,</strong></span> 
     </span>
    </p>
   </div>
   <div class='ocr_carea' id='block_1_81' title="bbox 1849 3821 3452 3894">
    <p class='ocr_par' dir='ltr' id='par_1_81' title="bbox 1849 3821 3452 3894">
     <span class='ocr_line' id='line_1_81' title="bbox 1849 3821 3452 3894; baseline -0.002 -14"><span class='ocrx_word' id='word_1_684' title='bbox 1849 3824 2016 3880; x_wconf 86' lang='lat' dir='ltr'><strong>immo</strong></span> <span class='ocrx_word' id='word_1_685' title='bbox 2048 3838 2146 3892; x_wconf 84' lang='lat' dir='ltr'><strong>pro</strong></span> <span class='ocrx_word' id='word_1_686' title='bbox 2195 3822 2636 3894; x_wconf 87' lang='lat' dir='ltr'><strong>persecutoribus</strong></span> <span class='ocrx_word' id='word_1_687' title='bbox 2659 3822 2774 3877; x_wconf 90' lang='lat' dir='ltr'><strong>suis</strong></span> <span class='ocrx_word' id='word_1_688' title='bbox 2803 3829 3021 3892; x_wconf 85' lang='lat' dir='ltr'><strong>rogaret</strong></span> <span class='ocrx_word' id='word_1_689' title='bbox 3050 3821 3102 3876; x_wconf 89' lang='lat' dir='ltr'><strong>in</strong></span> <span class='ocrx_word' id='word_1_690' title='bbox 3146 3835 3306 3876; x_wconf 89' lang='lat' dir='ltr'><strong>cruce</strong></span> <span class='ocrx_word' id='word_1_691' title='bbox 3331 3864 3346 3890; x_wconf 94' lang='lat'><strong>,</strong></span> <span class='ocrx_word' id='word_1_692' title='bbox 3395 3828 3452 3876; x_wconf 90' lang='lat' dir='ltr'><strong>et</strong></span> 
     </span>
    </p>
   </div>
   <div class='ocr_carea' id='block_1_82' title="bbox 1851 3913 3452 3986">
    <p class='ocr_par' dir='ltr' id='par_1_82' title="bbox 1851 3913 3452 3986">
     <span class='ocr_line' id='line_1_82' title="bbox 1851 3913 3452 3986; baseline -0.002 -15"><span class='ocrx_word' id='word_1_693' title='bbox 1851 3915 2095 3972; x_wconf 82' lang='lat' dir='ltr'><strong>diceret:</strong></span> <span class='ocrx_word' id='word_1_694' title='bbox 2124 3913 2304 3981; x_wconf 85' lang='lat' dir='ltr'><strong>Pater,</strong></span> <span class='ocrx_word' id='word_1_695' title='bbox 2346 3917 2553 3986; x_wconf 84' lang='lat' dir='ltr'><strong>ignosce</strong></span> <span class='ocrx_word' id='word_1_696' title='bbox 2597 3913 2703 3968; x_wconf 90' lang='lat' dir='ltr'><strong>illis</strong></span> <span class='ocrx_word' id='word_1_697' title='bbox 2732 3929 2752 3968; x_wconf 87' lang='lat'><strong><em>:</em></strong></span> <span class='ocrx_word' id='word_1_698' title='bbox 2778 3914 2916 3984; x_wconf 89' lang='lat' dir='ltr'><strong>quod</strong></span> <span class='ocrx_word' id='word_1_699' title='bbox 2947 3914 3082 3968; x_wconf 89' lang='lat' dir='ltr'><strong>enim</strong></span> <span class='ocrx_word' id='word_1_700' title='bbox 3103 3917 3331 3984; x_wconf 77' lang='lat' dir='ltr'><strong>faciunt,</strong></span> <span class='ocrx_word' id='word_1_701' title='bbox 3362 3928 3452 3967; x_wconf 88' lang='lat' dir='ltr'><strong>ne-</strong></span> 
     </span>
    </p>
   </div>
   <div class='ocr_carea' id='block_1_83' title="bbox 1851 4005 2543 4081">
    <p class='ocr_par' dir='ltr' id='par_1_83' title="bbox 1851 4005 2543 4081">
     <span class='ocr_line' id='line_1_83' title="bbox 1851 4005 2543 4081; baseline -0.004 -18"><span class='ocrx_word' id='word_1_702' title='bbox 1851 4009 2018 4063; x_wconf 87' lang='lat' dir='ltr'><strong>sciunt</strong></span> <span class='ocrx_word' id='word_1_703' title='bbox 2057 4005 2211 4081; x_wconf 87' lang='lat' dir='ltr'><strong>(Luc.</strong></span> <span class='ocrx_word' id='word_1_704' title='bbox 2243 4023 2391 4075; x_wconf 66' lang='grc' dir='ltr'>χχιιι,</span> <span class='ocrx_word' id='word_1_705' title='bbox 2425 4007 2543 4078; x_wconf 73' lang='grc'><strong>54).</strong></span> 
     </span>
    </p>
   </div>
   <div class='ocr_carea' id='block_1_84' title="bbox 1927 4237 3262 4313">
    <p class='ocr_par' dir='ltr' id='par_1_84' title="bbox 1927 4237 3262 4313">
     <span class='ocr_line' id='line_1_84' title="bbox 1927 4237 3262 4313; baseline 0.004 -20"><span class='ocrx_word' id='word_1_706' title='bbox 1927 4237 1955 4277; x_wconf 73' lang='grc' dir='ltr'>ι)</span> <span class='ocrx_word' id='word_1_707' title='bbox 1981 4237 2173 4313; x_wconf 49' lang='lat' dir='ltr'><strong>Addit</strong></span> <span class='ocrx_word' id='word_1_708' title='bbox 2191 4238 2463 4298; x_wconf 83' lang='lat' dir='ltr'><strong>Victorius</strong></span> <span class='ocrx_word' id='word_1_709' title='bbox 2490 4243 2718 4313; x_wconf 82' lang='lat' dir='ltr'><strong>prtedam</strong></span> <span class='ocrx_word' id='word_1_710' title='bbox 2751 4255 2817 4297; x_wconf 87' lang='lat' dir='ltr'><strong>ex</strong></span> <span class='ocrx_word' id='word_1_711' title='bbox 2843 4255 3001 4296; x_wconf 87' lang='lat' dir='ltr'><strong>sacro</strong></span> <span class='ocrx_word' id='word_1_712' title='bbox 3029 4249 3202 4299; x_wconf 85' lang='lat' dir='ltr'><strong>textu.</strong></span> <span class='ocrx_word' id='word_1_713' title='bbox 3258 4244 3262 4248; x_wconf 85' lang='grc'><strong>’</strong></span> 
     </span>
    </p>
   </div>
   <div class='ocr_carea' id='block_1_85' title="bbox 1933 4310 3446 4386">
    <p class='ocr_par' dir='ltr' id='par_1_85' title="bbox 1933 4310 3446 4386">
     <span class='ocr_line' id='line_1_85' title="bbox 1933 4310 3446 4386; baseline 0.003 -19"><span class='ocrx_word' id='word_1_714' title='bbox 1933 4320 1953 4348; x_wconf 75' lang='grc' dir='ltr'><strong>ο</strong></span> <span class='ocrx_word' id='word_1_715' title='bbox 1981 4310 2130 4367; x_wconf 88' lang='lat' dir='ltr'><strong>Unus</strong></span> <span class='ocrx_word' id='word_1_716' title='bbox 2148 4310 2520 4382; x_wconf 60' lang='lat' dir='ltr'><strong>Ambrosiam,</strong></span> <span class='ocrx_word' id='word_1_717' title='bbox 2535 4313 2672 4386; x_wconf 89' lang='lat' dir='ltr'><strong>quod</strong></span> <span class='ocrx_word' id='word_1_718' title='bbox 2689 4322 2736 4368; x_wconf 92' lang='lat' dir='ltr'><strong>et</strong></span> <span class='ocrx_word' id='word_1_719' title='bbox 2751 4313 2884 4368; x_wconf 79' lang='lat' dir='ltr'><strong>alias</strong></span> <span class='ocrx_word' id='word_1_720' title='bbox 2900 4313 3119 4386; x_wconf 88' lang='lat' dir='ltr'><strong>intelligi</strong></span> <span class='ocrx_word' id='word_1_721' title='bbox 3135 4323 3321 4386; x_wconf 81' lang='lat' dir='ltr'><strong>potest,</strong></span> <span class='ocrx_word' id='word_1_722' title='bbox 3337 4322 3446 4372; x_wconf 89' lang='lat' dir='ltr'><strong>etc.</strong></span> 
     </span>
    </p>
   </div>
   <div class='ocr_carea' id='block_1_86' title="bbox 768 4634 2814 4763">
    <p class='ocr_par' dir='ltr' id='par_1_86' title="bbox 768 4634 2814 4763">
     <span class='ocr_line' id='line_1_86' title="bbox 768 4634 2814 4763; baseline -0.001 -16"><span class='ocrx_word' id='word_1_723' title='bbox 768 4637 1250 4747; x_wconf 87' lang='lat' dir='ltr'><strong>LIBER</strong></span> <span class='ocrx_word' id='word_1_724' title='bbox 1321 4634 2013 4745; x_wconf 81' lang='lat' dir='ltr'><strong>DECIMUS</strong></span> <span class='ocrx_word' id='word_1_725' title='bbox 2099 4636 2814 4763; x_wconf 82' lang='lat' dir='ltr'><strong>QUINTUS.</strong></span> 
     </span>
    </p>
   </div>
   <div class='ocr_carea' id='block_1_87' title="bbox 217 4919 3452 4998">
    <p class='ocr_par' dir='ltr' id='par_1_87' title="bbox 217 4919 3452 4998">
     <span class='ocr_line' id='line_1_87' title="bbox 217 4919 3452 4998; baseline 0.003 -23"><span class='ocrx_word' id='word_1_726' title='bbox 217 4919 571 4994; x_wconf 61' lang='grc' dir='ltr'><strong>σεδ-626</strong></span> <span class='ocrx_word' id='word_1_727' title='bbox 589 4920 824 4990; x_wconf 88' lang='lat' dir='ltr'><strong>Crebro,</strong></span> <span class='ocrx_word' id='word_1_728' title='bbox 847 4920 1227 4988; x_wconf 85' lang='lat' dir='ltr'><strong>Eustochium,</strong></span> <span class='ocrx_word' id='word_1_729' title='bbox 1251 4920 1459 4978; x_wconf 80' lang='lat' dir='ltr'><strong>dixisse</strong></span> <span class='ocrx_word' id='word_1_730' title='bbox 1481 4937 1568 4977; x_wconf 91' lang='lat' dir='ltr'><strong>me</strong></span> <span class='ocrx_word' id='word_1_731' title='bbox 1589 4920 1742 4992; x_wconf 91' lang='lat' dir='ltr'><strong>novi,</strong></span> <span class='ocrx_word' id='word_1_732' title='bbox 1771 4921 1824 4982; x_wconf 94' lang='lat' dir='ltr'><strong>D</strong></span> <span class='ocrx_word' id='word_1_733' title='bbox 1851 4920 2118 4977; x_wconf 66' lang='lat' dir='ltr'><strong>brazorum</strong></span> <span class='ocrx_word' id='word_1_734' title='bbox 2163 4922 2319 4980; x_wconf 91' lang='lat' dir='ltr'><strong>libris</strong></span> <span class='ocrx_word' id='word_1_735' title='bbox 2353 4942 2366 4978; x_wconf 89' lang='lat'><strong>:</strong></span> <span class='ocrx_word' id='word_1_736' title='bbox 2398 4931 2456 4980; x_wconf 83' lang='lat' dir='ltr'><strong>et</strong></span> <span class='ocrx_word' id='word_1_737' title='bbox 2501 4921 2656 4980; x_wconf 82' lang='lat' dir='ltr'><strong>ﬁnita</strong></span> <span class='ocrx_word' id='word_1_738' title='bbox 2689 4923 2973 4998; x_wconf 87' lang='lat' dir='ltr'><strong>contentio</strong></span> <span class='ocrx_word' id='word_1_739' title='bbox 3014 4935 3121 4982; x_wconf 89' lang='lat' dir='ltr'><strong>est.</strong></span> <span class='ocrx_word' id='word_1_740' title='bbox 3161 4926 3274 4984; x_wconf 82' lang='lat' dir='ltr'><strong>Hoc</strong></span> <span class='ocrx_word' id='word_1_741' title='bbox 3311 4927 3452 4986; x_wconf 79' lang='lat' dir='ltr'><strong>dixi-</strong></span> 
     </span>
    </p>
   </div>
   <div class='ocr_carea' id='block_1_88' title="bbox 150 5014 1741 5086">
    <p class='ocr_par' dir='ltr' id='par_1_88' title="bbox 150 5014 1741 5086">
     <span class='ocr_line' id='line_1_88' title="bbox 150 5014 1741 5086; baseline 0.001 -18"><span class='ocrx_word' id='word_1_742' title='bbox 150 5014 444 5084; x_wconf 84' lang='lat' dir='ltr'><strong>Apostolus</strong></span> <span class='ocrx_word' id='word_1_743' title='bbox 463 5025 520 5070; x_wconf 91' lang='lat' dir='ltr'><strong>et</strong></span> <span class='ocrx_word' id='word_1_744' title='bbox 547 5015 921 5086; x_wconf 83' lang='lat' dir='ltr'><strong>Evangelistas</strong></span> <span class='ocrx_word' id='word_1_745' title='bbox 955 5015 1285 5084; x_wconf 89' lang='lat' dir='ltr'><strong>ubicumque</strong></span> <span class='ocrx_word' id='word_1_746' title='bbox 1323 5015 1393 5070; x_wconf 92' lang='lat' dir='ltr'><strong>de</strong></span> <span class='ocrx_word' id='word_1_747' title='bbox 1436 5016 1608 5072; x_wconf 81' lang='lat' dir='ltr'><strong>veteri</strong></span> <span class='ocrx_word' id='word_1_748' title='bbox 1650 5015 1741 5070; x_wconf 85' lang='lat' dir='ltr'><strong>In-</strong></span> 
     </span>
    </p>
   </div>
   <div class='ocr_carea' id='block_1_89' title="bbox 149 5105 1746 5177">
    <p class='ocr_par' dir='ltr' id='par_1_89' title="bbox 149 5105 1746 5177">
     <span class='ocr_line' id='line_1_89' title="bbox 149 5105 1746 5177; baseline 0.002 -19"><span class='ocrx_word' id='word_1_749' title='bbox 149 5116 457 5164; x_wconf 90' lang='lat' dir='ltr'><strong>strumento</strong></span> <span class='ocrx_word' id='word_1_750' title='bbox 487 5117 698 5177; x_wconf 88' lang='lat' dir='ltr'><strong>ponunt</strong></span> <span class='ocrx_word' id='word_1_751' title='bbox 725 5107 1062 5177; x_wconf 87' lang='lat' dir='ltr'><strong>testimonia,</strong></span> <span class='ocrx_word' id='word_1_752' title='bbox 1094 5105 1142 5161; x_wconf 93' lang='lat' dir='ltr'><strong>si</strong></span> <span class='ocrx_word' id='word_1_753' title='bbox 1171 5107 1312 5161; x_wconf 89' lang='lat' dir='ltr'><strong>inter</strong></span> <span class='ocrx_word' id='word_1_754' title='bbox 1335 5106 1661 5163; x_wconf 86' lang='lat' dir='ltr'><strong>Hebraicum</strong></span> <span class='ocrx_word' id='word_1_755' title='bbox 1691 5114 1746 5162; x_wconf 87' lang='lat' dir='ltr'><strong>et</strong></span> 
     </span>
    </p>
   </div>
   <div class='ocr_carea' id='block_1_90' title="bbox 151 5194 1746 5269">
    <p class='ocr_par' dir='ltr' id='par_1_90' title="bbox 151 5194 1746 5269">
     <span class='ocr_line' id='line_1_90' title="bbox 151 5194 1746 5269; baseline 0.001 -18"><span class='ocrx_word' id='word_1_756' title='bbox 151 5196 504 5269; x_wconf 85' lang='lat' dir='ltr'><strong>Septuaginta</strong></span> <span class='ocrx_word' id='word_1_757' title='bbox 529 5201 678 5255; x_wconf 91' lang='lat' dir='ltr'><strong>nulla</strong></span> <span class='ocrx_word' id='word_1_758' title='bbox 705 5199 1000 5255; x_wconf 83' lang='lat' dir='ltr'><strong>diversitas</strong></span> <span class='ocrx_word' id='word_1_759' title='bbox 1024 5199 1117 5266; x_wconf 88' lang='lat' dir='ltr'><strong>sit,</strong></span> <span class='ocrx_word' id='word_1_760' title='bbox 1145 5198 1227 5253; x_wconf 90' lang='lat' dir='ltr'><strong>vel</strong></span> <span class='ocrx_word' id='word_1_761' title='bbox 1247 5200 1378 5266; x_wconf 89' lang='lat' dir='ltr'><strong>suis,</strong></span> <span class='ocrx_word' id='word_1_762' title='bbox 1405 5197 1490 5253; x_wconf 88' lang='lat' dir='ltr'><strong>vel</strong></span> <span class='ocrx_word' id='word_1_763' title='bbox 1515 5194 1746 5269; x_wconf 81' lang='lat' dir='ltr'><strong>Septua-</strong></span> 
     </span>
    </p>
   </div>
   <div class='ocr_carea' id='block_1_91' title="bbox 151 5290 1748 5364">
    <p class='ocr_par' dir='ltr' id='par_1_91' title="bbox 151 5290 1748 5364">
     <span class='ocr_line' id='line_1_91' title="bbox 151 5290 1748 5364; baseline 0.003 -21"><span class='ocrx_word' id='word_1_764' title='bbox 151 5290 297 5360; x_wconf 88' lang='lat' dir='ltr'><strong>ginta</strong></span> <span class='ocrx_word' id='word_1_765' title='bbox 324 5295 688 5364; x_wconf 88' lang='lat' dir='ltr'><strong>lnterpretum</strong></span> <span class='ocrx_word' id='word_1_766' title='bbox 715 5295 898 5349; x_wconf 84' lang='lat' dir='ltr'><strong>verbis</strong></span> <span class='ocrx_word' id='word_1_767' title='bbox 922 5295 997 5350; x_wconf 91' lang='lat' dir='ltr'><strong>uti</strong></span> <span class='ocrx_word' id='word_1_768' title='bbox 1025 5292 1238 5349; x_wconf 84' lang='lat' dir='ltr'><strong>solitos.</strong></span> <span class='ocrx_word' id='word_1_769' title='bbox 1259 5292 1358 5350; x_wconf 90' lang='lat' dir='ltr'><strong>Sin</strong></span> <span class='ocrx_word' id='word_1_770' title='bbox 1383 5305 1564 5348; x_wconf 85' lang='lat' dir='ltr'><strong>autem</strong></span> <span class='ocrx_word' id='word_1_771' title='bbox 1591 5293 1748 5348; x_wconf 89' lang='lat' dir='ltr'><strong>aliter</strong></span> 
     </span>
    </p>
   </div>
   <div class='ocr_carea' id='block_1_92' title="bbox 155 5382 1747 5454">
    <p class='ocr_par' dir='ltr' id='par_1_92' title="bbox 155 5382 1747 5454">
     <span class='ocr_line' id='line_1_92' title="bbox 155 5382 1747 5454; baseline 0.003 -18"><span class='ocrx_word' id='word_1_772' title='bbox 155 5382 213 5436; x_wconf 91' lang='lat' dir='ltr'><strong>in</strong></span> <span class='ocrx_word' id='word_1_773' title='bbox 243 5383 523 5454; x_wconf 88' lang='lat' dir='ltr'><strong>Hebraico,</strong></span> <span class='ocrx_word' id='word_1_774' title='bbox 550 5387 782 5443; x_wconf 90' lang='lat' dir='ltr'><strong>aliterin</strong></span> <span class='ocrx_word' id='word_1_775' title='bbox 807 5387 976 5442; x_wconf 85' lang='lat' dir='ltr'><strong>veteri</strong></span> <span class='ocrx_word' id='word_1_776' title='bbox 1007 5387 1247 5442; x_wconf 91' lang='lat' dir='ltr'><strong>editione</strong></span> <span class='ocrx_word' id='word_1_777' title='bbox 1276 5401 1475 5442; x_wconf 69' lang='lat' dir='ltr'><strong>sensus</strong></span> <span class='ocrx_word' id='word_1_778' title='bbox 1501 5393 1604 5452; x_wconf 87' lang='lat' dir='ltr'><strong>est,</strong></span> <span class='ocrx_word' id='word_1_779' title='bbox 1635 5385 1747 5440; x_wconf 80' lang='lat' dir='ltr'><strong>He-</strong></span> 
     </span>
    </p>
   </div>
   <div class='ocr_carea' id='block_1_93' title="bbox 156 5472 1746 5549">
    <p class='ocr_par' dir='ltr' id='par_1_93' title="bbox 156 5472 1746 5549">
     <span class='ocr_line' id='line_1_93' title="bbox 156 5472 1746 5549; baseline 0.002 -22"><span class='ocrx_word' id='word_1_780' title='bbox 156 5472 392 5531; x_wconf 83' lang='lat' dir='ltr'><strong>braicuin</strong></span> <span class='ocrx_word' id='word_1_781' title='bbox 420 5477 620 5548; x_wconf 87' lang='lat' dir='ltr'><strong>magis,</strong></span> <span class='ocrx_word' id='word_1_782' title='bbox 645 5492 807 5547; x_wconf 90' lang='lat' dir='ltr'><strong>quam</strong></span> <span class='ocrx_word' id='word_1_783' title='bbox 831 5477 1183 5549; x_wconf 87' lang='lat' dir='ltr'><strong>Septuaginta</strong></span> <span class='ocrx_word' id='word_1_784' title='bbox 1207 5478 1542 5548; x_wconf 89' lang='lat' dir='ltr'><strong>lnterpretes</strong></span> <span class='ocrx_word' id='word_1_785' title='bbox 1569 5477 1746 5547; x_wconf 88' lang='lat' dir='ltr'><strong>sequi.</strong></span> 
     </span>
    </p>
   </div>
   <div class='ocr_carea' id='block_1_94' title="bbox 1846 5016 3448 5088">
    <p class='ocr_par' dir='ltr' id='par_1_94' title="bbox 1846 5016 3448 5088">
     <span class='ocr_line' id='line_1_94' title="bbox 1846 5016 3448 5088; baseline 0.006 -17"><span class='ocrx_word' id='word_1_786' title='bbox 1846 5031 1986 5086; x_wconf 90' lang='lat' dir='ltr'><strong>mus,</strong></span> <span class='ocrx_word' id='word_1_787' title='bbox 2017 5016 2141 5088; x_wconf 85' lang='lat' dir='ltr'><strong>quia</strong></span> <span class='ocrx_word' id='word_1_788' title='bbox 2170 5032 2414 5088; x_wconf 68' lang='lat' dir='ltr'><strong>praesens</strong></span> <span class='ocrx_word' id='word_1_789' title='bbox 2457 5019 2760 5088; x_wconf 90' lang='lat' dir='ltr'><strong>capitulum</strong></span> <span class='ocrx_word' id='word_1_790' title='bbox 2792 5034 2916 5075; x_wconf 84' lang='lat' dir='ltr'><strong>etim</strong></span> <span class='ocrx_word' id='word_1_791' title='bbox 2968 5020 3020 5076; x_wconf 93' lang='lat' dir='ltr'><strong>in</strong></span> <span class='ocrx_word' id='word_1_792' title='bbox 3071 5035 3238 5078; x_wconf 87' lang='lat' dir='ltr'><strong>sensu</strong></span> <span class='ocrx_word' id='word_1_793' title='bbox 3281 5039 3448 5080; x_wconf 90' lang='lat' dir='ltr'><strong>unum</strong></span> 
     </span>
    </p>
   </div>
   <div class='ocr_carea' id='block_1_95' title="bbox 1844 5111 3449 5188">
    <p class='ocr_par' dir='ltr' id='par_1_95' title="bbox 1844 5111 3449 5188">
     <span class='ocr_line' id='line_1_95' title="bbox 1844 5111 3449 5188; baseline 0.005 -23"><span class='ocrx_word' id='word_1_794' title='bbox 1844 5111 1936 5177; x_wconf 89' lang='lat' dir='ltr'><strong>sit,</strong></span> <span class='ocrx_word' id='word_1_795' title='bbox 1971 5111 2026 5164; x_wconf 93' lang='lat' dir='ltr'><strong>in</strong></span> <span class='ocrx_word' id='word_1_796' title='bbox 2056 5112 2241 5166; x_wconf 89' lang='lat' dir='ltr'><strong>verbis</strong></span> <span class='ocrx_word' id='word_1_797' title='bbox 2269 5111 2568 5180; x_wconf 75' lang='lat' dir='ltr'><strong>discrepat.</strong></span> <span class='ocrx_word' id='word_1_798' title='bbox 2600 5111 2648 5168; x_wconf 85' lang='lat' dir='ltr'><strong>A</strong></span> <span class='ocrx_word' id='word_1_799' title='bbox 2678 5113 2834 5184; x_wconf 89' lang='lat' dir='ltr'><strong>cujus</strong></span> <span class='ocrx_word' id='word_1_800' title='bbox 2862 5113 3250 5183; x_wconf 80' lang='lat' dir='ltr'><strong>explanatione</strong></span> <span class='ocrx_word' id='word_1_801' title='bbox 3287 5119 3449 5188; x_wconf 57' lang='lat' dir='ltr'><strong>quin-</strong></span> 
     </span>
    </p>
   </div>
   <div class='ocr_carea' id='block_1_96' title="bbox 1846 5203 3089 5280">
    <p class='ocr_par' dir='ltr' id='par_1_96' title="bbox 1846 5203 3089 5280">
     <span class='ocr_line' id='line_1_96' title="bbox 1846 5203 3089 5280; baseline 0.008 -24"><span class='ocrx_word' id='word_1_802' title='bbox 1846 5210 1931 5258; x_wconf 91' lang='lat' dir='ltr'><strong>tus</strong></span> <span class='ocrx_word' id='word_1_803' title='bbox 1959 5212 2084 5274; x_wconf 90' lang='lat' dir='ltr'><strong>post</strong></span> <span class='ocrx_word' id='word_1_804' title='bbox 2109 5203 2383 5259; x_wconf 89' lang='lat' dir='ltr'><strong>decimum</strong></span> <span class='ocrx_word' id='word_1_805' title='bbox 2408 5203 2462 5260; x_wconf 91' lang='lat' dir='ltr'><strong>in</strong></span> <span class='ocrx_word' id='word_1_806' title='bbox 2485 5203 2680 5260; x_wconf 81' lang='lat' dir='ltr'><strong>Isaiam</strong></span> <span class='ocrx_word' id='word_1_807' title='bbox 2711 5206 2849 5263; x_wconf 88' lang='lat' dir='ltr'><strong>liber</strong></span> <span class='ocrx_word' id='word_1_808' title='bbox 2877 5207 3089 5280; x_wconf 85' lang='lat' dir='ltr'><strong>incipit.</strong></span> 
     </span>
    </p>
   </div>
   <div class='ocr_carea' id='block_1_97' title="bbox 1922 5379 3449 5454">
    <p class='ocr_par' dir='ltr' id='par_1_97' title="bbox 1922 5379 3449 5454">
     <span class='ocr_line' id='line_1_97' title="bbox 1922 5379 3449 5454; baseline 0.003 -20"><span class='ocrx_word' id='word_1_809' title='bbox 1922 5379 2086 5453; x_wconf 86' lang='lat' dir='ltr'><strong>(Cap.</strong></span> <span class='ocrx_word' id='word_1_810' title='bbox 2129 5379 2262 5436; x_wconf 78' lang='lat' dir='ltr'><strong>LIV.</strong></span> <span class='ocrx_word' id='word_1_811' title='bbox 2297 5409 2369 5420; x_wconf 92' lang='lat'><strong>-—</strong></span> <span class='ocrx_word' id='word_1_812' title='bbox 2402 5379 2564 5438; x_wconf 80' lang='lat' dir='ltr'><strong>Vers.</strong></span> <span class='ocrx_word' id='word_1_813' title='bbox 2597 5382 2688 5452; x_wconf 80' lang='lat' dir='ltr'><strong>l.)</strong></span> <span class='ocrx_word' id='word_1_814' title='bbox 2717 5383 2924 5452; x_wconf 87' lang='lat' dir='ltr'><strong>Lauda,</strong></span> <span class='ocrx_word' id='word_1_815' title='bbox 2948 5385 3161 5453; x_wconf 85' lang='lat' dir='ltr'><strong>sterilis,</strong></span> <span class='ocrx_word' id='word_1_816' title='bbox 3195 5399 3312 5454; x_wconf 78' lang='lat' dir='ltr'><strong>qua:</strong></span> <span class='ocrx_word' id='word_1_817' title='bbox 3346 5399 3449 5438; x_wconf 86' lang='lat' dir='ltr'><strong>non</strong></span> 
     </span>
    </p>
   </div>
   <div class='ocr_carea' id='block_1_98' title="bbox 1851 5472 3455 5549">
    <p class='ocr_par' dir='ltr' id='par_1_98' title="bbox 1851 5472 3455 5549">
     <span class='ocr_line' id='line_1_98' title="bbox 1851 5472 3455 5549; baseline 0.001 -21"><span class='ocrx_word' id='word_1_818' title='bbox 1851 5474 1991 5545; x_wconf 88' lang='lat' dir='ltr'><strong>paris</strong></span> <span class='ocrx_word' id='word_1_819' title='bbox 2023 5489 2041 5526; x_wconf 89' lang='lat'><strong><em>:</em></strong></span> <span class='ocrx_word' id='word_1_820' title='bbox 2071 5473 2293 5528; x_wconf 84' lang='lat' dir='ltr'><strong>decanta</strong></span> <span class='ocrx_word' id='word_1_821' title='bbox 2322 5472 2529 5528; x_wconf 85' lang='lat' dir='ltr'><strong>laudem</strong></span> <span class='ocrx_word' id='word_1_822' title='bbox 2556 5485 2603 5528; x_wconf 89' lang='lat' dir='ltr'><strong>et</strong></span> <span class='ocrx_word' id='word_1_823' title='bbox 2630 5473 2801 5542; x_wconf 87' lang='lat' dir='ltr'><strong>hinni,</strong></span> <span class='ocrx_word' id='word_1_824' title='bbox 2825 5491 2941 5546; x_wconf 73' lang='lat' dir='ltr'><strong>qua:</strong></span> <span class='ocrx_word' id='word_1_825' title='bbox 2962 5491 3065 5529; x_wconf 86' lang='lat' dir='ltr'><strong>non</strong></span> <span class='ocrx_word' id='word_1_826' title='bbox 3089 5473 3409 5549; x_wconf 82' lang='lat' dir='ltr'><strong>parturicbas</strong></span> <span class='ocrx_word' id='word_1_827' title='bbox 3434 5489 3455 5529; x_wconf 89' lang='lat'><strong><em>:</em></strong></span> 
     </span>
    </p>
   </div>
   <div class='ocr_carea' id='block_1_99' title="bbox 158 5564 3450 5641">
    <p class='ocr_par' dir='ltr' id='par_1_99' title="bbox 158 5564 3450 5641">
     <span class='ocr_line' id='line_1_99' title="bbox 158 5564 3450 5641; baseline 0.001 -23"><span class='ocrx_word' id='word_1_828' title='bbox 158 5564 421 5640; x_wconf 87' lang='lat' dir='ltr'><strong>Denique,</strong></span> <span class='ocrx_word' id='word_1_829' title='bbox 453 5580 514 5625; x_wconf 87' lang='lat' dir='ltr'><strong>ut</strong></span> <span class='ocrx_word' id='word_1_830' title='bbox 546 5583 646 5625; x_wconf 82' lang='lat' dir='ltr'><strong>nos</strong></span> <span class='ocrx_word' id='word_1_831' title='bbox 677 5570 849 5625; x_wconf 89' lang='lat' dir='ltr'><strong>multa</strong></span> <span class='ocrx_word' id='word_1_832' title='bbox 883 5570 1226 5626; x_wconf 89' lang='lat' dir='ltr'><strong>ostendimus</strong></span> <span class='ocrx_word' id='word_1_833' title='bbox 1255 5571 1503 5641; x_wconf 83' lang='lat' dir='ltr'><strong>posuisse</strong></span> <span class='ocrx_word' id='word_1_834' title='bbox 1547 5583 1642 5624; x_wconf 89' lang='lat' dir='ltr'><strong>eos</strong></span> <span class='ocrx_word' id='word_1_835' title='bbox 1684 5584 1752 5625; x_wconf 81' lang='lat' dir='ltr'><strong>ex</strong></span> <span class='ocrx_word' id='word_1_836' title='bbox 1851 5567 2098 5635; x_wconf 86' lang='lat' dir='ltr'><strong>quoniam</strong></span> <span class='ocrx_word' id='word_1_837' title='bbox 2121 5565 2294 5635; x_wconf 89' lang='lat' dir='ltr'><strong>plures</strong></span> <span class='ocrx_word' id='word_1_838' title='bbox 2322 5566 2421 5634; x_wconf 72' lang='lat' dir='ltr'><strong>ﬁlii</strong></span> <span class='ocrx_word' id='word_1_839' title='bbox 2447 5566 2684 5634; x_wconf 69' lang='lat' dir='ltr'><strong>desertae,</strong></span> <span class='ocrx_word' id='word_1_840' title='bbox 2709 5567 2877 5636; x_wconf 82' lang='lat' dir='ltr'><strong>magis</strong></span> <span class='ocrx_word' id='word_1_841' title='bbox 2897 5583 3054 5636; x_wconf 87' lang='lat' dir='ltr'><strong>quam</strong></span> <span class='ocrx_word' id='word_1_842' title='bbox 3081 5569 3193 5638; x_wconf 84' lang='lat' dir='ltr'><strong>ejus</strong></span> <span class='ocrx_word' id='word_1_843' title='bbox 3215 5582 3330 5637; x_wconf 70' lang='lat' dir='ltr'><strong>qua</strong></span> <span class='ocrx_word' id='word_1_844' title='bbox 3351 5568 3450 5621; x_wconf 85' lang='lat' dir='ltr'><strong>ha-</strong></span> 
     </span>
    </p>
   </div>
   <div class='ocr_carea' id='block_1_100' title="bbox 157 5658 3458 5734">
    <p class='ocr_par' dir='ltr' id='par_1_100' title="bbox 157 5658 3458 5734">
     <span class='ocr_line' id='line_1_100' title="bbox 157 5658 3458 5734; baseline 0.001 -22"><span class='ocrx_word' id='word_1_845' title='bbox 157 5658 407 5731; x_wconf 74' lang='lat' dir='ltr'><strong>llebrteo,</strong></span> <span class='ocrx_word' id='word_1_846' title='bbox 459 5678 582 5734; x_wconf 72' lang='lat' dir='ltr'><strong>qua:</strong></span> <span class='ocrx_word' id='word_1_847' title='bbox 639 5663 693 5718; x_wconf 90' lang='lat' dir='ltr'><strong>in</strong></span> <span class='ocrx_word' id='word_1_848' title='bbox 747 5661 1103 5734; x_wconf 87' lang='lat' dir='ltr'><strong>Septuaginta</strong></span> <span class='ocrx_word' id='word_1_849' title='bbox 1158 5679 1264 5719; x_wconf 91' lang='lat' dir='ltr'><strong>non</strong></span> <span class='ocrx_word' id='word_1_850' title='bbox 1321 5662 1620 5729; x_wconf 88' lang='lat' dir='ltr'><strong>habentur;</strong></span> <span class='ocrx_word' id='word_1_851' title='bbox 1673 5661 1754 5716; x_wconf 88' lang='lat' dir='ltr'><strong>sic</strong></span> <span class='ocrx_word' id='word_1_852' title='bbox 1856 5660 1998 5716; x_wconf 84' lang='lat' dir='ltr'><strong>bebat</strong></span> <span class='ocrx_word' id='word_1_853' title='bbox 2018 5660 2351 5729; x_wconf 82' lang='lat' dir='ltr'><strong>virum,dicit</strong></span> <span class='ocrx_word' id='word_1_854' title='bbox 2369 5659 2643 5714; x_wconf 86' lang='lat' dir='ltr'><strong>Dominus.</strong></span> <span class='ocrx_word' id='word_1_855' title='bbox 2665 5658 3088 5729; x_wconf 77' lang='lat' dir='ltr'><strong>LXX:L¢etare,</strong></span> <span class='ocrx_word' id='word_1_856' title='bbox 3107 5658 3320 5728; x_wconf 82' lang='lat' dir='ltr'><strong>sterilis,</strong></span> <span class='ocrx_word' id='word_1_857' title='bbox 3341 5675 3458 5731; x_wconf 66' lang='lat' dir='ltr'><strong>qua:</strong></span> 
     </span>
    </p>
   </div>
   <div class='ocr_carea' id='block_1_101' title="bbox 159 5753 1755 5828">
    <p class='ocr_par' dir='ltr' id='par_1_101' title="bbox 159 5753 1755 5828">
     <span class='ocr_line' id='line_1_101' title="bbox 159 5753 1755 5828; baseline 0.004 -24"><span class='ocrx_word' id='word_1_858' title='bbox 159 5755 336 5809; x_wconf 77' lang='lat' dir='ltr'><strong>aemuli</strong></span> <span class='ocrx_word' id='word_1_859' title='bbox 385 5755 562 5812; x_wconf 86' lang='lat' dir='ltr'><strong>nostri</strong></span> <span class='ocrx_word' id='word_1_860' title='bbox 602 5755 837 5812; x_wconf 88' lang='lat' dir='ltr'><strong>doceant</strong></span> <span class='ocrx_word' id='word_1_861' title='bbox 878 5765 1156 5828; x_wconf 86' lang='lat' dir='ltr'><strong>assumpta</strong></span> <span class='ocrx_word' id='word_1_862' title='bbox 1207 5756 1389 5828; x_wconf 85' lang='lat' dir='ltr'><strong>aliqua</strong></span> <span class='ocrx_word' id='word_1_863' title='bbox 1428 5755 1497 5811; x_wconf 90' lang='lat' dir='ltr'><strong>de</strong></span> <span class='ocrx_word' id='word_1_864' title='bbox 1528 5753 1755 5826; x_wconf 84' lang='lat' dir='ltr'><strong>Septua-</strong></span> 
     </span>
    </p>
   </div>
   <div class='ocr_carea' id='block_1_102' title="bbox 166 5842 1758 5921">
    <p class='ocr_par' dir='ltr' id='par_1_102' title="bbox 166 5842 1758 5921">
     <span class='ocr_line' id='line_1_102' title="bbox 166 5842 1758 5921; baseline 0.003 -23"><span class='ocrx_word' id='word_1_865' title='bbox 166 5842 313 5911; x_wconf 82' lang='lat' dir='ltr'><strong>ginta</strong></span> <span class='ocrx_word' id='word_1_866' title='bbox 373 5847 707 5915; x_wconf 84' lang='lat' dir='ltr'><strong>testimonia,</strong></span> <span class='ocrx_word' id='word_1_867' title='bbox 760 5865 880 5918; x_wconf 61' lang='lat' dir='ltr'><strong>qum</strong></span> <span class='ocrx_word' id='word_1_868' title='bbox 920 5864 1027 5904; x_wconf 87' lang='lat' dir='ltr'><strong>non</strong></span> <span class='ocrx_word' id='word_1_869' title='bbox 1081 5857 1205 5905; x_wconf 89' lang='lat' dir='ltr'><strong>sunt</strong></span> <span class='ocrx_word' id='word_1_870' title='bbox 1251 5848 1360 5921; x_wconf 83' lang='grc' dir='ltr'><strong>[ΑΙ.</strong></span> <span class='ocrx_word' id='word_1_871' title='bbox 1404 5845 1532 5920; x_wconf 86' lang='lat' dir='ltr'><strong>sint]</strong></span> <span class='ocrx_word' id='word_1_872' title='bbox 1573 5847 1624 5903; x_wconf 88' lang='lat' dir='ltr'><strong>in</strong></span> <span class='ocrx_word' id='word_1_873' title='bbox 1654 5847 1758 5903; x_wconf 84' lang='lat' dir='ltr'><strong>lle-</strong></span> 
     </span>
    </p>
   </div>
   <div class='ocr_carea' id='block_1_103' title="bbox 1855 5754 3453 5828">
    <p class='ocr_par' dir='ltr' id='par_1_103' title="bbox 1855 5754 3453 5828">
     <span class='ocr_line' id='line_1_103' title="bbox 1855 5754 3453 5828; baseline 0 -18"><span class='ocrx_word' id='word_1_874' title='bbox 1855 5771 1960 5810; x_wconf 89' lang='lat' dir='ltr'><strong>non</strong></span> <span class='ocrx_word' id='word_1_875' title='bbox 1988 5755 2130 5824; x_wconf 83' lang='lat' dir='ltr'><strong>paris</strong></span> <span class='ocrx_word' id='word_1_876' title='bbox 2156 5771 2175 5810; x_wconf 93' lang='lat'><strong><em>:</em></strong></span> <span class='ocrx_word' id='word_1_877' title='bbox 2196 5770 2406 5828; x_wconf 87' lang='lat' dir='ltr'><strong>erumpe</strong></span> <span class='ocrx_word' id='word_1_878' title='bbox 2441 5763 2489 5809; x_wconf 89' lang='lat' dir='ltr'><strong>et</strong></span> <span class='ocrx_word' id='word_1_879' title='bbox 2517 5754 2709 5816; x_wconf 82' lang='lat' dir='ltr'><strong>clama,</strong></span> <span class='ocrx_word' id='word_1_880' title='bbox 2751 5770 2870 5826; x_wconf 67' lang='lat' dir='ltr'><strong>quae</strong></span> <span class='ocrx_word' id='word_1_881' title='bbox 2910 5771 3013 5809; x_wconf 86' lang='lat' dir='ltr'><strong>non</strong></span> <span class='ocrx_word' id='word_1_882' title='bbox 3038 5754 3267 5828; x_wconf 86' lang='lat' dir='ltr'><strong>parturis</strong></span> <span class='ocrx_word' id='word_1_883' title='bbox 3291 5771 3309 5810; x_wconf 90' lang='lat'><strong><em>:</em></strong></span> <span class='ocrx_word' id='word_1_884' title='bbox 3329 5755 3453 5827; x_wconf 85' lang='lat' dir='ltr'><strong>quia</strong></span> 
     </span>
    </p>
   </div>
   <div class='ocr_carea' id='block_1_104' title="bbox 1861 5847 3453 5922">
    <p class='ocr_par' dir='ltr' id='par_1_104' title="bbox 1861 5847 3453 5922">
     <span class='ocr_line' id='line_1_104' title="bbox 1861 5847 3453 5922; baseline 0.002 -20"><span class='ocrx_word' id='word_1_885' title='bbox 1861 5848 2031 5918; x_wconf 80' lang='lat' dir='ltr'><strong>plures</strong></span> <span class='ocrx_word' id='word_1_886' title='bbox 2064 5848 2160 5915; x_wconf 79' lang='lat' dir='ltr'><strong>ﬁlii</strong></span> <span class='ocrx_word' id='word_1_887' title='bbox 2183 5847 2415 5912; x_wconf 63' lang='lat' dir='ltr'><strong>(leserta’,</strong></span> <span class='ocrx_word' id='word_1_888' title='bbox 2446 5848 2612 5920; x_wconf 86' lang='lat' dir='ltr'><strong>magis</strong></span> <span class='ocrx_word' id='word_1_889' title='bbox 2633 5864 2791 5919; x_wconf 88' lang='lat' dir='ltr'><strong>quam</strong></span> <span class='ocrx_word' id='word_1_890' title='bbox 2821 5851 2937 5922; x_wconf 84' lang='lat' dir='ltr'><strong>ejus</strong></span> <span class='ocrx_word' id='word_1_891' title='bbox 2957 5863 3071 5921; x_wconf 78' lang='lat' dir='ltr'><strong>qua:</strong></span> <span class='ocrx_word' id='word_1_892' title='bbox 3096 5847 3248 5906; x_wconf 73' lang='lat' dir='ltr'><strong>liabet</strong></span> <span class='ocrx_word' id='word_1_893' title='bbox 3269 5847 3453 5905; x_wconf 77' lang='lat' dir='ltr'><strong>virum.</strong></span> 
     </span>
    </p>
   </div>
  </div>
