3932 6332
591 255 700 329 sis

1847 257 1904 316 S.
1950 255 2216 314 EUSEBII
2253 253 2637 312 HIERONYMI

3713 247 3785 322 in

595 383 747 440 Dixit
775 382 914 437 enim
935 379 1213 434 Dominus.
1240 372 1602 447 Symmachus
1633 373 1781 429 hunc
1809 371 1990 430 locum
2015 373 2086 426 ita
2113 371 2191 426 in-
2220 370 2275 434 Α
2299 381 2372 426 est
2401 373 2644 425 meretrix
2665 367 2856 423 civitas
2881 366 3083 439 ﬁdelis,
3111 364 3420 441 Siou’plena
3445 371 3610 439 judicii
3629 376 3697 428 :in
3715 395 3785 448 qua

598 481 926 544 terpretatus
951 481 1036 525 est
1067 486 1080 522 :
1114 469 1340 534 Ltetarc,
1377 466 1595 534 sterilis,
1619 481 1736 537 qua:
1771 481 1877 520 non
1927 464 2191 535 peperisti.

592 565 777 620 Gaude
803 563 862 616 in
893 561 1228 629 exultatione,
1270 568 1315 614 et
1357 558 1529 624 hinni,
1569 573 1687 628 qua
1736 574 1838 613 non
1882 557 2154 630 parturisti
2177 573 2195 611 :

593 655 782 712 Plures
797 656 940 710 enim
963 654 1062 724 ﬁlii
1085 654 1376 724 dissipatae,
1413 652 1578 723 magis
1614 668 1770 722 quam
1799 654 1914 724 eius
1937 666 2059 722 qua:
2079 659 2196 704 erat

595 748 690 804 sub
737 746 870 803 viro.
905 747 948 802 Α
981 760 1099 817 quo
1133 737 1446 801 Theodotio
1477 752 1533 800 et
1561 742 1756 814 Aquila
1783 753 1993 814 praeter
2019 756 2200 813 pauca

591 841 760 897 verba
805 855 916 896 non
955 839 1294 910 discrepant.
1325 835 1464 894 Post
1495 837 1836 893 nativitatem
1868 833 2193 902 Salvatoi-is,

600 944 656 992 et
692 933 936 990 ordinem
975 931 1103 987 vita:
1129 941 1298 1003 atque
1327 930 1611 998 virtutum,
1652 928 1964 1000 passionem
1995 926 2198 990 crucis,

598 1038 655 1086 et
698 1025 1125 1084 resurrectionis
1167 1025 1418 1096 gloriam,
1450 1023 1670 1093 quando
1703 1036 1923 1092 ponens
1963 1021 2197 1075 animam

599 1135 778 1189 suam,
803 1120 939 1174 vidit
969 1133 1156 1174 semen
1187 1118 1521 1187 longaevum,
1543 1123 1601 1171 et
1628 1113 1682 1170 in
1712 1113 1940 1170 scientia
1963 1126 2062 1167 sua
2084 1111 2200 1180 ipse

591 1216 773 1287 justus
799 1212 1116 1284 justilicavit
1142 1211 1434 1282 plurimos,
1459 1219 1514 1265 et
1536 1208 1769 1265 iortium
1793 1207 1980 1263 divisit
2001 1204 2194 1276 spolia,

598 1319 655 1367 et
697 1324 801 1380 pro
833 1305 1339 1378 transgressoribus
1371 1303 1601 1374 rogavit,
1635 1303 1775 1357 dans
1815 1303 1994 1356 locum
2019 1298 2196 1368 paeni-

597 1403 806 1470 tentiae,
825 1401 1031 1457 transit
1057 1398 1127 1456 ad
1159 1399 1505 1454 vocationem
1523 1395 1799 1468 gantiam,
1827 1405 1883 1449 et
1909 1393 1998 1463 qui
2023 1392 2076 1447 in
2101 1391 2197 1445 illo

591 1496 704 1551 sint
731 1492 1019 1558 credituri,
1039 1492 1212 1562 pleno
1234 1503 1503 1546 sermone
1529 1485 1820 1544 describit.
1856 1484 2033 1554 Quem
2073 1483 2195 1553 qui-

590 1586 721 1644 dem
743 1587 928 1641 locum
955 1593 1014 1640 et
1043 1583 1326 1655 apostolus
1347 1581 1553 1637 Paulus
1580 1579 1683 1635 sub
1715 1576 1934 1633 nomine
1963 1573 2113 1632 Sara:
2141 1583 2197 1629 et

591 1677 764 1746 Isaac,
793 1676 967 1732 refert
997 1675 1063 1731 ad
1101 1676 1400 1731 Ecclesiam
1437 1671 1646 1744 (Galat.
1697 1685 1768 1738 Iv,
1801 1669 1872 1725 27
1909 1678 1958 1723 et
2001 1665 2191 1738 seqq.),

2288 462 2495 533 justitia
2539 460 2782 514 dormivit
2806 460 2862 514 in
2887 475 2967 528 ea,
3001 475 3138 514 nunc
3176 468 3343 514 autem
3388 461 3589 518 latrones
3616 461 3744 536 (luti.
3761 484 3784 534 ι,

2297 552 2363 608 21
2392 553 2433 624 ).
2465 553 2573 609 Sed
2603 561 2658 608 et
2687 552 2792 608 hoc
2825 551 3122 608 notandum
3143 551 3287 623 quod
3309 553 3507 622 quando
3526 555 3638 611 dicit
3664 575 3674 612 :
3701 556 3786 613 Plu-

2298 664 2380 703 res
2409 649 2507 718 ﬁlii
2537 650 2772 716 desertas,
2810 647 2978 719 magis
3021 664 3177 718 quam
3214 650 3346 720 ejus,
3377 665 3483 720 qua:
3509 649 3786 719 liabetvirunt,

3881 587 3892 736 ι

2295 755 2407 796 non
2431 741 2660 811 penitus
2691 756 2963 813 synagoga
2997 739 3319 796 excludatur
3345 757 3370 794 a
3397 755 3572 812 partu;
3599 743 3674 801 sed
3700 747 3790 801 mul-
3879 747 3892 813 ξ

2303 832 2476 888 titudo
2505 834 2553 889 ei
2577 835 2827 904 gentium
2851 834 3197 904 praeferatur.
3243 834 3311 889 Et
3340 834 3450 905 ipsa
3474 837 3601 892 enim
3626 837 3669 891 in
3693 838 3789 909 Apo-

2301 924 2482 992 smlis,
2517 932 2572 980 et
2599 941 2702 994 per
2729 925 3024 996 Aposmlos
3054 927 3284 996 primum
3319 929 3555 998 populum
3575 931 3726 1000 genuit
3744 932 3788 986 de

2301 1015 2525 1071 Judzeis.
2583 1016 2740 1073 Unde
2778 1017 2886 1072 duo
2931 1019 3314 1088 Apostolorum
3363 1021 3608 1090 principes
3640 1023 3793 1091 agmina

2299 1107 2403 1164 sibi
2432 1107 2773 1166 credentium
2808 1111 2862 1165 in
2902 1107 3145 1177 Christo,
3183 1108 3601 1168 Circumcisionis
3630 1113 3794 1170 elGen~

2304 1205 2434 1255 tium
2481 1201 2813 1269 diviserunt,
2862 1213 2917 1257 ut
2963 1218 3032 1258 ex
3078 1211 3313 1274 utroque
3368 1204 3551 1274 pOpulo
3596 1205 3795 1260 desertam

2301 1297 2452 1365 prius
2485 1305 2648 1366 atque
2683 1297 3067 1368 pauperculam
3104 1296 3273 1370 628
3301 1297 3612 1354 atdilicarent
3637 1297 3798 1354 Jerusa-

2303 1389 2427 1444 lem.
2453 1389 2607 1458 Quod
2643 1401 2831 1446 autem
2875 1391 3198 1446 llebraicum
3229 1407 3328 1462 pro
3365 1391 3568 1458 laetitia,
3612 1391 3800 1445 hinnitum

2297 1484 2500 1553 posuit,
2519 1484 2702 1553 gaudii
2724 1484 2993 1555 significat
3019 1484 3466 1556 magnitudinem,
3490 1484 3538 1538 in
3569 1483 3804 1539 similitudi-

2296 1591 2423 1629 nem
2466 1574 2769 1630 hinnientis
2813 1578 2938 1646 equi
2985 1575 3052 1630 ad
3109 1577 3411 1632 victoriam.
3455 1575 3524 1631 De
3561 1591 3652 1646 quo
3675 1577 3714 1630 in
3734 1575 3803 1631 Joh

2297 1667 2515 1737 plenius
2551 1669 2814 1724 scribitur
2843 1667 2997 1740 (Job.
3033 1685 3190 1725 sunt
3213 1667 3254 1740 ).
3291 1669 3441 1725 Hunc
3473 1669 3630 1726 locum
3675 1677 3717 1723 et
3736 1682 3806 1722 ca-

599 1771 745 1843 quod
773 1771 928 1840 prior
955 1769 1191 1839 populus
1233 1767 1306 1823 dc
1343 1774 1528 1821 monte
1561 1765 1691 1820 Sina
1725 1771 1780 1819 et
1807 1762 1952 1832 Agar
1991 1759 2197 1815 serviat
2219 1768 2274 1828 Β
2303 1770 2435 1828 tera,
2469 1777 2589 1831 quas
2619 1771 2942 1831 sequuntur,
2973 1761 3144 1816 Judaei
3181 1770 3234 1815 et
3267 1761 3438 1817 nostri
3456 1761 3746 1830 judaizantes
3763 1757 3806 1811 ad

596 1877 721 1918 cum
741 1861 871 1916 ﬁliis
895 1859 1046 1926 suis;
1077 1873 1316 1930 sequens
1339 1866 1523 1912 autem
1557 1855 1695 1910 liber
1727 1855 1828 1922 sit,
1853 1853 1920 1908 de
1941 1866 2048 1922 quo
2067 1849 2198 1905 dicit

589 1954 766 2010 lsaias
801 1969 815 2008 :
850 1952 1075 2021 Latere,
1107 1952 1324 2018 sterilis,
1357 1965 1473 2017 qua:
1521 1965 1622 2002 non
1661 1947 1808 2017 paris
1841 1962 1860 2001 :
1887 1959 2103 2015 erumpe
2151 1952 2197 1998 et

591 2043 788 2109 clause,
828 2059 945 2114 quae
985 2060 1089 2097 non
1126 2041 1355 2113 parturis
1391 2039 1560 2111 :quia
1593 2039 1768 2110 plures
1809 2037 1916 2106 ﬁlii
1959 2035 2195 2102 deserta,

594 2140 760 2210 magis
779 2153 944 2209 quam
986 2140 1099 2210 ejus
1139 2152 1256 2209 qua:
1301 2135 1450 2188 habet
1496 2135 1661 2188 uirum
1681 2150 1702 2199 ;
1736 2141 1790 2188 et
1819 2131 2000 2186 statim
2034 2147 2046 2183 :
2083 2129 2198 2184 Nos

595 2239 788 2296 autem,
828 2228 1027 2298 inquit,
1062 2232 1273 2300 fratres,
1317 2225 1604 2282 secundum
1651 2225 1804 2280 Isaac
1833 2223 1996 2296 627
2020 2237 2199 2292 repro-

594 2323 859 2378 missionis
887 2322 985 2391 ﬁlii
1012 2337 1210 2376 sumus.
1237 2319 1347 2376 Sed
1369 2321 1499 2377 sicut
1520 2331 1640 2374 tunc
1661 2319 1752 2387 qui
1772 2317 2055 2371 secundum
2085 2330 2196 2368 car-

591 2434 710 2472 nem
731 2427 890 2472 status
918 2425 1014 2484 est,
1046 2413 1446 2486 persequebatur
1472 2429 1620 2475 eum,
1650 2412 1738 2483 qui
1769 2407 2054 2466 secundum
2090 2409 2200 2479 spi-

589 2510 752 2564 ritum
780 2525 801 2563 :
829 2509 901 2563 ita
933 2519 980 2562 et
1005 2524 1172 2562 nunc.
1220 2504 1326 2562 Sed
1361 2505 1488 2576 quid
1534 2504 1660 2558 dicit
1703 2501 2024 2573 Scriptura?
2049 2499 2199 2571 Ejice

581 2603 837 2658 ancillam
863 2613 914 2657 et
939 2599 1110 2671 [ilium
1138 2601 1270 2670 eius.
1310 2597 1436 2652 Non
1463 2598 1596 2651 enim
1623 2597 1784 2650 ha’res
1815 2595 1912 2648 erit
1942 2592 2081 2661 ﬁlius
2104 2608 2196 2646 an-

580 2699 728 2752 cilla;-
758 2712 879 2750 cum
895 2693 1015 2765 ﬁlio
1039 2693 1237 2748 liberte.
1271 2690 1384 2746 Nos
1413 2699 1588 2745 autem
1606 2731 1621 2755 ,
1643 2691 1858 2760 fratres,
1886 2702 1989 2741 non
2021 2702 2196 2739 sumus

587 2787 691 2857 ﬁlii
735 2787 976 2850 ancillae,
1023 2783 1119 2840 sed
1159 2783 1336 2837 libera:
1367 2797 1386 2836 :
1413 2797 1513 2853 qua
1562 2779 1799 2835 libertate
1841 2779 2050 2832 donavit
2102 2793 2196 2831 nos

593 2878 832 2933 Christus
863 2875 1074 2949 (Colat.
1104 2892 1183 2943 tv,
1211 2875 1281 2930 27
1308 2872 1509 2947 seqq.).
1531 2872 1596 2929 Si
1629 2873 1794 2942 igitur
1832 2886 1928 2925 vas
1971 2870 2196 2925 electio-

587 2972 696 3040 nis,
750 2985 1039 3026 assumens
1085 2968 1154 3024 de
1204 2965 1340 3022 Isaia
1400 2964 1800 3032 testimonium,
1855 2961 2004 3034 quod
2052 2975 2194 3016 nunc

590 3061 859 3118 habemus
916 3063 970 3116 in
1024 3060 1306 3129 manibus,
1363 3058 1429 3113 ad
1500 3055 1948 3126 repromissionis
2007 3053 2194 3108 retulit

583 3156 756 3226 ﬁlios,
785 3166 841 3213 et
869 3156 941 3213 ad
971 3155 1276 3213 Ecclesiam
1313 3153 1381 3209 de
1409 3152 1690 3224 gentibus,
1723 3166 1819 3207 seu
1851 3166 1921 3204 ex
1960 3158 2190 3218 utroque
2213 3154 2260 3217 ε

581 3248 790 3322 popqu
820 3255 1238 3321 congregatam,
1273 3262 1395 3318 qua:
1437 3245 1658 3302 deserta
1685 3244 1736 3298 in
1765 3241 1970 3299 Judaeis
2013 3242 2190 3295 fuerat

585 3348 640 3397 et
672 3339 889 3409 relicta,
925 3356 1048 3413 quae
1076 3339 1254 3396 virum
1290 3354 1395 3393 non
1430 3335 1700 3394 habuerat
1727 3337 1921 3402 Deum,
1952 3349 2053 3390 nec
2083 3333 2186 3389 Le-

583 3448 708 3505 gem
741 3439 1034 3503 acceperat
1065 3447 1166 3488 nec
1194 3430 1518 3502 PrOphetas,
1551 3434 1671 3500 ipsa
1703 3429 1914 3484 ratione
1947 3427 2187 3497 compel-

582 3521 748 3578 limur
780 3523 935 3593 sequi
979 3521 1210 3592 vestigia
1253 3520 1626 3592 prmeessoris,
1651 3529 1707 3574 et
1746 3519 2020 3575 desertam
2065 3532 2185 3572 eam

581 3613 786 3682 dicere,
848 3615 919 3670 de
979 3630 1084 3685 qua
1140 3628 1303 3683 supra
1357 3612 1463 3684 (Ad
1507 3607 1630 3681 cap.
1677 3612 1868 3682 χχχιιι)
1913 3610 2182 3680 legimus:

583 3703 811 3772 Ltetare,
838 3705 1061 3771 deserta,
1093 3715 1148 3760 et
1182 3706 1388 3776 reliqua
1421 3704 1507 3759 bis
1537 3704 1758 3760 similia.
1786 3702 1873 3758 'De
1903 3718 2010 3772 qua
2039 3710 2095 3756 et
2133 3702 2188 3756 in

576 3795 813 3854 Ieremia
845 3796 1111 3866 scriptum
1139 3805 1224 3852 est
1250 3811 1316 3852 ex
1347 3811 1578 3866 persona
1626 3795 1721 3850 Dei
1759 3813 1771 3848 :
1815 3791 1997 3850 Vacua
2041 3797 2186 3864 facta

573 3899 652 3945 est
678 3903 794 3960 quae
819 3888 1052 3961 pariebat
1080 3897 1309 3958 septem,
1339 3889 1523 3960 defecit
1563 3898 1611 3942 et
1643 3889 1816 3942 anima
1855 3889 1987 3958 ejus.
2034 3884 2186 3940 Occi-

574 3981 651 4035 dit
671 3983 721 4035 ei
743 3980 824 4036 sol
847 3980 1022 4035 adhuc
1050 3981 1262 4035 meridie
1284 3982 1302 4051 (
1326 3979 1521 4035 Jerem.
1548 3996 1634 4047 xv,
1665 3979 1698 4036 9
1721 3979 1766 4050 ).
1796 3980 1860 4034 Et
1883 3980 1933 4034 in
1965 3979 2182 4036 Samue-

576 4075 646 4131 lis
677 4074 954 4130 volumine
982 4093 996 4130 :
1026 4074 1233 4131 Sterilis
1271 4076 1468 4147 peperit
1507 4085 1727 4152 septem,
1755 4085 1802 4129 et
1823 4091 1940 4145 qua:
1961 4073 2181 4130 habebat

579 4166 712 4236 (illos
737 4168 932 4238 plures,
961 4167 1238 4236 «inﬁrmata
1263 4177 1349 4223 est
1379 4168 1443 4238 (i
1475 4166 1606 4238 Reg.
1631 4181 1697 4235 st,
1721 4166 1820 4238 ὅ).
1849 4167 1918 4221 Et
1947 4167 2000 4222 in
2031 4167 2181 4223 Psal-

572 4257 718 4312 mis:
749 4254 854 4325 Qui
881 4257 1128 4312 habitare
1153 4259 1284 4329 facit
1315 4259 1546 4314 sterilem
1583 4260 1639 4312 in
1666 4259 1843 4326 domo,
1875 4269 2093 4313 matrem
2121 4261 2180 4328 ﬁ-

573 4352 764 4406 liorum
810 4352 1069 4406 twtantem
1118 4350 1312 4423 (Psal.
1356 4367 1502 4420 cxtt,
1555 4351 1649 4423 9).
1713 4351 1934 4422 Septem
1995 4360 2176 4409 autem

573 4441 718 4499 ﬁlios
749 4442 951 4499 dicitur
987 4443 1246 4514 genuisse
1272 4457 1570 4515 synagoga,
1606 4455 1827 4515 propter
1852 4447 2174 4516 mysterium

2299 1851 2607 1908 Jerusalem
2638 1852 2904 1919 referunt,
2929 1869 3090 1924 quam
3127 1854 3325 1909 dicunt
3358 1855 3407 1909 in
3439 1854 3575 1908 mille
3609 1865 3807 1906 anne-trum

2300 1961 2469 2017 regno
2494 1947 2928 2013 instaurandum,
2957 1958 3013 2004 et
3043 1948 3293 2004 eamdem
3328 1962 3443 2003 esse
3464 1963 3572 2018 qua:
3592 1947 3713 2017 prius
3742 1945 3808 1996 lia-

2299 2036 2415 2093 buit
2462 2039 2668 2104 virum,
2715 2049 2770 2093 et
2809 2050 3002 2109 postea
3063 2040 3266 2096 habere
3323 2040 3554 2106 desierit.
3603 2039 3810 2106 multoque

2295 2131 2484 2202 plures
2511 2132 2761 2187 habitura
2795 2135 2865 2187 sit
2908 2134 3050 2188 ﬁlios
3083 2143 3203 2204 post
3230 2135 3526 2202 repudium,
3549 2129 3809 2204 quamprius

2301 2223 2490 2280 habuit
2516 2241 2615 2280 suo
2644 2227 2781 2280 viro.
2826 2224 2960 2282 Cum
3015 2227 3305 2296 perSpiCue
3347 2228 3561 2282 duarum
3590 2224 3810 2279 mulierum

2299 2328 2537 2386 ponatur
2577 2318 2935 2387 comparatio,
2964 2317 3083 2388 ejus
3113 2332 3232 2388 qua:
3275 2319 3448 2374 virum
3485 2316 3648 2372 habuit
3679 2322 3723 2368 et
3751 2311 3812 2364 di-

2299 2407 2468 2461 missa
2497 2418 2602 2474 est,
2643 2419 2698 2463 et
2743 2410 2859 2479 ejus
2908 2426 3030 2480 qua:
3079 2425 3298 2478 semper
3345 2411 3545 2465 deserta
3587 2417 3632 2461 et
3661 2404 3814 2473 absque

2301 2499 2421 2552 viro
2468 2497 2589 2553 fuit.
2633 2497 2743 2554 Nec
2786 2500 3091 2555 mirandum
3122 2501 3190 2557 de
3219 2501 3457 2569 Inda-is,
3487 2513 3674 2572 quorum
3701 2491 3816 2550 oculi

2298 2606 2567 2662 auresque
2599 2601 2727 2645 sunt
2754 2592 2971 2661 clausze,
3002 2593 3048 2648 si
3078 2602 3330 2664 apertam
3366 2609 3468 2650 non
3499 2593 3676 2647 videant
3704 2585 3818 2642 veri-

2299 2694 2483 2740 tatem.
2522 2685 2595 2739 De
2621 2684 2952 2741 Christianis
2997 2686 3127 2758 quid
3171 2688 3385 2759 loquar,
3431 2687 3612 2751 nescio,
3646 2681 3721 2752 qui
3755 2679 3815 2732 di-

2298 2789 2456 2834 cente
2484 2778 2770 2849 Apostolo,
2797 2795 2913 2850 qua:
2935 2791 3051 2833 sunt
3077 2781 3362 2852 allegorica
3387 2790 3438 2836 et
3467 2778 3526 2834 ad
3558 2777 3648 2833 duo
3674 2773 3818 2828 Testa-

2295 2881 2502 2940 menta,
2536 2879 2691 2926 vetus
2720 2879 2774 2927 et
2801 2887 3000 2926 novum
3025 2918 3038 2940 ,
3075 2873 3263 2930 Suram
3310 2875 3548 2947 Agarqtm
3588 2872 3814 2928 relerente.

2295 2959 2500 3016 Judacis
2531 2961 2751 3016 tradunt
2783 2978 2976 3019 manus
2998 3009 3012 3032 ,
3047 2972 3395 3021 terrenarum
3442 2965 3492 3020 in
3537 2960 3665 3017 mille
3705 2953 3819 3012 annis

2295 3053 2569 3109 desiderio
2599 3054 2956 3125 voluptatum.

2368 3145 2560 3217 (Vers.
2589 3147 2646 3213 2,
2677 3148 2769 3218 5.)
2799 3145 2981 3203 Dilata
3012 3149 3185 3204 locum
3208 3140 3422 3206 tenlorii
3449 3149 3538 3216 tui,
3555 3158 3597 3202 et
3613 3143 3743 3218 pelles
3766 3148 3818 3192 lc-

2291 3241 2686 3298 bernaculorum
2719 3255 2926 3299 tuorum
2952 3247 3169 3300 extende
3201 3263 3218 3300 :
3250 3264 3318 3302 ne
3345 3261 3529 3316 pareas
3557 3243 3740 3310 :longos
3753 3238 3817 3304 [αι

2287 3334 2554 3406 [articulos
2585 3345 2700 3390 tuos
2720 3378 2734 3402 ,
2761 3349 2811 3390 et
2855 3338 3028 3392 clavos
3058 3348 3172 3394 tuos
3201 3339 3490 3396 consolida.
3511 3336 3587 3391 Ad
3613 3335 3817 3388 dextera"!

2289 3429 2426 3482 enim
2459 3439 2505 3482 et
2537 3428 2606 3481 ad
2637 3427 2816 3484 lteram
2855 3431 3180 3502 penetrabis,
3214 3442 3265 3486 et
3299 3449 3467 3487 semen
3514 3439 3640 3483 tuum
3679 3427 3816 3495 gente!

2289 3522 2648 3590 htcreditnbit,
2681 3535 2728 3579 et
2768 3525 3000 3579 civitates
3047 3525 3284 3580 desertas
3323 3521 3636 3580 inltabitabit.
3675 3509 3815 3572 LXX:

2290 3612 2470 3667 Dilata
2498 3614 2669 3670 locum
2697 3615 3022 3670 tabernaculi
3056 3617 3154 3683 tui,
3187 3628 3234 3671 et
3262 3617 3425 3690 pelles
3455 3616 3711 3670 aulicorum
3733 3615 3816 3657 tuo-

2285 3721 2405 3758 rum
2455 3707 2578 3778 ﬁge,
2630 3725 2693 3761 ne
2732 3726 2941 3780 parcas.
2985 3706 3249 3766 Protende
3289 3709 3580 3782 funiculos,
3615 3713 3656 3759 et
3689 3699 3818 3755 clavos

2287 3805 2402 3850 tuos
2433 3800 2675 3870 conferta
2705 3801 2876 3854 adhuc
2912 3801 2968 3854 in
2997 3801 3212 3870 dextris,
3258 3812 3308 3856 et
3346 3803 3398 3856 in
3436 3797 3645 3854 sinistris
3673 3789 3813 3851 dilata.

2290 3898 2338 3942 et
2365 3906 2535 3944 semen
2567 3901 2710 3944 tuum
2745 3892 3029 3963 possidebit
3075 3904 3288 3965 gentes,
3325 3903 3371 3947 et
3403 3892 3618 3946 civitates
3645 3885 3818 3940 desertas

2286 3980 2523 4037 habitare
2545 3985 2728 4054 facies.
2750 3985 2848 4040 Cui
2883 3986 3130 4042 dixerat:
3155 3984 3367 4053 Lauda,
3403 3983 3606 4049 sterilis,
3628 3990 3724 4051 qua
3743 3986 3817 4025 ron

2285 4078 2462 4146 paris;
2489 4092 2671 4146 rumpe
2703 4078 2940 4145 vincula,
2975 4077 3173 4148 quibus
3200 4079 3356 4148 prius
3387 4071 3648 4132 tcnebaris
3670 4062 3816 4122 astric-

2281 4177 2360 4236 ta,
2384 4179 2430 4223 et
2461 4168 2632 4224 clama
2677 4172 2729 4226 in
2781 4170 3187 4228 confessionem
3238 4173 3481 4239 Domini,
3517 4183 3630 4241 quae
3657 4161 3818 4218 ῒὶὺετθε

2281 4277 2392 4317 non
2426 4263 2688 4331 habebas,
2727 4279 2875 4321 nunc
2907 4266 3084 4321 eidem
3119 4268 3448 4340 prsecipitur
3478 4265 3530 4321 in
3557 4247 3818 4317 similitudi-

2283 4371 2408 4411 nem
2462 4359 2802 4414 tabernaculi
2867 4358 3072 4431 Moysi,
3130 4361 3276 4431 quod
3349 4358 3617 4432 quondam
3675 4342 3820 4404 habuit

2282 4450 2492 4521 (Exod.
2552 4451 2752 4523 xxxvr)
2801 4453 2855 4506 in
2922 4453 3171 4521 deserto,
3224 4465 3287 4510 ιιι
3343 4454 3533 4510 dilatet
3581 4440 3820 4504 tentorium

575 4534 935 4594 hebdomadis
957 4545 1012 4590 et
1032 4534 1265 4605 sabbati,
1285 4536 1551 4608 ostiaria-
1570 4535 1807 4608 populus
1829 4535 2166 4593 iueratobli-
2193 4537 2452 4611 Donum,
2483 4545 2772 4614 pallaeque
2805 4545 3111 4613 distarent;
3155 4557 3208 4603 ci
3249 4547 3528 4603 funiculus
3555 4541 3699 4597 faciat
3735 4535 3821 4585 Ion-

569 4638 749 4701 gntus.
796 4628 922 4685 Sive
977 4643 1077 4700 pro
1125 4638 1359 4700 septem,
1399 4629 1598 4700 plures
1631 4625 1978 4701 intelligendi
2022 4640 2169 4700 sunt,

567 4722 723 4793 juxta
750 4721 966 4778 Hebraei
988 4721 1262 4787 sermonis
1291 4721 1726 4792 ambiguitatem,
1753 4739 1861 4792 quo
1892 4731 1949 4778 et
1976 4722 2171 4778 sabba-

571 4822 686 4869 tum
715 4812 1058 4885 siguilicatur
1085 4821 1142 4868 et
1168 4813 1388 4884 plures.
1425 4811 1504 4866 De
1534 4826 1642 4882 quo
1682 4812 1734 4866 in
1777 4812 2165 4868 Hebraicarum

567 4905 942 4972 QuaeStionum
989 4906 1164 4974 libro,
1207 4921 1368 4978 quem
1419 4905 1473 4962 in
1515 4904 1774 4962 Genesim
1823 4905 2166 4977 scripsimus,

567 4997 786 5070 plenius
823 4999 1028 5055 dictum
1067 5007 1172 5054 est.
1209 4998 1337 5055 Haec
1366 5013 1499 5071 ergo
1534 5014 1655 5069 qua:
1688 4997 1949 5068 quamdiu
1991 4999 2166 5055 virum

565 5092 799 5149 habebat
837 5092 1033 5157 Deum,
1082 5107 1398 5149 sermonem
1429 5093 1701 5159 divinum,
1745 5100 1800 5149 et
1825 5090 2165 5164 Legijuneta

567 5193 710 5251 erat,
733 5183 1034 5256 generabat
1065 5182 1177 5239 Deo
1207 5183 1471 5253 plurimos
1503 5184 1644 5238 ﬁlios
1679 5201 1692 5239 :
1721 5182 1940 5254 quando
1978 5191 2165 5240 autem

562 5280 777 5352 accepit
823 5277 1067 5335 libellum
1099 5277 1350 5349 repudii,
1386 5286 1440 5333 et
1466 5280 1682 5334 vocanti
1713 5279 1834 5334 viro
1863 5278 2046 5336 uoluit
2075 5295 2164 5335 re-

2267 4635 2477 4704 giorcs,
2505 4643 2564 4690 et
2593 4635 2799 4704 clavos,
2830 4639 3028 4708 quibus
3043 4635 3323 4697 fonna'tur
3357 4653 3519 4694 omne
3554 4627 3816 4691 tentorium.

2275 4725 2526 4781 inuitum
2568 4726 2791 4798 deligat,
2827 4739 2881 4784 et
2920 4733 3166 4800 roboret,
3221 4748 3295 4787 ne
3349 4740 3624 4786 ventorum
3649 4717 3822 4778 ﬂatibus

2270 4819 2588 4889 dissipetur.
2618 4819 2702 4874 Ad
2737 4820 3098 4895 dextramque
3115 4832 3380 4895 penetret
3399 4818 3733 4880 «sitiam
3747 4852 3759 4872 ι
3779 4811 3821 4860 θί

2274 4926 2618 4981 nequaquam
2647 4911 2862 4969 Iudaici
2902 4915 3238 4972 tabernaculi
3279 4917 3528 4972 imitetur
3562 4900 3818 4978 angustias.

2273 5004 2421 5077 quod
2459 5015 2680 5062 centum
2725 5007 3084 5079 longitudinis
3137 5010 3480 5076 cubitorum,
3509 5013 3568 5063 et
3597 5001 3819 5074 quinqui-

2268 5098 2414 5168 ginta
2472 5099 2776 5156 latitudinis
2820 5103 3120 5169 ambiebat,
3177 5118 3283 5160 nec
3342 5100 3551 5173 Templi
3593 5091 3820 5152 brevitate

2267 5189 2574 5256 claudatur,
2600 5190 2746 5263 quod
2774 5193 3052 5262 sexaginta
3071 5192 3254 5249 cubita
3279 5189 3593 5248 habebatin
3613 5187 3816 5253 longum.

2266 5292 2322 5339 et
2347 5285 2537 5355 viginti
2571 5286 2623 5339 in
2657 5285 2846 5340 latum.
2875 5285 2981 5345 Sed
3005 5285 3075 5342 ad
3095 5287 3382 5344 dexteram
3405 5295 3468 5342 et
3491 5281 3556 5340 ad
3583 5279 3816 5337 sinistram

466 5436 474 5449 ,
560 5374 858 5445 spondere,
877 5381 940 5430 et
959 5371 1207 5427 audivit:
1235 5368 1380 5426 Filia
1410 5372 1592 5426 matris
1613 5381 1720 5428 tute
1747 5381 1807 5427 tu
1827 5389 1906 5441 es,
1931 5389 2049 5445 quis
2071 5372 2162 5428 de-
2260 5375 2446 5432 locum
2478 5392 2672 5448 capere
2701 5393 2769 5432 ne
2793 5387 2978 5434 cesset
3003 5377 3216 5450 (Exod.
3247 5395 3406 5434 χχιιι
3425 5379 3470 5450 ).
3501 5377 3578 5432 Ac
3609 5386 3672 5428 ne
3691 5373 3818 5438 ρειαί

558 5470 816 5542 reliquisti
841 5470 1008 5525 uirum
1035 5467 1230 5538 ιιιιιιιι(
1255 5466 1444 5524 Ezeah.
1489 5483 1604 5537 xu,
1638 5469 1711 5525 l5
1729 5467 1778 5540 j.
1807 5467 1878 5524 Et
1909 5469 2108 5526 iterum
2139 5485 2156 5521 :

557 5563 685 5619 Non
739 5573 796 5618 sit
835 5561 1124 5618 Dominum
1175 5578 1259 5617 nte
1301 5561 1736 5632 vocatumque
1774 5570 1836 5616 ut
1863 5571 2066 5632 patrem
2107 5569 2158 5615 et

555 5656 842 5726 principem
861 5654 1183 5726 uirginitatis
1211 5664 1314 5708 tute
1341 5651 1571 5725 (larem.
1601 5668 1682 5724 ιιι,
1710 5652 1786 5725 ι)
1823 5671 1836 5707 :
1863 5661 2157 5723 propterea

2266 5484 2389 5526 mus
2423 5471 2527 5526 hoc
2555 5469 2716 5540 juxta
2751 5469 3004 5526 frivolam
3052 5471 3416 5528 Hebraeorum
3455 5463 3814 5526 contentionem

2265 5563 2373 5619 dici
2399 5563 2469 5619 de
2501 5564 2669 5632 Sion,
2704 5580 2827 5634 qua;
2871 5566 2923 5619 in
2971 5565 3258 5637 antiquum
3316 5573 3518 5619 statum
3559 5579 3586 5613 a
3629 5550 3812 5613 Domino

2265 5655 2606 5711 restituenda
2637 5657 2729 5723 sit,
2761 5657 2920 5727 ponit
2951 5656 3299 5714 manifestius
3334 5656 3484 5728 quod
3513 5652 3703 5710 latebat
3725 5661 3739 5697 ι
3759 5637 3814 5694 Et

555 5745 612 5804 hi
649 5749 756 5803 hoc
779 5745 981 5803 eodem
1017 5745 1294 5817 Propheta
1337 5744 1665 5815 plangitur:
1695 5743 1973 5813 Quomodo
2013 5748 2155 5818 facta
2262 5761 2435 5802 semen
2485 5757 2630 5802 tuum
2675 5757 2848 5820 gentes
2897 5747 3238 5804 hareditabit.
3265 5747 3438 5822 629
3467 5746 3541 5803 De
3561 5756 3662 5817 quo
3698 5743 3746 5794 et
3770 5732 3810 5785 in
