3932 6402
473 291 580 348 519

1756 277 1818 334 S.
1862 272 2124 332 EUSEBII
2167 267 2545 330 lllEllONYMl

470 406 618 479 quod
649 411 759 470 est,
789 401 1029 457 omnium
1062 400 1153 471 qui
1201 406 1488 454 morantur
1533 411 1587 452 tn
1621 405 1790 452 terra.
1847 395 1926 450 Ex
1957 409 2068 465 quo
2097 402 2145 460 Α
2173 405 2278 460 que
2313 391 2623 460 porrigere,
2678 397 2734 445 et
2781 385 3053 442 invidenti
3110 363 3298 455 fratri,
3345 384 3506 454 juxta
3558 380 3790 436 alterius

477 499 761 570 perspicue
793 503 963 566 patet,
991 508 1330 565 nequaquam
1359 492 1467 547 dici
1487 491 1554 546 ad
1586 490 1920 557 Jerusalem,
1953 503 2072 558 qua:

477 605 770 660 numquam
801 589 855 642 in
889 595 1004 643 toto
1033 589 1168 642 orbe
1195 586 1477 642 dominata
1509 593 1594 640 est
1620 603 1634 639 ι
1667 584 1761 638 sed
1790 582 1855 638 ad
1887 581 2074 637 Eccle-

473 681 608 738 siam
666 678 900 746 Christi,
959 680 1116 748 cujus
1167 675 1495 742 hacreditas,
1548 673 1738 730 mundi
1799 671 2074 743 possessio

481 787 734 921 esl(.\,’ers.
766 848 822 915 6,
855 847 935 914 7.)
970 846 1106 912 Quia
1135 855 1191 899 ut
1233 844 1497 898 mulierem
1543 840 1844 895 derelictam
1874 848 1919 892 et
1950 853 2074 892 mo:-

477 950 672 997 rentem
719 940 904 1011 spiritu
956 937 1148 991 vocavit
1197 945 1246 990 te
1297 934 1554 988 Dominus
1605 955 1620 987 .-
1671 941 1720 987 et
1774 945 1986 984 uxorem
2013 928 2078 981 ab

480 1035 827 1090 adolescentia
847 1032 1128 1102 abjectam,
1158 1030 1292 1084 dixit
1307 1027 1446 1082 Deus
1473 1036 1613 1100 tuus.
1638 1025 1720 1078 Ad
1748 1031 1995 1096 punctum
2023 1023 2079 1075 in

480 1126 684 1181 ntodico
715 1123 965 1194 dereliqui
987 1131 1035 1176 te
1067 1139 1085 1176 :
1122 1131 1170 1175 et
1196 1121 1248 1174 in
1286 1117 1704 1174 miserationibus
1735 1115 1935 1184 magnis
1957 1129 2084 1167 con-

480 1219 700 1290 gregabo
731 1227 798 1272 te.
845 1216 910 1270 In
941 1224 1194 1269 momento
1215 1211 1586 1286 indignationis
1613 1208 1860 1263 abscondi
1890 1206 2082 1278 [aciem

483 1327 643 1366 meam
689 1324 969 1382 parumper
995 1325 1029 1361 a
1061 1317 1149 1362 te:
1189 1316 1237 1361 et
1278 1307 1334 1360 in
1371 1302 1729 1358 misericordia
1767 1302 2083 1366 sempiterna

482 1405 723 1459 misertus
758 1418 875 1456 sum
926 1402 1036 1469 tui,
1090 1401 1222 1454 dixit
1275 1399 1570 1465 redemptor
1627 1404 1746 1448 tuus
1806 1391 2080 1444 Dominus.

482 1495 627 1552 LXX
662 1512 676 1551 :
727 1493 848 1548 Non
894 1503 952 1547 ut
1000 1492 1268 1546 mulierem
1297 1489 1600 1542 derelictam
1624 1494 1669 1540 et
1702 1483 2085 1557 pusillanimem

482 1587 676 1642 vocavit
703 1594 749 1641 te
780 1584 1059 1652 Dominus,
1097 1598 1259 1652 neque
1288 1589 1346 1634 ut
1379 1581 1646 1634 mulierem
1668 1619 1683 1644 ,
1712 1591 1827 1647 quae
1866 1574 1930 1628 ab
1958 1575 2089 1627 ado-

483 1680 723 1736 lescentia
745 1679 928 1734 odiosa
959 1687 1034 1732 est
1061 1718 1075 1742 ,
1108 1676 1242 1731 dixit
1264 1672 1404 1728 Deus
1435 1682 1571 1727 tuus.
1596 1669 1851 1737 Tempore
1879 1666 2085 1722 modico

482 1773 668 1845 reliqui
687 1783 736 1827 te
761 1788 780 1826 :
801 1780 848 1826 et
873 1787 992 1825 cum
1008 1768 1360 1825 misericordia
1384 1783 1574 1839 magna
1598 1762 1872 1819 miserebor
1899 1764 1992 1816 tui.
2019 1759 2084 1814 In

483 1869 661 1940 furore
683 1883 840 1937 parvo
869 1866 1031 1921 averti
1055 1864 1242 1936 faciem
1267 1878 1434 1916 meam
1463 1877 1497 1913 a
1525 1870 1573 1914 te
1595 1875 1614 1912 :
1643 1867 1689 1913 et
1717 1859 1772 1911 in
1794 1857 2081 1911 misericor-

483 1962 572 2016 dia
595 1961 909 2026 sempiterna
932 1956 1210 2011 miserebor
1233 1955 1308 2007 tui
1335 1969 1354 2007 :
1397 1953 1529 2007 dixit
1556 1953 1643 2023 qui
1670 1950 1800 2005 eruit
1828 1957 1876 2003 te
1896 1946 2080 2002 Domi-

482 2070 596 2108 nus.
632 2053 731 2108 llic
757 2052 917 2106 amici
957 2050 1276 2106 Iudaeorum
1309 2044 1567 2101 viliﬁcant
1601 2044 1885 2099 mulierem
1915 2041 2082 2097 dere-

482 2147 665 2202 lictam
698 2154 752 2200 et
781 2159 1008 2200 uxorem
1058 2147 1128 2196 ab
1166 2137 1536 2195 adolescentia
1569 2135 1835 2207 alijectam
1870 2179 1884 2202 ,
1918 2148 2082 2203 quam

485 2239 556 2296 ad
582 2247 840 2309 punctum
876 2245 933 2291 et
956 2235 1024 2290 ad
1058 2233 1332 2290 modicum
1361 2229 1657 2300 dereliquit
1685 2226 2080 2292 Dominus,.le-

487 2332 722 2388 rusalem
774 2343 931 2393 esse,
977 2327 1244 2383 dicentes.
1274 2325 1377 2391 Qui
1424 2321 1768 2379 abscondens
1793 2314 2086 2391 parumper

485 2424 679 2482 faciem
711 2439 863 2478 suam
897 2423 1204 2493 susceperit
1233 2435 1353 2476 eam
1383 2418 1440 2473 in
1469 2415 1865 2473 ntisericordiis
1886 2412 2088 2483 sempi-

492 2518 666 2573 ternis
695 2558 710 2582 ,
760 2527 812 2571 et
841 2515 1086 2571 dolorem
1120 2513 1456 2585 praeteritum
1481 2552 1497 2576 ,
1545 2510 1746 2581 gaudio
1776 2515 2084 2563 commuta-

485 2609 578 2665 rit.
615 2607 896 2677 Hocjuxta
925 2605 1275 2662 Hebraicum.
1300 2603 1647 2671 Porrojuxta
1669 2599 1832 2672 632
1859 2599 2090 2668 Septua-

489 2704 638 2773 ginta
667 2717 774 2756 non
802 2714 922 2755 eam
955 2699 1092 2753 dicit
1121 2698 1279 2768 quasi
1325 2695 1650 2751 derelictam
1676 2695 1956 2749 mulierem
1976 2733 1992 2758 ,
2033 2700 2090 2747 et

489 2795 895 2866 pusillanimem
927 2799 1173 2844 vocatam
1206 2803 1236 2842 a
1264 2788 1499 2843 Domino
1531 2804 1544 2840 :
1579 2799 1757 2856 neque
1781 2785 1924 2839 sicut
1951 2799 2087 2839 uxo-

490 2902 606 2944 rem
632 2928 647 2952 ,
691 2901 814 2957 quin
858 2884 928 2938 ab
953 2883 1324 2938 adolescentia
1364 2880 1494 2936 odio
1523 2879 1704 2935 habita
1733 2878 1842 2943 sit;
1884 2877 1980 2932 sed
2006 2875 2087 2930 id-

487 2979 638 3035 circo
665 2991 726 3032 se
752 2990 872 3032 eam
917 2974 984 3029 ad
1031 2972 1304 3029 modicum
1353 2971 1643 3040 reliquisse
1671 3013 1686 3038 ,
1719 2979 1776 3026 et
1820 2967 2086 3023 avertisse

495 3072 688 3128 faciem
721 3085 875 3125 suam
902 3111 917 3137 ,
950 3077 1012 3122 ut
1057 3067 1380 3122 misereatur
1429 3064 1574 3120 illius
1617 3066 1671 3118 in
1717 3073 2004 3118 aeternum.
2032 3059 2091 3116 Si

492 3179 627 3235 ergo
669 3162 843 3218 Judaei
878 3171 933 3217 et
979 3160 1152 3216 nostri
1178 3159 1551 3230 judaizantes,
1583 3157 1777 3212 dicunt
1803 3155 1970 3210 Israel
2023 3151 2090 3208 ad

493 3257 766 3313 modicum
797 3253 1118 3310 derelictum
1139 3295 1153 3316 ,
1187 3264 1244 3306 ut
1275 3253 1329 3306 in
1352 3251 1593 3306 adventu
1607 3247 1814 3302 ΩιιιίΛὶ
1844 3246 1963 3318 ejus
1987 3245 2089 3300 mi-

495 3361 742 3407 sereatur
775 3349 946 3413 Deus;
979 3355 1036 3404 et
1066 3346 1340 3401 modicum
1383 3345 1822 3413 interpretantur
1852 3340 1920 3395 ad
1945 3354 2094 3396 com-

495 3455 838 3517 parationem
871 3441 1038 3497 totius
1060 3438 1417 3494 aeternitatis:
1453 3451 1552 3492 cttr
1583 3444 1638 3491 et
1661 3435 1937 3490 nobisnon
1964 3448 2096 3487 con-

495 3538 730 3601 cedunt,
763 3535 1033 3591 modicum
1068 3533 1252 3589 dicere
1295 3541 1508 3601 tempus
1536 3571 1552 3596 ,
1593 3544 1704 3599 quo
1742 3535 1938 3599 gentes
1969 3534 2096 3580 sunt

498 3629 774 3685 derelicta:
804 3645 817 3680 :
841 3638 898 3682 ut
927 3638 951 3663 ιι
975 3625 1202 3694 abjectae
1236 3624 1288 3677 in
1315 3623 1664 3691 medio,quaz
1697 3621 1750 3674 in
1779 3619 2095 3674 adolescen-

496 3718 572 3774 tia
607 3735 702 3774 sua
733 3719 830 3772 Dei
884 3718 1136 3783 fuerant,
1168 3724 1357 3786 postea
1401 3715 1455 3768 in
1496 3722 1778 3769 senectute
1831 3722 2091 3766 aeternam

501 3811 936 3868 misericordiam
981 3808 1438 3877 consequantur?
1503 3805 1814 3862 Praesertim
1867 3817 1992 3858 cum
2040 3805 2093 3857 in

501 3905 787 3961 voeatione
837 3899 1103 3972 temporis
1148 3900 1360 3965 Israel,
1415 3912 1712 3968 numquam
1765 3895 1984 3951 exclusa
2030 3894 2098 3949 sit

502 3999 658 4054 turba
685 3994 1005 4068 gentilium;
1051 3992 1146 4049 sed
1175 4007 1395 4063 semper
1425 3990 1506 4046 eis
1546 4004 1640 4060 per
1671 3990 1974 4059 proselytos
2009 3987 2095 4057 ja-

501 4107 608 4148 nna
636 4090 871 4161 patuerit
897 4085 1213 4144 revertendi
1239 4127 1254 4150 ,
1287 4096 1345 4140 ut
1371 4085 1517 4140 sicut
1546 4098 1645 4138 nos
1682 4082 1893 4138 illorum
1931 4097 2096 4137 voca-

497 4179 646 4240 tio‘ue
679 4197 971 4252 paruntper
999 4179 1254 4237 videmur
1279 4177 1521 4242 exclusi,
1563 4177 1643 4231 sic
1671 4175 1886 4231 illorum
1909 4173 2095 4229 exclu-

500 4277 654 4332 sione
684 4281 947 4344 perpetua
993 4273 1150 4327 nobis
1196 4271 1262 4326 ad
1294 4272 1464 4328 Deum
1507 4267 1714 4324 reditus
1741 4266 2095 4323 concedatur.

499 4367 832 4438 Perpetuam
857 4375 1040 4420 autem
1063 4363 1442 4420 exclusionem
1471 4362 1708 4416 diximus
1732 4403 1746 4429 ,
1775 4360 1819 4413 si
1851 4374 1957 4412 non
1974 4373 2102 4428 ege-

497 4462 614 4519 rint
650 4459 1054 4531 ptenitentiam.
1091 4457 1344 4527 Alioquin
1380 4454 1586 4510 Paulus
1614 4451 1895 4524 apostolus
1926 4451 2097 4506 dicit:

498 4555 763 4614 Conclusit
789 4553 927 4610 Deus
950 4553 1126 4608 omnia
1142 4551 1234 4608 sub
1263 4560 1492 4620 peccato,
1525 4558 1581 4604 ut
1606 4547 1840 4604 omnibus
1860 4547 2100 4601 miserea-

499 4658 586 4706 tur
607 4646 810 4722 (Galat.
844 4663 942 4713 ιιι,
974 4646 1092 4716 22).
1123 4645 1258 4712 Quae
1286 4659 1384 4700 nos
1413 4645 1482 4699 de
1512 4641 1757 4698 Ecclesia
1775 4656 1840 4696 ex
1871 4646 2101 4709 utroque

500 4743 700 4814 populo
731 4749 1060 4812 congregata
1107 4737 1450 4806 interpretati
1497 4749 1718 4800 sumus;
1749 4749 1807 4788 et
1832 4730 2005 4788 Judaei
2032 4730 2101 4786 de

497 4835 800 4892 Jerusalem
827 4833 1136 4905 accipiunt:
1165 4833 1257 4900 qui
1285 4829 1458 4885 solam
1483 4827 1840 4897 tropologiam
1863 4840 2100 4895 sequun-

500 4937 591 4984 tur
617 4972 633 4996 ,
665 4938 723 4984 et
751 4929 804 4983 in
838 4928 977 4984 locis
1007 4923 1555 4982 difﬁcillimisliberte
1584 4919 1978 4991 disputationis
2003 4933 2097 4974 ex-

502 5035 697 5084 cursu,
735 5027 1028 5075 nascentes
1073 5020 1283 5090 fugiunt
1333 5015 1690 5088 quaestiones,
1745 5011 1813 5067 ad
1859 5011 2094 5066 animam

497 5113 742 5170 referunt
775 5111 1134 5183 peccatricem
1159 5151 1173 5176 ,
1193 5127 1314 5181 quae
1337 5111 1550 5176 abjema
1575 5123 1604 5163 a
1624 5107 1736 5162 Deo
1763 5105 1866 5172 sit,
1897 5121 2005 5160 non
2027 5105 2098 5160 ob

495 5207 681 5262 odium
709 5245 725 5271 ,
764 5203 860 5259 sed
891 5203 964 5259 ob
984 5202 1453 5269 dispensationem
1475 5242 1490 5265 ,
1527 5210 1584 5255 ut
1614 5199 1884 5254 malorum
1913 5211 2100 5268 pressa

497 5299 774 5371 pondere,
805 5303 1116 5353 revertatur
1144 5294 1213 5350 ad
1254 5294 1431 5348 virum
1464 5307 1623 5348 suum
1669 5291 1961 5362 pristinum
1998 5307 2011 5342 :
2045 5297 2102 5344 et

497 5393 714 5462 perdita
743 5389 1052 5447 substantia
1072 5430 1088 5457 ,
1130 5386 1201 5444 de
1234 5386 1404 5458 patris
1431 5385 1726 5442 clementia
1755 5401 1864 5440 non
1907 5383 2105 5454 despe-

496 5494 582 5541 ret
633 5484 788 5557 (Luc.
818 5482 937 5556 xv).
969 5480 1166 5537 Annon
1219 5487 1308 5536 est
1349 5477 1572 5550 grandis
1605 5476 1984 5532 misericordia
2012 5489 2106 5531 oc-

497 5591 722 5635 currere
739 5577 850 5632 tilio
876 5573 1196 5644 revertenti,
1215 5573 1477 5630 annulum
1507 5580 1564 5628 et
1588 5570 1806 5640 stolam,
1831 5569 2109 5626 osculum-

2179 479 2454 550 parabola:
2485 477 2927 545 similitudinem,
2962 477 3150 532 dicere
3180 495 3191 529 :
3228 476 3406 532 Amice
3431 519 3445 543 ,
3475 473 3526 527 si
3554 487 3652 544 ego
3703 470 3789 524 bo-

2177 588 2273 625 nus
2303 609 2319 635 ,
2356 585 2519 642 quare
2538 571 2721 624 oculus
2745 578 2863 623 tuus
2889 585 3108 640 nequam
3150 566 3370 640 (Matth.
3403 581 3497 634 xx,
3536 563 3633 633 15)
3663 563 3688 616 ?

2248 661 2428 733 (Vers.
2481 661 2516 717 9
2541 707 2554 730 ,
2590 661 2704 732 10.)
2731 661 2880 717 Sicut
2904 661 2959 714 in
2989 659 3171 715 diebus
3194 657 3312 713 Noe
3334 657 3478 713 istud
3508 656 3643 709 mihi
3670 664 3742 709 est
3770 696 3783 719 ,

2178 755 2260 808 cui
2281 753 2465 826 juravi
2492 795 2506 819 ,
2551 770 2616 809 ne
2656 752 2952 807 inducerem
2979 769 3145 824 aquas
3175 750 3293 806 Noe
3322 750 3465 806 ultra
3487 764 3648 820 super
3689 757 3791 801 ter-

2179 864 2290 902 ram
2323 864 2342 903 .°
2366 849 2440 903 sic
2457 849 2634 919 juravi
2657 887 2673 915 ,
2705 856 2762 900 ut
2805 863 2907 900 non
2930 847 3135 900 irascar
3161 844 3283 911 tibi,
3330 853 3376 898 et
3403 860 3506 898 non
3531 843 3792 910 increpent

2183 950 2250 993 te.
2284 938 2490 994 Montes
2515 939 2654 993 enim
2681 936 3168 1003 commovebuntur,
3207 946 3252 990 et
3279 935 3437 989 colles
3481 932 3792 988 contremis-

2182 1040 2337 1086 cent:
2363 1030 2719 1085 ntisericordia
2746 1039 2918 1084 autem
2949 1046 3061 1083 mea
3091 1045 3194 1083 non
3216 1027 3421 1084 recedet
3443 1044 3475 1080 a
3513 1037 3584 1092 te,
3615 1036 3670 1081 et
3705 1029 3794 1097 [tt-

2188 1125 2286 1177 dus
2308 1123 2451 1196 pacis
2477 1138 2605 1177 mete
2621 1138 2725 1177 non
2750 1123 3059 1188 movebitur,
3080 1119 3216 1175 dixit
3231 1122 3508 1174 miseratur
3536 1129 3658 1172 tuus
3687 1115 3794 1171 Do-

2184 1217 2373 1270 minus.
2405 1214 2573 1270 LXX:
2597 1214 2673 1270 Ab
2703 1232 2839 1286 aqua
2867 1229 2984 1286 qua:
3000 1214 3099 1284 fuit
3122 1212 3217 1268 sub
3245 1212 3363 1267 Noe
3386 1212 3487 1266 hoc
3513 1210 3649 1265 mihi
3676 1222 3753 1265 est
3779 1228 3794 1265 .'
3901 1210 3905 1290 1

2186 1311 2319 1364 sicut
2336 1310 2518 1382 juravi
2548 1310 2594 1364 ei
2617 1311 2670 1363 in
2696 1319 2924 1380 tempore
2949 1307 3077 1375 illo,
3122 1318 3274 1362 terra!
3298 1321 3629 1378 nequaquam
3661 1305 3797 1358 ultra

2185 1403 2340 1455 irasci
2365 1418 2519 1470 super
2561 1411 2640 1466 te,
2697 1417 2859 1472 neque
2902 1402 2958 1454 in
3006 1399 3410 1455 comminatione
3459 1407 3550 1453 tua
3591 1411 3797 1452 montes

2189 1494 2466 1563 transferre
2499 1509 2518 1548 :
2549 1509 2710 1564 neque
2735 1491 2894 1547 colles
2919 1493 2994 1546 tui
3021 1492 3420 1560 transferentur.
3456 1490 3550 1547 Sic
3575 1507 3673 1544 nec
3703 1491 3800 1543 mi-

2188 1585 2470 1640 sericordia
2513 1602 2625 1639 mea
2656 1585 2861 1654 deﬁciet
2887 1626 2901 1649 ,
2939 1600 3031 1639 nec
3077 1593 3435 1639 testamentum
3481 1584 3626 1654 pacis
3674 1598 3800 1636 mea:

2187 1682 2476 1750 auferetur,
2507 1679 2636 1734 dixit
2671 1679 2930 1750 propitius
2957 1678 3121 1750 633
3145 1678 3222 1734 tui
3253 1677 3538 1733 Dominus.
3576 1677 3648 1734 Ut
3678 1693 3797 1734 crc-

2113 1771 2282 1863 Bdat
2331 1781 2642 1828 sanctorum
2692 1774 3047 1843 congregatio
3099 1770 3534 1828 misericordiam
3581 1771 3796 1827 Domini

2189 1866 2578 1936 sempiternam
2599 1911 2613 1932 ,
2647 1874 2703 1921 et
2731 1865 2854 1921 ideo
2877 1866 2941 1918 ad
2969 1875 3230 1935 punctum
3252 1910 3266 1931 ,
3285 1873 3342 1920 et
3362 1865 3530 1920 breve
3559 1880 3659 1919 nos
3678 1879 3798 1920 esse

2188 1961 2436 2018 desertos
2461 2007 2475 2030 ,
2505 1970 2564 2016 ut
2594 1962 2646 2015 in
2694 1961 2992 2016 amicitiam
3025 1959 3153 2028 Dei,
3188 1969 3395 2015 aeterno
3417 1958 3627 2016 laedere
3673 1959 3798 2031 jun-

2192 2065 2482 2126 gereutur,
2541 2055 2692 2125 ponit
2740 2053 2990 2123 exempla
3023 2052 3318 2123 majorum,
3366 2053 3595 2108 dicens:
3647 2052 3791 2122 Quo-

2201 2149 2361 2206 modo
2403 2149 2658 2204 universo
2702 2148 2836 2203 orbe
2877 2157 3170 2217 peccante,
3220 2153 3506 2215 postquam
3555 2145 3798 2215 corrupit

2203 2242 2382 2297 omnis
2413 2249 2558 2296 terra
2585 2239 2724 2296 viam
2766 2238 3013 2305 Domini,
3043 2235 3324 2292 inductum
3369 2244 3455 2291 est
3483 2235 3752 2290 diluvium
3780 2253 3793 2290 :

2199 2345 2400 2390 etcum
2433 2334 2746 2389 auctoribus
2774 2331 2986 2387 cunctis
3033 2337 3384 2400 peccatorum
3425 2340 3618 2384 cuncta
3673 2343 3796 2397 pec-

2199 2437 2320 2484 cata
2349 2428 2528 2485 deleta
2565 2436 2712 2498 sunt,
2751 2435 2805 2482 et
2836 2426 2890 2481 in
2925 2440 3033 2481 uno
3077 2423 3301 2480 homine
3340 2423 3457 2480 Noe
3501 2425 3792 2480 humanum

2201 2530 2472 2578 servatum
2501 2527 2587 2576 est
2627 2534 2798 2590 genus
2832 2536 2846 2571 :
2881 2517 2968 2573 cui
3011 2517 3193 2587 juravi
3245 2531 3584 2586 nequaquam
3634 2516 3793 2570 terris

2201 2613 2567 2669 inducendum
2599 2626 2720 2668 esse
2745 2610 3014 2666 diluvium
3042 2627 3056 2663 :
3097 2618 3154 2664 et
3195 2607 3417 2678 sponsio
3447 2619 3566 2664 mea
3597 2606 3793 2662 hucus-

2197 2723 2303 2778 que
2330 2714 2544 2762 servata
2576 2715 2692 2772 est,
2726 2719 2828 2760 nec
2878 2717 3135 2774 umquam
3177 2703 3329 2757 irrita
3361 2702 3457 2756 liet
3485 2700 3643 2775 (Gen.
3700 2715 3793 2756 vni

2197 2811 2246 2856 et
2276 2803 2376 2871 ix);
2411 2800 2491 2856 sic
2527 2800 2652 2870 juro
2691 2799 2955 2855 Ecclesiae
2996 2812 3162 2864 meat,
3193 2811 3353 2866 quam
3405 2795 3539 2850 mihi
3585 2794 3791 2851 redemi

2195 2895 2461 2965 sanguine
2491 2908 2646 2962 meo,
2679 2904 3019 2962 nequaquam
3048 2903 3136 2945 me
3160 2888 3358 2944 iratum
3394 2887 3511 2944 fore
3540 2887 3626 2942 his
3654 2901 3790 2958 quo-

2195 3004 2313 3044 rum
2355 2989 2611 3043 misertus
2651 3000 2809 3053 sum,
2844 3000 2948 3040 nec
2978 2998 3151 3039 meam
3181 2981 3532 3038 clementiam
3570 2980 3677 3036 ulla
3708 2981 3787 3034 in-

2193 3078 2521 3151 crepationis
2564 3077 2767 3132 duritia
2836 3073 3298 3131 commutandam.
3349 3071 3590 3127 Facilius
3647 3069 3786 3126 enim

2196 3184 2412 3228 montes
2443 3171 2808 3226 movebuntur
2853 3177 2910 3222 et
2935 3166 3134 3234 colles,
3177 3180 3340 3236 quam
3374 3180 3496 3220 mea
3525 3163 3785 3219 sententia

2197 3267 2639 3324 commutabitur.
2665 3264 2825 3320 Juxta
2849 3261 2992 3333 quod
3025 3273 3077 3316 et
3107 3261 3160 3315 in
3202 3260 3499 3330 Evangelio
3530 3258 3784 3328 loquitur:

2196 3358 2391 3414 Caelum
2412 3367 2461 3412 et
2479 3367 2618 3412 terra
2639 3355 2949 3419 transibunt,
2964 3354 3118 3406 verba
3132 3361 3306 3407 autem
3324 3367 3438 3406 mea
3459 3367 3560 3404 non
3582 3359 3781 3421 prater-

2196 3448 2589 3517 ibunt(Mattlt.
2617 3462 2765 3514 xxlt,
2820 3445 2936 3513 15).
2993 3444 3121 3500 Haec
3170 3452 3284 3514 est,
3318 3452 3539 3512 autem,
3585 3442 3781 3512 inquit,

2197 3542 2572 3600 misericordia
2599 3557 2716 3597 mea
2749 3582 2765 3608 ,
2795 3551 2852 3595 ut
2880 3538 3060 3595 fmdus
3087 3539 3236 3609 pacis
3259 3583 3273 3608 ,
3304 3552 3415 3609 quo
3445 3536 3577 3592 mibi
3609 3548 3785 3591 recon-

2197 3638 2412 3695 ciliatus
2441 3646 2524 3692 est
2556 3633 2824 3703 mundus,
2857 3650 2966 3689 non
3015 3635 3216 3688 merito
3245 3647 3437 3688 eorum
3484 3631 3670 3702 quibus
3695 3629 3785 3683 da-

2199 3738 2312 3784 tum
2360 3737 2483 3796 est,
2533 3729 2628 3785 sed
2685 3743 2804 3783 mea
2855 3727 3148 3782 clementia
3209 3737 3593 3782 conservetur.
3633 3725 3782 3780 Juxta

2198 3822 2553 3891 Septuaginta
2582 3821 2842 3876 contusus
2866 3829 2951 3877 est
2981 3835 3180 3876 sensus
3200 3865 3214 3890 ,
3239 3829 3294 3876 et
3321 3821 3400 3876 sic
3429 3821 3642 3875 turbata
3663 3825 3782 3873 sunt

2202 3913 2414 3981 omnia,
2447 3911 2647 3983 utquid
2675 3912 2889 3967 dicatur
2923 3911 3146 3967 difﬁcile
3175 3912 3348 3981 possit
3378 3911 3604 3982 intelligi
3633 3929 3645 3962 :
3675 3924 3775 3963 non

2205 4021 2312 4074 quo
2339 4007 2580 4074 ignorem
2611 4004 2738 4076 quid
2768 4005 2821 4060 in
2851 4005 2953 4060 hoc
2972 4005 3208 4074 capitulo
3230 4006 3315 4058 vir
3342 4003 3779 4074 prudentissimus

2203 4098 2436 4168 dixerit,
2470 4098 2566 4154 sed
2598 4113 2706 4168 quo
2737 4113 2844 4153 non
2876 4097 3175 4152 satisfaciat
3213 4096 3398 4152 animo
3443 4113 3590 4152 meo.
3633 4095 3776 4150 Ponit

2203 4192 2348 4247 enim
2401 4191 2795 4261 tropologicum
2841 4189 3143 4258 diluvium,
3200 4187 3345 4259 quod
3402 4190 3776 4258 interpretatur

2204 4283 2257 4338 in
2298 4283 2570 4352 baptismo
2598 4280 2929 4348 Salvatoris,
2971 4295 3277 4352 congerens
3323 4281 3572 4348 exempla
3602 4292 3774 4348 quam-

2203 4374 2458 4446 plurima,
2480 4384 2539 4429 ut
2553 4383 2636 4428 est
2653 4373 2783 4428 illttd
2795 4392 2806 4427 :
2818 4371 3072 4426 Dominus
3089 4371 3345 4426 diluvium
3363 4372 3647 4425 inhabitare
3665 4367 3777 4439 facit

2205 4465 2324 4539 (Ps.
2352 4481 2518 4521 xxvnt
2537 4510 2551 4534 ,
2578 4464 2688 4535 ill).
2726 4464 2790 4518 Et
2819 4463 3018 4519 iterum
3042 4480 3055 4516 :
3085 4462 3275 4519 Suavis
3297 4460 3552 4516 Dominus
3580 4473 3773 4525 exspec-

2207 4558 2434 4613 tantibus
2464 4575 2516 4612 se
2545 4558 2598 4610 in
2626 4557 2709 4610 die
2737 4555 3086 4611 tribulationis
3118 4572 3136 4610 :
3182 4566 3231 4612 et
3258 4557 3424 4612 sciens
3450 4558 3673 4609 timentes
3689 4566 3772 4614 se,

2204 4653 2258 4706 in
2287 4650 2479 4705 diluvio
2517 4650 2717 4704 itineris
2734 4651 3228 4730 consummationem
3256 4651 3383 4722 facit
3411 4648 3690 4721 (Nutriant,
3723 4646 3769 4711 7,

2205 4741 2486 4798 secundum
2515 4739 2684 4812 LXX)
2731 4759 2744 4795 :
2785 4743 2928 4812 quod
2959 4743 3174 4799 scilicet
3199 4743 3457 4798 universa
3487 4748 3692 4812 peccata
3721 4737 3772 4790 in

2203 4833 2474 4902 baptismo
2503 4831 2797 4902 deleverit,
2829 4833 3022 4890 dicens
3063 4833 3116 4888 in
3160 4835 3272 4889 alio
3303 4834 3464 4890 loco:
3496 4832 3604 4905 Ego
3639 4845 3770 4891 sum.

2203 4941 2296 4996 ego
2339 4941 2486 4988 sum,
2518 4941 2603 4995 qui
2630 4925 2774 4980 deleo
2817 4925 3117 4998 iniquitates
3152 4937 3267 4982 tuas
3296 4925 3453 4999 (lsai.
3496 4941 3637 4993 xutt,
3665 4921 3768 4992 25).

2207 5015 2398 5072 Omnes
2431 5017 2566 5070 enim
2612 5016 3022 5083 declinaverunt,
3061 5019 3220 5073 simul
3263 5019 3474 5074 inutiles
3501 5017 3620 5087 facti
3645 5021 3769 5070 eram

2206 5107 2380 5178 (Psat.
2415 5123 2511 5164 χιιι
2533 5153 2547 5176 ,
2572 5107 2650 5180 3).
2696 5107 2812 5164 Non
2836 5119 2957 5164 erat
2984 5111 3076 5181 qui
3107 5110 3316 5166 faceret
3341 5109 3765 5171 misericordiam,

2204 5214 2306 5255 nec
2353 5201 2645 5255 veritatem
2683 5218 2695 5254 :
2727 5215 2904 5271 neque
2933 5211 3052 5257 erat
3079 5203 3306 5259 scientia
3352 5202 3449 5258 Dci
3486 5217 3645 5272 super
3678 5207 3769 5254 ter-

2206 5310 2344 5349 ram.
2376 5293 2684 5351 Maledictio
2704 5342 2717 5364 ,
2751 5305 2805 5352 et
2837 5296 3182 5352 mendacium
3205 5343 3219 5366 ,
3251 5307 3304 5352 et
3335 5295 3698 5359 homicidium,
3724 5299 3768 5345 et

2207 5386 2534 5443 adulterium
2560 5433 2575 5456 ,
2599 5400 2655 5443 et
2676 5387 2879 5444 furtum
2908 5399 3107 5446 cuncta
3134 5399 3534 5462 occupaverant
3551 5434 3564 5457 ,
3589 5397 3640 5444 et
3661 5399 3768 5440 san-

2207 5478 2430 5550 guinem
2480 5480 2732 5551 sanguini
2784 5482 3140 5537 miscuerant.
3201 5482 3356 5538 Unde
3409 5481 3641 5552 loquitur
3685 5487 3763 5545 per

2211 5569 2542 5640 Prophetam
2575 5589 2589 5625 :
2618 5571 2739 5627 Heu
2764 5571 2935 5627 mihi!
2964 5573 3086 5643 quia
3111 5574 3262 5645 periit
3288 5582 3538 5629 revertens
3574 5587 3603 5624 a
3628 5579 3758 5623 terra.

581 5741 609 5803 ξ
643 5733 811 5787 Paulo
840 5731 1133 5803 impeditus
1161 5731 1466 5788 verborum
1522 5729 1660 5787 ordo
1699 5729 1779 5785 sic
1806 5727 2021 5785 videtur
2051 5727 2422 5787 restituendus
2459 5747 2473 5784 :
2505 5738 2558 5784 nt
2583 5744 2694 5799 qua:
2720 5729 2774 5784 in
2796 5728 3148 5785 adolescentia
3187 5745 3284 5784 sua
3308 5729 3516 5800 abjectw
3542 5727 3593 5780 in
3616 5717 3755 5777 medio

512 5799 611 5861 Dei
640 5806 872 5873 fuerant.
