3932 6384
128 361 223 417 5M

691 361 1343 421 COMMENTARIORUM
1387 362 1450 419 IN
1492 363 1727 422 ISAIAM
1772 365 2194 424 l’llOPllETAM
2236 368 2360 424 LIB.
2406 368 2521 426 XV.
2563 368 2718 425 CAP.
2764 369 2893 424 LIV.

3317 375 3424 429 523

124 474 250 531 Non
276 486 351 530 est
383 477 473 548 qui
497 477 650 548 faciat
674 486 870 532 rectum
899 479 953 533 in
977 479 1296 543 hominibus,
1327 496 1502 534 omnes
1525 483 1577 534 in
1606 498 1728 535 san-
1753 485 1801 544 Α
1833 482 2019 549 bilem,
2055 501 2176 556 quae
2221 486 2421 540 mullos
2448 487 2633 543 sa‘culi
2677 488 2922 544 turbines
2971 488 3324 556 sustinuerat,
3373 502 3428 544 et

124 570 282 642 guine
327 587 442 624 meo
458 570 788 643 judicantur.
824 569 1187 644 Unusquisque
1232 573 1526 644 proximum
1573 590 1724 627 suum

129 660 343 716 tribulat
375 661 704 716 tribulatione
726 703 741 729 ,
775 675 820 717 et
845 665 916 716 ad
943 665 1137 718 malum
1163 681 1350 718 manus
1379 682 1498 719 suas
1521 682 1728 738 prtepa-

127 765 244 809 rant
275 755 462 828 (Jlicli.
501 772 569 811 vn
595 801 609 826 ,
640 755 696 825 ‘2,
728 773 832 812 sec.
867 755 1035 828 LXX)
1070 774 1082 810 :
1116 767 1172 812 et
1231 767 1428 813 extera
1459 757 1542 813 his
1571 759 1726 813 simi-

127 849 215 903 lia.
250 849 290 904 Ε
319 849 515 916 quibus
537 850 670 906 illud
699 861 784 906 est
809 867 822 904 :
851 851 1022 906 Nemo
1051 852 1274 906 mundus
1293 851 1460 924 634
1487 869 1519 906 a
1549 854 1724 917 sorde,

123 959 214 998 nec
251 945 296 999 si
328 945 481 999 unius
506 945 718 1015 quidem
745 945 852 1000 diei
884 946 1044 1016 fuerit
1067 947 1168 999 vita
1204 948 1319 1018 ejus
1348 962 1506 1015 super
1537 955 1728 1000 terram

121 1033 248 1107 (Job
277 1053 366 1104 xv,
401 1035 515 1110 14).
554 1037 709 1094 Unde
740 1038 1024 1094 Dominum
1051 1038 1250 1094 iecisse
1272 1039 1542 1094 diluvium
1566 1085 1580 1107 ,
1633 1040 1725 1108 qui

117 1129 271 1200 juxta
310 1131 620 1201 apostolum
668 1131 890 1186 Petrum
947 1133 1163 1188 occisus
1202 1144 1286 1187 est
1316 1148 1520 1201 carne,
1552 1131 1728 1188 viviﬁ-

122 1232 279 1276 catus
302 1223 493 1292 spiritu
522 1221 567 1294 (Ι
599 1220 747 1276 Petr.
779 1225 887 1289 ut);
913 1231 970 1279 et
999 1223 1315 1294 przedicavit
1345 1224 1627 1292 Spiritibus
1672 1225 1726 1279 in

123 1330 346 1371 carcere
371 1317 712 1383 constitutis,
764 1317 981 1386 quando
1028 1317 1119 1372 Dei
1155 1319 1412 1386 patientia
1443 1327 1728 1388 exspecta-

124 1410 289 1466 batur
323 1411 374 1464 in
420 1409 618 1465 diebus
655 1409 770 1464 Noe
794 1455 808 1479 ,
842 1409 1106 1464 diluvium
1151 1410 1332 1480 impiis
1364 1412 1624 1466 iniciens.
1670 1411 1726 1465 In

122 1506 282 1576 cujus
311 1505 620 1575 exemplum
654 1518 793 1574 aqua
827 1518 925 1559 nos
947 1502 1174 1558 mundat
1206 1521 1218 1555 :
1254 1519 1360 1557 non
1391 1503 1584 1558 sordes
1610 1518 1728 1558 car-

123 1598 213 1654 nis
243 1597 472 1653 abluens
495 1642 509 1663 ,
561 1595 657 1654 sed
699 1597 857 1652 bona:
896 1597 1250 1652 conscientiae
1285 1597 1640 1667 interrogatio
1671 1597 1724 1651 in

124 1691 325 1746 Deum.
354 1691 564 1746 Montes
583 1699 768 1746 autem
803 1701 857 1745 et
887 1690 1058 1745 colles
1083 1691 1176 1761 qui
1210 1705 1316 1745 non
1347 1705 1728 1746 commovean-

123 1791 248 1853 tur,
303 1794 360 1838 et
403 1784 455 1838 in
500 1782 880 1852 hujuscemodi
937 1783 1149 1837 diluvio
1194 1781 1426 1852 permoti
1482 1781 1724 1848 fuerant,

1831 577 1977 632 inter
2008 579 2190 634 varios
2223 579 2490 634 idolorum
2523 580 2812 636 lluctuabat
2841 597 3056 638 errores
3084 601 3097 637 :
3137 600 3259 654 qua:
3305 586 3420 640 nul-

1831 670 1941 725 lmn
1967 669 2159 726 habuit
2180 672 2604 738 consolatorem,
2629 684 2682 728 et
2703 673 2903 730 frustra
2932 691 3151 732 onmem
3178 677 3425 732 substan-

1830 764 1960 818 tiam
1983 778 2137 818 suam
2169 766 2218 818 in
2243 765 2470 820 medicis
2495 767 2755 835 perdidit;
2775 769 2917 839 quod
2942 771 3056 840 ipse
3079 772 3278 839 veniat,
3308 771 3425 840 ipse

1829 853 2149 920 descendat,
2174 865 2226 910 et
2257 855 2490 912 tediﬁcet
2513 858 2566 911 in
2597 857 2760 913 terris
2788 859 3067 917 caelestem
3098 861 3422 928 Jerusalem,

1828 961 1950 1017 qua:
1982 947 2035 1001 in
2069 947 2396 1019 Apocalypsi
2439 947 2666 1004 Joannis
2715 960 2944 1006 vocatur
2982 969 3176 1022 sponsa
3205 965 3259 1011 et
3285 971 3424 1010 uxor

1829 1038 1990 1111 Agni.
2045 1041 2251 1098 habens
2297 1042 2476 1097 lumen
2526 1043 2703 1100 simile
2751 1044 2962 1114 lapidis
2990 1047 3239 1116 pretiosi,
3285 1049 3428 1104 sicut

1824 1133 2060 1202 jaspidis
2103 1143 2157 1188 et
2199 1135 2464 1206 crystalli,
2498 1147 2551 1190 et
2579 1151 2791 1191 murum
2833 1153 3110 1208 magnum,
3142 1153 3195 1196 et
3240 1154 3427 1212 portas

1830 1225 2120 1283 duodecim
2155 1227 2445 1298 inscriptas
2477 1229 2791 1284 nominibus
2819 1231 3051 1285 tribuum
3079 1233 3267 1300 Israel,
3299 1252 3430 1304 qua-

1833 1334 1950 1372 rum
1984 1327 2096 1373 tres
2125 1327 2282 1373 erant
2308 1319 2377 1374 ab
2406 1319 2653 1386 Oriente,
2680 1331 2735 1376 et
2772 1329 2884 1377 tres
2927 1322 2995 1376 ab
3039 1323 3328 1393 Aquilone,
3377 1335 3433 1380 et

1834 1419 1945 1464 tres
1971 1411 2039 1464 ab
2071 1417 2294 1478 Austro,
2322 1422 2376 1466 et
2407 1422 2517 1467 tres
2555 1414 2625 1467 ab
2653 1413 2863 1468 Occasu
2892 1415 3026 1469 solis
3059 1416 3243 1486 (Apoc.
3271 1417 3385 1484 xxi)
3418 1435 3430 1470 :

1834 1516 2125 1572 murusque
2153 1501 2318 1556 fultus
2344 1503 2631 1558 duodecim
2663 1503 3056 1570 fundamentis,
3081 1509 3232 1574 cujus
3255 1510 3435 1563 omnis

1831 1593 2121 1648 aediﬁcatio
2159 1611 2224 1648 ex
2256 1594 2436 1665 lapide
2460 1594 2694 1664 jaspide,
2727 1606 2782 1651 et
2824 1598 3036 1666 singula
3084 1598 3432 1655 fittidatnenta

1835 1701 2115 1741 murorum
2147 1687 2420 1742 habebant
2451 1671 2696 1757 singulos
2728 1689 2957 1758 lapides,
2991 1689 3227 1760 primum
3269 1692 3437 1762 jaspi-

1832 1779 1982 1849 dem,
2021 1782 2323 1837 secundum
2355 1781 2698 1852 sapphirum,
2736 1785 2954 1837 tertium
2995 1783 3432 1854 chalcedonium,

119 1888 350 1934 sanctos
384 1877 505 1931 vult
534 1875 766 1947 intell’gi
789 1917 804 1942 ,
837 1885 1064 1946 accepto
1115 1875 1320 1932 findere
1351 1875 1726 1945 sempiterno:
1761 1867 1807 1929 Β
1835 1884 2089 1945 quartum
2122 1875 2492 1945 smaragdum,
2529 1877 2776 1946 quintum
2807 1876 3176 1944 sardonicem,
3222 1888 3432 1934 sextum

121 1973 290 2044 quiin
323 1970 506 2041 priore
531 1969 746 2026 diluvio
775 1971 908 2025 moti
937 1970 1152 2025 luenint
1173 2015 1186 2037 ,
1220 1979 1277 2024 et
1302 1984 1453 2023 suam
1497 1969 1729 2036 relique-

121 2072 250 2121 rant
278 2065 616 2120 ﬁrmitatem.
665 2064 802 2118 Dicit
822 2073 1064 2130 montes,
1107 2071 1162 2118 et
1203 2062 1480 2118 daemones
1506 2108 1519 2132 ,
1549 2071 1603 2117 et
1633 2062 1728 2118 ad-

119 2157 406 2213 versarias
434 2164 735 2226 potestates
762 2200 775 2225 ,
807 2156 903 2226 qui
951 2154 1204 2210 viderunt
1237 2155 1376 2210 tilias
1411 2154 1690 2209 hominum
1712 2200 1725 2221 ,

117 2252 268 2325 quod
324 2262 511 2306 essent
561 2251 721 2306 bona:
752 2295 766 2319 ,
824 2259 880 2304 ct
927 2249 1134 2304 amoris
1183 2249 1366 2318 jaculo
1419 2249 1724 2316 vulnerati,

116 2355 485 2416 sumpserunt
506 2344 612 2401 sibi
645 2359 843 2400 uxores
871 2361 938 2400 ex
965 2345 1219 2399 omnibus
1246 2359 1382 2413 quas
1404 2344 1686 2414 elegerunt
1713 2389 1726 2410 ,

119 2445 178 2493 et
222 2435 583 2508 perdiderunt
636 2433 1011 2490 fortitudinem
1062 2435 1347 2504 pristinam
1381 2452 1394 2488 :
1427 2444 1482 2489 et
1519 2449 1728 2505 nequa-

117 2547 284 2600 quam
318 2530 374 2586 in
396 2529 500 2585 hoc
529 2528 736 2584 diluvio
765 2535 895 2583 sunt
923 2527 1088 2583 futuri
1123 2525 1335 2601 (Cenes.
1363 2532 1460 2600 vr).
1496 2527 1610 2584 Hoc
1641 2527 1732 2583 ille

116 2623 357 2691 dixerit,
400 2621 558 2692 cujus
579 2621 1016 2693 explanationem
1059 2621 1286 2677 lectoris
1314 2621 1544 2677 arbitrio
1575 2621 1733 2677 dere-

119 2721 342 2788 linquo.

197 2810 390 2884 (Vcrs.
415 2812 499 2880 ll,
525 2810 640 2882 12.)
665 2808 1002 2882 Paupercula
1025 2816 1324 2880 tempestate
1349 2808 1600 2862 conuulsa
1617 2807 1734 2862 abs-

115 2923 225 2979 que
257 2916 284 2943 η
332 2905 710 2961 consolatione.
750 2902 886 2958 Ecce
940 2920 1035 2974 ego
1084 2912 1314 2957 sternam
1363 2918 1453 2974 per
1497 2901 1732 2956 ordinem

118 2999 338 3069 lapides
371 3011 529 3053 tuos:
567 3007 614 3052 et
659 2997 891 3068 [undabo
935 3005 984 3050 te
1021 2997 1077 3050 in
1111 2993 1376 3064 sappinris
1398 3010 1418 3048 :
1454 3005 1505 3048 et
1546 3011 1734 3066 ponam

109 3093 394 3166 jaspidem
423 3091 821 3164 propugnacula
862 3100 974 3157 tua,
1002 3097 1049 3143 et
1076 3097 1252 3160 portas
1298 3097 1414 3141 tuas
1441 3087 1495 3140 in
1537 3086 1736 3157 lapides

120 3187 384 3257 scalptos,
420 3196 466 3238 et
497 3199 669 3238 omnes
696 3183 942 3237 terminos
972 3191 1086 3236 tuos
1114 3181 1168 3235 in
1197 3180 1396 3252 lapides
1421 3179 1739 3234 desiderabi-

1833 1967 2072 2022 sardium
2098 1967 2207 2040 [ΑΙ.
2233 1969 2559 2040 sardinum],
2589 1969 2879 2038 septimum
2902 1969 3322 2040 clirysolithum,
3344 1989 3439 2026 oe-

1835 2069 2018 2116 tavutn
2045 2061 2341 2133 beryllum,
2367 2078 2570 2116 nonum
2597 2062 2890 2132 topazium,
2914 2062 3187 2117 decimum
3211 2064 3439 2135 chryso-

1836 2168 2082 2222 prasum,
2107 2154 2454 2210 undecimum
2483 2154 2858 2224 hiacynthmn,
2884 2154 3267 2210 duodecimum
3293 2173 3441 2213 amc-

1835 2247 2112 2318 thystum,
2145 2247 2286 2316 quod
2316 2247 2584 2318 legentes,
2629 2245 2998 2301 exclamamus
3028 2248 3183 2314 illud,
3214 2257 3270 2303 et
3298 2249 3438 2306 dici-

1837 2359 1998 2396 mus;
2037 2341 2081 2396 Ο
2109 2343 2430 2414 profundum
2474 2343 2741 2410 sapientia:
2783 2353 2832 2396 et
2874 2344 3104 2398 scientia:
3136 2344 3252 2412 Dei,
3285 2362 3443 2416 quam

1836 2439 2198 2494 inscrutabilia
2218 2440 2430 2513 judicia
2474 2444 2608 2514 ejus,
2653 2450 2703 2494 et
2741 2440 3120 2513 inuestigabiles
3149 2442 3244 2496 via:
3287 2443 3441 2516 ejus!

1840 2530 1966 2596 Quis
1999 2533 2136 2586 enim
2163 2534 2400 2605 cOgnovit
2427 2547 2636 2588 sensum
2668 2532 2900 2597 Domini,
2932 2543 3021 2586 aut
3049 2534 3166 2603 quis
3193 2535 3442 2588 consilia-

1837 2624 1947 2678 rius
1974 2625 2087 2695 ejus
2118 2627 2217 2695 fuit
2249 2623 2432 2698 (Rom.
2482 2641 2557 2692 xi,
2603 2626 2692 2691 55,
2737 2625 2864 2696 3i)?
2914 2626 2983 2680 Et
3028 2627 3221 2681 iterum
3257 2645 3269 2679 ε
3313 2627 3443 2692 Quis

1837 2719 2064 2788 sapiens,
2096 2729 2145 2772 et
2177 2717 2428 2792 intelliget
2467 2720 2576 2773 lucc
2607 2734 2623 2772 :
2658 2717 2973 2789 intelligens,
3005 2728 3053 2773 et
3087 2729 3356 2790 cognoscet
3384 2736 3442 2771 eu

1840 2810 1996 2883 (Osee
2024 2827 2137 2880 xiv,
2169 2812 2294 2884 10)?
2326 2810 2716 2880 Respondeant
2747 2820 3023 2866 amatores
3057 2819 3264 2866 tantum
3287 2812 3440 2865 occi-

1838 2903 2020 2958 dentis
2047 2903 2263 2968 litterze,
2303 2913 2358 2959 et
2388 2904 2440 2958 in
2473 2903 2625 2959 mille
2653 2905 2816 2958 annis
2842 2904 3146 2975 exquisitos
3173 2905 3326 2959 cibos
3347 2921 3444 2975 gu-

1840 2995 1906 3049 la:
1933 3010 1997 3048 ac
2020 2994 2250 3050 luxuriae
2276 3008 2666 3066 prmparantes,
2693 3012 2927 3064 quorum
2959 2996 3100 3052 Deus
3123 3006 3312 3051 venter
3335 3006 3441 3061 est,

1839 3098 1894 3142 et
1919 3087 2094 3156 gloria
2124 3088 2177 3141 in
2201 3090 2527 3142 conlusiOne
2545 3103 2731 3143 eorum
2753 3086 3020 3158 (Philipp.
3055 3088 3135 3159 ιιι)
3159 3104 3173 3153 ;
3202 3089 3292 3158 qui
3323 3099 3446 3158 post

1840 3178 2136 3234 secundum
2188 3180 2239 3234 in
2287 3179 2457 3248 gloria
2498 3180 2796 3234 Salvatoris
2843 3179 3161 3247 adventum,
3215 3192 3442 3251 sperant

124 3285 198 3339 les
229 3299 250 3337 :
282 3281 569 3338 Universos
597 3280 732 3350 ﬁlios
758 3289 874 3333 tuos
900 3281 1076 3332 doctos
1098 3293 1128 3328 a
1151 3275 1397 3341 Domino,
1429 3285 1480 3329 et
1503 3273 1739 3328 multitu-
1765 3257 1810 3321 C
1846 3273 2084 3342 nuptias,
2118 3282 2175 3326 et
2205 3272 2460 3341 parvulos
2485 3281 2705 3327 centum
2734 3286 3028 3340 annorum,
3070 3284 3122 3326 et
3163 3273 3449 3328 circmuci-

124 3378 308 3431 dinem
335 3375 478 3444 pacis
510 3373 634 3442 ﬁliis
663 3373 786 3439 tuis,
815 3379 862 3426 et
889 3372 942 3424 in
958 3369 1170 3443 justitia
1208 3366 1528 3440 fundaberis.
1553 3363 1736 3419 LXX:

127 3469 376 3525 Humilis
415 3477 463 3522 et
513 3464 773 3521 instabilis
813 3463 1002 3536 absque
1049 3459 1420 3516 consolatione.
1467 3457 1602 3513 Ecce
1646 3474 1740 3529 ego

131 3575 388 3633 praepara
419 3559 508 3613 tibi
541 3557 912 3613 carbunculum
952 3555 1180 3626 lapidem
1227 3563 1405 3617 tuum,
1452 3563 1497 3604 et
1543 3548 1740 3622 [unda-

133 3663 313 3710 menta
362 3662 453 3705 tua
483 3650 839 3724 sapphirum:
870 3657 916 3702 et
967 3663 1158 3716 ponam
1205 3642 1603 3718 propugnacula
1655 3654 1742 3697 tua

128 3747 337 3818 iaspin,
372 3754 422 3800 et
453 3753 628 3818 portas
667 3755 781 3798 tuas
813 3741 1014 3812 lapides
1053 3738 1309 3812 crystalli,
1342 3749 1392 3794 et
1423 3754 1596 3792 muros
1627 3749 1743 3791 tuos

135 3842 345 3911 lapides
373 3842 560 3894 electos
586 3855 603 3893 :
632 3848 680 3894 et
707 3854 882 3893 omnes
911 3837 1050 3906 ﬁlios
1091 3848 1203 3890 tuos
1235 3832 1522 3906 discipulos
1551 3831 1666 3899 Dei,
1697 3839 1743 3886 et

136 3936 306 3991 multa
343 3950 457 4006 pax
495 3935 591 3988 erit
637 3932 762 4002 ﬁliis
793 3932 918 3999 tuis,
949 3941 994 3986 et
1035 3932 1088 3985 in
1125 3930 1335 4002 justitia
1378 3927 1740 4000 atdiﬁcaberis.

141 4031 245 4088 Ubi
280 4045 384 4086 nos
412 4029 650 4086 diximus
681 4045 694 4082 :
729 4027 972 4082 Sternam
1001 4042 1092 4095 per
1122 4024 1356 4078 ordinem
1385 4022 1584 4094 lapides
1606 4031 1740 4089 tuos,

139 4125 194 4180 in
228 4123 500 4180 llebraico
530 4123 796 4192 scriptum
846 4128 953 4187 est,
988 4133 1302 4174 BAPBI‘HUCB
1351 4115 1560 4200 (Ἴθι),
1601 4113 1746 4185 quod

139 4234 338 4275 omnes
372 4227 572 4290 praeter
617 4215 973 4286 Septuaginta
1002 4212 1253 4269 similiter
1300 4209 1698 4266 transtulerunt
1730 4225 1744 4262 :

138 4314 395 4369 Sternam
423 4313 477 4366 in
506 4310 659 4366 stibio
688 4310 888 4380 lapides
916 4317 1053 4376 tuos,
1083 4306 1134 4360 iu
1160 4301 1576 4385 similitudinem
1599 4317 1749 4356 eom-

138 4417 256 4478 [Dltl‘
290 4405 560 4471 mulieris,
588 4419 712 4474 qua:
740 4403 929 4459 oculos
953 4401 1126 4472 pingit
1147 4397 1331 4464 stibio,
1365 4406 1424 4452 ut
1454 4396 1750 4466 pulchritu-

137 4500 333 4557 dinem
365 4500 638 4571 signiﬁcet
665 4496 924 4553 civitatis.
957 4495 1025 4550 Et
1062 4494 1151 4549 ubi
1195 4507 1296 4549 nos
1338 4491 1613 4563 iaspidem,
1666 4504 1746 4545 δε·

137 4611 173 4666 q
193 4602 380 4647 uentes
409 4591 573 4657 LXX,
603 4589 864 4657 diximus,
902 4587 956 4643 in
996 4585 1264 4643 Hebraico
1293 4583 1554 4654 scriptum
1590 4579 1754 4636 habet

1843 3364 2020 3419 sionis
2048 3364 2329 3433 iujuriam,
2359 3372 2416 3420 et
2442 3363 2778 3418 victimarum
2808 3365 3152 3433 sanguinem,
3174 3373 3231 3419 et
3253 3379 3449 3435 perpe—

1847 3468 1994 3513 tuum
2025 3457 2342 3514 sabbatum:
2365 3457 2456 3528 qui
2490 3457 2678 3512 dicunt
2706 3471 2830 3511 cum
2858 3455 3022 3510 Israel
3049 3456 3102 3510 in
3132 3471 3446 3525 perversum

1846 3552 2106 3608 modum:
2140 3551 2531 3607 Mauducemus
2567 3561 2623 3604 et
2666 3551 2938 3618 bibamus,
2968 3564 3088 3604 cras
3128 3551 3269 3604 enim
3306 3560 3327 3588 ο
3364 3567 3448 3605 re-

1846 3644 2134 3714 gnabimus
2160 3661 2172 3696 :
2201 3659 2320 3714 quae
2347 3643 2418 3698 sit
2448 3643 2553 3697 ista
2573 3643 2819 3699 ct'elestis
2839 3641 3166 3706 Jerusalem,
3191 3644 3276 3697 cui
3304 3659 3448 3698 nunc

1848 3737 2085 3792 dicitur:
2118 3734 2256 3790 Ecce
2283 3752 2374 3809 ego
2402 3745 2629 3790 sternam
2660 3752 2750 3808 per
2775 3735 3010 3789 ordinem
3040 3734 3243 3805 lapides
3285 3745 3399 3788 tuos
3432 3751 3448 3788 :

1849 3830 1965 3885 sive
1992 3829 2142 3900 juxta
2175 3827 2319 3884 LXX
2353 3846 2366 3883 :
2395 3826 2530 3882 Ecce
2559 3844 2652 3901 ego
2689 3843 2930 3900 prcepan
2972 3825 3084 3898 [AL
3118 3824 3449 3898 prteparabo]

1851 3921 1942 3976 tibi
1985 3919 2379 3985 carbunculum,
2403 3919 2647 3989 lapidem
2687 3928 2834 3973 tuum
2863 3934 2882 3973 :
2926 3929 2980 3973 ut
3015 3928 3125 3972 tota
3157 3917 3353 3973 civitas
3381 3917 3454 3972 sit

1851 4015 2007 4086 plena
2035 4015 2407 4079 carbunculis,
2430 4025 2483 4070 et
2509 4013 2713 4069 habeat
2734 4013 3086 4068 fundamenta
3108 4011 3448 4083 sapphirina,

1851 4120 1905 4166 et
1953 4109 2356 4181 pr0pugnacula
2399 4109 2692 4180 jaspidem,
2740 4109 2858 4163 sive
2909 4104 3348 4172 chalcedonium,
3397 4118 3453 4160 et

1850 4202 2018 4274 636
2045 4211 2228 4272 portas
2253 4201 2622 4273 crystallinas,
2655 4199 2770 4253 sive
2819 4196 3181 4268 anaglyphas,
3229 4207 3284 4252 et
3334 4212 3454 4251 mu-

1854 4313 1974 4352 rum
2026 4298 2078 4352 in
2131 4297 2360 4352 circuitu
2413 4296 2777 4364 pretiosorum
2825 4289 3117 4362 lapidum:
3159 4303 3455 4360 oumesquc

1856 4390 1952 4444 ﬁlii
1983 4389 2102 4460 ejus
2125 4403 2234 4444 non
2265 4387 2502 4444 habeant
2529 4387 2820 4456 magistros
2844 4383 3112 4447 homines,
3139 4381 3234 4437 sed
3257 4381 3451 4449 Deum,

1856 4492 1913 4538 et
1962 4482 2314 4552 appellentur
2359 4479 2610 4549 discipuli
2655 4479 2787 4542 Dei;
2817 4485 2874 4533 et
2918 4476 2991 4531 sit
3022 4477 3074 4530 in
3105 4491 3166 4530 ca
3199 4491 3299 4545 pax
3333 4490 3460 4545 per-

1860 4580 2044 4644 petua,
2069 4581 2124 4625 et
2150 4569 2438 4625 mdiﬁcatio
2459 4571 2703 4638 justitiae.
2732 4570 2816 4623 Ex
2844 4582 2952 4638 quo
2974 4568 3323 4636 perspicuum
3350 4577 3453 4630 est,

138 4653 434 4743 (Ξιιουοηου
459 4653 659 4757 (πέρ),
685 4681 830 4752 quod
853 4653 1010 4736 Isolus
1034 4673 1760 4750 δςιιηηῃειιιιδχαλκηδὸνιον
1786 4653 1841 4714 D
1866 4663 1968 4720 SIIb
2017 4665 2307 4720 occasione
2349 4661 2600 4734 iustitia),
2633 4660 2775 4731 qttod
2803 4659 3050 4757 “virtu-tis
3103 4667 3188 4714 est
3205 4673 3458 4757 “nomen,

146 4780 455 4836 transtulit.
500 4779 606 4833 Pro
651 4774 899 4847 crystallo
930 4789 1147 4844 quoque
1179 4773 1231 4827 in
1262 4771 1418 4840 cujus
1448 4773 1571 4825 loco
1617 4768 1759 4839 apud

149 4873 424 4931 Ilebrteos
454 4889 588 4928 erm
627 4869 825 4957 (mine)
852 4867 1072 4936 legitur,
1103 4863 1466 4937 Symmachus
1493 4871 1550 4918 et
1580 4859 1764 4917 'I‘beo—

155 4966 334 5032 dotio,
360 4954 734 5037 scalpturw,id
751 4969 857 5028 est,
883 4960 1094 5032 γλυφῆς.
1123 4956 1315 5026 Aquila
1338 4954 1366 4994 ι)
1396 4960 1764 5033 τρυπανισμοῦ

156 5061 382 5133 posuit:
415 5061 562 5130 quod
597 5059 823 5113 verbum
852 5051 1594 5120 foratarumczelatarumque
1617 5063 1765 5118 gem-

161 5174 372 5212 marum
397 5157 562 5230 635
595 5170 819 5213 sensum
852 5160 1031 5207 sonat.
1072 5149 1146 5204 De
1166 5147 1487 5204 diversitate
1522 5146 1758 5202 transla-

168 5250 333 5305 tionis
361 5249 598 5306 diximus
632 5266 646 5303 :
684 5235 968 5302 veniamus
998 5241 1066 5297 ad
1097 5255 1343 5297 sensum.
1371 5237 1561 5293 Adhuc
1593 5236 1765 5307 loqui-

1867 4757 2029 4814 etiam
2080 4765 2308 4813 cieteras
2348 4755 2582 4809 virtutes
2631 4753 2683 4807 in
2735 4750 3154 4806 aediﬁcationem
3205 4748 3462 4804 Ecclesiae

1869 4849 2070 4906 debere
2097 4866 2196 4906 nos
2222 4864 2501 4920 qumrere:
2529 4863 2629 4904 nec
2650 4845 2879 4902 .Iudaica
2905 4844 3263 4900 deliramenta
3291 4854 3468 4898 secta-

1871 4946 1936 5002 ri.
1972 4946 2263 5016 Exponaot
2292 4944 2434 4999 enim
2464 4942 2592 5012 quid
2622 4942 2692 4997 sit
2721 4938 2849 4994 illud
2882 4936 3025 5009 quod
3066 4937 3120 4991 in
3158 4934 3466 4991 Proverbiis

1872 5039 1942 5096 de
1981 5039 2248 5109 sapientia
2281 5037 2480 5092 dicitur
2506 5053 2518 5089 :
2549 5033 2838 5090 Pretiosior
2866 5042 2938 5086 est
2973 5032 3171 5085 cunctis
3207 5029 3473 5100 lapidibus

1872 5132 2260 5204 pretiosissimis
2291 5131 2479 5202 (Prov.
2512 5145 2590 5191 ιιι,
2620 5125 2737 5197 25).
2771 5125 2827 5182 Si
2882 5127 3030 5182 enim
3074 5125 3325 5180 Christus
3373 5124 3471 5180 Dei

1866 5229 2039 5282 virtus
2084 5234 2140 5281 et
2186 5224 2280 5278 Dei
2331 5220 2594 5292 sapientia
2646 5231 2731 5276 est
2781 5218 2823 5294 (1
2848 5219 2967 5274 Cor.
3002 5221 3060 5290 ι),
3109 5219 3338 5274 stultum
3387 5226 3476 5271 est

167 5353 265 5398 ιυι·
290 5343 354 5398 ad
387 5342 716 5409 Ecclesium,
747 5337 1010 5393 humilem
1054 5327 1206 5405 prius
1253 5341 1420 5401 atque
1471 5345 1770 5401 paupercu-
1869 5319 2148 5376 Christum
2201 5314 2608 5370 insensibilibus
2653 5312 2925 5384 lapidibus
2953 5312 3308 5409 comparari.“
3335 5309 3476 5409 Itur:

169 5435 303 5504 lam,
339 5452 456 5508 qua:
489 5451 599 5490 non
633 5425 874 5488 habebat
903 5429 1124 5500 Legem,
1162 5440 1264 5481 nec
1300 5423 1624 5493 Prophetas,
1666 5436 1769 5476 nec

166 5542 476 5586 sermonem
504 5529 600 5585 Dei
630 5546 642 5582 :
673 5535 730 5582 et
758 5531 1088 5596 tempestate
1109 5519 1432 5577 convulsam
1460 5515 1576 5572 sive
1607 5515 1772 5570 insta-

259 5677 281 5700 τι
309 5663 653 5722 Ambrosiani
684 5660 871 5728 codd.,
913 5653 1373 5728 quemadmodum
1413 5649 1769 5728 in‘Hierony-

171 5720 356 5792 miana
388 5720 502 5805 ipsa
537 5732 800 5791 Versione
846 5720 900 5788 et
933 5720 1166 5800 'Vulgat.
1215 5727 1536 5794 interprete,
1584 5720 1777 5791 absque

176 5808 296 5863 ulla
321 5810 690 5864 consolatione.

262 5877 289 5915 δ
313 5879 517 5937 Vitiose
543 5877 793 5934 Martian.
822 5873 1028 5944 aliique
1054 5870 1212 5938 editi,
1236 5870 1628 5945 τρηπτανισμοῦ
1643 5876 1781 5934 quos

697 5971 973 6030 Ρηιιοι..
1012 5963 1252 6026 XXIV.

1874 5426 2104 5483 sumque
2134 5410 2200 5464 de
2243 5406 2465 5477 judiciis
2511 5407 2606 5461 Dei
2649 5407 2881 5476 legimus
2929 5422 2942 5457 :
2997 5403 3212 5456 Iudicia
3260 5397 3477 5452 Domini

1873 5518 2014 5564 recta
2043 5522 2062 5562 :
2082 5503 2377 5579 justi/irata
2401 5503 2455 5556 in
2481 5501 2779 5571 semetipsa,
2805 5496 3170 5552 desiderabilia
3199 5511 3352 5566 super
3376 5511 3475 5547 au—

1881 5640 2187 5700 rectissime
2212 5637 2439 5706 castigat
2465 5635 2813 5690 Ambmsian.
2846 5632 3144 5706 praeferens
3177 5629 3484 5688 uncialibus

1881 5717 2080 5772 litteris
2108 5703 2547 5773 TPI'IIANICMOT,
2578 5706 2720 5777 quod
2747 5714 2850 5768 est,
2882 5703 3163 5777 arietaria.

1962 5797 1984 5826 ο
2018 5786 2164 5842 Idem
2190 5783 2560 5849 Ambrosiam,
2599 5774 2894 5832 moriemur.
2950 5774 3184 5831 Leviora
3235 5774 3483 5844 quaedam

1889 5858 2030 5916 infra
2063 5853 2441 5913 emendamus.

2852 5944 2925 6005 1'1
