3932 6312
462 264 569 323 893

1721 248 1781 307 Ι.
1825 245 2095 305 EUSEBll
2137 240 2521 302 HIERONYMI

3672 240 3780 305 εει

465 397 583 437 rum
618 385 668 434 et
709 374 938 442 lapidem
975 370 1260 443 pretiosum
1294 367 1517 423 multum
1560 362 1736 434 (Psal.
1779 380 1932 433 xvut,
1978 364 2067 431 i0,
2099 363 2152 426 Α
2175 373 2260 417 est
2283 363 2334 417 ἐν
2353 371 2428 436 τῷ
2447 361 2626 435 lapsis,»
2650 358 2803 433 [Μαι.
2824 358 2880 414 in
2903 358 3073 432 logie]
3099 358 3394 429 pontificis,
3420 366 3478 415 et
3506 359 3562 415 In
3584 373 3782 416 corona

467 472 582 541 ii).
615 468 700 525 Ex
732 480 840 535 quo
885 463 1063 534 palam
1110 468 1214 529 est,
1262 459 1396 516 illud
1426 457 1660 528 lapidem
1689 457 1908 513 caeteris
1939 456 2075 526 lapil-

463 564 625 620 dibus
650 558 981 630 comparari,
1011 555 1080 612 de
1109 571 1218 628 quo
1248 570 1415 625 supra
1454 554 1511 609 in
1554 553 1659 609 hoc
1704 552 1898 609 eodem
1943 551 2078 605 Pro-

467 655 627 727 pheta
658 668 722 707 ex
750 665 986 722 persona
1016 649 1108 705 Dei
1149 649 1387 704 dicitur:
1424 646 1559 701 Ecce
1580 647 1856 701 immittam
1873 646 1928 699 in
1955 648 2077 716 {un-

464 747 708 803 damenta
746 742 875 801 Sion
908 740 1136 814 lapidem
1179 740 1518 811 angularem,
1561 738 1792 806 lapidem
1832 738 2069 807 electum,

463 839 787 907 pretiosum:
822 844 867 892 et
890 836 982 907 qui
1028 834 1306 889 crediderit
1347 834 1402 887 in
1447 849 1529 902 eo,
1579 848 1683 893 non
1723 814 2076 898 confundetur

464 932 624 1008 (ιιαὶ.
652 946 840 999 xxvnt,
867 928 979 1000 i6).
1009 928 1162 984 llunc
1189 927 1426 998 lapidem
1451 926 1883 998 reprobarerunt
1904 923 2077 980 ωάιῐὶ-

462 1035 655 1082 cantes
683 1022 860 1095 (Psal.
891 1022 1088 1093 cxvn),
1133 1020 1344 1078 Scribze
1393 1019 1670 1084 videlicet,
1702 1029 1758 1075 et
1787 1018 2071 1086 Pharisaii,

463 1129 520 1174 ct
552 1116 829 1188 principes
867 1115 1203 1179 Iudaeorum,
1237 1114 1329 1185 qui
1372 1114 1546 1169 factus
1576 1120 1662 1169 est
1701 1114 1752 1166 in
1781 1120 1944 1182 caput
1972 1127 2073 1166 an-

464 1213 576 1284 guli
608 1210 825 1283 (Matth.
855 1214 992 1281 tm).
1026 1211 1102 1266 De
1130 1225 1240 1281 quo
1267 1219 1322 1265 et
1347 1208 1644 1279 Apostolus
1675 1207 2076 1276 Pctrusdispu-

471 1314 595 1362 tans
627 1304 743 1360 ait:
782 1302 947 1358 Nobis
976 1320 1098 1375 ergo
1128 1303 1297 1357 honor
1339 1303 1431 1374 qui
1469 1302 1727 1356 credimus
1753 1302 1996 1372 angnlari
2026 1310 2075 1355 et

468 1397 696 1470 pretioso
746 1395 1009 1465 electoque
1037 1395 1221 1468 lapidi.
1276 1393 1570 1449 lncredulis
1601 1403 1776 1449 autem
1823 1404 1899 1449 est
1940 1394 2076 1463 lapis

470 1488 776 1557 Olfensionis
815 1498 864 1543 et
904 1496 1051 1558 petra
1079 1486 1318 1542 scandali
1349 1486 1398 1555 (l
1419 1485 1563 1542 Petr.
1590 1501 1650 1552 tt,
1680 1486 1734 1553 'l,
1765 1485 1844 1555 8).
1875 1485 1979 1552 Qui
2020 1494 2078 1540 et

465 1582 523 1638 in
550 1581 782 1637 Actibus
808 1581 1201 1650 Apostolorum
1224 1579 1289 1635 ad
1321 1579 1600 1652 principes
1630 1579 1873 1650 loquitur
1896 1592 2076 1633 sacer-

467 1673 657 1734 dotum
693 1692 704 1727 :
740 1672 849 1727 Iste
890 1682 966 1727 est
1015 1672 1152 1741 lapis
1202 1674 1414 1741 electus,
1462 1674 1739 1744 pretiosus,
1790 1688 1943 1743 quem
1987 1687 2076 1725 vos

2176 466 2344 524 atque
2367 454 2677 511 diademate
2697 452 2962 525 principis
2991 452 3139 524 Tyri.
3175 454 3433 509 Dicamus
3458 453 3694 527 primum
3717 454 3785 509 de

2179 546 2379 602 Exodo
2422 563 2435 598 :
2497 548 2742 612 Quatuor
2795 543 3022 601 ordines
3074 545 3270 600 intexti
3329 555 3493 601 erant
3542 547 3783 616 lapidum

2178 637 2379 712 (Exod.
2395 639 2615 711 xxvrn).
2630 637 2783 693 Ordo
2806 637 3015 709 primus
3034 636 3218 693 habuit
3253 639 3499 706 lapidem
3518 641 3779 709 sardium,

2180 733 2478 802 topsaium,
2533 731 2904 803 smaragdum.
2939 732 3090 787 Ordo
3135 732 3431 802 secundus,
3479 733 3785 789 carbuncu-

2180 827 2317 892 lum,
2338 825 2683 896 sapphirum.
2708 824 3005 896 jaspidem.
3039 824 3193 880 Ordo
3222 828 3445 893 tertius,
3473 832 3501 861 ⁸
3520 826 3781 894 ligirittm,

2177 917 2862 991 achatem,ametbystum.
2883 918 3031 973 Ordo
3060 926 3313 989 quartus,
3348 918 3780 991 cbrysolitbum,

2178 1011 2472 1084 beryllum,
2517 1011 2835 1083 onyebium,
2869 1026 3005 1066 auro
3038 1011 3452 1075 circumdatos;
3488 1020 3544 1067 et
3593 1013 3785 1067 inseri-

2178 1106 2257 1173 pti
2283 1106 2442 1159 erant
2469 1119 2537 1159 ex
2570 1104 2885 1159 nominibus
2911 1102 3205 1159 duodecim
3260 1104 3505 1159 tribuum
3559 1105 3785 1159 ﬁliorum

2179 1195 2369 1251 lsrael.
2423 1196 2479 1251 In
2514 1210 2626 1265 quo
2653 1194 2955 1251 notandum
2994 1195 3141 1265 quod
3169 1196 3450 1253 secundus
3483 1196 3623 1253 ordo
3655 1198 3787 1270 lapi-

2179 1288 2306 1344 dum
2339 1294 2501 1344 etiam
2526 1288 2578 1343 in
2608 1289 2868 1359 praesenti
2897 1288 3184 1358 Scriptura
3208 1288 3277 1343 sit
3308 1289 3788 1359 positus,carbun-

2179 1383 2358 1449 cuius,
2387 1382 2706 1455 sapphirus,
2737 1393 2792 1437 et
2828 1383 3023 1453 jospis.
3083 1382 3332 1439 Necdum
3363 1382 3514 1440 enim
3546 1385 3789 1455 perfecta

2180 1478 2503 1548 retinemus,
2532 1493 2634 1533 nec
2664 1478 2731 1533 ad
2760 1478 2932 1549 prima
2963 1479 3335 1548 pervenimus,
3363 1479 3491 1550 quia
3525 1496 3673 1536 nunc
3694 1498 3786 1552 per

2179 1571 2460 1639 Speculum
2511 1571 2762 1625 videmus
2813 1571 2867 1626 in
2895 1572 3206 1642 aenigmate.
3233 1571 3412 1628 Porro
3440 1573 3495 1627 in
3531 1572 3787 1631 Ezechiel

2180 1664 2262 1723 sic
2290 1665 2551 1735 scriptum
2586 1664 2895 1735 reperimus
2920 1663 3032 1719 :Tu
3054 1680 3107 1719 es
3127 1663 3460 1735 signaculum
3485 1664 3789 1720 similitudi-

466 1764 775 1835 despsmistis
823 1763 1157 1836 reprobantes
1205 1763 1346 1837 (Act.
1391 1780 1466 1827 tv,
1503 1763 1630 1829 to);
1667 1764 1759 1833 qui
1794 1764 1964 1819 factus
1997 1774 2079 1820 est
2110 1763 2158 1825 B
2185 1757 2266 1811 πίε
2295 1766 2343 1811 σε
2373 1773 2565 1812 corona
2622 1758 2843 1827 decoris,
2875 1760 2927 1813 in
2976 1758 3183 1813 deliciis
3212 1759 3448 1829 paradisi
3494 1759 3595 1815 Dei
3623 1763 3790 1833 fuisti.

467 1858 525 1913 in
552 1865 716 1928 caput
736 1857 949 1927 anguli,
978 1867 1035 1913 et
1064 1857 1204 1912 duos
1249 1857 1484 1928 populos
1524 1858 1793 1926 continet,
1835 1860 2077 1929 gentium

465 1959 525 2007 et
552 1949 750 2014 Israel;
783 1948 876 2019 qui
919 1949 1211 2005 aediﬁcavit
1254 1950 1556 2017 civitatem,
1607 1950 1767 2022 cuius
1798 1951 1995 2007 artifex
2025 1960 2079 2008 ct

465 2045 723 2102 conditor
752 2045 900 2101 Deus
929 2056 1008 2101 est
1043 2062 1056 2100 :
1086 2045 1157 2101 de
1186 2061 1294 2117 qua
1325 2056 1383 2101 et
1428 2046 1725 2117 Apostolus
1754 2047 1946 2102 scribit
1974 2046 2080 2101 Co-

467 2138 732 2194 rinthiis:
782 2136 876 2193 Dei
921 2139 1202 2209 mdiﬁcatio
1232 2138 1373 2193 estis.
1420 2138 1526 2192 Et:
1559 2136 1724 2203 Quasi
1769 2137 2081 2193 architectus

465 2232 674 2300 sapiens
699 2231 1097 2302 fundamentum
1129 2231 1452 2301 posui,alius
1476 2231 1879 2303 supersedi/ient.
1906 2228 2080 2286 Unus-

466 2324 683 2396 quisque
710 2333 885 2382 autem
910 2324 1081 2379 videat
1105 2324 1367 2395 quomodo
1391 2324 1633 2393 aediﬁcet.
1658 2322 2081 2378 Fundamentum

466 2419 606 2474 enim
634 2418 781 2473 aliud
811 2434 959 2474 nemo
993 2427 1157 2488 potest
1186 2433 1379 2489 ponere
1405 2428 1593 2488 praeter
1613 2434 1732 2471 eum
1752 2418 1839 2487 qui
1881 2418 2081 2489 positus

468 2522 567 2581 est,
598 2510 783 2567 Iesum
805 2509 1069 2566 Christum
1091 2510 1138 2583 (l
1165 2509 1287 2564 Cor.
1314 2526 1397 2578 ιιι,
1429 2511 1485 2578 9,
1517 2510 1630 2580 i0).
1663 2509 1720 2565 Si
1752 2510 1873 2579 quis
1897 2520 2080 2563 autem

470 2623 637 2678 super
672 2606 1087 2662 fundamentum
1131 2604 1235 2658 hoc
1273 2602 1508 2660 aediﬁcat
1544 2619 1760 2672 aurum,
1787 2612 1843 2658 et
1875 2603 2084 2673 lapides

472 2700 765 2772 pretiosos,
820 2700 995 2769 ligna,
1045 2697 1269 2765 fenum,
1313 2696 1572 2766 stipulam
1607 2715 1617 2750 :
1656 2697 2083 2767 altiuscujusque

473 2794 969 2864 Opusmanifestum
985 2793 1106 2848 erit.
1128 2792 1201 2847 De
1216 2792 1321 2847 hoc
1344 2793 1695 2848 fundamento
1706 2804 1757 2849 et
1775 2795 1826 2847 in
1846 2794 2084 2864 Epistolis

476 2886 651 2942 altera
677 2885 943 2955 loquitur:
970 2884 1244 2954 rEdi/icati
1265 2902 1425 2955 super
1444 2885 1843 2956 fundamentum
1862 2885 2086 2957 Αροδξοο

477 2979 650 3034 lorum
675 2988 720 3033 et
751 2976 1157 3048 Prophetarum,
1184 2979 1298 3048 ipso
1324 2979 1569 3050 singulari
1589 2978 1764 3050 lapide
1781 2977 1909 3033 Jesu
1933 2977 2086 3032 Citrio

472 3078 554 3124 sto
581 3069 804 3144 (Ephes.
825 3086 883 3137 ll,
898 3071 994 3139 20)
1015 3086 1031 3135 ;
1051 3077 1108 3126 et
1125 3072 1353 3126 iterum:
1375 3069 1440 3123 In
1462 3072 1641 3137 quibus
1659 3089 1834 3127 omnes
1853 3073 2086 3141 mitiﬁca-

2184 1849 2342 1904 Omni
2365 1850 2541 1920 lapide
2560 1853 2730 1920 primo
2750 1852 2964 1906 indutus
2990 1869 3064 1922 es,
3090 1852 3292 1917 sardio,
3310 1854 3538 1925 topazio,
3574 1865 3623 1910 et
3644 1872 3786 1912 sma-

2184 1944 2367 2014 ragdo,
2400 1944 2722 1999 carbunculo
2744 1943 3059 2018 etsapphiro
3086 1954 3135 1999 et
3149 1945 3389 2018 jaspide,
3422 1959 3643 2017 argento
3673 1965 3797 2019 quo-

2182 2053 2301 2108 que,
2348 2045 2397 2091 ct
2425 2054 2555 2091 auro
2597 2047 2648 2091 et
2705 2037 2964 2108 lyncurio,
3007 2045 3058 2091 et
3089 2036 3295 2107 achate,
3328 2046 3374 2090 et
3402 2040 3720 2111 amethysto,
3753 2052 3797 2094 et

2186 2129 2531 2200 chrysolitho,
2565 2140 2616 2184 et
2646 2129 2870 2201 beryllo,
2896 2140 2943 2184 et
2973 2131 3278 2202 onychino;
3317 2147 3551 2203 auroque
3583 2134 3796 2205 replesti

2185 2222 2457 2277 thesauros
2483 2232 2601 2279 tuos
2631 2233 2676 2278 et
2703 2223 2871 2295 οδε
2900 2222 2927 2262 b
2977 2222 3255 2294 apothecas
3282 2232 3401 2277 tuas
3431 2224 3487 2278 in
3509 2232 3581 2278 te.
3618 2226 3663 2279 Α
3692 2244 3796 2297 qua

2186 2319 2274 2371 die
2301 2317 2544 2372 conditus
2561 2334 2634 2385 es,
2653 2334 2774 2372 cum
2796 2317 3075 2373 Cherubim
3092 2319 3243 2387 posui
3266 2327 3314 2373 te
3341 2318 3398 2373 in
3426 2331 3598 2374 monte
3614 2332 3796 2375 sancto

2186 2425 2300 2463 meo
2323 2425 2342 2474 ;
2369 2410 2520 2480 fuisti
2546 2410 2602 2464 in
2630 2410 2798 2466 media
2829 2408 3072 2479 lapidum
3092 2411 3398 2483 ignitorum,
3422 2409 3792 2466 immaculata

2186 2504 2242 2557 in
2266 2502 2446 2557 diebus
2464 2503 2587 2571 tuis,
2616 2520 2681 2558 ea:
2708 2520 2808 2574 quo
2835 2503 3078 2558 conditus
3104 2519 3181 2572 es,
3211 2505 3378 2559 donec
3429 2504 3641 2559 iuventte
3663 2519 3795 2558 sunt

2190 2594 2244 2649 in
2265 2604 2313 2648 te
2340 2594 2641 2665 iniquitates
2665 2604 2767 2647 tute
2788 2591 3035 2665 (Ezech.,
3057 2608 3250 2661 xxvnt,
3280 2591 3348 2646 12
3378 2603 3424 2645 et
3444 2590 3625 2662 seqq.).
3653 2592 3798 2660 Quis

2188 2687 2335 2741 enim
2366 2698 2471 2741 tam
2504 2689 2709 2743 stultus
2728 2698 2784 2742 et
2814 2688 3075 2744 vecordis
3104 2687 3330 2757 ingenii,
3364 2696 3425 2742 ut
3457 2687 3511 2743 in
3544 2687 3797 2757 paradiso

2192 2780 2310 2849 Dei,
2345 2780 2581 2852 positum
2618 2778 2924 2850 principem
2975 2780 3129 2851 Tyri,
3186 2793 3596 2851 quemcumque
3644 2779 3795 2836 illum

2189 2890 2316 2931 esse
2331 2874 2650 2943 crediderit,
2684 2882 2739 2930 et
2760 2872 3042 2960 conditum
3070 2875 3216 2930 inter
3243 2873 3539 2930 Cherubim
3573 2883 3630 2930 et
3653 2876 3797 2931 inter

2191 2969 2384 3039 igneos
2416 2967 2628 3035 lapides
2648 2980 3040 3024 convcrsatum
3072 2969 3242 3039 (quiis
3268 2967 3414 3024 haud
3440 2968 3608 3024 dubie
3622 2971 3801 3041 Ange—

2190 3062 2276 3117 los
2303 3061 2657 3131 intelligimus
2713 3059 3079 3131 caelestesque
3111 3060 3382 3132 Virtutes)
3429 3069 3582 3131 putet
3632 3061 3797 3117 fuisse

479 3161 608 3216 mini
644 3161 844 3234 lapides
876 3163 1100 3217 uiuentes
1129 3162 1187 3216 iu
1218 3162 1568 3217 sacerdotium
1601 3172 1862 3231 sanctum,
1902 3162 2088 3231 offerre
2115 3148 2163 3215 C
2192 3173 2344 3225 eum,
2379 3158 2469 3227 qui
2505 3156 2740 3211 terrenis
2774 3156 3049 3226 lapidibus
3076 3165 3304 3211 orrratus
3332 3156 3429 3225 sit,
3462 3166 3515 3213 et
3545 3156 3800 3215 habuerit

477 3257 783 3327 spirituales
803 3258 1038 3312 victimas
1053 3257 1096 3329 (l
1119 3255 1414 3329 Pctr.n,5).
1427 3258 1497 3314 Dc
1514 3256 1597 3312 bis
1618 3258 1890 3329 lapidibus
1907 3257 2089 3328 mysti-

477 3366 542 3408 ce
556 3350 1009 3422 dicitur:Lapides
1021 3351 1187 3407 sancti
1200 3352 1473 3405 solvuntur
1488 3363 1837 3420 superterram
1851 3349 2083 3421 (Zama,

478 3443 591 3516 16),
605 3444 766 3516 637
784 3446 980 3514 quibus
1001 3442 1492 3500 :cdiiicatChristus
1509 3443 1805 3499 Ecclesium
1823 3459 1989 3514 super
2002 3459 2088 3514 pc.

483 3544 646 3595 tram,
670 3537 862 3593 dicens
890 3538 945 3591 in
978 3538 1277 3606 Evangelia
1300 3555 1313 3590 :
1335 3537 1511 3603 Super
1530 3536 1667 3591 hanc
1694 3550 1892 3610 petram
1919 3539 2089 3606 tcdiﬁo

485 3625 611 3678 cabo
642 3625 935 3681 Ecclesium
963 3645 1128 3681 meum
1178 3629 1395 3697 (Matth.
1432 3645 1548 3695 rm,
1583 3630 1696 3701 13).
1731 3631 1904 3697 Quam
1951 3630 2087 3685 civi-

484 3729 657 3777 tatem
683 3720 780 3788 qui
833 3723 1099 3775 meruerit
1130 3722 1359 3789 intrare,
1417 3722 1665 3792 gaudens
1714 3722 1953 3792 loquitur
1984 3724 2087 3777 Do-

486 3810 642 3866 mino
667 3810 849 3867 :Sicut
881 3812 1197 3878 audivimus,
1231 3814 1307 3866 ita
1329 3813 1553 3868 vidimus
1582 3814 1635 3867 in
1653 3815 1858 3869 ciuitate
1875 3815 2090 3872 Domini

484 3903 755 3973 virtutum,
778 3904 832 3958 in
858 3905 1064 3959 ciuitate
1093 3903 1191 3958 Dei
1219 3906 1383 3959 nostri
1410 3919 1429 3960 :
1459 3903 1603 3960 Deus
1633 3908 1869 3978 fundavit
1890 3923 2006 3961 eam
2032 3910 2086 3964 in

486 4007 741 4054 aeternum
762 3997 880 4072 (Ps.
918 4015 1087 4068 sunt,
1118 3999 1197 4071 9).
1225 3999 1404 4070 Super
1445 3999 1736 4056 conditore
1765 4001 1929 4073 hujus
1955 4002 2089 4058 civi.

482 4092 638 4160 tatis,
670 4104 725 4148 et
749 4093 804 4147 in
827 4092 936 4147 alio
963 4092 1085 4149 loco
1115 4093 1347 4149 dicitur:
1381 4093 1485 4147 Hic
1515 4094 1797 4164 cedi/icabit
1828 4098 2087 4152 civitatem

485 4199 677 4249 meum,
710 4192 758 4238 et
790 4184 1000 4239 reducet
1049 4187 1400 4258 captivitatem
1429 4186 1612 4258 populi
1643 4189 1741 4242 mei
1772 4187 1925 4260 (Isai.
1960 4207 2081 4257 xu,

487 4272 602 4346 15).
625 4274 701 4330 De
734 4286 927 4330 natura
957 4286 1146 4332 autem
1172 4279 1462 4333 duodecim
1491 4279 1733 4350 lapidum
1754 4291 1919 4351 atque
1935 4297 2088 4353 gem.

487 4381 703 4423 marum
721 4410 736 4435 ,
765 4382 877 4423 non
897 4377 984 4423 est
1003 4369 1167 4440 hujus.
1187 4373 1456 4442 temporis
1486 4372 1712 4443 dicere,
1727 4385 1917 4430 cumet
1936 4375 2088 4432 Grae—

2190 3252 2607 3307 simllitudiuem
2639 3259 2702 3306 et
2731 3250 3071 3320 signaculum
3097 3249 3121 3303 ν
3151 3249 3230 3305 De
3262 3261 3459 3305 natura
3490 3250 3654 3322 igitur
3682 3268 3799 3304 orno

2195 3347 2344 3403 nium
2365 3347 2700 3417 lapidum,et
2724 3359 2819 3416 per
2851 3353 3033 3414 partes
3063 3344 3431 3414 singulorum,
3458 3360 3563 3398 non
3593 3353 3679 3399 est
3695 3343 3797 3397 bu-

2191 3445 2282 3513 jus
2313 3443 2576 3512 temporis
2628 3438 2853 3503 dicere;
2887 3452 3066 3508 neque
3120 3439 3268 3492 enim
3319 3451 3538 3509 semper
3564 3435 3796 3493 dicenda

2197 3546 2328 3593 sunt
2372 3536 2576 3591 omnia.
2605 3532 2757 3588 Nunc
2791 3542 2998 3586 tantum
3029 3532 3097 3587 de
3146 3532 3509 3597 carbunculo,
3538 3529 3801 3601 sapphiro

2194 3638 2251 3687 ct
2277 3629 2495 3701 iaspide
2519 3627 2877 3682 disseramus.
2896 3624 3278 3681 Carbunculus
3303 3626 3395 3697 qui
3422 3633 3659 3693 paratur,
3678 3624 3803 3679 κῆνο

2195 3737 2292 3795 per
2321 3722 2573 3776 ordinem
2620 3719 2907 3786 sternitur,
2941 3718 3159 3773 videtur
3221 3717 3355 3772 mihi
3386 3717 3586 3787 ignitus
3612 3730 3799 3771 sermo

2191 3816 2482 3880 doctrinae,
2515 3813 2606 3885 qui
2640 3812 2822 3884 fugato
2850 3826 3045 3867 errore
3106 3810 3483 3879 tenebrarum,
3519 3810 3799 3866 illuminat

2188 3907 2360 3964 corda
2385 3907 2749 3963 credentium.
2773 3905 2871 3961 ﬂio
2892 3914 2978 3961 est
3025 3919 3190 3976 quem
3218 3918 3360 3960 unus
3385 3905 3457 3960 de
3504 3903 3791 3974 Seraplrim

2191 4001 2323 4056 tulit
2356 4001 2558 4071 forcipe
2613 4003 3094 4070 conipreliensom,
3129 3998 3197 4052 ad
3255 3998 3412 4054 Isaias
3469 3998 3612 4052 labia
3667 4012 3798 4062 [iure

2189 4094 2366 4166 ganda
2400 4093 2539 4164 (Isa.
2566 4092 2643 4165 Vl)
2673 4092 2806 4164 :qui
2838 4092 3101 4159 nascitur,
3121 4090 3275 4160 juxta
3293 4089 3579 4146 Geneseos
3606 4088 3793 4151 fidem,

2192 4188 2249 4242 in
2284 4199 2426 4243 terra
2460 4187 2638 4255 Evils,
2675 4187 2764 4243 ubi
2803 4195 2890 4241 est
2929 4200 3120 4240 aurum
3161 4185 3432 4254 optimum
3464 4182 3665 4255 (Cenes.
3702 4184 3791 4251 ιι),

2195 4291 2222 4320 ε
2256 4282 2501 4353 laplsque
2532 4280 2938 4349 carbunculus,
2972 4288 3029 4335 et
3059 4281 3334 4349 prasinus.
3369 4279 3541 4335 Porro
3571 4277 3799 4347 sapphi-

2191 4378 2418 4446 rus,qui
2449 4377 2666 4446 ponitur
2694 4376 2745 4430 in
2773 4373 3161 4441 fundamentis,
3190 4374 3317 4430 εωιί
3351 4372 3511 4429 habet
3536 4370 3796 4427 similitu-

482 4476 672 4519 cornm
698 4460 916 4531 plurimi
950 4463 1287 4535 scripserint
1338 4474 1393 4520 et
1424 4464 1769 4521 Latinorum.
1797 4467 1839 4523 E
1887 4470 2084 4539 quibus
2108 4536 2133 4539 Α
2188 4466 2471 4537 dinem,et
2488 4483 2648 4536 supra
2681 4481 2780 4521 nos
2813 4467 2957 4521 neris
2988 4484 3000 4519 ε
3027 4466 3123 4538 qui
3152 4465 3279 4520 talis
3310 4477 3416 4531 est,
3453 4478 3504 4520 ut
3539 4462 3797 4535 possitil-

482 4553 625 4610 duos
646 4561 858 4610 tantum
889 4557 1208 4625 nominabo,
1228 4558 1407 4613 virum
1432 4569 1635 4615 sanetw
1659 4571 1713 4615 et
1744 4536 2080 4618 venerabilis
2106 4536 2162 4599 θ
2186 4557 2285 4614 Iud
2314 4536 2796 4629 Aristophanicum
2822 4558 3009 4616 dicere
3041 4536 3164 4613 cum
3193 4557 3427 4615 Socrate
3459 4576 3470 4612 :
3497 4556 3798 4633 Ἀιροϐατῶ

481 4648 766 4703 memoria:
797 4648 1119 4719 episcopum
1144 4648 1541 4720 Epiphaniunv,
1561 4652 1653 4722 qui
1684 4654 1894 4723 insigne
1922 4655 2081 4710 nobis

2185 4657 2273 4710 steti.
2298 4659 2584 4729 περιφρονῶ
2600 4654 2688 4708 τὸν
2714 4653 2847 4711 ἥλιον
2868 4656 2889 4718 ξ
2912 4650 3059 4722 quod
3091 4664 3191 4707 nos
3217 4653 3271 4708 in
3302 4650 3554 4705 Latinum
3577 4663 3794 4705 semo-

476 4739 688 4809 ingenii
717 4749 771 4795 et
799 4740 1123 4795 eruditionis
1151 4756 1265 4795 sua:
1322 4742 1549 4813 reliquit
1596 4745 1877 4811 volumen,
1931 4749 2077 4816 quod
2189 4762 2313 4802 nem
2346 4755 2561 4801 vertere
2593 4760 2926 4813 possumus:
2964 4744 3176 4800 Scando
3199 4761 3393 4812 acrem,
3425 4744 3675 4814 solemque
3689 4744 3793 4797 dc-

475 4834 763 4915 inscripsit
783 4841 905 4910 περὶ
927 4837 1073 4893 λίθων
1099 4845 1184 4890 :et
1206 4836 1446 4892 Plinium
1477 4838 1804 4906 secundum,
1822 4841 2077 4896 eumdem

2185 4841 2356 4911 spicio
2376 4838 2544 4909 (Vide
2571 4839 2792 4894 Suidam
2821 4841 2878 4893 in
2904 4839 3266 4916 περιφρονεῖν).
3298 4838 3425 4894 Sive
3466 4853 3584 4892 cum
3617 4836 3793 4892 Paulo

478 4925 628 4993 apud
652 4926 876 4982 Latinos
907 4938 1189 4983 oratorem
1214 4939 1269 4985 et
1285 4930 1698 5001 philosophum,
1721 4931 1813 5001 qui
1842 4931 1893 4985 in
1914 4950 2081 5002 opere
2190 4934 2482 5005 apostolo:
2521 4931 2713 4988 Nostra
2735 4941 2909 4989 autem
2928 4934 3249 4987 conuersatio
3276 4932 3335 4986 in
3364 4932 3508 4986 caelis
3531 4942 3602 4985 est
3621 4927 3791 5000 (Phi.

475 5017 1131 5088 pulclierrimonaturalis
1156 5022 1406 5080 historiae
1426 5025 2077 5096 tricesimumseptimum
2186 5025 2324 5095 lipp.
2348 5041 2430 5095 ιιι,
2456 5023 2574 5098 20).
2605 5024 2907 5081 Ezechielis
2957 5038 3177 5095 quoque
3221 5024 3504 5094 Scriptura
3548 5035 3795 5076 commc-

473 5109 705 5178 librum,
727 5112 816 5181 qui
849 5122 902 5167 et
932 5123 1216 5167 extremus
1246 5125 1351 5182 est,
1381 5117 1621 5187 lapidum
1651 5127 2075 5188 atquegemma-
2192 5127 2388 5190 morat,
2420 5118 2565 5191 quod
2591 5120 2742 5175 locus
2774 5121 2824 5174 in
2877 5133 2985 5189 quo
3018 5117 3249 5174 thronus
3288 5119 3383 5174 Dei
3417 5117 3506 5183 sit,
3538 5113 3789 5187 sapphiri

471 5219 597 5260 rum
630 5203 1010 5273 disputatione
1038 5206 1352 5275 ctmplevit.
1407 5208 1475 5262 Hi
1524 5210 1813 5266 duodecim
1860 5211 2077 5282 lapides
2190 5213 2391 5269 habent
2418 5213 2857 5277 similitudinem,
2878 5215 3116 5283 ctgloria
3141 5211 3358 5267 Domini
3390 5211 3446 5267 in
3476 5204 3789 5265 hoceolore

470 5298 795 5355 scribuntur
826 5313 923 5370 per
962 5298 1214 5355 ordinem
1248 5300 1301 5354 in
1329 5300 1527 5357 Exodo
1547 5304 1679 5359 etin
1706 5303 1987 5375 Ezechiel,
2018 5306 2077 5362 id
2185 5308 2585 5379 consistat,qni
2617 5317 2790 5379 portat
2825 5308 3116 5379 imaginem
3142 5305 3571 5376 superctelestis.
3594 5300 3700 5357 Sed
3727 5308 3789 5355 et

546 5496 569 5523 ιι
601 5487 876 5543 llactenus
902 5485 1143 5547 obtinuit
1175 5485 1512 5562 Lyncurium,
1550 5491 1695 5561 quod
1722 5490 1940 5549 Succini
1964 5507 2063 5562 po.-
2178 5503 2263 5549 tus
2288 5509 2361 5549 es.

469 5556 583 5613 tius
613 5574 775 5628 quam
807 5572 1037 5683 qemntac
1088 5568 1175 5613 est
1205 5556 1394 5629 genus.
1449 5556 1585 5621 Vide
1609 5579 1730 5632 tunc
1774 5562 1876 5617 hac
1903 5556 1979 5617 de
2003 5580 2061 5619 rc
2255 5576 2277 5601 θ
2305 5563 2457 5633 Legit
2490 5562 2699 5620 Victor.
2731 5562 3008 5619 contrario
3034 5562 3228 5620 ordine
3254 5559 3597 5619 carbunculus
3617 5565 3664 5609 et
3689 5556 3779 5610 la-

469 5641 795 5683 annotamus
844 5646 882 5682 ῐι
911 5637 1074 5683 enisi.
1126 5630 1195 5683 64
1226 5632 1292 5683 ad
1325 5631 1568 5683 Fatbiol..
1604 5647 1753 5683 num.
1788 5633 1878 5683 17.
1924 5633 2059 5683 Am-
2180 5636 2263 5683 nis
2309 5635 2550 5683 prasinus
2599 5635 2746 5683 iuxta
2790 5650 3007 5683 sacrum
3050 5643 3291 5683 textum.
3343 5634 3462 5683 Mox
3482 5641 3696 5683 numtue
3725 5635 3779 5683 et

469 5630 882 5717 annotamusin
911 5630 1197 5717 epistuﬁli
1226 5632 1292 5687 ad
1325 5631 1530 5687 Fabiol.
1553 5674 1569 5699 ,
1604 5630 1753 5689 num.
1788 5633 1878 5691 t7.
1924 5633 2059 5689 Am-
2180 5636 2263 5704 pis
2308 5630 2550 5717 prasinus
2593 5635 2746 5717 juxta
2790 5650 3007 5689 sacrum
3050 5643 3291 5717 textum.
3326 5634 3463 5717 Abqu
3482 5641 3696 5702 quoque
3725 5635 3781 5683 et

468 5695 711 5783 brpsiani
745 5714 877 5783 mss.
908 5695 1221 5783 emendant.
1267 5777 1277 5783 _
1420 5773 1432 5783 .
1555 5695 1565 5699 ⁷
1619 5774 1648 5783 ,Δ
2008 5776 2038 5783 μ
2177 5695 2463 5780 superioris
2494 5695 2630 5762 aeris
2662 5721 2761 5779 pro
2788 5722 2950 5783 supra
2975 5722 3068 5763 nos
3085 5706 3225 5762 aeris
3257 5704 3443 5767 habet.

540 5765 566 5803 ¹³
602 5767 716 5822 Duo
747 5781 905 5833 mss.,
948 5769 1228 5837 apothecas
1260 5777 1378 5828 tuas
1414 5773 1469 5827 in
1508 5789 1569 5828 ea
1594 5774 1698 5841 die,
1741 5788 1844 5842 qua
1883 5776 2069 5830 condi-
