3932 6324
559 236 664 294 537

1811 231 1868 290 S.
1910 229 2184 290 EUSEBII
2219 230 2598 291 HIEBONYMI

3695 244 3771 302 ιιι

558 365 732 431 gentes
794 354 1012 426 (Matth.
1044 352 1168 416 utt.,
1201 352 1316 421 19),
1363 357 1421 405 ιιι
1451 350 1765 421 confugiant
1808 351 1876 407 ad
1909 353 2153 424 Evange-
2177 353 2233 414 Α
2257 351 2412 422 divit,
2443 363 2499 409 et
2530 355 2582 408 in
2606 367 2705 410 cor
2731 353 2971 409 hominis
3002 370 3109 411 non
3142 358 3514 424 ascenderunt,
3541 373 3643 427 qute
3664 374 3768 428 prro-

556 450 687 504 lium
714 491 729 516 ,
764 457 818 502 et
873 461 1064 500 novam
1101 444 1303 514 Legem
1331 445 1668 514 suscipiant,
1716 455 1772 500 ut
1821 446 2152 502 habitatores

557 542 827 614 quondam
859 539 1210 605 idololatrite,
1242 541 1377 595 ﬁant
1407 541 1590 596 coloni
1618 543 1898 599 Ecclesiaz.
1929 543 2006 597 De
2031 543 2151 614 qui-

555 639 654 692 bus
683 635 736 690 in
769 634 995 705 psalmis
1047 633 1281 689 dicitur:
1312 633 1569 689 Dominus
1608 637 1863 705 sapientes
1895 636 2019 706 facit
2048 650 2146 690 ca:-

553 747 658 785 cos.
683 729 811 785 Sive
843 739 901 783 ttt
946 729 999 783 in
1033 728 1242 783 Latinis
1274 729 1554 784 codicibus
1620 716 1819 802 legitur
1851 749 1863 784 :
1897 729 2150 784 Dominus

545 817 1274 889 illuminatcwcos,Dominus
1305 818 1477 894 diligit
1497 820 1721 876 advenas
1749 821 1867 894 (Ps.
1892 837 2056 887 chv,
2088 821 2144 888 8,

553 912 608 984 9)
635 922 648 967 ἑ
675 923 736 968 ιιι
763 923 1047 984 postquam
1081 913 1210 966 (ιποί
1240 911 1420 966 lumen
1454 913 1762 984 receperint
1797 913 2065 980 veritatis,
2093 920 2151 968 et

551 1008 705 1063 stulti
755 1006 1080 1077 sapientiam
1135 1003 1475 1072 didicerint,
1536 1015 1668 1062 tunc
1722 1006 1789 1061 ad
1841 1005 2147 1062 Ecclesium

552 1110 903 1155 transeuntes
953 1097 1254 1167 diligantur
1305 1112 1332 1150 a
1392 1097 1645 1164 Domino,
1699 1107 1753 1153 et
1792 1099 2022 1154 audiant
2053 1115 2152 1171 per

550 1193 879 1264 prophetam
913 1209 926 1246 :
984 1189 1190 1244 Vocabo
1221 1206 1323 1244 non
1351 1191 1603 1262 populum
1667 1208 1861 1260 meum,
1893 1191 2147 1264 pupulum

543 1301 716 1340 meum
739 1283 896 1356 (Osee
924 1300 983 1352 tt,
1005 1284 1100 1352 Ἦ)
1130 1301 1277 1356 ;qno
1308 1286 1550 1341 intrante
1593 1285 1878 1356 Templum
1907 1284 2029 1352 Dei,
2051 1299 2143 1340 ze-

545 1378 632 1434 lus
657 1379 1026 1450 apprebendit
1057 1380 1316 1448 pepulum
1351 1379 1708 1436 ineruditum.

616 1471 800 1545 (Vers.
841 1472 928 1540 16,
970 1473 1087 1540 17.)
1126 1471 1258 1526 Ecce
1280 1489 1370 1544 ego
1394 1474 1563 1528 creavi
1601 1473 1812 1543 fabrum
1842 1473 2146 1542 sufﬂantem

543 1565 600 1618 in
622 1565 742 1638 igne
771 1580 986 1634 prunas,
1022 1574 1070 1618 et
1110 1569 1462 1635 proferentem
1494 1583 1582 1621 vas
1620 1568 1673 1621 in
1705 1583 1834 1637 Opus
1871 1583 2024 1621 suum
2049 1583 2066 1622 :
2093 1576 2144 1621 et

548 1671 644 1728 ego
675 1655 842 1709 creavi
870 1655 1250 1725 interfectorem
1282 1655 1352 1709 ad
1373 1655 1801 1727 disperdendum.
1842 1655 2008 1710 Omne
2028 1672 2137 1726 uas,

2254 448 2468 518 paravit
2502 449 2646 504 Deus
2690 447 3045 518 diligentibus
3075 463 3134 504 se
3178 448 3249 521 (ιι
3292 449 3410 504 Cor.
3439 450 3523 520 ιι).
3555 451 3606 506 Si
3633 461 3768 508 autem

2251 542 2625 612 diligentibus,
2656 558 2791 614 ergo
2819 552 2874 600 et
2900 541 3286 607 servientibus,
3315 543 3404 613 qui
3438 544 3620 599 nullum
3645 545 3768 600 alium

2254 636 2455 692 habent
2488 637 2800 703 Dominum,
2832 637 2932 692 nisi
2960 637 3152 693 Deum.
3183 637 3250 692 Et
3273 636 3387 693 haec
3405 646 3484 692 est
3503 638 3681 708 justitia
3705 654 3772 695 eo«

2250 745 2369 784 rum
2402 729 2497 801 qui
2538 730 2679 801 apud
2707 730 2880 786 Deum
2911 740 3072 795 sunt,
3109 729 3242 785 dicit
3272 729 3540 798 Dominus,
3583 738 3634 785 ut
3667 747 3768 800 prte-

2250 837 2380 878 sens
2417 823 2698 878 tribulatio
2749 821 2933 878 futuro
2974 822 3172 894 gaudio
3221 831 3603 892 contpeusetur.
3645 822 3770 878 Porto

2243 915 2396 986 juxta
2442 915 2798 987 Septuaginta
2854 917 2960 972 iste
3008 913 3143 971 mihi
3193 930 3384 971 sensus
3436 915 3660 971 videtur:
3689 915 3769 986 Ego

2249 1006 2478 1063 Creator
2509 1017 2635 1065 tuus
2665 1025 2772 1064 non
2821 1020 2872 1064 te
2921 1011 2993 1064 ita
3037 1009 3142 1065 feci
3174 1007 3444 1081 quomodo
3472 1008 3686 1064 diabolus
3717 1008 3772 1064 fa-

2248 1103 2346 1159 ber
2376 1103 2652 1174 pessimus
2682 1101 2966 1158 itnmundo
2993 1103 3191 1173 spiritu
3243 1100 3437 1158 conllat
3478 1116 3592 1157 vasa
3623 1100 3772 1170 iniqui-

2249 1198 2396 1268 tatis,
2425 1204 2482 1252 et
2503 1197 2714 1268 profert
2742 1213 2805 1252 ea
2835 1199 2887 1252 itt
2919 1197 3290 1268 perditionem
3327 1215 3340 1250 :
3371 1197 3457 1268 qui
3499 1196 3627 1252 scire
3651 1194 3773 1251 debet

2247 1294 2391 1363 quod
2425 1293 2953 1364 hujuscemodivasa
2981 1308 3306 1364 prosperum
3325 1294 3427 1348 iter
3444 1307 3544 1347 non
3569 1290 3769 1356 habeant,

2247 1384 2342 1441 sed
2377 1385 2429 1440 in
2453 1401 2614 1441 cursu
2648 1385 2829 1440 medio
2870 1386 3319 1455 coniringantur.
3354 1384 3479 1452 Qua:
3517 1383 3611 1437 sint
3634 1392 3774 1437 autem

2245 1492 2394 1544 vasa,
2444 1479 2695 1549 sequenti
2743 1493 3001 1534 sermone
3046 1474 3775 1544 demonstrat;Et,omnisros

2245 1587 2360 1639 qua:
2387 1580 2562 1646 surget
2589 1581 2770 1626 contra
2802 1581 2851 1626 te
2899 1575 2952 1625 in
2985 1571 3270 1641 judicium,
3313 1587 3480 1625 omnes
3506 1586 3584 1624 eos
3625 1568 3773 1623 vinces.

2247 1662 2384 1718 Vasa
2419 1663 2724 1734 iniquitatis
2753 1677 2940 1718 vocem
2969 1661 3196 1729 habent,
3225 1677 3350 1734 qua:
3375 1678 3471 1717 vox
3499 1659 3648 1730 surgit
3677 1673 3776 1713 eon-

537 1747 678 1818 quod
702 1747 881 1816 ﬁctum
900 1756 976 1801 est
996 1759 1181 1802 contra
1212 1759 1278 1817 te,
1303 1765 1406 1802 non
1428 1749 1680 1823 dirigetur
1703 1765 1722 1804 :
1743 1760 1787 1804 et
1817 1767 2016 1805 omnem
2039 1751 2138 1805 litt-
2170 1739 2218 1799 Β
2249 1765 2330 1810 ιω
2358 1755 2686 1825 Ecclesia"),
2711 1755 2932 1826 quando
2963 1766 3170 1826 ponunt,
3197 1753 3440 1810 [ml-elici
3479 1755 3527 1809 in
3552 1751 3776 1808 excelsum

532 1856 692 1912 guam
720 1839 1043 1893 resistentem
1084 1839 1176 1893 tibi
1205 1840 1259 1893 in
1277 1841 1514 1912 judicio,
1538 1841 1828 1912 judicabis.
1861 1841 1992 1897 Ἠωε
2030 1842 2138 1896 ltw-

537 1933 736 1987 reditas
757 1948 1022 1986 servorum
1055 1931 1267 1986 Domini
1291 1949 1309 1986 :
1331 1943 1379 1987 et
1407 1936 1620 2006 justitia
1658 1951 1840 1989 eorum
1862 1937 2007 2007 apud
2035 1953 2135 2006 me,

533 2023 659 2076 dicit
687 2021 967 2077 Dominus.
995 2021 1136 2077 LXX
1168 2038 1182 2077 2
1217 2021 1350 2077 Ecce
1372 2040 1466 2094 ego
1491 2025 1660 2078 creavi
1679 2034 1748 2094 te,
1777 2044 1880 2081 non
1918 2036 1972 2080 ut
2007 2044 2139 2082 tera-

535 2117 647 2172 rius
668 2117 890 2187 sufﬂans
920 2118 974 2170 in
997 2118 1116 2190 igne
1140 2134 1356 2187 prunas,
1382 2127 1429 2172 et
1457 2123 1727 2191 proferens
1754 2137 1843 2176 vas
1881 2122 1936 2174 in
1981 2139 2132 2194 opus.

537 2209 650 2282 Ego
688 2218 860 2264 autem
884 2213 1053 2280 creavi
1083 2221 1130 2266 te
1176 2229 1279 2266 non
1316 2214 1368 2266 in
1411 2215 1754 2284 perditionem
1795 2216 2083 2285 interﬁcere
2117 2233 2137 2271 :

533 2321 683 2359 omne
710 2320 798 2360 vas
819 2305 958 2374 quod
975 2305 1168 2375 factum
1188 2315 1261 2361 est
1287 2317 1468 2362 contra
1487 2317 1555 2377 te,
1580 2325 1681 2363 non
1703 2309 2093 2380 prosperabitur
2113 2325 2133 2366 :

530 2409 577 2454 et
605 2399 772 2454 omnis
803 2415 902 2453 vox
930 2409 1103 2474 surget
1134 2409 1320 2454 contra
1353 2411 1400 2455 te
1430 2402 1483 2455 in
1504 2402 1767 2474 judicium
1793 2419 1811 2455 :
1843 2418 2016 2457 omnes
2046 2419 2132 2457 eos

525 2494 698 2549 vinces
728 2499 782 2557 ἑ·-
819 2502 867 2548 et
895 2495 1106 2549 obnoxii
1135 2496 1210 2548 tui
1240 2503 1388 2550 erunt
1439 2497 1493 2549 in
1543 2512 1605 2550 ea
1645 2501 1687 2563 ‘,
1723 2496 1816 2551 Est
1851 2496 2131 2552 ltwreditas

523 2585 867 2639 servientibus
897 2583 1144 2654 Domino,
1173 2593 1220 2638 et
1249 2601 1338 2639 vos
1360 2587 1504 2640 eritis
1530 2586 1658 2639 mihi
1671 2587 1830 2659 justi,
1863 2588 1990 2642 dicit
2021 2585 2130 2643 Do-

525 2683 716 2738 minus.
754 2682 1007 2737 Dicamus
1051 2681 1291 2750 primum
1333 2680 1491 2752 juxta
1536 2682 1871 2737 llebraicum
1907 2700 1920 2736 :
1954 2683 2010 2739 Si
2044 2686 2129 2740 vis

522 2791 632 2832 non
666 2774 883 2842 timere,
919 2785 975 2829 et
1005 2774 1198 2845 procul
1238 2788 1265 2829 a
1315 2782 1380 2836 te
1429 2788 1553 2829 esse
1597 2773 1950 2830 formidinem
1978 2818 1994 2844 ,
2043 2775 2128 2832 fac

520 2881 646 2939 qua:
673 2865 985 2937 praeteritus
1016 2881 1200 2921 sermo
1231 2867 1502 2929 narravit;
1539 2883 1640 2938 ego
1672 2869 1819 2923 enim
1862 2884 1982 2923 sum
2026 2885 2126 2940 per

521 2975 686 3032 quem
717 2957 973 3013 habitura
1000 2972 1059 3014 es
1087 2957 1410 3030 proselytos.
1446 2959 1560 3031 Ego
1589 2959 1678 3031 qui
1701 2961 1878 3016 creavi
1906 2960 2123 3019 fabrum

519 3053 835 3110 sufﬂantem
885 3051 941 3106 in
997 3052 1123 3123 igne
1152 3067 1379 3123 prunas,
1411 3053 1515 3109 hoc
1545 3063 1658 3123 est,
1691 3053 1966 3111 diabolum
1999 3073 2118 3112 om-

2242 1866 2516 1919 ossuum,
2561 1861 2615 1907 et
2667 1852 2849 1924 lingua
2904 1867 3094 1907 eorum
3149 1851 3441 1922 pertransit
3491 1849 3550 1905 ad
3594 1858 3773 1904 terram.

2241 1944 2506 2016 Quodque
2535 1945 2782 2016 sequitur
2818 1962 2832 1997 :
2867 1942 2936 1999 Et
2963 1945 3172 1998 obnoxii
3209 1945 3284 1997 tui
3315 1954 3459 1998 erant
3478 1943 3525 1997 in
3553 1958 3625 2010 ea,
3651 1938 3774 1995 obelo

2241 2037 2687 2107 prtenotavitnus,
2717 2037 2861 2109 quod
2900 2053 3008 2094 non
3039 2048 3148 2093 tam
3191 2054 3220 2093 a
3255 2036 3400 2093 LXX
3427 2052 3577 2110 quam
3599 2053 3624 2090 a
3652 2033 3774 2089 malis

2239 2131 2599 2202 scriptoribus
2646 2131 2859 2186 videtur
2888 2131 3156 2187 additum.
3202 2131 3340 2188 Cum
3387 2142 3555 2187 autent
3597 2141 3774 2185 omnem

2238 2239 2430 2281 vocem
2485 2234 2799 2295 surgentem
2849 2224 3141 2280 adversum
3197 2239 3259 2280 se
3313 2224 3542 2280 Ecclesia
3593 2221 3770 2285 vicerit,

2238 2327 2366 2373 tunc
2411 2317 2781 2374 servientibus
2808 2317 3042 2372 Domino
3073 2326 3129 2373 et
3155 2317 3536 2374 obedientibus
3571 2317 3662 2372 erit
3685 2313 3772 2367 luc-

2233 2410 2463 2475 reditas,
2493 2420 2698 2466 interna
2729 2413 3029 2482 possessio.
3073 2410 3150 2466 De
3193 2427 3300 2482 qua
3334 2410 3388 2467 in
3421 2410 3630 2467 Jeremia
3669 2407 3769 2461 aliis

2233 2505 2413 2560 verbis
2429 2504 2658 2560 dicitur:
2686 2505 2780 2561 Est
2810 2522 3006 2562 merces
3034 2507 3278 2578 aperibus
3308 2508 3408 2565 tuis
3430 2505 3613 2582 (lenm.
3635 2516 3765 2569 xxxi,

2230 2598 2344 2668 56).
2381 2599 2839 2672 llabitatoresque
2893 2601 3156 2658 Ecclesia:
3185 2603 3322 2673 justi
3369 2611 3526 2659 erunt
3554 2597 3766 2654 Domino.

2228 2690 2419 2747 Omnis
2466 2693 2615 2748 enim
2656 2693 2747 2762 qui
2792 2693 2923 2748 facit
2955 2694 3250 2766 justitiam,
3283 2697 3356 2752 de
3385 2696 3492 2752 Deo
3525 2701 3660 2748 natus
3684 2698 3767 2745 est.

2227 2782 2434 2850 Quibus
2461 2785 2705 2856 loquitur
2732 2785 2995 2844 Dominus
3022 2805 3034 2841 :
3055 2787 3238 2844 Estote
3255 2789 3444 2858 sancti,
3468 2787 3682 2860 quoniam
3699 2798 3772 2854 ego

2224 2885 2433 2932 sanctus
2461 2895 2576 2932 sum
2607 2877 2801 2951 (Leuit.
2837 2897 2932 2948 xx,
2961 2879 3081 2952 26).

2297 2971 2451 3041 ((ἶπρο
2484 2970 2595 3027 ῘΝ·
2628 3000 2698 3020 ν·-
2733 2973 2890 3030 Vers.
2945 2973 3024 3047 1.)
3049 2975 3240 3033 Omnes
3278 2979 3504 3034 sitientes
3547 2976 3686 3032 venite
3717 2967 3773 3024 ad

2223 3081 2403 3135 aquas,
2432 3075 2477 3119 et
2503 3067 2595 3135 qui
2624 3083 2729 3121 non
2760 3067 2957 3122 habetis
2986 3071 3259 3140 pecuniam
3293 3071 3474 3144 [Vulg.
3502 3064 3768 3146 argentum],

519 3146 671 3200 nium
726 3142 993 3198 malorum
1025 3143 1319 3209 artificem,
1351 3161 1458 3198 non
1502 3145 1833 3202 necessitate
1885 3157 2112 3216 naturze,

2224 3174 2517 3229 preparato,
2543 3161 2696 3215 emite
2718 3169 2768 3214 et
2796 3163 3047 3217 comedite
3070 3180 3089 3217 :
3118 3165 3310 3230 venite,
3337 3167 3488 3221 emite
3509 3164 3676 3234 absque
3700 3176 3770 3214 ar-

519 3236 617 3294 sed
642 3236 840 3292 mentis
866 3235 1120 3291 arbitrio.
1153 3236 1259 3304 Qui
1289 3237 1576 3292 suscitavit
1606 3237 1880 3304 incendia,
1906 3247 1962 3294 et
1991 3254 2118 3309 ιιι-οι

515 3331 656 3388 feret
677 3339 863 3386 contra
889 3338 942 3384 te
970 3344 1096 3384 vasa
1125 3348 1138 3384 :
1163 3329 1352 3400 quales
1374 3329 1596 3386 fuerunt
1615 3330 1805 3387 Simon
1829 3342 1886 3389 et
1915 3333 2118 3390 Elimas

519 3425 688 3496 magi,
719 3423 884 3480 Petro
906 3432 962 3478 et
979 3421 1149 3477 Paulo
1175 3422 1438 3492 apostolis
1464 3423 1786 3480 resistentes
1808 3426 1947 3492 (Act.
1973 3425 2112 3497 ιιιιι).

516 3519 634 3590 Ego
663 3519 842 3574 creavi
871 3517 1290 3572 interfectorem
1321 3532 1511 3572 eorum
1549 3518 1638 3586 qui
1682 3517 1946 3574 increduli
1989 3528 2116 3574 sunt

514 3612 709 3668 futuri.
741 3610 861 3665 Non
905 3625 1011 3680 quo
1037 3626 1138 3679 ego
1183 3610 1286 3664 sim
1334 3625 1497 3665 causa
1533 3611 1857 3680 perditionis
1895 3627 2108 3682 eorum,

514 3703 612 3759 sed
644 3716 755 3770 quo
781 3711 999 3756 creatus
1024 3700 1376 3756 adversarius
1407 3701 1475 3755 ad
1508 3703 1880 3773 pugnandum,
1911 3713 1964 3758 et
1995 3705 2111 3760 vic-

515 3798 585 3852 tis
644 3793 901 3866 perditio,
956 3801 1010 3848 et
1060 3793 1365 3848 victoribus
1405 3809 1568 3850 causa
1612 3797 1685 3849 sit
1734 3798 2107 3865 praemiorum.

512 3887 828 3958 Omnesque
855 3885 948 3956 qui
986 3896 1176 3940 contra
1211 3894 1265 3942 te
1309 3901 1339 3940 a
1389 3886 1541 3942 fabro
1572 3886 1825 3944 sufflante
1874 3900 2002 3946 sunt
2030 3891 2111 3948 fa-

509 3981 728 4052 bricati,
786 3995 894 4036 non
936 3978 1265 4051 dirigentur,
1309 3981 1404 4036 sed
1454 3992 1505 4037 et
1561 3993 1862 4052 praesentes
1919 4002 2106 4056 pinnas

511 4075 756 4132 sentient
783 4083 838 4130 et
862 4073 1094 4128 futuras.
1124 4072 1394 4145 Quodque
1422 4075 1576 4145 prius
1605 4075 1888 4134 videbatur
1916 4081 2107 4136 occul-

509 4180 648 4236 tum,
677 4170 732 4226 in
756 4169 1218 4240 consequentibus
1246 4170 1449 4227 dicitur
1479 4173 1826 4232 manifestius
1859 4193 1872 4230 :
1898 4176 1968 4232 Et
1995 4197 2107 4233 om-

506 4281 626 4318 nem
654 4263 890 4336 linguam
911 4261 1231 4315 resistentent
1248 4262 1340 4318 tibi
1367 4265 1420 4318 in
1441 4265 1646 4338 judicio
1666 4267 1954 4341 judicabis,
1983 4287 2105 4344 per-

509 4355 646 4412 dens
681 4352 845 4426 6&2
887 4353 1215 4424 sapientiam
1262 4357 1613 4428 sapientium,
1660 4369 1717 4416 et
1759 4363 2101 4432 prudentiam

502 4448 856 4523 prudentium
911 4449 1235 4520 reprobans.
1303 4451 1650 4527 Cunctosque
1719 4458 2098 4520 haereticorum

497 4544 803 4618 principes,
835 4553 889 4598 et
919 4542 1234 4600 Judaeorum
1264 4547 1575 4618 magistros,
1604 4559 1660 4607 et
1699 4555 1884 4610 mundi
1917 4559 2098 4628 philo-

500 4641 731 4712 sophos,
761 4653 902 4711 quos
927 4638 1085 4695 faber
1113 4639 1204 4695 ille
1233 4640 1586 4713 conflaverat,
1620 4655 1709 4701 tuo
1734 4648 1941 4718 judicio
1969 4667 2099 4708 con-

500 4735 810 4792 demnabis.
858 4733 1144 4802 Quomodo
1188 4743 1244 4790 et
1282 4735 1487 4807 Regina
1527 4739 1676 4794 Saba
1717 4743 2098 4802 condemnavit

493 4827 836 4891 incredulos,
869 4839 922 4881 et
946 4827 1205 4881 Ninivitte
1237 4843 1251 4880 :
1281 4838 1332 4882 et
1354 4834 1676 4885 econtrario
1704 4832 2096 4900 justificabitnr

487 4914 738 4974 Sodoma
781 4920 1189 4984 comparatione
1241 4921 1443 4989 pejoris
1497 4921 1802 4981 Jerusalem
1855 4927 2092 5000 (Matth.

492 5009 617 5080 xu).
652 5007 781 5063 Post
815 5008 930 5061 hmo
958 5008 1194 5064 infertur
1220 5026 1341 5080 qua:
1360 5013 1474 5067 sint
1503 5016 1727 5084 praemia
1756 5016 2086 5089 futurorum,

489 5113 518 5143 ι
578 5118 646 5160 ne
696 5116 909 5157 cassum
966 5112 1159 5173 putent
1189 5121 1310 5160 esse
1358 5116 1664 5178 certamen,
1722 5121 1778 5168 et
1831 5120 2085 5181 prtesenti

488 5208 667 5254 morte
695 5195 858 5250 finiri.
914 5193 1041 5249 ιιωο
1079 5204 1162 5250 est
1208 5197 1499 5256 haereditas
1530 5217 1809 5261 servorum
1841 5206 2082 5278 Domini,

481 5291 541 5347 id
571 5301 676 5361 est,
710 5302 879 5360 regna
910 5287 1201 5356 cmlorum,
1231 5298 1288 5344 et
1314 5291 1422 5345 vita
1451 5308 1738 5364 perpetua,
1768 5310 1823 5356 et
1853 5303 2084 5360 retribu-

474 5383 554 5440 tio
587 5383 864 5448 laborum,
899 5396 1025 5453 quae
1045 5381 1237 5438 oculus
1262 5399 1369 5438 non
1403 5385 1556 5453 vidit,
1590 5398 1647 5446 et
1673 5397 1820 5449 auris
1850 5413 1957 5452 non
1983 5414 2083 5454 au-

550 5511 578 5540 ιι
609 5503 663 5557 In
696 5502 978 5589 vetustiori
997 5501 1533 5589 Atnbrosi‘ano,‘qua:
1559 5511 1662 5564 sint
1693 5517 1908 5582 preemia
1938 5521 2087 5589 fatu-

474 5586 652 5658 eorum
668 5618 693 5658 ζ.
709 5589 772 5656 ne
787 5589 855 5656 ea
875 5584 1111 5642 putarent
1152 5583 1465 5631 sustinentes
1504 5590 1783 5653 certamen,
1829 5583 2074 5658 praesenti

477 5654 636 5696 morte
659 5645 821 5708 ﬁniri.

543 5709 570 5751 δ
610 5712 775 5766 Addit
801 5713 1095 5781 Victorius,
1140 5734 1242 5773 non
1281 5720 1334 5774 in
1363 5722 1586 5791 panibus
1617 5769 1630 5792 ,
1682 5726 1747 5781 ad
1789 5727 2065 5800 Graecum,

2219 3263 2392 3321 gento,
2442 3260 2491 3304 et
2536 3251 2730 3323 absque
2779 3252 2892 3309 ulla
2940 3258 3347 3312 commutatione
3393 3259 3559 3312 uinum
3599 3264 3642 3310 et
3685 3254 3766 3308 lac.

2222 3344 2396 3412 Quare
2420 3349 2712 3417 appenditis
2740 3357 3012 3422 argentum
3036 3366 3140 3405 non
3164 3352 3219 3406 in
3244 3352 3488 3424 panibus,
3518 3360 3562 3406 et
3585 3350 3772 3403 laborem

2216 3447 2444 3492 vestrum
2481 3455 2587 3492 non
2625 3441 2682 3494 in
2709 3443 3026 3498 saturitate?
3065 3442 3230 3516 643
3273 3443 3424 3500 LXX
3454 3461 3466 3499 :
3497 3443 3592 3510 Qui
3625 3440 3766 3502 sititis,

2214 3531 2286 3584 ite
2305 3531 2374 3584 ad
2395 3548 2605 3603 aquam,
2632 3541 2678 3587 et
2708 3543 2960 3605 quotquot
2990 3552 3093 3590 non
3116 3535 3318 3592 habetis
3348 3538 3640 3609 pecuniam,
3669 3548 3771 3587 eun-

2216 3629 2290 3676 tes
2311 3623 2482 3693 emite,
2503 3634 2550 3680 et
2574 3626 2845 3696 comedite,
2877 3638 2924 3683 et
2953 3629 3234 3700 ambulate,
3258 3641 3313 3686 et
3339 3633 3487 3686 emite
3507 3630 3678 3699 absque
3695 3641 3768 3694 pe-

2214 3719 2368 3770 cunia
2393 3727 2440 3772 et
2476 3719 2668 3791 absque
2696 3722 2863 3792 pretio
2909 3723 3082 3777 vinum
3110 3731 3158 3778 et
3188 3725 3420 3795 adipem.
3457 3726 3620 3792 Quare
3634 3718 3769 3777 emittit

2212 3812 2433 3883 pecunia
2451 3810 2502 3880 δ,
2521 3823 2571 3866 et
2594 3813 2823 3870 laborem
2845 3826 3069 3871 vestrum
3090 3833 3192 3872 non
3213 3818 3271 3872 in
3298 3818 3646 3875 saturitatem?
3663 3813 3770 3868 Ver-

2210 3905 2337 3960 bum
2371 3905 2697 3962 llebraicum
2730 3923 2785 3964 οι
2814 3913 2958 3982 (vn),
2985 3911 3054 3966 de
3080 3926 3189 3982 quo
3227 3929 3396 3984 supra
3439 3914 3491 3968 in
3521 3906 3768 3983 prophetia

2207 4007 2407 4055 contra
2438 3999 2590 4055 Ariel
2618 4001 2863 4056 dixerant
2894 4003 3000 4075 (Ad
3026 4020 3143 4076 cap.
3187 4004 3308 4076 29),
3345 4005 3486 4078 quod
3524 4011 3656 4060 esset
3677 4013 3768 4054 amo

2208 4091 2454 4163 biguum,
2484 4102 2541 4150 et
2568 4096 2656 4150 vel
2683 4095 3118 4167 interjectionem
3150 4101 3421 4168 vocantis,
3470 4102 3550 4156 vel
3588 4115 3682 4164 ate,
3706 4094 3768 4150 si-

2206 4187 2513 4258 gnificaret,
2546 4189 2634 4244 hic
2663 4188 2716 4244 in
2744 4191 3017 4262 principio
3044 4191 3270 4262 capituli
3299 4193 3555 4265 positum,
3595 4201 3766 4260 nequa-

2207 4299 2370 4352 quam
2403 4283 2713 4355 plangentis
2744 4284 2963 4356 legilur,
2997 4285 3094 4342 sed
3133 4290 3386 4345 vocantis
3416 4288 3630 4345 affectu.
3656 4281 3766 4352 Quia

2205 4391 2338 4447 ergo
2367 4391 2528 4432 onme
2562 4392 2656 4432 vas
2681 4377 2864 4432 fictum
2887 4388 3080 4434 contra
3107 4380 3412 4438 Ecclesiam
3431 4383 3635 4438 dixerat
3657 4391 3765 4434 eon-

2209 4469 2522 4537 terendum,
2556 4480 2611 4526 et
2641 4484 2861 4526 omnem
2912 4487 3102 4528 vocem
3135 4473 3523 4548 linguamque,
3569 4487 3678 4546 quae
3717 4482 3768 4524 se

2205 4572 2519 4618 armaverat
2539 4571 2730 4619 contra
2760 4564 3048 4621 scientiam
3076 4567 3197 4635 Dei,
3226 4584 3352 4624 esse
3383 4565 3725 4639 superandam
3755 4578 3764 4611 :

2204 4666 2470 4728 provocat
2496 4657 2785 4714 credentes
2813 4659 2880 4714 ad
2908 4659 3134 4718 fluvium
3163 4663 3285 4727 Dei,
3327 4665 3420 4734 qui
3446 4663 3673 4733 repletus
3697 4662 3767 4712 est

2202 4750 2389 4820 aquis,
2437 4760 2494 4805 et
2523 4750 2677 4820 cujus
2708 4752 2946 4822 impetus
2978 4754 3221 4812 laetilieat
3255 4757 3541 4812 civitatem
3576 4753 3689 4817 Dei,
3719 4756 3763 4802 ιιι

2199 4842 2391 4896 bibant
2418 4858 2587 4914 aquas
2615 4845 2684 4900 de
2712 4846 2956 4901 fontibus
2984 4846 3310 4916 Salvatoris,
3342 4850 3434 4919 qui
3464 4847 3686 4919 loquitur
3707 4838 3765 4896 ad

2198 4932 2600 4990 Samaritanam
2627 4953 2641 4991 :
2670 4937 2732 4994 Si
2777 4939 2936 4993 scires
2965 4943 3190 5012 gratiam
3220 4941 3344 5007 Dei,
3370 4954 3418 4997 et
3447 4942 3557 5011 quis
3581 4949 3666 5005 est,
3690 4932 3767 5003 ηαί

2193 5027 2323 5081 dicit
2345 5029 2456 5097 tibi,
2476 5028 2547 5083 da
2571 5031 2700 5085 mihi
2724 5031 2894 5086 bibere
2915 5050 2934 5087 :
2956 5043 3011 5086 tu
3036 5035 3250 5105 petisses
3270 5035 3336 5089 ab
3351 5045 3491 5101 eo,et
3520 5044 3543 5074 ο
3571 5029 3764 5088 dedit“!

2190 5119 2285 5174 tibi
2323 5137 2533 5192 aquam.
2573 5122 2720 5194 Aqua
2750 5141 2905 5196 quam
2936 5142 3029 5197 ego
3054 5125 3246 5182 dedero
3267 5128 3350 5196 ei,
3386 5128 3474 5196 ﬁet
3499 5128 3550 5180 in
3581 5140 3634 5179 eo
3661 5124 3762 5193 fons

2188 5231 2338 5285 aqnte
2358 5215 2591 5272 salientis
2608 5218 2660 5272 in
2691 5219 2851 5272 vitam
2877 5229 3120 5274 wternam
3144 5219 3326 5292 (Joan.
3355 5237 3433 5286 tv,
3465 5220 3550 5287 10,
3572 5215 3674 5288 14).
3701 5214 3762 5267 De

2186 5309 2271 5364 his
2293 5310 2446 5380 aquis
2471 5311 2742 5367 clamabat
2789 5311 2844 5367 in
2879 5313 3106 5384 Temple
3141 5331 3154 5368 :
3189 5314 3249 5370 Si
3291 5315 3410 5386 quis
3440 5314 3570 5382 sitit,
3613 5307 3759 5364 veniet

2187 5401 2256 5454 ad
2279 5419 2376 5472 me,
2411 5411 2456 5457 et
2478 5402 2635 5458 bibat.
2669 5404 2771 5473 Qui
2799 5405 2980 5462 biberit
3007 5407 3071 5461 de
3098 5424 3255 5478 aqua,
3287 5423 3452 5474 quam
3478 5420 3572 5480 ego
3591 5401 3758 5459 dedero

2192 5523 2276 5576 οὐκ
2301 5523 2352 5600 ἐγ
2377 5521 2574 5600 ἄρτοις.
3677 5590 3706 5600 _
3742 5587 3752 5598 .

2256 5604 2278 5672 ξ
2323 5590 2656 5672 lt_t_'_eodem,
2715 5599 2939 5653 dedisset
2989 5600 3082 5656 tibi
3126 5615 3317 5672 aquam
3371 5600 3642 5672 viventem.
3668 5590 3752 5658 Qui

2179 5665 2314 5807 inim
2353 5666 2536 5793 biberit
2566 5671 2630 5723 de
2659 5686 2822 5740 aqua,
2855 5687 3011 5743 quam
3040 5689 3131 5743 ego
3162 5665 3362 5728 dedero
3389 5672 3468 5736 ei,
3508 5669 3594 5737 ﬁet
3626 5667 3673 5718 in
3701 5676 3750 5715 eo

2206 5753 2320 5804 ons,
2350 5754 2380 5794 e
2407 5755 2456 5795 c.
3312 5793 3314 5796 ,

2206 5753 2320 5804 ons,
2350 5753 2456 5795 etc.
