3932 6366
173 395 280 454 529

747 397 1504 471 COMMENTARIORUMJN
1543 399 1776 456 ISAIAM
1817 398 2237 456 PROPHETAM
2277 397 2410 454 LIB.
2452 399 2570 456 XV.
2613 399 2770 458 CAP.
2814 401 2925 459 LV.

3383 405 3487 462 550

174 520 251 588 ei,
282 519 511 589 ﬂuntina
529 522 590 576 de
618 530 790 576 ventre
804 526 919 596 ejus
940 523 1103 592 ﬂuent
1131 538 1282 594 aqua
1311 523 1437 579 viva:
1460 522 1658 596 (lbid.,
1686 523 1777 591 57,
1808 525 1864 584 Α
1887 531 1934 578 et
1960 522 2273 594 pinguedine
2291 523 2554 595 repleatur
2579 526 2755 579 anima
2781 543 2894 581 mea
2935 526 3110 598 (Psal.
3138 543 3272 598 tht,
3307 529 3363 600 6)
3388 545 3402 595 ;
3429 537 3485 584 et

175 609 305 682 38),
330 614 648 685 signiﬁcans
673 613 939 684 Spiritum
978 624 1256 682 sanctum,
1301 630 1461 686 quem
1489 615 1778 672 credentes

177 710 461 778 accepturi
495 717 672 773 erant,
724 717 780 764 et
822 709 892 765 de
921 725 1029 778 quo
1066 708 1341 779 Propheta
1377 710 1611 782 mystico
1659 726 1779 765 ser-

175 816 348 856 mone
375 803 675 860 resonabat
703 820 716 858 :
750 803 925 860 Sitivit
954 805 1131 858 anima
1158 821 1271 858 mea
1297 805 1365 858 ad
1402 802 1569 859 Deum
1604 805 1778 859 viven-

170 903 275 948 tem
305 892 483 967 (Psal.
511 912 622 959 xu,
653 896 743 962 2);
777 904 834 953 et
869 897 1066 952 iterum
1097 898 1290 969 :Apud
1322 908 1368 952 te
1406 902 1524 971 fons
1559 907 1633 952 est
1658 898 1776 952 vitat

174 985 358 1057 (Psal.
384 1003 550 1053 xxxv,
586 988 699 1062 10).
733 989 835 1060 Qui
858 990 976 1058 ipse
1001 991 1068 1044 de
1099 1006 1157 1046 se
1187 992 1548 1061 loquebatur:
1580 992 1665 1047 Me
1687 992 1776 1046 de-

168 1080 498 1150 reliquerunt
527 1083 722 1152 fontem
767 1099 914 1153 aqum
948 1085 1113 1138 vim:
1141 1093 1191 1136 et
1219 1084 1461 1154 [oderunt
1499 1085 1596 1140 sibi
1630 1083 1778 1140 lacus

169 1177 450 1244 contritas,
484 1179 574 1246 qui
599 1194 701 1232 non
723 1187 940 1250 possunt
977 1195 1142 1250 aquas
1168 1181 1432 1234 continere
1461 1178 1683 1247 (Jerem.
1714 1195 1772 1246 tt,

168 1268 292 1341 13).
344 1269 455 1324 llas
478 1272 664 1341 faquas
694 1283 960 1343 spargunt
999 1273 1193 1341 nubes,
1249 1273 1315 1328 ad
1362 1287 1499 1343 quas
1527 1274 1777 1343 pervenit

163 1361 383 1416 veritas
412 1362 532 1419 Dei.
575 1363 732 1419 Sicut
763 1364 1028 1434 scriptum
1058 1377 1144 1420 est
1169 1389 1183 1420 :
1212 1365 1282 1420 Et
1326 1366 1482 1420 nubes
1526 1377 1775 1438 spargant

155 1456 434 1526 justitiam
467 1453 623 1526 (Isai.
649 1472 778 1526 ην,
801 1458 856 1525 8,
886 1474 992 1512 sec.
1017 1457 1207 1530 LXX).
1240 1457 1674 1530 Przecipiturque
1699 1459 1774 1514 sl-

166 1547 463 1616 tientibus,
499 1559 557 1604 ut
603 1565 946 1622 nequaquam
989 1551 1181 1608 bibant
1223 1567 1394 1630 aquas
1423 1551 1549 1608 Sior
1598 1552 1773 1607 turbi-

163 1638 292 1706 das,
328 1649 383 1696 et
412 1648 693 1698 tumentes
718 1644 959 1714 gurgites
987 1643 1381 1716 Assyriorum;
1413 1644 1511 1699 sed
1544 1651 1774 1715 pergant

163 1731 238 1786 ad
269 1746 450 1802 aquas
479 1732 653 1802 Siloe,
685 1749 808 1805 qua“:
841 1734 1046 1791 vadunt
1075 1751 1198 1791 cum
1246 1736 1502 1802 silentio;
1554 1750 1656 1792 nec
1705 1737 1773 1791 ti-

165 1835 358 1881 meant
387 1825 589 1898 eloquii
637 1837 1046 1900 paupertatem,
1078 1832 1124 1886 si
1153 1843 1440 1903 argentum
1484 1831 1622 1886 lorte
1658 1846 1768 1885 non

1880 614 1935 671 in
1963 618 2073 672 alio
2103 617 2225 672 loco
2251 633 2264 671 :
2292 616 2490 671 Cibavit
2519 634 2605 670 eos
2633 617 2698 671 de
2726 619 2882 688 adipe
2911 620 3181 692 frumenti,
3216 631 3263 676 et
3292 621 3356 676 de
3393 624 3483 693 pe?

1881 716 1963 761 tra
1988 707 2138 762 melle
2165 709 2418 763 saturavit
2448 725 2535 763 eos
2565 708 2752 781 (Psal.
2789 728 2951 782 Lux,
3003 713 3116 781 17).
3145 714 3247 782 Qui
3290 713 3478 785 adipes

1879 816 1988 857 non
2015 800 2160 855 aliud
2189 817 2350 870 quam
2380 805 2668 872 mysticam
2700 817 2921 859 carnem
2951 816 3170 861 sonant.
3205 805 3285 860 Ad
3317 821 3478 876 quam

1881 893 2143 949 Dominus
2167 894 2474 965 discipulos
2503 896 2848 966 hortabatur,
2884 897 3117 955 dicens:
3152 899 3274 954 Nisi
3310 917 3482 956 come.

1880 989 2062 1043 deritis
2105 1005 2311 1043 carnem
2348 1005 2548 1059 meam,
2582 999 2629 1044 et
2677 990 2906 1045 biberitis
2946 995 3249 1065 sanguinem
3289 1010 3476 1062 meum,

1879 1099 1982 1137 non
2007 1081 2259 1136 habebitis
2288 1082 2449 1136 vitam
2485 1085 2536 1135 in
2584 1082 2724 1136 vobis
2751 1082 2934 1150 (Joan.
2971 1101 3043 1152 γι,
3074 1086 3189 1155 54).
3222 1085 3380 1142 Unde
3425 1097 3483 1142 et

1879 1177 1932 1232 in
1973 1175 2307 1232 Gethsemani
2353 1178 2590 1232 traditus
2629 1186 2747 1245 est,
2779 1177 2925 1245 quod
2970 1177 3244 1248 signiﬁcat
3290 1177 3480 1233 vallem

1876 1270 2139 1339 adipeam,
2169 1270 2285 1325 sive
2316 1269 2732 1340 pinguissimam.
2768 1269 3056 1338 Simulque
3083 1271 3331 1335 increpat
3357 1284 3480 1342 eos,

1876 1363 1967 1434 qui
2007 1372 2310 1434 sequuntur
2342 1363 2666 1433 sapientiam
2707 1364 3035 1418 smciilarem
3083 1373 3138 1418 et
3186 1376 3483 1434 perversas

1878 1456 2258 1511 haereticorum
2303 1455 2703 1525 simulatasque
2729 1455 3034 1521 doctrinas,
3085 1460 3140 1509 et
3164 1453 3476 1510 Pharisaao-

1875 1566 1997 1606 rnm
2024 1551 2368 1618 traditiones,
2394 1564 2724 1616 omnemque
2752 1549 2878 1604 fulsi
2902 1549 3146 1604 nominis
3163 1547 3473 1616 scientiam,

1875 1659 1995 1713 quae
2016 1642 2261 1697 elevatur
2291 1649 2484 1696 contra
2519 1641 2715 1709 Deum,
2748 1649 2807 1696 et
2843 1641 3057 1712 magnis
3087 1638 3280 1710 pretiis
3307 1654 3371 1694 ac
3396 1639 3480 1694 lae

1876 1738 2009 1793 bore
2035 1737 2299 1793 continuo
2323 1736 2648 1804 appendunt
2672 1745 2955 1806 argentum
3005 1749 3104 1805 pro
3136 1750 3198 1790 ea
3229 1733 3476 1804 discipli-

1875 1845 1966 1895 na,
1995 1829 2048 1885 in
2080 1843 2186 1900 qua
2226 1844 2337 1884 non
2362 1828 2526 1901 645
2558 1839 2685 1884 sunt
2718 1843 2909 1899 panes,
2947 1837 3004 1884 et
3031 1827 3232 1882 sudant
3261 1842 3364 1898 pro
3391 1827 3480 1882 his

166 1916 416 1976 habeant
448 1918 588 1992 (lca.
632 1937 755 1987 xcv;
801 1922 1000 1979 Jerem.
1030 1924 1122 1996 ιι),
1156 1925 1251 1980 sed
1284 1925 1509 1980 audiant
1539 1924 1773 1995 Apostoo
1802 1921 1852 1982 B
1877 1921 2034 1988 cibis,
2068 1922 2120 1976 in
2149 1921 2346 1993 quibus
2370 1923 2517 1976 nulla
2568 1922 2825 1976 saturitas
2850 1929 2954 1976 est.
2981 1921 3057 1975 Ex
3091 1935 3200 1990 quo
3229 1918 3476 1975 ostendi-

165 2011 281 2066 lum
313 2013 595 2069 dicentem
625 2033 639 2069 :
669 2014 852 2071 Gratia
877 2017 1011 2072 salvi
1036 2017 1162 2087 [acti
1185 2018 1308 2072 estis
1341 2016 1562 2090 (Ephes.
1589 2034 1648 2083 tt,
1677 2017 1766 2090 8);

167 2111 221 2156 et
257 2103 554 2159 Dominum
587 2104 656 2160 ad
691 2105 988 2178 discipulos
1019 2125 1032 2162 :
1068 2106 1245 2162 Gratis
1280 2111 1574 2182 accepistis,
1605 2111 1772 2184 gratis

165 2193 290 2248 date
341 2193 563 2266 (Matth.
612 2213 681 2267 x,
724 2198 808 2269 8).
861 2199 1168 2271 Mirumque
1209 2201 1261 2255 in
1309 2202 1530 2257 modum
1575 2212 1771 2257 emunt

165 2301 339 2356 aquas
367 2289 576 2359 absque
623 2293 886 2360 pecunia;
918 2301 973 2348 et
1019 2308 1128 2348 non
1161 2295 1357 2350 bibunt
1387 2311 1509 2365 cas,
1538 2295 1634 2350 sed
1676 2310 1766 2350 co-

165 2378 420 2434 medunt.
448 2379 567 2450 Ipse
594 2381 738 2437 enim
769 2393 823 2437 et
853 2397 991 2454 aqua
1019 2385 1248 2454 etpanis
1275 2395 1379 2455 est,
1413 2387 1505 2456 qui
1533 2385 1604 2442 de
1626 2387 1768 2444 coelo

169 2470 462 2528 descendit
491 2473 684 2546 (Joan.
713 2479 812 2548 vi).
842 2477 985 2548 Ergo
1031 2479 1176 2550 quod
1210 2480 1262 2534 in
1294 2481 1620 2552 quibusdam
1665 2498 1767 2538 ex-

167 2566 510 2637 emplaribus
554 2569 750 2641 legitur
783 2588 796 2624 :
831 2569 1024 2640 Emite,
1058 2585 1106 2629 et
1151 2574 1330 2644 bibite,
1379 2576 1450 2631 ab
1497 2577 1766 2649 imperitis

172 2658 537 2727 scriptoribus
573 2660 918 2716 immutatum
950 2673 1054 2733 est,
1085 2663 1253 2737 6M
1302 2667 1393 2735 qui
1440 2680 1766 2738 putaverunt

166 2762 288 2805 esse
308 2753 759 2822 consequentius,
786 2754 831 2809 si
851 2755 1170 2813 biberentur
1200 2761 1378 2829 putius
1401 2777 1576 2831 aquae,
1603 2779 1762 2834 quam

165 2841 612 2900 comederentur.
649 2845 744 2903 Est
775 2858 959 2905 autem
989 2859 1046 2906 et
1076 2854 1314 2922 pecunia
1344 2855 1604 2925 pessima,
1650 2858 1765 2914 sive

167 2945 481 3008 argentum,
512 2940 654 3008 quod
696 2943 958 3013 reprobat
986 2944 1294 3017 Scriptura,
1328 2948 1558 3006 dicens:
1589 2950 1762 3006 Pecu-

167 3029 275 3094 nia,
333 3047 454 3101 qute
516 3031 670 3087 datur
723 3051 840 3090 cum
867 3037 1007 3104 dolo,
1068 3041 1221 3108 quasi
1267 3049 1395 3095 testa
1441 3045 1768 3114 reputabitur

172 3121 357 3192 (Prov.
388 3140 543 3197 xxvt,
575 3127 667 3196 25,
697 3145 800 3184 sec.
831 3129 1032 3203 LXX);
1066 3143 1120 3188 et
1152 3135 1204 3189 in
1229 3137 1335 3190 alio
1368 3137 1487 3194 loco
1519 3155 1532 3193 τ
1568 3141 1765 3212 Argen-

169 3226 274 3272 tum
305 3229 531 3274 vestrum
557 3221 840 3291 reprobum
868 3223 1088 3298 (Jerem.
1118 3243 1193 3298 vt,
1219 3229 1334 3301 50).
1364 3231 1428 3285 Et
1454 3241 1538 3286 est
1564 3249 1764 3305 argen-

1875 2024 1964 2071 tur
1986 2030 2104 2070 eam
2138 2014 2453 2070 sectandam
2483 2027 2607 2068 esse
2629 2013 2978 2084 sapientiam,
3007 2028 3131 2083 qua:
3160 2025 3268 2067 non
3304 2020 3386 2066 est
3419 2010 3472 2066 in

1873 2108 2017 2164 foliis
2043 2123 2108 2163 ac
2128 2107 2262 2162 ﬂore
2283 2107 2604 2173 verborum,
2636 2105 2732 2161 sed
2765 2107 2817 2160 in
2841 2104 3097 2160 medullis
3125 2119 3189 2159 ac
3210 2103 3480 2158 fructibus

1871 2221 2130 2262 sensuum
2158 2222 2172 2271 ;
2206 2220 2326 2276 quae
2349 2220 2456 2259 non
2486 2217 2672 2258 aurem
2703 2201 3076 2273 praetervolat,
3105 2201 3200 2256 sed
3231 2200 3477 2254 animum

1873 2299 2070 2354 relicit.
2117 2297 2290 2365 Quam
2338 2307 2400 2351 ut
2433 2295 2733 2358 discamus,
2777 2310 2884 2350 non
2929 2294 3226 2349 transimus
3273 2293 3472 2357 maria,

1872 2407 1972 2449 nec
2008 2392 2218 2462 magnis
2255 2390 2563 2460 sumptibus
2614 2388 2926 2458 indigemus
2949 2429 2963 2454 ,
2998 2388 3096 2443 sed
3157 2401 3326 2457 prope
3386 2391 3474 2440 est

1870 2485 2096 2540 verbum
2130 2485 2182 2538 in
2213 2499 2308 2539 ore
2335 2491 2546 2550 nostro,
2580 2492 2634 2537 et
2663 2483 2714 2536 in
2741 2482 2909 2537 corde
2942 2488 3153 2536 nostro.

1943 2577 2124 2648 (Vers.
2154 2577 2212 2645 2,
2238 2575 2319 2647 5.)
2359 2575 2549 2630 Audite
2589 2574 2860 2629 audientes
2888 2591 2989 2639 me,
3019 2583 3069 2628 et
3102 2573 3356 2628 comedite
3384 2571 3476 2626 bo-

1869 2687 1992 2725 num
2020 2679 2066 2725 et
2098 2669 2437 2724 delectabitur
2466 2670 2520 2723 in
2559 2667 2906 2722 crassitudine
2931 2668 3105 2722 anima
3131 2677 3320 2722 vestra.
3375 2665 3472 2722 In-

1868 2768 2057 2822 clinate
2091 2783 2269 2821 aurem
2317 2774 2557 2834 vestram,
2584 2775 2632 2818 et
2655 2764 2821 2819 venite
2846 2763 2915 2816 ad
2943 2778 3021 2816 me
3047 2778 3066 2816 :
3094 2762 3292 2829 audite,
3317 2770 3364 2815 et
3393 2761 3443 2816 vi
3459 2789 3474 2802 -

1867 2871 1945 2915 vet
1966 2861 2138 2914 anima
2163 2869 2348 2914 vestra.
2382 2856 2451 2912 Et
2477 2857 2664 2926 feriant
2685 2855 2945 2910 vobiscum
2973 2865 3179 2926 pactum
3207 2854 3475 2922 sempiter-

1869 2969 1994 3008 num
2017 2970 2036 3008 :
2063 2951 2446 3006 misericordias
2470 2949 2639 3004 David
2657 2948 2855 3017 ﬁdeles.
2874 2946 3017 3002 LXX
3051 2966 3063 3001 :
3094 2947 3284 3000 Audite
3307 2963 3406 3012 me,
3426 2955 3474 2999 et

1870 3054 1894 3083 °
1927 3045 2174 3100 comedite
2203 3045 2353 3110 bona,
2386 3051 2431 3097 et
2453 3041 2785 3096 delectabitur
2811 3041 2860 3094 in
2885 3039 3032 3093 bonis
3085 3039 3260 3093 anima
3290 3047 3474 3092 vestra.

1868 3139 2127 3196 Attendite
2171 3137 2385 3192 auribus
2435 3136 2634 3200 vestris,
2662 3145 2712 3188 et
2740 3133 3014 3203 sequimini
3066 3133 3177 3187 vias
3210 3149 3348 3187 meas
3377 3148 3396 3186 :
3427 3141 3476 3186 et

1867 3233 2043 3288 audite
2058 3247 2160 3298 me,
2185 3241 2232 3284 et
2261 3230 2386 3283 vivet
2414 3229 2469 3283 in
2495 3227 2641 3282 bonis
2667 3227 2842 3280 anima
2871 3237 3060 3280 vestra.
3084 3224 3150 3280 Et
3163 3227 3472 3280 constituam

171 3319 280 3366 tum
324 3312 472 3383 quod
514 3313 612 3369 Dei
657 3314 898 3386 eloquiis
943 3331 1295 3390 comparatur
1325 3339 1339 3377 :
1377 3323 1598 3395 Eloquia
1653 3326 1766 3382 Do-
1791 3314 1836 3377 C
1871 3326 2010 3380 vobis
2039 3333 2396 3378 testamentum
2439 3331 2712 3384 internum,
2743 3327 2922 3373 sancta
2953 3317 3123 3373 David
3152 3318 3354 3389 ﬁdelia.
3391 3317 3471 3374 Ne

169 3406 314 3471 mini,
346 3405 556 3478 eloquia
579 3419 758 3465 casta:
783 3422 1054 3483 argentum
1080 3415 1202 3486 igne
1223 3419 1573 3473 examinatum
1593 3430 1760 3490 terra,

171 3511 444 3570 purgatum
488 3502 785 3573 septuplum
835 3504 956 3578 (Ps.
989 3524 1064 3575 ει,
1119 3510 1196 3579 7).
1251 3511 1451 3581 Spreto
1481 3514 1642 3584 igitur
1672 3515 1763 3571 illo

108 3639 118 3645 .
171 3601 397 3662 argento
437 3601 492 3648 ct
530 3597 814 3665 pecuniis,
861 3599 1057 3669 quibus
1105 3615 1278 3672 aquas
1313 3603 1530 3660 Domini
1576 3622 1764 3666 emere

170 3701 272 3740 non
305 3701 616 3756 possumus,
650 3705 943 3762 pergamus
974 3696 1039 3750 ad
1074 3711 1222 3766 eum,
1270 3699 1365 3770 qui
1412 3707 1606 3757 tenens
1630 3705 1764 3759 cali-

169 3791 282 3832 cem
311 3775 688 3850 Sacramenti,
716 3781 998 3854 discipulis
1039 3787 1370 3858 loquebatur
1405 3809 1417 3844 :
1450 3794 1688 3863 Accipite
1716 3807 1764 3852 et

172 3868 344 3938 bibite,
380 3870 468 3923 hic
493 3880 570 3926 est
597 3876 812 3944 sanguis
837 3893 1001 3947 meus,
1031 3881 1118 3950 qui
1151 3899 1248 3953 pro
1287 3885 1430 3939 vobis
1460 3885 1765 3954 elfundetur

169 3965 220 4020 in
255 3967 620 4022 remissionem
665 3985 994 4039 peccatorum
1046 3975 1260 4043 (Matth.
1298 3994 1451 4045 xxvr,
1505 3981 1596 4051 27,
1647 3983 1763 4054 28).

169 4058 322 4128 Quod
348 4061 532 4115 vinum
565 4063 786 4118 miscuit
808 4075 862 4119 et
880 4066 1147 4136 sapientia
1176 4070 1227 4124 in
1254 4083 1472 4127 cratere
1501 4089 1621 4141 suo,
1650 4091 1767 4130 om-

171 4166 264 4207 nes
292 4153 491 4206 stultos
517 4155 705 4210 saeculi
738 4157 1034 4228 mundique
1068 4162 1394 4230 sapientiam
1425 4179 1531 4218 non
1562 4165 1768 4221 baben-

172 4253 269 4314 tes,
303 4261 610 4316 provocans
634 4248 702 4304 ad
731 4250 1027 4306 bibendum
1056 4270 1068 4306 :
1092 4264 1146 4308 et
1175 4268 1228 4309 ut
1248 4271 1354 4310 non
1382 4258 1556 4312 solum
1581 4259 1764 4314 vinum

170 4356 437 4409 emamus,
482 4343 577 4398 sed
625 4352 678 4399 et
727 4345 838 4415 lac,
887 4347 1036 4416 quod
1084 4349 1362 4420 signiﬁcat
1401 4352 1766 4410 innocentiam

172 4436 544 4505 parvulorum,
578 4437 667 4508 qui
695 4453 812 4494 mos
840 4455 903 4495 ac
927 4450 1086 4513 typus
1114 4443 1167 4497 in
1191 4443 1500 4501 Occidentis
1523 4455 1548 4484 η
1580 4448 1762 4505 Eccle-

171 4523 265 4580 siis
296 4525 464 4582 hodie
503 4542 677 4599 uSque
707 4540 988 4597 servatur,
1023 4544 1081 4588 ut
1112 4537 1316 4591 renatis
1348 4537 1402 4592 in
1434 4536 1655 4595 Christo
1681 4540 1763 4596 vi-

174 4634 299 4674 num
333 4620 526 4691 lacque
553 4622 845 4678 tribuatur.
878 4625 957 4680 De
977 4643 1086 4696 quo
1117 4629 1256 4684 lacte
1294 4632 1513 4687 dicebat
1542 4643 1596 4688 et
1621 4633 1766 4689 Pau-

1869 3419 1991 3488 quis
2037 3423 2253 3485 putaret
2294 3413 2534 3467 auditum
2589 3411 2775 3466 carnis
2824 3425 2970 3476 esse,
3001 3425 3108 3465 non
3134 3411 3360 3474 mentis,
3389 3409 3459 3464 ad

1869 3527 2030 3583 quem
2063 3509 2384 3564 cohortatur
2405 3505 2685 3560 audituros
2720 3521 2904 3560 sermo
2932 3505 3176 3570 divinus,
3210 3520 3316 3560 non
3346 3519 3472 3560 car-

1869 3604 1955 3660 nis
1978 3604 2084 3658 illis
2117 3604 2276 3669 bona,
2310 3599 2406 3655 sed
2432 3599 2631 3653 anima:
2658 3597 2967 3666 pollicetur.
3005 3596 3067 3652 Si
3095 3596 3468 3663 enim,inqnit,

1869 3695 2140 3751 audieritis
2158 3709 2262 3760 me,
2304 3692 2438 3746 bona
2469 3698 2616 3744 terra:
2641 3690 2914 3744 comedetis
2942 3688 3097 3762 (lsai.
3128 3706 3167 3759 ι,
3198 3690 3221 3744 i
3233 3689 3314 3760 9).
3341 3689 3470 3744 Sive

1871 3791 2078 3856 bonum,
2110 3786 2202 3856 qui
2231 3786 2364 3840 dicit
2396 3802 2408 3836 :
2434 3782 2863 3854 Egosumpastor
2885 3780 3243 3854 bouus(Joan.
3269 3797 3326 3852 x,
3355 3779 3470 3852 il).

1873 3882 1940 3936 Et
1966 3879 2330 3936 delectabitur
2352 3878 2403 3931 in
2435 3875 2590 3929 bonis
2613 3886 2666 3930 et
2696 3865 2751 3929 in
2771 3875 3143 3930 crassitudine
3170 3875 3351 3928 anima
3379 3888 3474 3929 ve-

1870 3984 2006 4030 stra.
2040 3974 2182 4042 Ergo
2206 3972 2366 4037 bona,
2399 3983 2524 4041 qua:
2553 3968 2751 4022 anima:
2782 3967 3112 4038 repromissa
3165 3977 3312 4032 sunt,
3363 3983 3474 4022 non

1871 4067 2098 4135 divitiae,
2133 4073 2185 4120 cl
2209 4063 2459 4134 corporis
2515 4063 2746 4125 sanitas,
2803 4072 2858 4115 et
2902 4060 3086 4114 saeculi
3144 4060 3466 4130 dignitates,

1871 4176 1993 4231 qure
2014 4159 2182 4214 etiam
2216 4153 2520 4227 philosophi
2555 4153 2833 4224 appellant
2861 4150 3250 4215 indill‘erentia,
3279 4150 3331 4205 id
3363 4160 3472 4219 est,

1873 4272 1973 4312 nec
1996 4255 2162 4319 bona,
2196 4266 2295 4307 nec
2347 4249 2508 4316 mala,
2543 4257 2599 4303 et
2643 4261 2740 4317 pro
2771 4245 3035 4301 utentium
3067 4244 3334 4314 qualitate
3375 4258 3471 4297 va-

1873 4348 2122 4407 riantur;
2152 4344 2246 4399 sed
2289 4343 2384 4398 illa
2413 4339 2690 4397 credenda
2723 4347 2876 4403 sunt,
2907 4337 2970 4392 ad
3001 4353 3119 4408 qure
3150 4352 3251 4392 nos
3279 4341 3478 4394 cohor-

1875 4452 2018 4497 tatur
2047 4441 2192 4495 Deus
2226 4457 2238 4492 :
2273 4438 2489 4492 Declina
2512 4453 2544 4490 a
2570 4436 2732 4497 malo,
2753 4443 2800 4488 et
2828 4437 2912 4504 [ac
2935 4433 3120 4487 bonum
3145 4432 3263 4505 (Ps.
3285 4447 3473 4500 xxxvr,

1871 4534 1988 4602 27).
2022 4531 2118 4587 Sin
2150 4539 2330 4584 autem
2363 4530 2501 4582 bona
2555 4527 2774 4593 animae,
2820 4526 3082 4580 honestas
3133 4527 3472 4595 virtutesque

1875 4627 2160 4689 dicuntur;
2191 4638 2322 4693 ergo
2351 4629 2407 4676 et
2435 4619 2598 4681 nulla,
2659 4633 2765 4672 non
2819 4628 3134 4687 paupertas,
3164 4627 3219 4673 et
3245 4618 3477 4672 inﬁrmi-

174 4710 431 4766 luszLac
461 4715 600 4768 vobis
632 4725 816 4778 potum
867 4717 1011 4787 dedi,
1065 4737 1168 4774 non
1217 4725 1446 4778 solidum
1493 4727 1664 4780 cibum
1720 4713 1846 4800 (ΙΙ)
1877 4732 1956 4776 tas
2010 4715 2283 4787 corporis,
2320 4723 2374 4769 et
2404 4711 2714 4782 ignobilitas
2765 4709 3107 4776 accipienda,
3166 4709 3260 4764 sed
3293 4708 3476 4764 omnia

173 4807 291 4865 Cor.
324 4827 406 4879 ιιι,
427 4812 508 4883 2).
546 4813 612 4867 Et
645 4813 840 4870 Petrus
867 4834 880 4870 :
910 4816 1076 4882 Quasi
1101 4819 1257 4872 modo
1282 4820 1395 4873 nati
1424 4820 1652 4889 parvuli,
1684 4837 1772 4876 ra-

176 4904 372 4958 tionale
405 4906 486 4960 lac
514 4907 809 4963 desiderate
851 4909 895 4979 (l
928 4908 1047 4965 Pet.
1074 4927 1134 4976 tl,
1163 4911 1245 4981 2).
1274 4911 1434 4968 Unde
1471 4924 1525 4968 et
1555 4914 1768 4986 Moyses

176 4999 360 5053 vinum
392 5010 446 5053 et
473 4999 560 5055 lac
588 5001 639 5054 in
671 4999 876 5057 Christi
906 5002 1215 5073 intelligens
1237 5002 1265 5042 ι)
1297 5007 1573 5074 passione,
1622 5023 1768 5080 mys-

173 5091 280 5145 tico
307 5107 566 5148 sermone
591 5103 824 5149 testatur
857 5113 870 5150 :
899 5093 1135 5150 Gratiosi
1161 5097 1302 5151 oculi
1339 5101 1454 5172 ejus
1481 5117 1513 5153 a
1556 5101 1693 5169 vino,
1723 5111 1772 5156 et

176 5183 383 5238 candidi
419 5185 596 5240 dentes
642 5191 760 5258 ejus
788 5204 820 5241 a
869 5186 1003 5242 lacte
1049 5186 1260 5262 (Genes.
1309 5205 1457 5259 xux,
1503 5192 1618 5260 12).
1665 5191 1771 5247 Pro

174 5275 313 5332 lacte
351 5278 405 5333 in
451 5282 704 5348 priesenti
756 5280 874 5335 loco
910 5279 1055 5336 LXX
1095 5282 1303 5353 adipem
1345 5285 1767 5340 transtulerunt.

179 5367 251 5425 De
279 5385 388 5442 quo
431 5382 657 5428 sanctus
699 5373 864 5427 David
910 5373 1043 5429 dicit
1072 5375 1127 5430 in
1156 5377 1407 5445 psalmo:
1442 5376 1593 5433 Sicut
1619 5378 1772 5451 adipe

245 5590 270 5619 ⁸
309 5581 637 5638 Annotanda
684 5597 752 5638 ex
787 5583 889 5638 hoc
921 5585 1043 5639 loco
1077 5585 1288 5640 Veteris
1335 5586 1595 5641 Ecclesia:
1625 5601 1760 5640 con.

174 5654 436 5718 suetudo,
497 5663 552 5707 et
606 5657 757 5708 varia
804 5655 1234 5712 Occidentalium
1282 5658 1351 5714 ab
1399 5658 1766 5713 Orientalibus

175 5723 483 5794 disciplina.
518 5723 762 5778 Orientis
789 5727 989 5796 quippe
1036 5728 1291 5784 Ecclesia:
1337 5731 1418 5784 lac
1465 5740 1519 5783 et
1549 5731 1651 5783 mel
1684 5745 1766 5784 re-

174 5808 304 5850 cens
351 5797 638 5864 baptizatis
671 5799 1046 5866 Porrigebant,
1081 5800 1396 5856 Occidentis
1419 5816 1551 5856 vero
1580 5799 1765 5854 vinum

171 5875 230 5923 et
261 5867 368 5921 lac.
401 5868 608 5922 Confer
629 5883 749 5941 quae
778 5869 924 5924 docti
957 5871 1055 5925 viri
1084 5873 1141 5926 in
1179 5872 1476 5941 Epistulam
1506 5873 1770 5928 Barnabm

176 5947 593 6011 congesserunt,
627 5949 682 5996 et
710 5939 1057 5997 Rosweidum
1083 5942 1148 5998 ad
1185 5939 1357 5999 Vitam
1379 5945 1436 6002 S.
1465 5945 1766 6008 Pachumii,

1874 4815 2026 4878 vitia,
2053 4825 2173 4882 qua:
2221 4822 2348 4862 vere
2377 4806 2514 4859 inala
2552 4811 2696 4858 sunt.
2757 4801 3001 4870 Denique
3055 4801 3334 4856 Abraham
3368 4817 3478 4856 non

1865 4902 2002 4964 ideo
2033 4905 2173 4960 bona
2207 4901 2418 4965 habuit,
2454 4895 2578 4968 quia
2613 4895 2768 4950 dives
2822 4893 2948 4962 fuit,
2984 4895 3079 4948 sed
3111 4895 3236 4966 quia
3267 4894 3478 4950 divitiis

1873 5003 2012 5058 bene
2034 5013 2166 5055 usus
2186 5006 2267 5053 est
2300 4995 2509 5067 (lienes.
2535 4989 2676 5059 xm).
2699 4990 2764 5043 Et
2791 4988 3026 5043 Lazarus
3053 4991 3143 5059 qui
3175 4997 3358 5060 postea
3391 5003 3480 5045 re-

1872 5097 2082 5168 quievit
2109 5094 2161 5147 in
2181 5092 2305 5146 sinu
2340 5088 2480 5160 ejus,
2507 5101 2612 5139 non
2633 5083 2835 5138 idcirco
2868 5083 3008 5137 mala
3037 5085 3318 5149 sustinuit,
3351 5083 3480 5156 quia

1877 5205 2000 5246 cum
2032 5194 2274 5258 egestate
2317 5193 2508 5252 passus
2536 5185 2621 5234 est
2652 5185 2922 5232 tormenta
2975 5177 3289 5232 morborum
3311 5218 3326 5244 ,
3379 5175 3478 5231 sed

1878 5281 2038 5339 malis
2069 5294 2188 5349 quae
2215 5275 2548 5347 putabantur
2572 5270 2625 5326 in
2657 5270 2879 5334 sa'culo,
2913 5283 3046 5324 vera
3073 5269 3213 5324 bona
3241 5281 3324 5324 est
3347 5283 3480 5324 con-

1880 5383 2121 5433 secutus.
2153 5367 2310 5426 Unde
2333 5373 2390 5422 et
2418 5364 2570 5421 dives
2597 5363 2689 5419 ille
2720 5373 3057 5433 purpuratus
3097 5359 3306 5430 recepit
3334 5358 3479 5414 bona

1869 5591 1924 5639 et
1955 5575 2300 5636 Edmundum
2329 5573 2575 5628 Martene
2603 5568 2698 5623 lib.
2730 5568 2746 5621 l
2781 5567 2848 5621 de
2877 5566 3116 5639 Ritihns.

1940 5651 1969 5691 Β
2009 5648 2360 5706 Atnbmsian.
2395 5640 2658 5696 vetustior
2702 5637 3233 5716 sane‘cohmrentius
3280 5658 3480 5716 propo-

1865 5712 1999 5788 'sito,
2031 5720 2354 5793 possessione
2382 5716 2539 5793 habet
2571 5726 2681 5793 .pro
2711 5711 2974 5793 passione:

1950 5741 1978 5779 υ
2067 5741 2350 5776 ρδεεδδποηε
2383 5741 2539 5768 unum
2585 5741 2681 5781 μιυ
2712 5741 2974 5782 μυωιυησο

1950 5741 2070 5849 αἰξὶ,
2104 5792 2296 5846 eodem
2333 5785 2706 5861 A_inbrosian.2
2731 5783 2997 5861 comeditis
3029 5784 3260 5842 :malim
3291 5785 3485 5861 utique

1876 5865 2150 5923 comedetis
2175 5864 2330 5934 juxta
2357 5859 2608 5916 Graecum
2638 5855 2878 5929 φάγεσϐι.
