3932 6314
524 313 623 372 551

1778 308 1833 370 S.
1867 308 2138 373 EUSEBII
2179 312 2558 371 ΙΙΙΕιιοΝΥΜι

3735 323 3831 379 53!

527 444 623 490 sua
656 434 711 488 in
733 433 839 487 vita
868 440 983 495 sus,
1019 442 1140 501 quae
1167 430 1244 487 illi
1268 439 1424 486 erant
1453 430 1590 486 bona
1612 470 1626 498 ,
1657 430 1748 502 qui
1792 444 1856 487 ea
1885 432 2119 489 arbitra-
2152 433 2198 494 Α
2228 431 2324 486 sed
2384 432 2624 488 manebit
2661 434 2714 487 in
2743 408 3034 499 aitcruum,
3062 442 3120 487 ιιι
3151 433 3331 490 veniat
3354 448 3518 491 verus
3554 435 3751 505 David,
3782 446 3832 493 et

522 528 682 581 batur
712 527 851 581 bona
877 525 1030 597 (Luc.
1067 524 1203 598 art),
1234 534 1288 581 et
1316 526 1606 581 deLazaro
1640 537 1749 582 non
1781 541 1812 582 e
1838 528 2122 582 contrario

524 621 726 675 dicitur
758 638 770 674 :
808 616 1035 689 Recepit
1086 621 1224 675 mals
1254 630 1350 675 sua
1383 620 1436 675 in
1471 622 1576 675 \ita
1606 632 1742 686 sua;
1778 621 1872 676 sed
1913 620 2121 691 recepit

523 711 662 767 mala
693 713 747 767 in
778 713 887 768 vita
929 724 1045 778 sua,
1079 712 1247 786 σω
1285 724 1407 783 quae
1446 715 1584 769 mala
1634 728 1741 768 non
1775 714 1873 778 illi,
1903 712 1995 782 qui
2031 729 2125 782 pa-

524 807 785 873 tiebatur,
819 808 917 863 sed
942 808 1065 862 aliis
1096 808 1443 863 videbantur.
1501 804 1794 877 Utriusque
1827 808 1904 863 rei
1936 821 2125 863 exem-

523 901 671 970 plum
702 901 860 955 nobis
885 901 1073 955 tribuit
1107 901 1296 955 beatus
1324 898 1450 968 Job,
1482 900 1572 969 qtti
1605 914 1705 954 nec
1754 900 1807 955 in
1839 900 1996 954 bonis
2022 910 2123 955 nec

526 994 580 1048 in
631 994 790 1048 malis
834 994 1018 1049 saeuit
1049 993 1221 1048 victus
1252 1003 1355 1061 est,
1390 994 1485 1047 sed
1517 992 1699 1047 omnia
1754 986 1872 1063 pari
1926 994 2125 1049 mentis

528 1084 790 1145 ﬁrmitate
839 1086 1101 1140 sustinuit
1126 1084 1281 1150 (Job.
1328 1086 1433 1157 tt).
1465 1087 1835 1153 Quamobrem
1867 1086 2123 1143 Salomon

524 1184 783 1248 precatur
832 1177 1001 1233 Deum
1031 1196 1045 1234 :
1079 1177 1295 1232 Divitias
1320 1186 1370 1233 et
1410 1188 1764 1248 paupertatem
1813 1196 1876 1233 ne
1921 1180 2125 1234 dederis

527 1270 675 1325 mihi.
709 1270 976 1325 Constitue
998 1277 1168 1326 autem
1197 1270 1323 1326 mihi
1346 1284 1461 1343 qua:
1489 1281 1607 1326 sunt
1631 1273 1782 1326 uictui
1812 1286 1924 1326 meo
1947 1286 2123 1327 neres-

528 1362 668 1416 saria
698 1370 745 1417 et
772 1364 1109 1435 sufﬁcientia,
1155 1378 1218 1418 ne
1258 1370 1524 1418 saturatas
1576 1366 1798 1419 mendas:
1828 1365 2043 1434 afﬁcior,
2077 1376 2124 1419 et

529 1458 698 1512 dicam
718 1472 735 1513 :
756 1459 884 1527 Quis
905 1472 986 1513 me
1008 1460 1182 1515 videt?
1199 1472 1288 1513 aut
1319 1472 1471 1533 egens
1500 1462 1644 1531 [uror
1668 1470 1715 1517 et
1744 1466 2001 1535 perjurcm
2032 1478 2126 1516 no-

528 1569 642 1605 men
670 1549 885 1607 Domim’
915 1552 1098 1626 (Prov.
1132 1568 1186 1621 ιι,
1220 1555 1271 1621 8,
1304 1556 1380 1624 9).
1426 1554 1482 1609 Si
1512 1564 1691 1609 autem
1719 1556 1821 1611 hoc
1852 1557 2122 1625 deprccso

527 1654 636 1711 tur,
664 1654 720 1699 ut
752 1660 849 1700 nec
876 1646 1095 1701 divitias
1142 1646 1358 1715 habeat,
1411 1658 1515 1703 nec
1568 1658 1967 1717 paupertatem,
2023 1650 2122 1705 sed

529 1747 737 1791 tantum
795 1737 969 1794 victus
1025 1742 1360 1803 necessaria,
1394 1741 1463 1795 de
1494 1732 1692 1806 quibus
1723 1751 1778 1798 et
1830 1740 2126 1812 Apostolus

2225 528 2279 581 in
2318 526 2614 595 Evangelia
2650 528 3032 597 compleantur
3065 543 3186 596 qua:
3211 543 3277 582 ex
3307 527 3403 582 Dei
3439 542 3680 596 persons
3710 540 3828 585 sunt

2226 621 2558 688 repromissa
2594 640 2607 675 :
2639 619 2826 675 Inveni
2860 620 3029 676 David
3057 636 3262 676 servum
3289 632 3478 690 incum,
3530 624 3586 677 in
3634 624 3829 678 miseri-

2225 713 2405 766 cordia
2428 722 2609 768 sancta
2632 716 2754 767 anxi
2781 731 2897 767 eum
2926 712 3044 783 (Ps.
3081 728 3340 780 maximi,
3366 713 3484 785 21).
3523 711 3695 785 Cuius
3720 730 3829 772 rna-

2228 821 2355 859 nutn
2379 807 2559 874 posuit
2587 806 2639 859 in
2665 808 2824 873 mari,
2849 817 2905 862 et
2933 808 2984 860 iit
3005 807 3321 862 ﬂuminibus
3347 807 3636 865 dexteram
3666 809 3822 865 illius.

2226 898 2397 965 Quem
2442 898 2595 966 juqu
2642 898 2922 963 Ezechiel,
2976 914 3073 969 per
3115 898 3287 955 multa
3311 899 3429 968 jam
3463 900 3669 955 sarcula
3708 901 3824 955 dor-

2228 991 2429 1045 tniento
2464 990 2653 1060 David,
2683 992 2920 1062 appellat
2950 1006 3167 1047 servum
3193 1006 3351 1047 suum
3378 1001 3820 1062 at-iuepastnrent

2226 1081 2415 1136 dicens
2448 1098 2462 1137 ι
2491 1081 2763 1136 Suscitabo
2786 1082 2921 1137 vobis
2945 1076 3200 1150 pastorem
3223 1099 3404 1150 unum,
3435 1100 3647 1139 seruant
3670 1101 3823 1139 meum

2228 1171 2397 1227 David
2427 1173 2642 1244 (Ezech.
2676 1192 2858 1241 xxxiv,
2891 1176 3006 1244 “25).

2299 1267 2483 1337 (Vere.
2515 1266 2571 1335 4,
2603 1267 2687 1339 5.)
2713 1266 2850 1322 Ecce
2880 1278 3057 1325 testem
3103 1267 3311 1341 pupulis
3334 1270 3455 1324 dedi
3481 1286 3623 1335 cum,
3657 1271 3825 1326 ducent

2227 1374 2289 1416 ac
2315 1373 2678 1434 praeceptorem
2701 1365 2953 1434 gentibus.
2973 1361 3110 1420 Ecce
3136 1372 3360 1436 gentem,
3383 1378 3536 1433 quam
3552 1366 3825 1435 nesciebas,

2228 1456 2431 1510 bombis
2464 1475 2475 1509 :
2503 1465 2550 1510 ct
2574 1468 2769 1526 gentes,
2815 1474 2929 1527 qua:
2956 1470 3055 1512 non
3088 1468 3431 1527 cognouerunt
3455 1468 3527 1525 te,
3559 1461 3629 1515 ad
3651 1469 3700 1513 te
3722 1476 3826 1514 car-

2227 1559 2365 1616 rent,
2393 1561 2601 1621 propter
2624 1548 2909 1605 Dominum
2940 1551 3106 1606 Deum
3135 1562 3283 1607 tuum
3304 1561 3353 1607 et
3376 1551 3631 1608 Sanctum
3648 1552 3824 1623 Israel,

2229 1644 2351 1711 quia
2377 1643 2486 1715 lAl.
2520 1642 2631 1715 qui]
2653 1644 2961 1715 glori/icarit
2985 1658 3050 1700 te.
3086 1644 3228 1699 LXX
3260 1662 3273 1698 :
3301 1644 3439 1699 Ecce
3484 1648 3827 1701 testimonium

2227 1735 2282 1788 in
2311 1736 2544 1805 gentibus
2572 1735 2695 1791 dedi
2726 1754 2861 1805 eum,
2895 1738 3181 1809 principem
3212 1747 3259 1791 et
3288 1738 3685 1807 praecipientem
3715 1756 3826 1810 gen-

527 1828 659 1883 dicit
693 1846 707 1883 :
741 1827 1005 1884 Habentrs
1026 1833 1214 1885 rictum
1245 1839 1289 1885 et
1311 1833 1567 1899 vestitum,
1595 1832 1678 1887 Itis
1699 1838 1923 1888 contenti
1949 1849 2131 1890 sumus
2160 1830 2206 1892 Β
2234 1828 2367 1882 tibus
2395 1846 2410 1884 :
2441 1827 2466 1867 δ
2499 1838 2693 1901 gentes,
2737 1846 2854 1899 quia
2895 1832 3182 1885 nesciebam
3219 1843 3286 1897 te.
3338 1831 3725 1887 invocabant“
3749 1840 3825 1886 εει

528 1920 569 1993 (1
603 1919 741 1991 Tim.
796 1923 873 1991 t't)
911 1938 923 1975 :
961 1925 1305 1992 perstricuuzn
1352 1931 1437 1978 est
1475 1924 1692 1979 divitias
1720 1930 1777 1980 et
1805 1935 2122 1995 egestatem,

528 2013 819 2067 sanitatem
850 2024 904 2068 et
936 2015 1277 2084 languorem,
1336 2015 1673 2086 voluptatem
1728 2027 1888 2087 atque
1916 2018 2128 2073 crucia-

530 2112 638 2174 tus,
683 2120 785 2161 nec
828 2106 965 2161 bona
1009 2118 1130 2163 esse
1163 2122 1263 2163 nec
1293 2106 1455 2179 mala',
1490 2111 1584 2165 scd
1615 2126 1712 2180 pro
1741 2112 2129 2167 sustinentium

531 2199 851 2255 diversitate
909 2201 1048 2256 bona
1095 2210 1151 2257 ct
1182 2206 1319 2258 mala
1353 2205 1492 2259 iterl.
1530 2202 1672 2276 Ergo
1703 2219 1811 2261 non
1850 2208 2004 2276 juxta
2036 2229 2129 2280 χι·

528 2292 763 2357 iuuet-uie,
798 2305 962 2361 Opltm
991 2295 1411 2367 abundantiam,
1440 2308 1497 2353 et
1529 2298 1792 2355 delicatos
1840 2299 1992 2355 cibos
2015 2345 2028 2367 ,
2073 2310 2128 2356 et

527 2386 951 2441 craSsitudinctn
982 2390 1251 2456 corporis,
1290 2398 1317 2427 ι
1344 2390 1706 2461 phasldesqne
1736 2400 1791 2446 et
1822 2391 1991 2447 fartos
2016 2404 2129 2447 tura

528 2486 699 2545 tores,
748 2480 1006 2549 mulsum,
1068 2492 1298 2551 merum,
1354 2494 1584 2539 urorum
1646 2485 2123 2555 pulchritudinem,

527 2573 776 2625 examina
811 2573 1130 2642 liberorum,
1180 2571 1439 2631 Dominus
1469 2580 1667 2633 auium
1698 2579 2001 2648 pollicetur,
2033 2580 2127 2635 sed

531 2662 655 2717 illas
686 2664 936 2735 delicias,
971 2668 1039 2722 ad
1066 2680 1203 2738 quas
1229 2682 1327 2723 nos
1359 2672 1584 2741 mystice
1616 2682 1877 2743 provocat
1902 2674 2125 2729 dicens:

532 2755 819 2826 Deiectore,
849 2762 965 2816 sive
995 2761 1195 2816 deliciis
1224 2764 1398 2834 fruere
1420 2767 1471 2818 in
1496 2763 1741 2835 Domino,
1772 2777 1821 2821 et
1850 2768 1993 2822 dabit
2039 2769 2130 2823 tibi

531 2850 802 2916 petitiones
827 2850 1000 2905 cordis
1021 2854 1097 2906 tui
1127 2850 1300 2923 (Paul.
1336 2866 1524 2923 xxxvi,
1559 2857 1616 2927 4)
1639 2872 1653 2923 ;
1680 2865 1733 2911 ct
1760 2858 1887 2913 alibi
1915 2875 1928 2912 :
1958 2858 2128 2913 Credo

528 2942 698 2995 ridere
728 2945 859 2998 bona
886 2944 1097 2999 Domini
1119 2947 1173 3000 in
1206 2956 1342 3001 terra
1364 2951 1637 3004 viventium
1660 2950 1780 3024 (Ps.
1811 2967 1957 3019 xxvt,
1989 2954 2082 3024 15)
2107 2966 2123 3019 ;

526 3043 579 3086 et
606 3034 658 3087 in
686 3036 792 3090 allo
837 3038 1050 3106 psalmo
1082 3052 1094 3090 :
1125 3036 1375 3107 Benedic,
1424 3042 1599 3095 anima
1630 3058 1763 3109 mea,
1807 3043 2051 3111 Domino,
2079 3054 2127 3099 et

527 3129 702 3183 omnia
748 3128 994 3187 interiora
1025 3146 1136 3188 mea
1162 3148 1343 3190 nomen
1373 3149 1605 3191 sanctum
1634 3142 1766 3211 ejus.
1804 3140 1906 3207 Qui
1946 3142 2126 3211 implet

2232 1920 2433 1993 populi,
2473 1922 2561 1992 qui
2608 1924 2914 1992 ignorabunt
2944 1934 2993 1978 te
3017 1962 3031 1989 ,
3056 1924 3127 1978 ad
3157 1934 3204 1978 te
3251 1924 3551 1996 confugient
3586 1940 3605 1979 :
3635 1934 3826 1995 propter

2231 2012 2517 2068 Dominum
2545 2014 2714 2070 Deum
2741 2026 2887 2070 tuum
2916 2017 3164 2071 Sanctum
3191 2014 3383 2080 Israel,
3409 2017 3499 2085 qui
3525 2016 3824 2088 gloriﬁcarit

2231 2118 2298 2162 te.
2328 2108 2725 2163 Provocaverat
2763 2108 2829 2163 ad
2851 2109 3183 2165 credendum
3217 2109 3476 2178 populum
3500 2108 3822 2176 Judaorum,

2233 2209 2291 2254 ut
2322 2201 2647 2255 inclinarent
2699 2216 2889 2256 aurem
2938 2217 3123 2265 suam,
3167 2211 3222 2257 et
3262 2211 3477 2269 pactum
3523 2204 3823 2271 acciperent

2230 2295 2650 2363 sempiternum,
2680 2295 2824 2363 quod
2855 2294 3118 2350 Dominus
3142 2296 3308 2349 David
3343 2297 3819 2365 reptantis-rubet

2229 2387 2527 2454 Abraham,
2554 2402 2617 2442 ac
2647 2390 2842 2442 semini
2870 2388 3009 2458 ejus,
3043 2388 3234 2443 dicens
3266 2404 3279 2441 :
3316 2386 3381 2445 In
3407 2388 3605 2443 semine
3620 2399 3709 2443 tuo
3734 2388 3813 2442 be-

2230 2482 2531 2536 nedicentur
2558 2490 2733 2552 gentes
2756 2480 2964 2553 (Cenes.
3021 2498 3154 2551 nu,
3193 2482 3302 2553 18).
3335 2484 3492 2549 Quod
3539 2482 3817 2552 apostolus

2232 2573 2431 2628 Paulus
2456 2575 2788 2641 edisserens,
2822 2574 3115 2643 Nundixit,
3147 2576 3246 2640 ait,
3275 2577 3330 2630 in
3354 2577 3629 2631 seminibus
3661 2592 3677 2628 :
3706 2574 3811 2641 sed,

2228 2666 2280 2719 in
2312 2668 2525 2735 semine,
2569 2668 2708 2737 quod
2749 2678 2821 2722 est
2853 2666 3091 2723 Christus
3123 2666 3325 2738 (Calai.
3356 2684 3438 2735 ιιι,
3472 2668 3582 2739 l6).
3612 2668 3675 2722 Et
3701 2669 3813 2737 quia

2229 2757 2458 2827 sciebat,
2491 2758 2600 2813 illis
2632 2776 2736 2814 non
2761 2760 3130 2827 credentibus,
3164 2763 3476 2817 credituros
3514 2776 3635 2815 esse
3662 2775 3829 2833 popu-~

2232 2850 2315 2905 los
2342 2855 2621 2907 nationum
2649 2897 2663 2921 ,
2701 2855 2889 2908 transit
2923 2854 2989 2907 ad
3020 2866 3239 2923 gentes;
3273 2863 3327 2909 ot
3355 2854 3487 2908 dicit
3518 2854 3727 2909 misisse
3757 2867 3813 2909 se

2229 2941 2425 2999 Ftlium
2454 2960 2613 2998 suum
2644 2955 2833 2999 lcstctn
2861 2946 2942 2999 vel
2976 2946 3808 3015 testiinoniumcunctorumgen-

2231 3037 2389 3103 tium,
2424 3039 2517 3107 qui
2559 3053 2824 3108 praecepta
2883 3039 3026 3093 illius
3085 3049 3245 3108 atque
3306 3040 3561 3094 mandata
3617 3038 3808 3108 populis

2230 3131 2526 3199 nuntiaret,
2548 3132 2642 3200 qui
2664 3132 2733 3186 de
2769 3134 2952 3200 seipso
2986 3132 3224 3201 loquitur
3257 3144 3271 3186 :
3307 3131 3521 3197 Oportet
3551 3130 3807 3199 praedicari

524 3225 577 3276 in
608 3224 755 3278 bonis
774 3224 1096 3303 desiderium
1143 3240 1287 3284 mum
1318 3231 1436 3302 (Ρε,
1485 3244 1578 3295 οη,
1635 3235 1659 3288 ί
1697 3245 1743 3290 ει
1768 3234 1846 3307 δ),
1878 3237 2122 3307 nam“,
2153 3214 2199 3277 C
2233 3221 2572 3294 Ettangclium
2593 3224 2731 3277 istud
2761 3224 2814 3277 in
2837 3225 2978 3278 omni
3006 3226 3148 3291 orbe,
3179 3225 3232 3279 in
3265 3225 3614 3279 testimonium
3633 3225 3808 3278 cunctis

525 3318 685 3374 infert
714 3336 727 3373 :
758 3321 947 3376 Audite
996 3334 1095 3390 me,
1141 3335 1191 3379 et
1221 3327 1346 3381 sive:
1368 3329 1545 3381 animo
1566 3338 1730 3382 vestra
1753 3328 1906 3401 (Isai.
1937 3331 2117 3401 ms).

525 3412 781 3468 Omnium
825 3414 1091 3470 honorum
1145 3420 1457 3487 promissio.
1512 3421 1621 3474 vita
1654 3429 1737 3476 est
1767 3424 2121 3494 sempiterna.

522 3507 679 3571 Quod
710 3509 755 3562 si
781 3509 1067 3564 volueritis
1095 3511 1304 3577 audire,
1338 3518 1389 3565 ct
1422 3514 1599 3568 anima
1631 3522 1807 3568 rostra
1838 3515 2029 3570 vixerit
2069 3515 2123 3571 ln

525 3604 812 3667 internum,
861 3603 1051 3657 feriam
1108 3600 1384 3658 vobiscum
1431 3616 1641 3676 pactum
1699 3609 2117 3681 sempiternum,

524 3688 927 3747 misericordias
956 3693 1126 3748 David
1158 3696 1365 3752 fideles.
1405 3698 1478 3753 De
1532 3699 1731 3768 quibus
1786 3702 1927 3756 Idem
1972 3702 2124 3757 Pani.

527 3782 684 3837 tnlsm
709 3786 966 3842 cantabat
1012 3805 1025 3841 :
1067 3784 1460 3845 Misericordiae
1510 3792 1717 3847 Domini
1761 3795 1813 3848 in
1870 3806 2121 3850 Meritum

516 3877 754 3930 cantabo.
788 3873 852 3932 In
887 3881 1220 3948 generatione
1247 3891 1296 3934 et
1314 3884 1642 3953 generatione
1683 3886 2003 3941 annuntiabs
2037 3904 2119 3942 vc-

519 3968 723 4023 rllaiem
752 3976 893 4052 tuam
916 3970 1037 4041 (Ps.
1063 3986 1321 4039 Lsxxvnt,
1356 3976 1405 4043 l,
1439 3975 1516 4047 Ξ).
1553 3978 1617 4031 Et
1645 3986 1701 4032 ut
1730 3978 1965 4035 sciamus
1999 3996 2121 4052 qua)

517 4058 621 4113 sint
643 4061 761 4116 ista:
781 4050 1191 4133 titisericordlm,
1217 4069 1463 4135 sequenti
1481 4050 2116 4129 sermouedomonstrat:

519 4152 694 4205 Setan
711 4153 891 4223 juraoi
916 4156 971 4207 in
1006 4162 1185 4209 sancto
1212 4168 1323 4210 meo
1356 4176 1368 4212 :
1397 4159 1442 4212 si
1468 4158 1638 4213 David
1675 4163 1915 4232 mentiar,
1947 4178 2119 4221 semen

512 4248 625 4317 ejus
648 4246 700 4299 in
729 4250 1096 4318 sentpiternum
1127 4251 1370 4318 manebit,
1394 4261 1440 4306 et
1470 4252 1687 4308 thronus
1724 4254 1868 4312 illius
1898 4259 2119 4315 sicutsol

506 4339 564 4393 in
596 4348 871 4411 conspectu
902 4352 1032 4410 meo,
1067 4350 1115 4397 et
1140 4344 1274 4398 sicut
1301 4340 1426 4400 luna
1446 4351 1674 4418 perfecta
1699 4349 2045 4418 iumternum,
2071 4363 2120 4409 et

508 4435 652 4489 testis
690 4432 743 4488 in
772 4436 897 4490 creto
923 4436 1111 4503 ﬁdelis.
1142 4434 1246 4505 Qui
1282 4438 1486 4495 idcirco
1515 4450 1741 4497 vocatur
1759 4443 1960 4512 ildelis,
1990 4445 2115 4517 quia

514 4527 782 4595 promissa
837 4529 1219 4598 compleverit.
1277 4530 1385 4586 Pro
1410 4532 1608 4602 quibus
1638 4533 1786 4590 LXX
1820 4539 2114 4595 transtule-

2222 3318 2455 3390 geutibns
2487 3316 2702 3388 (blattis.
2753 3334 2897 3385 μιν,
2942 3316 3052 3386 li).
3119 3317 3364 3389 Denique
3416 3318 3805 3387 superbientem

2225 3407 2460 3463 l’ilatutn
2490 3410 2592 3462 hoc
2618 3424 2875 3465 sermone
2903 3409 3144 3464 confutat
3173 3426 3187 3462 :
3222 3407 3290 3463 In
3318 3410 3415 3464 hoc
3432 3418 3585 3464 natus
3609 3425 3730 3469 sum.
3759 3415 3804 3461 ut

2224 3500 2570 3555 testimonium
2597 3499 2851 3568 pra’beam
2878 3503 3079 3555 veritati
3104 3499 3284 3573 (Joau.
3309 3516 3462 3569 xutt,
3488 3501 3603 3572 57).
3624 3502 3695 3556 De
3712 3514 3804 3570 quo

2222 3590 2508 3658 apoStolus
2547 3589 2747 3645 Paulus
2797 3591 2989 3646 scribit
3032 3590 3323 3646 Timotth
3355 3610 3365 3644 :
3397 3590 3546 3648 Unus
3578 3592 3800 3646 mediator

2225 3680 2321 3736 Dei
2347 3693 2397 3737 et
2429 3684 2715 3751 hominum,
2741 3684 2895 3739 homo
2916 3683 3151 3739 Christus
3174 3683 3349 3753 Jesus,
3378 3687 3466 3756 qui
3505 3685 3646 3741 dedit
3666 3702 3715 3739 se
3730 3700 3801 3737 re-

2223 3773 2567 3844 demptionem
2596 3791 2689 3848 pro
2721 3777 2977 3843 omnibus,
3001 3777 3348 3835 testimonium
3377 3777 3550 3851 οδε
3574 3776 3793 3846 ιεηιρυιὶο

2224 3867 2315 3921 bus
2337 3867 2570 3937 propriis
2598 3884 2615 3921 :
2646 3869 2697 3922 in
2721 3886 2823 3940 quo
2844 3886 2936 3940 ego
2960 3870 3159 3940 positus
3184 3886 3301 3925 sum
3332 3887 3505 3939 pratco
3532 3879 3579 3924 et
3604 3868 3797 3941 Aposto-

2223 3959 2305 4014 lus
2329 3960 2375 4033 (l
2407 3958 2541 4015 Tim.
2576 3977 2633 4031 ιι,
2656 3960 2734 4032 5).
2759 3961 2955 4017 Omnia
2986 3978 3116 4034 ergo
3143 3978 3268 4034 qua:
3296 3963 3568 4031 dicuntur,
3598 3966 3663 4018 ad
3687 3974 3793 4017 eum

2225 4055 2508 4110 referenda
2540 4067 2688 4125 sunt,
2740 4055 2835 4127 qui
2876 4057 3030 4127 quasi
3061 4057 3180 4113 ovis
3211 4058 3275 4112 ad
3317 4058 3591 4114 victimant
3622 4056 3789 4113 ductus

2223 4158 2331 4215 est,
2369 4160 2423 4205 et
2451 4154 2603 4219 quasi
2654 4166 2826 4220 agnus
2848 4166 3033 4206 coram
3083 4152 3349 4208 tondente
3381 4170 3487 4209 non
3518 4150 3710 4222 aperuit
3734 4162 3785 4202 os

2222 4256 2402 4296 suum.
2434 4240 2511 4296 De
2534 4256 2644 4312 quo
2670 4257 2832 4312 supra
2860 4242 3094 4298 dicitur:
3131 4244 3362 4299 Vidimus
3383 4262 3518 4313 eum,
3547 4255 3594 4300 et
3614 4260 3705 4297 non
3719 4242 3785 4293 ita

2222 4336 2368 4392 bebal
2390 4340 2608 4407 speciem
2635 4355 2797 4407 neque
2839 4339 3073 4394 decorem
3104 4339 3258 4412 (Isai.
3292 4357 3404 4407 LIII,
3429 4343 3524 4411 2);
3553 4351 3606 4397 et
3638 4359 3648 4394 :
3688 4337 3786 4410 Ipse

2220 4439 2431 4498 peccata
2452 4439 2628 4483 nostra
2650 4430 2892 4497 portavit,
2946 4441 2993 4485 et
3032 4448 3125 4501 pro
3162 4432 3304 4486 nobis
3349 4433 3508 4488 dolet.
3560 4431 3638 4487 Ad
3666 4430 3786 4485 hunc

2219 4522 2597 4594 confugerunt,
2641 4528 2758 4578 sive
2810 4535 3198 4593 cucurrerunt,
3255 4528 3345 4598 qui
3387 4543 3512 4583 eum
3540 4538 3685 4583 antea
3709 4538 3786 4579 ne-

508 4628 658 4685 runt,
694 4631 870 4675 saneta
899 4616 1072 4675 David
1117 4621 1296 4692 ﬁdelia
1327 4598 1470 4691 (Act.
1510 4638 1626 4695 xttt,
1664 4628 1759 4698 56)
1794 4645 1806 4681 :
1839 4632 1983 4699 quod
2019 4646 2114 4700 po.
2140 4598 2191 4660 Ῑ)
2218 4619 2485 4687 sciebant,
2541 4619 2787 4674 dicentes
2817 4636 2832 4676 ;
2865 4618 3007 4676 Deus
3060 4634 3231 4677 noster
3284 4623 3544 4693 refugium
3574 4634 3620 4676 et
3649 4621 3785 4674 virtus

510 4718 616 4770 test
645 4728 742 4785 pro
761 4715 930 4770 ilrtnis
952 4715 1123 4786 accipi
1160 4714 1323 4789 “7
1362 4725 1525 4789 atque
1553 4721 1817 4777 robustis.
1845 4724 1911 4780 Ut
1932 4735 2018 4781 est
2048 4727 2114 4781 il-

511 4810 602 4863 ind
640 4829 653 4863 :
688 4809 895 4863 Fidelia
922 4811 1095 4865 otnnia
1141 4813 1389 4865 mandatu
1414 4816 1527 4887 ejus
1551 4831 1569 4868 :
1598 4817 1903 4879 conﬁrmata
1928 4820 1983 4872 in
2016 4838 2113 4875 ste-

511 4901 689 4955 cutum
713 4903 888 4957 stecuii
916 4902 1091 4976 (Psui.
1122 4916 1212 4968 cs,
1245 4902 1322 4973 8).
1372 4904 1438 4959 Et
1473 4907 1524 4959 in
1557 4905 1666 4961 alio
1694 4908 1814 4961 loco
1844 4924 1858 4961 ι
1889 4910 2027 4965 Deus
2046 4914 2112 4982 ﬁ-

511 4990 663 5061 dolis,
710 5002 756 5047 et
798 5008 900 5047 non
935 5004 1009 5047 est
1049 4996 1293 5065 iniquitas
1334 4997 1386 5051 in
1428 5014 1494 5053 eo
1522 4998 1702 5070 (Deut.
1734 5014 1902 5069 χχιιι,
1928 5002 2007 5075 Δ).
2045 5006 2111 5063 Et

515 5084 799 5156 apostolus
838 5086 1041 5140 Paulus
1069 5098 1085 5138 ι
1119 5088 1179 5141 Si
1208 5092 1583 5157 negaverimus,
1617 5092 1810 5161 inquit.
1834 5107 1969 5163 eum,
1998 5098 2109 5167 ipse

510 5181 678 5250 ﬁdelis
704 5187 875 5235 manet
909 5197 927 5234 :
947 5190 1133 5253 negare
1183 5182 1409 5249 seipsunt
1449 5196 1550 5238 non
1580 5194 1746 5256 potest
1778 5187 1848 5259 (ll
1879 5187 2015 5245 Tim.
2049 5206 2107 5258 tt,

510 5274 623 5348 is).
649 5272 715 5333 Et
742 5276 796 5331 in
828 5272 938 5330 alio
961 5274 1079 5330 loco
1117 5274 1366 5331 scribens
1391 5276 1457 5331 ad
1484 5277 1832 5336 Timotheum
1865 5280 2105 5340 :Fidelis

505 5385 693 5436 sermo,
718 5377 767 5423 et
788 5369 927 5422 omni
945 5369 1240 5440 acceptione
1267 5367 1457 5442 dignus
1481 5368 1525 5442 (l
1554 5368 1685 5425 Tim.
1722 5372 1834 5445 xv).
1868 5374 1980 5430 Hoc
2012 5392 2109 5432 au-

508 5474 613 5517 tem
646 5473 887 5533 pactum,
919 5461 1063 5532 quod
1091 5461 1354 5518 Dominus
1386 5463 1695 5533 pollicetur,
1720 5481 1825 5523 non
1857 5468 1961 5524 erit
1983 5470 2107 5528 bre-

504 5566 570 5610 ve
600 5560 657 5611 et
688 5554 848 5609 unius
874 5552 1159 5626 temporis,
1191 5554 1335 5610 sicut
1375 5555 1473 5611 fuit
1520 5557 1705 5628 papuli
1759 5558 2099 5629 Judaeorum,

572 5758 599 5829 ς
638 5747 809 5829 idem,
835 5764 1051 5829 artesque
1081 5750 1323 5829 pauidos
1348 5762 1396 5806 et
1421 5769 1625 5829 enasset:
1650 5767 1911 5829 turtures,
1936 5770 2043 5818 etc.

569 5815 597 5857 ι’
640 5818 913 5889 Prmponit
948 5815 1132 5874 Victor
1195 5822 1422 5879 alterum
1449 5822 1584 5879 Ecce
1610 5842 1677 5882 ex
1705 5815 1910 5885 Grmco'
1933 5815 2081 5903 cod,

2216 4711 2456 4782 (Psalm.
2476 4726 2597 4779 aut,
2633 4713 2718 4781 l);
2744 4721 2800 4766 cl
2828 4715 3026 4768 iterum
3058 4712 3330 4777 :Domine,
3363 4714 3616 4787 refugium
3643 4713 3785 4783 [actus

2216 4823 2269 4861 es
2294 4804 2440 4861 nobis
2469 4805 2522 4858 in
2551 4807 2884 4878 generatione
2910 4816 2957 4860 et
2983 4804 3447 4878 generatione(Ps.
3481 4804 3719 4871 unum
3747 4799 3781 4870 ).

2220 4902 2296 4957 De
2321 4915 2548 4969 quorum
2582 4899 2688 4956 tide
2732 4910 2788 4955 ct
2835 4917 2997 4970 supra
3055 4902 3282 4970 legimus
3316 4918 3327 4953 :
3357 4900 3553 4964 Quibus
3594 4915 3689 4952 non
3724 4901 3787 4947 cst

2212 4993 2552 5066 pradicatum
2572 4992 2637 5047 de
2661 5009 2745 5059 eo,
2769 4994 3008 5049 videbunt
3041 5010 3060 5049 :
3088 5004 3133 5047 et
3161 4995 3250 5064 qui
3284 5011 3384 5049 non
3414 4993 3699 5058 audierant,
3720 4991 3785 5042 inv

2213 5071 2465 5159 telligent.
2507 5088 2899 5161 lsietestis‘est
2926 5090 3195 5157 omnium,
3233 5106 3353 5160 qua)
3402 5091 3563 5147 Pater
3605 5083 3782 5143 mundo

2212 5181 2502 5252 spopondit
2533 5190 2588 5237 et
2616 5181 2895 5252 praestitit,
2928 5182 3084 5252 cuius
3125 5184 3443 5254 mysterium
3480 5183 3628 5239 brevi
3668 5179 3783 5234 l’auo

2211 5276 2298 5331 lus
2348 5276 2417 5331 ad
2470 5275 2738 5345 Ephesios
2786 5291 3041 5333 sermone
3087 5275 3777 5347 comprehendenszbeas,

2214 5369 2408 5440 inquit,
2438 5366 2648 5423 Domini
2678 5370 2841 5423 nostri
2866 5369 2995 5423 Iesu
3018 5369 3211 5423 Christi
3241 5370 3402 5424 Pater
3430 5372 3610 5442 glorior
3637 5366 3775 5441 (Eph.

2208 5482 2248 5532 ι,
2276 5443 2332 5535 3)
2362 5484 2372 5519 :
2407 5466 2481 5520 De
2521 5482 2631 5537 quo
2660 5475 2713 5520 et
2742 5480 2884 5521 nuoc
2912 5466 3175 5536 scriptum
3208 5478 3293 5521 cst
3326 5484 3337 5519 :
3366 5465 3587 5539 Propter
3627 5460 3777 5519 Domi—

2209 5576 2333 5617 num
2355 5560 2518 5617 Deum
2540 5572 2706 5626 tuum,
2733 5569 2783 5617 et
2806 5561 3057 5616 Sanctum
3080 5556 3273 5627 Israel,
3298 5561 3388 5631 qui
3408 5557 3700 5633 glori/icaait
3717 5566 3769 5618 te,

2192 5764 2303 5822 lico
2327 5763 2462 5828 rem.
2489 5765 2578 5823 Sic
2592 5783 2715 5823 mox
2729 5784 2905 5823 omnes
2922 5766 3072 5827 addit
3087 5767 3153 5826 ad
3176 5768 3381 5829 Genus.
3405 5765 3768 5833 testimonium,

2197 5837 2561 5895 benedicentur
2584 5855 2759 5895 omnes
2785 5850 2979 5910 gentes.
