3932 6388
105 357 205 411 557

638 353 1296 413 COMMENTARIORUM
1340 358 1405 414 ΙΝ
1447 357 1678 416 ιεΑιΑιι
1720 360 2144 420 ΡΒΟΡΗΕΤΛΜ
2188 367 2315 423 LIB.
2365 368 2482 425 XV.
2523 367 2670 426 CAP.
2720 370 2857 428 LVI.

3295 379 3400 435 538

98 483 336 544 quuntur
358 475 662 538 historiam,
685 483 737 528 et
760 472 938 528 elixas
959 487 1153 531 carnes
1177 483 1202 512 α
1225 476 1346 548 agni
1377 477 1692 535 comedunt.
1726 486 1774 546 Α
1801 499 1961 553 gnum
1984 481 2142 553 (Isai.
2177 501 2270 552 vn,
2315 485 2404 557 14)
2436 503 2450 541 :
2479 487 2546 544 Et
2587 500 2808 546 sanctus
2833 501 3022 549 cantat
3059 494 3112 550 in
3147 499 3360 566 psalmo
3387 516 3399 556 :

101 565 291 623 Utrum
320 568 466 640 ligna
492 566 748 638 plaudant
770 566 959 632 ramis,
985 576 1042 622 et
1068 580 1401 639 concrepent
1423 585 1610 637 manu,
1635 581 1694 628 et

100 661 228 718 illud
260 663 406 734 quod
446 663 514 717 de
545 659 862 716 ﬂuminibus
887 661 1091 718 dicitur
1117 679 1131 718 :
1167 660 1418 718 Flumina
1444 665 1692 737 plaudeut

97 770 256 809 manu
283 753 455 827 (Psal.
491 769 674 819 xcvn,
701 753 778 825 8),
812 769 921 825 quo
964 770 1129 810 sensu
1171 757 1548 827 accipiendum
1598 759 1691 813 sit.

94 843 203 900 Nec
229 845 407 900 solum
443 857 660 901 montes
710 854 766 900 et
795 847 965 902 colles
995 847 1251 903 exsilient
1296 859 1462 920 atque
1505 859 1694 906 canta-

93 939 261 1005 bunt;
295 949 351 995 et
380 939 562 994 omnia
614 941 757 1011 ligna
789 941 926 1012 agri,
959 941 1046 997 cui
1091 941 1376 998 benedixit
1406 944 1690 1012 Dominus,

95 1030 359 1102 plaudent
403 1032 593 1099 ramis,
621 1041 678 1088 et
710 1033 966 1088 manibus
1013 1036 1586 1106 concrepabunt:sed
1639 1046 1695 1094 et

93 1126 276 1184 στοιϐἠ
309 1139 528 1196 quoque
560 1135 614 1180 et
641 1128 820 1192 κονύζη
851 1127 967 1182 sive
987 1127 1289 1182 saliuucula
1321 1137 1376 1184 et
1409 1130 1606 1197 urtica,
1637 1131 1690 1186 in

91 1217 328 1274 abietem
361 1227 646 1274 vertentur
676 1219 786 1292 [AL
808 1219 1136 1293 vertuntur],
1162 1237 1226 1277 ac
1255 1230 1491 1295 myrtum
1525 1236 1578 1279 et
1600 1239 1695 1298 cy-

92 1311 390 1380 parissum.
434 1313 615 1372 Στοιϐἡ
640 1312 793 1381 juxta
826 1312 1211 1383 Symmachum
1235 1322 1291 1369 et
1319 1313 1466 1370 LXX
1497 1316 1552 1370 in
1582 1317 1691 1372 lle-

90 1403 235 1459 ιιι·ωο
268 1404 526 1460 scribitur
549 1420 716 1461 assus
738 1405 979 1491 (vum):
1011 1422 1172 1476 quem
1207 1408 1399 1478 Aquila
1425 1421 1479 1462 et
1512 1407 1693 1464 Theo-

89 1497 236 1555 dotio
260 1502 472 1566 κονύζην
495 1500 841 1571 interpretati
870 1511 1019 1556 sunt.
1046 1501 1332 1558 Estautem
1351 1506 1537 1570 κονύζη
1566 1504 1690 1559 lter-

89 1597 151 1652 ba
182 1599 454 1654 vilissima
484 1608 540 1656 et
562 1615 768 1666 amara,
793 1599 1087 1670 odorisque
1113 1601 1352 1672 pessimi.
1380 1601 1480 1658 Ubi
1510 1612 1690 1657 autem

79 1687 446 1763 Septuaginta
488 1692 888 1748 transtulerunt
915 1696 1119 1760 κονύζη,
1153 1709 1274 1765 qua:
1316 1695 1370 1749 in
1421 1694 1693 1751 l‘lebraico

57 1783 291 1840 dicitur
321 1801 560 1841 sanruoo
590 1786 800 1860 (τε-⁵0).
833 1787 1198 1858 Symmachus
1229 1788 1414 1850 vertit,
1447 1789 1687 1842 urticam.

1796 576 1911 633 Fac
1925 595 2117 635 mecum
2136 579 2414 636 Dominum
2437 583 2638 656 signum
2652 585 2705 639 in
2721 584 2934 656 bonuml
2940 584 3034 642 Ps.
3060 604 3267 658 Lxxxv,
3287 592 3402 662 l7).

1796 673 1867 727 Et
1889 673 2005 742 ipse
2047 675 2140 744 qui
2189 675 2402 746 signum
2436 685 2523 731 est
2555 693 2567 730 :
2599 677 2728 732 Cum
2780 680 3036 748 videritis,
3067 683 3164 748 ait,
3192 683 3398 754 signum

1796 762 1928 820 Filii
1955 765 2202 831 hominis,
2225 768 2370 839 quod
2401 785 2506 823 non
2538 767 2775 838 deﬁciet,
2805 787 2905 828 nec
2933 772 3043 827 ttllo
3073 775 3180 830 line
3211 785 3393 830 muta-

1797 858 1965 927 bitur,
1993 859 2087 915 sed
2118 859 2189 916 de
2220 860 2478 931 praesenti
2507 863 2923 919 conversatione
2968 864 3192 921 transiet
3213 866 3265 922 in
3306 866 3397 923 fu-

1797 958 1917 1005 llll'll
1926 967 1975 1006 m
1985 989 1998 1004 .

1869 1043 2025 1112 (Cap.
2056 1042 2428 1100 LVl.—Vers.
2465 1047 2541 1116 1.)
2569 1045 2704 1102 Htec
2731 1048 2857 1104 dicit
2889 1047 3179 1106 Dominus:
3209 1050 3398 1108 Custo-

1795 1134 1902 1189 dite
1917 1136 2181 1208 judicium
2202 1179 2218 1205 ,
2250 1146 2300 1193 et
2329 1138 2483 1209 facile
2500 1139 2804 1208 justitiam:
2836 1141 2959 1210 quia
2970 1143 3128 1213 juxta
3154 1154 3226 1197 est
3255 1143 3396 1200 salus

1795 1244 1908 1282 mea
1935 1238 1989 1282 ut
2019 1231 2187 1284 veniat
2210 1273 2224 1296 ,
2254 1242 2303 1284 et
2319 1233 2530 1302 justitia
2556 1249 2668 1287 mea
2701 1243 2756 1286 ut
2783 1234 3059 1290 reveletur.
3085 1235 3229 1291 LXX
3249 1278 3264 1302 ,
3299 1253 3398 1308 pro

1786 1322 1994 1394 justitia
2016 1364 2030 1388 ,
2065 1323 2479 1379 misericordiam
2510 1327 2934 1392 transtulerunt,
2969 1337 3165 1382 caetera
3195 1328 3394 1409 simili-

1797 1425 1898 1472 ter.
1947 1415 2206 1472 Gentium
2250 1419 2512 1474 vaticinia
2547 1420 2841 1476 terminato
2865 1463 2882 1488 ,
2914 1436 3038 1490 quae
3074 1421 3124 1476 iu
3157 1421 3398 1478 adventu

1795 1508 2068 1565 sermonis
2096 1509 2198 1566 Dei
2238 1510 2304 1565 de
2341 1510 2644 1566 saliuncula
2681 1521 2736 1566 et
2766 1511 2940 1567 urtica
2972 1513 3026 1568 in
3057 1514 3397 1586 cyparissum

1795 1610 2142 1674 myrtumque
2174 1604 2450 1660 mutanda:
2479 1616 2605 1660 sunt
2631 1646 2646 1670 ,
2681 1605 2921 1676 loquitur
2965 1606 3132 1662 Isaias
3159 1606 3226 1662 ad
3250 1607 3397 1663 illius

1795 1692 2064 1764 temporis
2108 1694 2425 1762 auditores,
2476 1705 2533 1750 ut
2579 1679 2782 1752 iaciant
2819 1707 3014 1753 cuncta
3044 1739 3058 1762 ,
3094 1712 3216 1768 quae
3249 1707 3395 1754 recta

1795 1797 1921 1840 sunt
1940 1829 1956 1852 ,
1987 1797 2040 1842 et
2072 1796 2264 1858 parent
2293 1803 2354 1842 se
2374 1788 2631 1843 adventui
2659 1787 2986 1855 Salvatoris,
3009 1789 3134 1860 quia
3163 1789 3285 1859 ipse
3312 1799 3400 1846 est

42 1880 399 1952 Utcumque
425 1897 485 1938 se
517 1881 680 1937 habet
708 1885 989 1937 nominum
1011 1883 1344 1954 proprietas,
1373 1882 1474 1938 hoc
1501 1883 1686 1938 dicen-
1721 1880 1761 1937 Β
1787 1881 1992 1951 justitia
2009 1883 2451 1936 etmisericordia
2478 1882 2599 1939 Dei.
2621 1883 2678 1939 Si
2706 1882 2850 1938 enim
2880 1883 3240 1953 cogitationes
3265 1881 3395 1939 San-

41 1974 208 2030 tlum
239 1983 352 2035 est,
385 1974 528 2044 quod
561 1975 696 2028 mala
726 1983 1011 2029 vertantur
1043 1974 1096 2030 in
1130 1976 1292 2037 bona,
1322 1985 1377 2030 et
1420 1991 1516 2046 pro
1550 1975 1693 2030 vitiis

49 2078 388 2128 nascantur
439 2070 699 2135 virtutes,
731 2069 781 2123 id
829 2078 936 2135 est,
976 2084 1075 2139 pro
1119 2070 1421 2140 iniquitate,
1448 2070 1689 2139 justitia;

63 2178 182 2234 pro
210 2162 543 2228 temeritate,
580 2161 868 2224 fortitudo;
897 2179 996 2234 pro
1019 2163 1259 2226 luxuria,
1295 2166 1688 2234 temperantia;

87 2270 182 2325 pro
206 2254 468 2323 stultitia,
517 2255 828 2324 prudentia.
858 2256 1060 2312 Demus
1091 2258 1342 2326 exempla
1371 2259 1638 2328 majorum
1675 2278 1688 2314 :

88 2348 371 2403 Mattbzeus
396 2358 458 2403 et
496 2347 760 2404 Zacharus
787 2359 838 2404 et
865 2349 1156 2420 publicani,
1181 2351 1483 2406 saliuncula
1511 2361 1688 2420 erant,

89 2449 142 2494 et
167 2441 462 2508 στοιϐἠ,⁹ει
485 2443 686 2514 stirpes
715 2443 959 2506 inutiles.
985 2455 1037 2500 et
1059 2449 1242 2512 κονύζη
1258 2448 1429 2501 amari
1453 2449 1687 2518 saporis,

89 2543 140 2588 et
167 2533 357 2588 odoris
389 2534 680 2599 teterritni,
713 2535 959 2592 dicentes
985 2554 998 2592 :
1029 2535 1466 2610 Computrueruut
1495 2550 1542 2592 et
1570 2556 1688 2594 cor-

87 2635 257 2697 rupta:
293 2636 415 2681 sunt
464 2626 726 2682 cicatrices
774 2644 919 2696 mete,
962 2645 994 2682 a
1025 2630 1159 2700 facie
1214 2630 1521 2702 insipientia:
1565 2648 1690 2686 mea:

89 2719 206 2790 (Ps.
236 2720 552 2791 xxxrtt,6).
585 2721 675 2777 Isti
743 2723 796 2777 in
837 2721 1128 2793 Apostolos
1185 2733 1406 2791 repente
1473 2725 1685 2790 mutati,

86 2811 215 2868 facti
247 2823 377 2869 sunt
403 2815 742 2886 (-yparissus,
761 2824 816 2872 et
845 2815 1018 2884 abies,
1038 2825 1092 2870 et
1122 2828 1354 2886 myrtus,
1381 2816 1568 2872 odoris
1593 2832 1690 2887 op-

87 2906 228 2973 timi,
253 2918 306 2964 et
355 2909 406 2962 in
453 2909 600 2963 varia
644 2922 812 2978 opera
867 2910 1184 2964 necessarii.
1221 2909 1419 2964 Paulus
1467 2924 1688 2980 quoque

83 3009 406 3070 persecutor
434 2999 723 3067 Eeclesim,
763 3002 980 3068 quando
1024 3001 1284 3057 audiebat
1335 3017 1362 3054 a
1419 3001 1683 3057 Domino:

85 3092 273 3160 Saule,
304 3091 494 3159 Saule,
517 3095 643 3162 quid
682 3110 760 3148 me
784 3097 1144 3166 persequeris?
1171 3093 1377 3149 Durum
1394 3105 1469 3150 est
1501 3107 1684 3149 contra

80 3185 355 3238 stimulum
387 3185 663 3239 calcitrare
697 3185 832 3257 (Act.
876 3202 952 3254 Ix,
981 3185 1036 3254 4,
1067 3186 1148 3259 5),
1182 3187 1350 3242 urtica
1399 3196 1539 3254 erat,
1589 3189 1680 3241 ha-

1797 1984 2014 2028 ctorum
2054 1973 2259 2044 judicia
2291 1986 2450 2029 sunt:
2484 1983 2540 2029 et
2569 1972 2597 2012 δ
2624 1975 2959 2030 exercitatos
2993 1987 3188 2030 sensus
3215 1975 3280 2028 ad
3310 1973 3394 2030 di-

1797 2066 2122 2122 scretiouem
2157 2066 2281 2123 boni
2311 2081 2376 2122 ac
2404 2066 2532 2121 mali
2561 2066 2764 2122 habere
2808 2067 3074 2122 debemus
3103 2109 3119 2134 ,
3147 2082 3249 2122 cur
3284 2081 3391 2123 non

1795 2160 1940 2214 omni
1971 2167 2218 2230 tempore
2234 2159 2607 2216 custodiamus
2625 2160 2912 2230 judicium,
2929 2176 2999 2216 ne
3027 2160 3393 2232 deSpiciamus

1796 2269 2081 2325 personam
2135 2255 2388 2325 pauperis
2434 2256 2489 2308 in
2536 2253 2744 2324 judicio
2770 2296 2783 2319 ,
2827 2269 2896 2310 ne
2934 2254 3120 2308 divitis
3151 2255 3393 2324 potentia

1794 2360 2134 2406 terreamur:
2169 2350 2266 2406 sed
2301 2352 2372 2404 ita
2409 2364 2661 2421 magnum
2691 2349 3004 2419 judicemus
3032 2358 3090 2404 ut
3119 2363 3348 2417 parvum
3375 2387 3392 2416 ,

1793 2446 2026 2502 scientes
2052 2445 2203 2516 juxta
2233 2444 2454 2518 Moysen
2479 2486 2493 2510 ,
2527 2444 2671 2514 quod
2718 2442 2934 2498 Domini
2977 2441 3247 2512 judicium
3275 2442 3386 2510 sit,

1790 2539 1879 2610 qui
1905 2537 2442 2609 jndicatjndicantcs
2471 2536 2649 2609 (Deut.
2687 2535 2727 2608 ι)
2751 2552 2765 2602 ;
2792 2536 2958 2609 655
2989 2537 3140 2606 juxta
3167 2533 3310 2606 quod
3334 2544 3389 2590 et

1793 2633 1845 2687 in
1878 2632 2088 2701 psalmo
2121 2629 2354 2701 legitur:
2393 2629 2530 2683 Deus
2561 2631 2701 2683 stetit
2739 2630 2790 2682 in
2832 2643 3098 2700 synagoga
3137 2626 3390 2681 deorum:

1791 2724 1844 2777 in
1871 2724 2038 2776 medio
2081 2733 2250 2776 autem
2290 2722 2410 2776 deos
2451 2721 2706 2792 dijudicat
2749 2717 2870 2792 (Ps.
2905 2735 3066 2774 LXXXI
3092 2761 3108 2786 ,
3144 2719 3219 2790 1).
3261 2718 3393 2774 lluic

1791 2817 1934 2888 quod
1960 2832 2105 2872 nunc
2128 2817 2356 2872 dicitur:
2390 2815 2658 2871 Custodite
2678 2815 2970 2888 judicium,
2996 2822 3044 2869 et
3066 2815 3218 2884 facite
3230 2813 3393 2884 justi-

1792 2913 1949 2978 tiam,
1981 2911 2114 2966 illud
2143 2910 2322 2966 simile
2343 2917 2456 2966 est:
2490 2908 2638 2964 Beati
2656 2908 2745 2980 qui
2777 2907 3074 2962 custodiunt
3094 2904 3390 2976 judicium,

1789 3015 1836 3060 et
1863 3007 2063 3076 faciunt
2101 3005 2360 3076 justitiam
2387 3005 2438 3058 in
2471 3004 2610 3058 omni
2641 3013 2868 3071 tempore
2893 2998 3069 3073 (Psal.
3100 3013 3187 3064 cv,
3216 2996 3309 3069 3);
3336 3006 3391 3051 ut

1785 3099 1931 3168 juSte
1962 3096 2105 3170 quod
2133 3098 2338 3168 justum
2366 3105 2481 3159 est.
2516 3102 2931 3166 persequantur.
2962 3092 3301 3161 Quamquam
3335 3089 3388 3144 in

1789 3191 2018 3247 nomine
2040 3190 2267 3261 jusdtia:
2295 3229 2309 3255 ,
2341 3188 2520 3243 omnis
2547 3185 2678 3240 mihi
2701 3185 2950 3240 videatur
2979 3182 3278 3253 significari
3311 3181 3393 3237 lo-

84 3277 223 3330 bens
252 3277 653 3348 persecutionis
693 3278 934 3333 aculeus.
964 3277 1193 3344 Quando
1221 3277 1388 3350 654
1414 3289 1594 3333 autem
1629 3279 1683 3334 in
1714 3271 1759 3334 C
1789 3300 1906 3352 cus,
1941 3286 2083 3355 quod
2113 3285 2205 3351 qui
2241 3298 2402 3337 unam
2427 3281 2699 3352 justitiam
2726 3278 2940 3340 fecerit,
2960 3287 3189 3333 cunctas
3222 3279 3391 3332 virtu-

82 3381 203 3424 ιοιο
223 3370 355 3427 orbe
383 3371 736 3442 Evangelium
764 3372 1094 3443 praedicavit,
1127 3383 1181 3428 et
1202 3373 1388 3428 dicere
1426 3384 1641 3441 poterat
1669 3391 1680 3427 :

81 3461 281 3517 Citriin
309 3464 471 3518 bonus
495 3465 624 3519 odor
658 3482 836 3519 sumus
868 3466 934 3538 (ll
963 3464 1083 3521 Cor.
1109 3481 1169 3533 ιι,
1199 3466 1308 3537 15),
1343 3475 1490 3521 recte
1520 3481 1685 3538 cypa-

81 3556 260 3610 rissus
288 3557 615 3628 appellatur,
641 3564 696 3613 et
724 3569 950 3631 myrtus.
985 3558 1300 3615 Meretrices
1328 3570 1380 3614 et
1410 3558 1684 3630 publicani

82 3650 435 3716 praeveniunt
482 3647 794 3705 Pharisu'os
850 3650 906 3705 in
957 3665 1127 3720 regno
1173 3649 1298 3718 Dei,
1326 3661 1381 3706 et
1432 3651 1568 3706 latro
1614 3651 1685 3707 de

80 3753 251 3796 cruce
284 3741 478 3796 transit
507 3741 560 3797 in
595 3741 906 3812 paradisum
937 3741 1154 3813 (Matth.
1202 3745 1343 3811 ut).
1375 3742 1520 3813 Ergo
1548 3743 1684 3799 illud

77 3837 225 3905 quod
250 3836 302 3891 in
328 3835 630 3908 Evangelia
655 3837 858 3892 dicitur
891 3853 903 3888 :
932 3835 1056 3891 Non
1082 3847 1246 3907 potest
1267 3837 1422 3892 arbor
1443 3837 1578 3892 bona
1601 3842 1685 3911 fa-

81 3943 198 3981 cere
241 3931 447 4000 fructus
473 3931 640 3984 malos
667 3929 822 4003 (Luc.
851 3945 928 3994 vt,
955 3931 1058 3994 43;
1095 3927 1284 3984 Matth.
1317 3945 1409 3996 vn,
1444 3927 1554 4000 l8),
1583 3947 1681 3987 ne-

78 4035 358 4094 quaquam
401 4023 635 4079 refertur
663 4023 727 4078 ad
774 4033 985 4079 naturae
1014 4025 1432 4095 proprietatem,
1465 4034 1523 4079 ut
1573 4024 1685 4080 bte-

80 4117 239 4172 retici
298 4118 653 4184 volnnt,sed
693 4118 759 4174 ad
815 4117 1015 4174 mentis
1067 4118 1377 4172 arbitrium.
1437 4118 1684 4190 Denique

82 4206 318 4265 infertur
347 4228 361 4265 :
394 4212 499 4264 Aut
535 4212 693 4282 facile
718 4209 958 4265 arborem
992 4210 1198 4271 bonum,
1231 4219 1278 4264 et
1323 4213 1522 4280 fructus
1573 4214 1685 4283 ejus

81 4302 262 4359 bonas.
290 4303 372 4360 Ex
406 4319 516 4375 quo
559 4307 902 4376 perspicuum
941 4315 1044 4369 est,
1078 4320 1525 4376 unumquemque
1560 4320 1685 4376 pro-

77 4398 190 4463 pria
225 4398 512 4454 voluntate
543 4399 724 4455 facere
754 4400 992 4454 animam
1022 4397 1300 4472 suam[Al.
1325 4398 1518 4453 anima:
1545 4399 1680 4470 sum]

77 4484 281 4546 bonam
311 4491 396 4547 vel
422 4491 621 4546 malam
650 4491 924 4559 arborem,
947 4491 1104 4562 cujus
1127 4490 1334 4546 fructus
1372 4491 1506 4546 varii
1530 4502 1679 4545 sunt.

76 4579 344 4654 Sequitur
377 4602 388 4637 :
421 4582 490 4639 Et
515 4584 614 4639 erit
648 4583 903 4639 Dominus
942 4586 998 4638 in
1045 4601 1230 4640 nomen
1279 4594 1325 4639 et
1365 4585 1422 4638 in
1475 4585 1682 4658 signum

1789 3385 1870 3432 tes
1897 3376 2150 3447 implesse
2187 3375 2405 3430 dicatur
2448 3387 2572 3443 quae
2601 3371 2836 3427 invicem
2871 3385 2930 3426 se
2957 3379 3260 3440 sequuntur
3285 3413 3298 3438 ,
3335 3377 3391 3424 et

1786 3470 1886 3526 sibi
1909 3469 2148 3524 luerent:
2177 3468 2250 3523 ita
2274 3467 2438 3538 utqui
2466 3481 2627 3520 unam
2650 3464 2924 3531 habuerit,
2949 3478 3142 3518 omnes
3169 3461 3388 3528 habeat,

1787 3572 1844 3618 et
1872 3563 1962 3632 qui
1995 3575 2099 3617 una
2146 3561 2424 3626 caruerit,
2471 3558 2684 3614 cunctis
2727 3565 2933 3613 careat.
2980 3554 3111 3610 Tale
3155 3554 3284 3625 quid
3333 3561 3390 3608 et

1787 3667 2016 3729 quartus
2040 3655 2282 3712 decimus
2313 3654 2554 3724 psalmus
2584 3659 2771 3708 sonat:
2806 3650 2909 3718 Qui
2940 3648 3172 3703 ambulat
3201 3648 3389 3701 imma-

1786 3751 1992 3806 culatus
2020 3793 2034 3817 ,
2067 3761 2114 3805 et
2153 3760 2402 3820 aperatur
2432 3749 2701 3822 justitiam
2726 3745 2846 3818 (Ps.
2878 3761 2965 3800 χιι·
2991 3788 3006 3811 ,
3037 3741 3119 3814 2).
3161 3742 3231 3798 Et
3256 3742 3386 3797 alibi

1788 3846 2051 3914 scriptum
2081 3854 2194 3900 est:
2223 3841 2491 3897 Justitiam
2519 3842 2703 3895 discite
2726 3840 2816 3907 qui
2842 3839 3087 3893 habitatis
3109 3853 3264 3904 super
3287 3848 3391 3890 ter—

1786 3953 1898 3991 ram
1932 3935 2084 4009 (Isai.
2121 3953 2265 4002 ται-ι,
2293 3936 2370 4009 9).
2401 3934 2554 4004 Quod
2587 3943 2769 3990 autem
2797 3931 3070 3997 Salvator,
3094 3931 3186 4000 qui
3213 3928 3389 3984 factus

1789 4042 1871 4086 est
1899 4031 2057 4086 nobis
2077 4031 2288 4101 justitia
2318 4071 2332 4094 ,
2376 4041 2430 4084 et
2459 4027 2722 4082 sanctitas
2748 4066 2762 4090 ,
2796 4035 2852 4081 et
2883 4021 3192 4092 redemptio
3220 4061 3235 4085 ,
3269 4022 3386 4089 ipse

1789 4125 1857 4178 sit
1882 4122 2256 4180 misericordia
2285 4121 2380 4175 Dei
2410 4119 2455 4193 (l
2485 4118 2606 4174 Cor.
2642 4121 2683 4188 ι)
2707 4158 2723 4182 ,
2755 4126 3072 4172 sanctorum
3105 4112 3269 4166 verba
3303 4118 3387 4165 te-

1788 4225 2030 4270 stantur:
2067 4215 2129 4269 Et
2153 4215 2287 4269 misit
2312 4212 2457 4268 Deus
2489 4208 2898 4266 misericordiam
2925 4222 3095 4272 suam,
3124 4214 3170 4259 et
3201 4204 3389 4258 verita-

1789 4319 1888 4362 tem
1915 4326 2063 4362 suam
2094 4307 2212 4381 (Ps.
2247 4323 2354 4375 Lvt,
2379 4305 2458 4377 4).

1859 4401 2042 4473 (Vers.
2072 4401 2154 4474 2.)
2179 4401 2372 4455 Beatus
2395 4401 2472 4454 vir
2511 4401 2597 4470 qui
2628 4398 2755 4469 facit
2786 4399 2904 4461 hoc,
2923 4405 2968 4450 et
3002 4396 3141 4463 [ilius
3165 4393 3390 4448 hominis

1787 4495 1876 4565 qui
1905 4493 2256 4566 apprehendet
2288 4493 2427 4547 istud
2449 4508 2469 4546 :
2502 4493 2796 4547 custodiens
2819 4490 3093 4544 sabbatum
3122 4531 3137 4553 ,
3171 4504 3236 4543 ne
3273 4487 3393 4558 pol-

1790 4589 1897 4642 luat
1937 4588 2106 4642 illud:
2138 4587 2438 4640 custodiens
2479 4603 2669 4640 manus
2709 4601 2831 4638 suas
2857 4624 2872 4650 ,
2915 4599 2978 4636 ne
3025 4582 3187 4653 faciat
3237 4597 3390 4634 omne

73 4679 476 4748 sempiternum,
502 4679 643 4748 quod
681 4695 784 4734 non
831 4678 1058 4748 deﬁciet.
1096 4679 1213 4746 His,
1263 4678 1356 4748 qui
1417 4678 1487 4733 de
1538 4679 1682 4733 malo
1708 4670 1764 4731 Ι)
1789 4681 2008 4734 ntalum.
2034 4678 2212 4734 LXX:
2243 4676 2432 4731 Beatus
2461 4679 2538 4731 uir
2567 4677 2654 4746 qui
2677 4676 2832 4745 faciet
2863 4674 2974 4729 lucc
3003 4714 3017 4737 ,
3049 4683 3096 4727 et
3118 4671 3272 4726 homo
3299 4673 3389 4738 qui

73 4773 402 4827 commutati
419 4771 624 4827 fuerint
651 4773 704 4826 in
727 4773 952 4837 boitutn,
982 4773 1087 4827 erit
1116 4773 1382 4828 Dominus
1407 4773 1457 4827 in
1479 4788 1680 4828 nomen

74 4865 200 4920 Elin
229 4866 454 4937 signum
486 4874 775 4932 aeternum,
811 4877 867 4920 ut
895 4880 960 4921 ex
1001 4865 1177 4935 ipsius
1215 4867 1555 4936 appellentur
1585 4881 1682 4920 no-

75 4959 223 5016 mine
255 4961 584 5025 Christiani,
619 4971 674 5017 et
712 4961 894 5017 crucis
939 4959 1059 5030 ejus
1097 4958 1381 5015 inuranlur
1415 4961 1682 5015 cauterio.

74 5044 149 5103 De
180 5070 294 5123 quo
322 5055 480 5126 signo
510 5053 736 5110 Simeon
769 5062 966 5109 tenens
998 5051 1137 5106 ulnis
1168 5053 1468 5122 parvulum,
1496 5053 1686 5122 loque-

75 5139 243 5202 batur
277 5164 290 5201 :
322 5148 429 5203 Hic
449 5150 546 5202 erit
578 5150 634 5203 in
657 5148 864 5203 ruinam
897 5157 946 5202 et
969 5148 1024 5202 in
1050 5147 1474 5202 resurrectionem
1497 5147 1682 5201 multo-

76 5251 214 5300 rum,
246 5252 293 5296 et
346 5244 400 5295 in
459 5243 686 5312 signum,
717 5241 803 5295 cui
857 5239 1245 5295 contradicetur
1268 5237 1420 5311 (Luc.
1449 5252 1507 5303 ιι,
1543 5237 1636 5308 34)
1665 5256 1679 5293 :

78 5327 144 5382 de
175 5350 285 5404 quo
307 5345 363 5391 et
393 5335 768 5406 supradictum
797 5343 918 5390 est:
950 5331 1109 5388 Dabit
1135 5331 1276 5387 vobis
1309 5330 1564 5386 Dominus
1613 5332 1685 5385 si-

148 5558 177 5588 ἰ
211 5551 363 5606 Hanc
393 5550 688 5607 lectionem
717 5547 1000 5605 Victorius
1021 5546 1232 5613 pridem
1263 5543 1522 5608 restituit,
1546 5557 1681 5598 mss.

76 5624 257 5692 POStri
293 5625 458 5694 plane
492 5618 1221 5694 confirmant._rMartianteus
1250 5625 1433 5694 tamen
1463 5631 1528 5669 ex
1561 5614 1684 5668 aliis

73 5688 268 5802 ἰγεδριο
294 5688 462 5750 senisu
506 5693 705 5748 maluit
739 5734 752 5757 ,
801 5691 965 5747 elixus
997 5705 1178 5744 carnes
1220 5688 1475 5759 sanguine
1516 5703 1685 5741 come-

72 5771 211 5808 tum!

135 5777 232 5880 ἕ.
253 5837 530 5906 Sanguine
559 5835 852 5890 comedunt.
877 5832 1150 5889 Marianos
1179 5831 1407 5906 mutavit
1435 5830 1583 5906 hunc
1603 5829 1683 5884 lo-

64 5905 232 5977 min;
268 5899 401 5982 legit
423 5909 574 5964 enim
609 5919 654 5962 et
681 5907 845 5962 elixus
877 5922 1059 5961 cm-ttes
1080 5903 1521 5977 Agnicomedunt.
1548 5899 1682 5970 Qute

1786 4776 1971 4830 retinet
1995 4775 2096 4828 ista
2119 4814 2136 4840 ,
2166 4783 2211 4827 et
2237 4771 2458 4826 custodit
2484 4771 2720 4832 sabbata,
2755 4778 2808 4823 ut
2833 4783 2934 4821 non
2963 4771 3204 4839 profanet
3227 4781 3308 4831 ea,
3336 4772 3389 4818 et

1785 4876 1954 4922 servat
2003 4882 2182 4920 manus
2227 4881 2350 4919 suas
2376 4907 2389 4928 ,
2439 4880 2502 4919 ne
2543 4863 2701 4936 faciat
2735 4862 3081 4932 iniquitatem.
3114 4857 3215 4927 Qui
3260 4871 3385 4912 cum

1786 4961 2033 5030 apostolo
2054 4958 2225 5014 Paulo
2249 4965 2426 5028 potest
2453 4955 2668 5010 dicere:
2696 4953 2917 5020 Quando
2939 4969 3080 5008 eram
3111 4949 3384 5020 paruulus,

1787 5055 2033 5126 loquebar
2058 5062 2112 5106 ut
2135 5052 2418 5125 paruulus:
2447 5059 2500 5104 ut
2521 5047 2770 5122 parvulus
2799 5047 3084 5118 sapiebam,
3114 5055 3170 5100 ut
3194 5060 3387 5115 parau-

1791 5146 1871 5201 lus
1901 5146 2221 5217 cogitabam;
2253 5154 2528 5214 postquam
2552 5146 2724 5214 [actus
2752 5157 2867 5196 sum
2895 5141 2992 5205 uir,
3017 5139 3266 5194 dextruxi
3287 5154 3350 5194 ea
3370 5183 3383 5204 ,

1789 5253 1906 5308 qua:
1947 5235 2156 5307 parvuli
2187 5242 2306 5288 sunt
2335 5233 2378 5305 (Ι
2421 5230 2546 5287 Cor.
2594 5247 2688 5287 xm
2716 5273 2732 5298 ,
2769 5233 2893 5301 ll):
2927 5232 3030 5285 iste
3059 5239 3386 5300 prteseutem

1790 5331 2147 5402 consequitur
2177 5325 2999 5398 beatitudinem,przeteritorum
3023 5324 3385 5387 obliviscens,

1788 5539 1953 5596 lectio
1983 5538 2246 5608 optimum
2300 5536 2463 5591 habet
2519 5548 2770 5608 sensum,
2830 5541 2993 5608 atque
3046 5527 3388 5608 praeferenda

1787 5599 2084 5677 videretur,
2120 5608 2165 5664 si
2208 5608 2566 5676 manuscripti
2616 5603 2838 5660 codices
2887 5599 3064 5677 eidem
3125 5599 3388 5671 suifraga-

1787 5693 1996 5740 rentur.
2073 5671 2082 5677 ’
2493 5671 2505 5676 ⁷
3004 5671 3274 5728 Maurum.

1857 5752 1886 5794 ι’
1918 5755 2034 5809 Duo
2052 5752 2404 5809 Ambrosian.
2432 5765 2565 5806 mss.
2595 5766 2608 5804 :
2627 5746 2834 5823 judicia
2848 5753 2992 5812 sunt,
3014 5758 3129 5817 qua
3149 5743 3217 5798 ad
3239 5759 3384 5799 cur.

1788 5826 1974 5881 citatas
2003 5841 2203 5892 sensus,
2235 5835 2340 5880 etc.
