3932 6308
542 266 652 325 55⁸)

1795 258 1854 316 5.
1900 254 2166 315 EUSEBII
2205 252 2586 314 HIBRONYMI

3743 252 3835 310 διο

540 393 597 440 et
626 394 650 421 ἰ
681 384 732 438 in
765 381 1001 436 futurum
1024 393 1085 434 se
1110 352 1623 441 extendensdonec
1648 376 1922 446 perveniat
1946 376 1999 431 in
2020 374 2146 429 uni-
2172 379 2221 440 Α
2251 372 2509 441 baptizati
2536 411 2552 436 ,
2590 369 2866 428 Christum
2912 369 3203 426 induerant
3254 368 3451 442 (Galat.
3504 366 3586 441 v).
3620 367 3734 422 Non
3762 376 3835 424 est

546 484 710 528 tatem
744 472 891 537 tidei,
914 478 968 525 et
993 469 1369 540 cognitionem
1402 468 1521 524 Filii
1557 469 1681 535 Dei,
1716 468 1772 523 in
1803 468 1979 523 virum
2016 481 2143 537 per-

546 564 768 630 fectum,
795 564 848 618 in
881 578 1193 619 mensuram
1227 563 1409 619 aetatis
1442 561 1795 633 plenitudinis
1819 560 2062 627 Christi;
2091 569 2149 615 ut

543 656 591 711 ei
628 656 866 726 psalmus
895 655 987 710 ille
1026 655 1205 711 valeat
1244 659 1520 725 Coaptari:
1571 653 1761 710 Beatus
1805 655 1881 708 vir
1922 654 2013 726 qui
2045 666 2146 708 non

544 748 669 802 abiit
700 748 753 802 in
790 748 1005 803 consilio
1029 749 1307 816 impiorum
1337 747 1458 818 (Ps.
1488 763 1508 802 t
1535 786 1551 813 ,
1584 748 1660 818 ι).
1697 747 1804 802 Iste
1833 747 1996 817 igitur
2020 745 2103 801 vir
2126 788 2142 814 ,

545 850 603 897 et
625 840 768 894 lilius
797 840 1079 896 interioris
1112 841 1348 895 hominis
1378 882 1391 907 ,
1424 840 1491 895 de
1522 856 1631 911 quo
1664 842 1716 894 in
1746 840 1993 896 Levitico
2021 856 2147 896 cre-

546 935 698 1003 brius
728 936 935 991 dicitur
969 954 982 991 :
1022 935 1212 1001 Homo,
1246 936 1398 992 homo
1441 934 1630 1009 (Leuit.
1664 950 1771 991 xvu
1797 976 1811 1000 ,
1858 935 1916 1005 8)
1944 953 1956 990 :
1991 935 2043 990 in
2082 950 2148 989 eo

546 1029 742 1085 beatus
784 1038 908 1097 est,
960 1028 1105 1099 quod
1158 1029 1290 1085 facit
1338 1030 1574 1099 primum
1613 1070 1629 1097 ,
1674 1039 1728 1084 et
1777 1027 2152 1100 apprehendet

547 1124 700 1179 haec:
745 1124 1013 1192 judicium
1055 1124 1274 1181 scilicet
1314 1134 1480 1193 atque
1527 1123 1796 1192 justitiam
1826 1133 1882 1179 et
1916 1122 2148 1178 salutem

550 1214 803 1282 Domini,
836 1231 957 1285 qua:
992 1230 1160 1286 prope
1191 1225 1277 1271 est
1301 1256 1317 1282 ,
1346 1226 1401 1272 et
1442 1214 1658 1270 cunctis
1697 1214 1953 1285 gentibus
1994 1228 2151 1268 reve-

548 1306 707 1362 landa
730 1316 822 1361 :ut
848 1323 955 1362 non
987 1302 1161 1363 solum
1195 1307 1356 1364 faciat
1384 1306 1531 1379 quod
1563 1315 1897 1376 prteceptum
1927 1312 2032 1369 est,
2053 1303 2148 1360 sed

553 1402 739 1459 stricta
794 1412 984 1458 teneat
1027 1416 1230 1470 manu;
1280 1412 1335 1458 et
1376 1402 1657 1460 custodiat
1703 1400 2030 1465 sabbatum,
2083 1414 2153 1454 ne

550 1496 757 1564 polluat
785 1495 950 1552 illud:
984 1497 1142 1564 Quod
1172 1498 1242 1552 sit
1271 1506 1454 1552 autem
1487 1496 1806 1562 sabbatum,
1832 1494 1978 1567 quod
2013 1510 2153 1566 prte-

548 1587 693 1657 cepit
718 1587 1150 1655 observandum,
1184 1606 1420 1661 sequens
1454 1605 1643 1646 versus
1669 1589 1945 1645 ostendit:
1969 1589 2153 1645 Custo-

552 1680 698 1735 diens
724 1697 907 1735 manus
934 1683 1103 1755 656
1119 1700 1262 1747 suas,
1286 1699 1351 1738 ne
1379 1684 1536 1754 faciat
1554 1699 1703 1737 omne
1726 1684 1939 1737 malum.
1966 1682 2152 1753 Neque

551 1773 694 1827 enim
745 1774 969 1843 prodest
1012 1776 1206 1832 sedere
1236 1776 1291 1831 in
1333 1776 1561 1831 sabbato
1584 1816 1600 1843 ,
1632 1776 1751 1832 sive
1777 1774 2021 1831 dormire
2048 1814 2064 1839 ,
2096 1783 2151 1830 et

2256 1764 2584 1819 desiderium
2631 1765 2832 1819 malum
2881 1783 2894 1819 :

550 1866 723 1935 epulis
753 1867 990 1924 inhiare.
1022 1868 1130 1925 Sed
1159 1869 1205 1923 si
1240 1870 1380 1925 bona
1411 1868 1637 1932 faciens,
1665 1870 1913 1937 quiescat
1952 1869 2005 1923 in
2038 1884 2153 1924 ma-

550 1958 618 2013 lis
644 1999 659 2025 ,
709 1970 766 2016 et
807 1962 935 2032 juge
967 1963 1270 2031 iniquitatis
1301 1964 1494 2019 habeat
1535 1964 1820 2019 sabbatum
1854 2003 1869 2029 ,
1917 1963 1968 2019 id
2012 1971 2101 2019 est
2134 2002 2150 2028 ,

552 2055 749 2121 otium,
784 2072 959 2127 eaque
988 2067 1197 2112 tantum
1233 2058 1414 2125 faciat,
1443 2074 1564 2128 quae
1592 2057 1659 2112 ad
1689 2060 1886 2113 animm
1916 2057 2147 2113 salutem

554 2146 849 2216 pertinent,
878 2158 934 2205 et
960 2150 1027 2205 ad
1050 2165 1217 2206 omne
1244 2165 1384 2221 opus
1413 2151 1617 2207 servile
1641 2167 1750 2206 non
1781 2162 2014 2207 moveat.
2048 2151 2149 2219 Qui

551 2238 696 2295 enim
727 2240 855 2296 facit
874 2253 1185 2312 peccatum,
1219 2259 1415 2299 servus
1443 2255 1527 2299 est
1558 2246 1762 2315 peccati
1798 2244 1981 2312 (Joan.
2009 2244 2146 2317 vtu).

553 2328 665 2385 Nos
692 2340 874 2388 autem
905 2333 959 2389 in
986 2335 1291 2390 libertatem
1320 2337 1494 2397 vocati
1522 2354 1728 2402 smnus,
1761 2354 1865 2409 qua
1897 2338 2155 2395 libertate

551 2419 770 2479 donavit
802 2440 902 2481 nos
925 2423 1173 2483 Christus
1205 2427 1405 2499 (Galat.
1440 2428 1542 2503 tv),
1566 2439 1624 2483 ut
1652 2445 1993 2501 nequaquam
2019 2445 2154 2500 olle-

553 2531 739 2573 remur
758 2520 976 2587 cibum,
1027 2523 1118 2591 qui
1154 2524 1326 2591 perit;
1365 2524 1461 2579 sed
1494 2524 1840 2580 adhaerentes
1872 2524 2106 2580 Domino
2133 2558 2149 2591 ,

555 2608 806 2668 dicamus
833 2628 957 2668 eum
996 2614 1300 2685 Propheta:
1336 2615 1470 2671 Mihi
1513 2627 1685 2671 autem
1708 2616 1999 2673 adhaerere
2043 2618 2154 2674 Deo

555 2701 744 2758 bonum
774 2715 848 2760 est
879 2705 999 2779 (Ps.
1040 2721 1182 2762 Lxxu
1211 2749 1226 2773 ,
1256 2708 1374 2778 28).
1409 2706 1724 2764 Efliciamur
1767 2724 1890 2766 cum
1921 2727 1987 2767 eo
2013 2726 2155 2770 unus

556 2798 801 2865 spiritus,
827 2800 1255 2871 impleamusque
1284 2803 1510 2859 sabbata
1536 2802 1565 2842 δ
1592 2803 1867 2871 dedicata,
1892 2821 1961 2862 ne
1983 2806 2155 2863 simus

557 2891 626 2946 de
653 2904 748 2947 ses
773 2892 985 2959 diebus,
1020 2895 1072 2950 in
1100 2896 1298 2965 quibus
1329 2896 1502 2953 factus
1526 2907 1611 2953 est
1639 2899 1875 2956 mundus
1894 2936 1911 2967 ,
1939 2899 2008 2955 de
2035 2904 2157 2971 qui-

560 2984 657 3038 bus
688 2987 937 3055 Apostoli
969 3003 1074 3042 non
1095 2991 1486 3060 erant,quibus
1508 2991 1774 3048 Dominus
1797 2993 2151 3061 loquebatur:

562 3075 625 3132 Si
651 3079 826 3133 essetis
854 3079 917 3133 de
945 3081 1141 3135 mundo
1169 3083 1267 3136 isto
1289 3122 1306 3148 ,
1339 3084 1564 3138 mundus
1601 3084 1778 3156 utique
1802 3096 1998 3140 amaret
2019 3086 2158 3156 quod

557 3189 709 3231 suum
752 3184 843 3231 est.
878 3175 1036 3231 Nunc
1065 3187 1237 3233 autem
1273 3196 1376 3233 non
1404 3181 1524 3234 estis
1553 3180 1619 3234 de
1647 3180 1841 3237 mundo
1869 3183 1965 3236 ista
1987 3220 2011 3249 ν
2033 3185 2154 3252 quia
2182 3156 2225 3215 Ο

558 3266 689 3337 elegi
720 3285 807 3323 vos
832 3312 847 3338 ,
875 3279 927 3326 et
953 3270 1147 3326 idcirco
1176 3272 1284 3326 odit
1311 3288 1399 3327 vos
1432 3273 1657 3328 mundus
1685 3274 1868 3345 (Joan.
1901 3290 2001 3341 xv,
2037 3274 2153 3347 19).

580 3364 581 3367 “
631 3361 817 3433 (Vers.
845 3364 932 3434 ὅ.)
966 3363 1030 3418 Et
1061 3381 1162 3420 non
1192 3366 1333 3420 dicat
1360 3366 1502 3436 ﬁlius
1525 3368 1740 3422 aduente
1763 3407 1779 3431 ,
1807 3368 1895 3439 qui
1922 3369 2154 3423 adhaeret

559 3450 785 3509 Domino
809 3500 823 3524 ,
865 3456 1077 3513 dicens:
1117 3459 1458 3532 Separatione
1485 3461 1676 3516 dividet
1716 3478 1797 3517 me
1842 3459 2098 3518 Dominus
2123 3479 2157 3516 a

560 3550 754 3615 papula
785 3563 912 3602 suo:
956 3558 1002 3602 et
1042 3566 1144 3604 non
1181 3551 1319 3604 dicat
1349 3551 1647 3608 eunuchus:
1674 3552 1809 3609 Ecce
1832 3571 1926 3626 ego
1953 3553 2156 3626 lignum

559 3638 789 3694 aridum.
819 3641 987 3696 LXX:
1022 3641 1101 3696 Ne
1126 3643 1264 3697 dicat
1293 3645 1583 3714 alienigena
1607 3688 1620 3713 ,
1651 3646 1740 3716 qui
1777 3647 2045 3717 appositus
2083 3656 2158 3702 est

563 3727 827 3786 Domino:
858 3730 1088 3788 Putasne
1117 3745 1318 3803 separet
1346 3753 1425 3789 me
1459 3736 1712 3793 Dominus
1739 3756 1772 3793 a
1798 3737 1995 3807 populo
2022 3741 2159 3794 suo?

561 3830 610 3875 et
637 3837 701 3876 ne
726 3822 865 3878 dicat
897 3824 1162 3880 eunuchus
1187 3868 1202 3891 ,
1234 3828 1357 3898 quia
1400 3843 1494 3900 ego
1526 3845 1645 3885 sum
1686 3831 1883 3903 lignum
1923 3832 2152 3887 aridum.

560 3911 662 3982 Qui
693 3915 972 3971 humiliter
1002 3918 1145 3973 hunc
1170 3919 1346 3976 locum
1379 3921 1715 3989 intelligunt,
1742 3923 1811 3977 ad
1847 3925 2157 3997 proselytos

562 4023 631 4061 es
662 4009 915 4078 gentibus
936 4020 991 4066 et
1013 4026 1143 4068 vere
1159 4018 1440 4070 eunuchos
1464 4015 1703 4071 referunt
1736 4032 1857 4087 qum
1878 4017 2154 4082 dicuntur,

2247 465 2467 523 Jndaius
2492 476 2547 521 et
2580 464 2866 530 Ethnicus,
2896 464 3248 519 Circumcisio
3274 472 3330 519 et
3354 463 3836 533 Pmputiutu,qni-

2246 558 2348 613 bus
2379 558 2433 613 in
2462 556 2873 612 Deuteronomii
2909 556 3070 628 857
3102 556 3413 627 praccipitur
3440 555 3707 611 Cantica:
3735 554 3834 609 La-

2246 652 2430 704 tamini
2455 659 2629 722 gentes
2653 665 2771 703 cum
2800 651 2993 718 populo
3023 648 3235 722 ejus,id
3262 657 3367 713 est,
3387 647 3485 701 Dei
3508 650 3602 718 qui
3632 649 3835 717 priorem

2249 743 2423 799 habuit
2451 743 2697 815 populum
2720 742 3027 812 Judwgrum
3057 741 3238 814 (Deut.
3274 759 3470 810 χχχιιι,
3504 742 3626 811 45).
3649 742 3753 811 Qui
3780 745 3836 799 de

2247 832 2470 889 Oriente
2492 844 2544 888 et
2575 834 2876 889 Occidente
2904 833 3191 889 venientes
3213 874 3228 899 ,
3259 834 3624 902 requiescant
3649 836 3701 888 in
3727 835 3836 889 sinu

2248 926 2545 982 Abraham.
2581 926 2694 982 lloc
2717 936 2801 982 est
2823 926 2965 996 quod
2991 937 3046 982 et
3065 926 3307 983 Joannes
3336 928 3578 999 Baptista
3605 927 3836 984 dicebat:

2250 1018 2320 1075 Et
2348 1037 2410 1075 ne
2437 1021 2624 1075 dicatis
2650 1060 2664 1088 ,
2696 1030 2896 1091 patrem
2923 1019 3173 1076 habemus
3214 1021 3502 1075 Abraham.
3548 1020 3689 1076 Dico
3716 1024 3839 1076 enim

2248 1116 2420 1170 vobis:
2455 1114 2643 1170 Potens
2669 1126 2743 1171 est
2764 1114 2902 1171 Deus
2922 1116 2988 1170 de
3002 1114 3269 1188 lapidibus
3293 1116 3409 1171 istis
3437 1116 3700 1171 suscitare
3720 1117 3838 1182 ﬁlias

2250 1208 2470 1265 Abrahte
2504 1207 2735 1281 (Matth.
2781 1225 2880 1273 Ill,
2925 1209 3020 1281 9).
3075 1211 3140 1265 Et
3188 1209 3469 1281 quomodo
3509 1211 3565 1265 in
3613 1211 3841 1282 prosely-

2254 1304 2322 1358 tis
2351 1320 2456 1359 non
2483 1312 2569 1358 est
2603 1302 2710 1357 ulla
2739 1302 3076 1368 diversitas.
3105 1302 3201 1359 sed
3240 1312 3294 1359 et
3321 1303 3423 1358 viri
3455 1311 3514 1356 et
3540 1302 3761 1358 femine
3781 1302 3840 1357 ad

2251 1398 2482 1453 salutem
2517 1397 2723 1468 pariter
2758 1397 3154 1453 vocantnrzsic
3184 1406 3241 1452 et
3276 1398 3329 1451 in
3370 1396 3648 1452 eunuchis
3673 1395 3765 1468 qui
3793 1410 3843 1452 se

2252 1496 2632 1545 castraverunt
2660 1496 2888 1560 propter
2916 1502 3080 1557 regna
3108 1486 3397 1554 cmlorum,
3422 1498 3656 1556 uterque
3694 1501 3843 1541 sexus

2252 1580 2560 1649 accipitur;
2604 1581 2694 1650 qui
2730 1578 3203 1637 mortificavetuut
3248 1579 3494 1634 membra
3545 1594 3643 1633 sua
3693 1593 3845 1648 super

2255 1681 2458 1727 terram
2485 1712 2502 1739 ,
2533 1671 2954 1727 fornicationem
2980 1712 2995 1736 ,
3027 1670 3427 1727 immunditiam
3454 1711 3470 1736 ,
3500 1671 3841 1740 passionem,

2941 1764 3118 1819 donec
3186 1763 3513 1834 perveniant
3559 1779 3759 1820 omnes
3801 1766 3843 1819 in

2257 1860 2428 1913 virum
2461 1857 2762 1929 perfectum
2782 1896 2797 1924 ,
2827 1867 2882 1912 et
2905 1857 3094 1914 dicant
3115 1872 3238 1913 cum
3278 1857 3583 1927 Apostolo:
3623 1855 3741 1912 Nos
3766 1873 3845 1911 ne-

2254 1954 2445 2006 minem
2491 1953 2722 2007 norimus
2764 1952 3048 2007 secundum
3079 1968 3307 2009 carnem.
3341 1950 3412 2006 Et
3440 1954 3488 2008 si
3524 1954 3847 2022 cognouimus

2247 2044 2406 2115 juxta
2435 2059 2643 2098 carnem
2670 2043 2937 2098 Christum
2960 2086 2975 2111 ,
3024 2043 3116 2099 sed
3146 2060 3285 2099 nunc
3323 2045 3439 2115 jam
3481 2060 3590 2099 non
3628 2045 3849 2098 nouimus

2253 2135 2298 2206 (Ι
2321 2135 2460 2205 (Cor.
2506 2152 2536 2191 v
2564 2175 2582 2203 ,
2639 2134 2750 2207 ιδ).
2784 2145 2806 2173 ο
2839 2135 2986 2207 Ergo
3016 2135 3069 2191 in
3101 2137 3370 2193 eunuchis
3401 2151 3750 2207 nequaquam
3783 2137 3850 2191 illi

2255 2227 2592 2299 intelligendi
2622 2239 2749 2283 sunt
2775 2269 2789 2293 ,
2823 2242 2961 2299 quos
2999 2228 3199 2284 ardens
3238 2239 3397 2299 poeta
3427 2228 3754 2285 describens
3781 2227 3846 2282 ait

2255 2318 2480 2392 (Lucan.
2498 2320 2588 2373 lib.
2619 2319 2708 2392 x):

2473 2435 2580 2501 Nec
2602 2449 2698 2485 non
2725 2434 2895 2485 infelix
2922 2434 3060 2501 ferro
3078 2440 3303 2486 truncata
3318 2434 3559 2499 juventus
3582 2476 3597 2501 ,

2473 2497 2639 2562 Atque
2661 2508 2867 2550 exsecta
2893 2500 3217 2551 virum........

2256 2626 2363 2683 Sed
2398 2626 2478 2681 illi
2508 2626 2577 2682 de
2606 2627 2804 2698 quibus
2836 2626 3096 2681 Dominus
3140 2626 3194 2680 in
3229 2625 3523 2695 Evangelia
3557 2626 3805 2697 loquitur
3839 2644 3850 2680 :

2259 2720 2362 2787 Qui
2388 2734 2442 2773 se
2478 2730 2835 2773 castrauerunt
2879 2727 3090 2788 prapter
3112 2734 3332 2790 regnum
3361 2717 3609 2773 caelorum
3639 2718 3847 2789 (Matth.

2257 2830 2367 2879 xix,
2398 2814 2487 2886 η)
2513 2813 2734 2884 :qnales
2754 2822 2912 2868 erant
2938 2820 2995 2867 et
3018 2811 3286 2879 Apostoli,
3319 2810 3518 2878 quibus
3547 2810 3853 2865 admiranti-

2259 2909 2356 2963 bus
2386 2917 2442 2963 et
2470 2924 2572 2978 pro
2613 2907 2692 2961 rei
2725 2905 3046 2961 difﬁcultate
3072 2903 3382 2960 dicentibus
3410 2921 3425 2957 :
3458 2904 3589 2970 Quis
3619 2918 3743 2976 ergo
3772 2920 3853 2975 po-

2257 3011 2351 3056 test
2382 3002 2553 3057 salvus
2599 3002 2753 3070 ﬁeri?
2795 3000 3081 3069 respondit
3120 3001 3377 3056 Salvator
3402 3014 3417 3055 :
3441 2998 3547 3064 Qui
3576 3008 3742 3071 potest
3776 3016 3854 3053 ca-

2259 3111 2396 3167 pere,
2431 3096 2623 3168 capiat.
2654 3094 2811 3151 Unde
2850 3105 2902 3148 et
2934 3092 3231 3162 Apostolus
3258 3094 3328 3148 de
3357 3092 3737 3164 hujuscemodi
3762 3109 3850 3148 cu-

2259 3188 2472 3255 ttucltis,
2514 3187 2564 3242 id
2596 3197 2699 3253 est,
2728 3187 2797 3242 de
2824 3187 3143 3257 virginibus,
3181 3193 3518 3255 praeceptum
3561 3186 3775 3240 Domini
3802 3199 3854 3239 se

2258 3294 2368 3337 non
2399 3281 2603 3336 habere
2627 3289 2882 3346 testatur,
2913 3279 3010 3334 sed
3040 3279 3136 3333 dat
3156 3278 3445 3333 consilium
3469 3278 3624 3348 quasi
3651 3276 3855 3332 miseri-
3930 3276 3932 3348 ξ

2258 3375 2501 3430 cordlam
2544 3382 2868 3430 consecutus
2904 3387 2932 3428 s
2980 3371 3226 3437 Domino,
3279 3371 3471 3427 volens
3519 3384 3710 3425 omnes
3741 3383 3855 3424 esse

2256 3465 2397 3521 sicut
2444 3467 2682 3534 seipsum
2716 3481 2730 3517 :
2768 3462 2992 3535 Tempus
3038 3463 3201 3526 enim,
3239 3462 3337 3527 ait,
3388 3462 3443 3515 in
3482 3461 3700 3517 collecto
3750 3469 3854 3515 est:

2255 3567 2507 3631 superest,
2548 3566 2603 3611 ut
2633 3570 2681 3612 et
2719 3557 2809 3629 qui
2847 3555 3034 3610 habent
3064 3571 3269 3623 πέπονες,
3319 3555 3395 3608 sic
3441 3554 3548 3607 sint
3585 3554 3734 3625 quasi
3761 3568 3856 3607 non

2256 3650 2478 3705 habeant
2514 3646 2557 3720 (Ι
2585 3648 2706 3705 Cor.
2736 3662 2829 3712 vn,
2873 3644 2990 3720 39).
3022 3647 3124 3716 Qui
3156 3648 3300 3702 enim
3350 3647 3492 3703 liber
3523 3652 3744 3700 voratus
3782 3652 3859 3699 est
3930 3684 3932 3721 ί

2257 3760 2288 3800 a
2319 3747 2582 3800 servitute
2611 3753 2665 3800 et
2694 3741 2877 3798 olllcio
2920 3742 3223 3813 conjngali,
3256 3741 3362 3797 iste
3388 3756 3525 3798 vere
3553 3756 3750 3796 servus
3779 3746 3860 3796 est
3930 3740 3932 3803 ξ

2256 3837 2484 3896 Christi.

2331 3930 2515 4002 (Vere.
2537 3928 2594 3997 4,
2626 3929 2708 4001 5.)
2738 3931 2873 3999 Quia
2904 3931 3014 3985 hinc
3043 3929 3169 3985 dicit
3196 3928 3456 3985 Dominus
3481 3928 3771 3983 eunuchis:
3803 3925 3859 3982 Si

2258 4023 2594 4079 custodierint
2622 4023 2837 4077 sabbata
2867 4038 3000 4091 mea,
3020 4032 3068 4077 et
3094 4021 3341 4095 elegerint
3369 4036 3491 4094 qua:
3514 4019 3672 4088 solui,
3702 4031 3757 4076 et
3786 4028 3858 4073 te-

560 4101 704 4171 quod
737 4111 795 4156 ct
825 4102 1058 4159 adventa
1085 4145 1099 4171 ,
1134 4105 1179 4160 si
1210 4106 1385 4177 legem
1430 4107 1645 4164 Dotuiul
1674 4110 2019 4179 susceperint
2040 4150 2057 4173 ,
2102 4118 2160 4165 et
2258 4118 2463 4172 nuerint
2494 4116 2663 4187 [tedas
2686 4132 2877 4180 meum,
2903 4115 3040 4170 dabo
3067 4117 3140 4170 eis
3165 4117 3219 4170 in
3241 4115 3397 4169 domo
3424 4126 3563 4185 mea,
3593 4124 3639 4170 et
3667 4115 3722 4168 in
3752 4126 3861 4168 uts-

561 4192 1044 4263 circumcidantur,
1071 4205 1126 4251 et
1152 4199 1410 4265 eunuchi,
1443 4200 1619 4268 qualis
1650 4202 1750 4257 fuit
1776 4199 2046 4258 Csudacis
2069 4203 2161 4259 ille
2256 4210 2332 4265 ris
2368 4210 2498 4264 meis
2535 4211 2749 4265 locum:
2793 4220 2840 4263 et
2865 4224 3049 4263 nomen
3084 4209 3271 4263 melius
3299 4225 3331 4261 a
3370 4207 3498 4274 [iliis
3541 4216 3590 4262 et
3616 4206 3860 4277 ﬁliabus:

563 4283 771 4353 reginae
801 4286 938 4357 (Act.
972 4288 1089 4359 vut)
1113 4328 1128 4352 ,
1157 4292 1249 4360 qui
1279 4292 1444 4348 etiam
1473 4292 1528 4347 in
1560 4292 1758 4365 itinere
1800 4295 2008 4352 otiosus
2034 4310 2158 4353 esse
2259 4318 2444 4356 nomen
2469 4303 2835 4374 sempiternum
2865 4301 2999 4355 dabo
3028 4302 3123 4364 eis,
3154 4300 3299 4372 quod
3325 4316 3426 4354 non
3449 4276 3654 4371 peribit.
3681 4276 3859 4353 Lﬁ:

563 4393 673 4434 non
705 4388 916 4450 poterat
938 4421 954 4444 ,
1001 4392 1053 4439 et
1082 4383 1211 4439 dum
1239 4387 1433 4457 quaerit
1465 4389 1817 4461 interpretem
1859 4390 2116 4447 lectionis
2139 4431 2154 4458 ,
2265 4394 2392 4450 Ηωε
2408 4395 2533 4449 dicit
2560 4394 2817 4448 Dominus
2846 4393 3129 4448 eunuchis:
3165 4392 3264 4459 Qui
3293 4390 3634 4446 custodierint
3655 4390 3865 4443 sabbata

559 4471 843 4528 Christum
879 4477 1082 4545 reperit
1111 4492 1270 4549 quem
1304 4481 1582 4552 quaerebat
1606 4522 1622 4549 ,
1667 4498 1776 4539 non
1806 4484 1917 4540 sint
1941 4484 2153 4541 externi
2186 4545 2231 4559 ﬁ
2259 4506 2393 4557 mea,
2424 4500 2473 4544 et
2502 4487 2748 4558 elegerint
2772 4503 2890 4559 quae
2915 4502 3010 4559 ego
3039 4485 3176 4551 volo,
3216 4495 3265 4540 et
3303 4484 3562 4540 tenuerint
3591 4493 3862 4539 testamen-

560 4580 590 4622 a
620 4568 800 4625 salute
832 4568 948 4625 Dei.
987 4572 1099 4627 Hoc
1139 4583 1319 4630 autem
1348 4616 1362 4642 ,
1404 4576 1651 4648 inquiunt
1679 4614 1695 4644 ,
1735 4578 1934 4634 dicitur
1963 4586 2156 4634 eontra
2185 4545 2237 4607 Β
2260 4592 2366 4637 tum
2390 4597 2580 4645 meum,
2612 4579 2748 4633 dabo
2779 4580 2852 4634 eis
2880 4580 2934 4633 in
2965 4579 3120 4633 domo
3141 4594 3279 4643 mea,
3311 4587 3358 4631 et
3386 4578 3442 4630 in
3476 4593 3626 4631 muro
3642 4590 3756 4629 meo
3785 4572 3865 4626 lo-

560 4661 784 4720 Judteos
807 4700 823 4729 ,
854 4665 947 4736 qui
986 4666 1329 4725 nobilitatem
1369 4672 1573 4740 jactant
1620 4672 1840 4743 generis
1869 4713 1884 4737 ,
1931 4682 1983 4728 et
2018 4671 2159 4728 ﬁlios
2257 4691 2374 4729 cum
2410 4674 2754 4742 nominatum,
2793 4671 3061 4727 meliorem
3105 4670 3235 4740 ﬁliis
3277 4679 3327 4724 et
3369 4668 3581 4740 ﬁliabus
3618 4684 3639 4724 :
3677 4681 3859 4721 nomen

561 4755 797 4814 Abraltm
829 4773 888 4814 se
913 4776 1040 4816 esse
1067 4762 1276 4828 dicunt,
1307 4772 1362 4817 et
1392 4765 1577 4819 beatos
1609 4774 1803 4834 putant
1830 4766 1922 4835 qui
1956 4766 2161 4821 habent
2254 4769 2626 4827 sempiternum
2677 4765 2814 4820 dabo
2865 4766 2939 4820 eis
2983 4774 3029 4818 et
3061 4780 3161 4817 non
3213 4762 3439 4831 deﬁciet.
3487 4761 3606 4816 Duo
3653 4773 3860 4829 propo-

561 4863 750 4905 semen
802 4853 855 4907 in
901 4852 1032 4908 Sion
1058 4890 1075 4921 ,
1107 4865 1161 4910 et
1193 4856 1525 4911 domesticos
1556 4857 1608 4911 in
1637 4857 1944 4912 Jerusalem
1970 4857 2153 4929 (Joan.

464 4938 471 4943 ⁷
557 4940 699 5011 vtu).
725 4942 834 4998 Nos
876 4957 1063 5000 autem
1090 4963 1225 5018 quos
1254 4963 1420 5019 supra
1454 4965 1553 5020 per
1581 4949 1945 5007 saliunculam
1987 4961 2044 5007 et
2067 4969 2159 5007 ur-

558 5031 722 5088 ticam
754 5044 809 5090 et
837 5042 1037 5103 κονόζην
1065 5049 1120 5093 et
1149 5043 1364 5103 στοιϐὴν
1395 5043 1737 5113 interpretati
1776 5060 1985 5103 sumus.
2018 5045 2154 5117 (Su-

557 5141 653 5194 pra
676 5126 745 5179 ad
773 5143 890 5197 cap.
915 5131 1026 5200 Lv),
1045 5134 1097 5184 in
1122 5132 1357 5189 abietem
1375 5144 1429 5189 et
1446 5137 1785 5207 cyparissum
1813 5149 2161 5210 myrtumun

553 5231 872 5284 conversos,
888 5221 1109 5278 eosdem
1135 5240 1279 5281 nunc
1308 5242 1371 5283 ac
1401 5227 1560 5283 ﬁdem
1590 5229 1867 5301 Evangelii
1899 5231 2157 5302 intelligi-

559 5329 679 5368 mus
714 5316 1022 5384 provocari:
1057 5318 1200 5388 quod
1234 5320 1526 5389 desperare
1556 5319 1663 5394 [ΑΙ.
1704 5323 2012 5397 desperari]
2045 5342 2153 5380 non

557 5404 824 5474 debeant,
847 5409 894 5464 si
912 5409 1251 5468 adhzrserinl
1275 5413 1541 5469 Domino:
1574 5431 1676 5473 nec
1702 5432 1762 5473 se
1786 5427 1975 5487 putent
2001 5432 2032 5473 a
2060 5418 2154 5473 Dei

554 5499 761 5569 populo
800 5506 1068 5571 separari.
1115 5508 1318 5564 Omnes
1364 5509 1507 5563 enim
1548 5509 1642 5581 qui
1686 5510 1739 5564 iu
1783 5508 2002 5566 Christo
2028 5518 2158 5566 sunt

630 5643 656 5704 Ρ
687 5636 855 5693 Iidem
871 5677 887 5704 ,
915 5648 965 5696 et
991 5644 1047 5696 in
1065 5654 1218 5700 antea
1239 5661 1293 5699 se
1318 5646 1615 5703 extendens.

630 5703 660 5741 δ
690 5707 1051 5789 Ad_Gr:e_c_um
1080 5723 1181 5789 τῶν
1206 5715 1347 5771 LXX
1379 5719 1518 5772 infra
1558 5734 1683 5789 cap.
1724 5734 1881 5787 Lvnt,
1906 5721 2149 5779 σάϐϐατα

563 5779 814 5851 τρυφερὰ,
855 5782 1067 5837 sabbata
1096 5787 1318 5842 delicata
1342 5831 1356 5857 ,
1398 5779 1655 5856 rescribit
1696 5779 1905 5846 Victor.
1973 5807 2032 5867 ro
2062 5795 2154 5850 de-

2257 4867 2459 4921 suerat.
2504 4860 2811 4931 proselytos
2851 4868 2906 4914 et
2950 4840 3251 4913 eunuchos.
3304 4855 3461 4909 Prius
3512 4853 3748 4923 loquitur
3794 4850 3863 4904 de

2257 4952 2546 5020 eunuchis,
2577 4951 2778 5021 datque
2806 4952 2890 5007 eis
2920 4962 3194 5021 prteceptu
3224 4948 3467 5018 vivendi,
3493 4947 3656 5022 058
3682 4952 3736 5001 et
3772 4943 3863 4998 fu-

2265 5054 2510 5100 turorum
2563 5046 2787 5114 pra-mia
2838 5043 3147 5115 pollicetur.
3180 5042 3243 5097 Et
3295 5049 3417 5112 post
3459 5056 3559 5096 eos
3600 5037 3741 5094 venit
3792 5034 3860 5089 ad

2260 5140 2592 5213 proselytos,
2624 5138 2733 5194 illis
2754 5154 2969 5209 quoque
2995 5138 3193 5191 similia
3224 5135 3631 5207 repromittens.
3658 5130 3864 5199 Loqui.

2258 5242 2348 5289 tur
2378 5250 2510 5303 ergo
2539 5231 2830 5293 eunuchis.
2881 5231 2971 5301 qui
3002 5228 3392 5300 desperatione
3418 5227 3686 5289 dixerunt,
3714 5220 3859 5275 Ecce

2260 5343 2352 5400 ego
2390 5324 2588 5396 lignum
2621 5341 2773 5379 arens
2802 5322 3002 5394 (Exod.
3048 5322 3229 5393 xxut),
3258 5336 3328 5375 ne
3354 5335 3413 5373 se
3446 5326 3632 5390 putent
3667 5314 3853 5383 subju—

2256 5435 2384 5475 cere
2429 5417 2743 5483 maledicto,
2777 5417 2922 5486 quod
2953 5415 3240 5474 sterilibus
3267 5414 3478 5471 dictum
3521 5420 3638 5468 est:
3682 5405 3855 5461 Mate-

2258 5514 2428 5569 dictus
2452 5513 2641 5570 sterilis
2666 5512 2755 5584 qui
2780 5528 2882 5566 non
2907 5511 3030 5583 facit
3049 5525 3223 5567 semen
3251 5510 3305 5563 in
3329 5505 3503 5563 Israel
3524 5502 3691 5578 (Deut.
3724 5500 3854 5567 Vit).

2263 5654 2617 5804 miaglupplet
2644 5722 2851 5781 Victor.
2880 5738 3003 5794 ergo
3030 5736 3096 5779 ex
3124 5721 3382 5803 Hebraeo.
