3932 6382
98 395 206 453 διι

666 393 1309 453 COMMENTAllIORUM
1352 399 1417 453 IN
1460 398 1689 454 lSAlAll
1732 398 2156 459 PllUPllETAM
2195 404 2321 459 LIB.
2366 402 2482 459 XV.
2524 403 2678 459 CAP.
2720 402 2858 460 LVI.

3306 384 3416 458 tu

98 513 189 577 Si,
219 512 795 585 inquit,custodierint
829 516 1051 570 sabbata
1082 532 1224 584 mea,
1256 517 1390 572 etde
1413 519 1552 574 meis
1577 532 1714 590 prae.-
1739 524 1785 582 Α
1819 519 1925 577 illis
1956 532 2169 592 quoque
2212 521 2432 591 prtemia
2478 521 2765 590 pollicetur
2796 539 2808 575 :
2844 517 2987 595 quod
3028 520 3072 575 si
3122 516 3417 577 servierint

99 608 292 677 ceptis
334 608 601 679 elegerint
642 623 707 663 ea
752 625 876 680 qua:
900 610 1073 676 volui,
1120 623 1174 665 et
1219 626 1326 667 non
1376 627 1439 667 ea
1469 628 1588 683 quae
1618 628 1718 685 pro

101 704 451 759 audientium
483 704 850 760 imbecillitate
893 707 1163 775 concessi,
1214 716 1269 760 et
1314 707 1488 763 ltedus
1536 722 1717 764 meum

102 797 230 851 sive
263 804 650 852 testamentum
683 798 830 851 omni
859 796 1193 853 retinuerint
1219 798 1346 864 lide,
1381 795 1524 855 dabo
1553 803 1632 855 eis
1661 800 1717 856 in

102 886 276 943 domo
308 904 450 952 mea,
482 898 540 944 et
566 890 620 944 in
651 889 875 960 Temple
908 905 1056 955 meo,
1086 901 1141 946 et
1173 894 1225 946 in
1256 894 1427 946 muris
1464 894 1716 949 ﬁrmissi-

106 994 217 1034 mae
264 979 508 1036 civitatis
538 996 673 1036 mete
715 982 915 1047 locum,
960 993 1017 1037 et
1060 998 1260 1039 nomen
1288 985 1483 1039 melius
1514 985 1637 1039 ﬁliis
1664 991 1721 1040 et

104 1072 519 1144 ﬁliabus,quod
548 1076 692 1131 nulla
721 1076 997 1133 oblivione
1027 1077 1317 1133 delebitur.
1360 1079 1460 1146 Qui
1489 1080 1599 1134 sint
1625 1094 1721 1134 ett-

105 1166 281 1220 nuchi
311 1183 474 1238 supra
517 1169 783 1237 diximus,
834 1171 924 1240 qui
956 1170 1172 1226 solliciti
1204 1180 1334 1226 sunt
1375 1173 1440 1227 ad
1489 1188 1548 1226 ea
1598 1189 1719 1243 quin

109 1261 214 1316 Dei
261 1273 422 1328 sunt;
456 1263 653 1332 quibus
700 1263 936 1333 loquitur
980 1275 1033 1319 et
1082 1264 1381 1336 Sapientia,
1412 1281 1532 1337 qute
1563 1266 1719 1337 titulo

102 1352 429 1409 Salomonis
450 1356 769 1411 inscribitur
795 1374 808 1410 ε
833 1355 993 1411 Beata
1016 1358 1207 1412 sterilis
1228 1360 1580 1427 immaculata,
1606 1373 1721 1428 qua!

102 1462 218 1498 non
250 1447 492 1519 cognovit
519 1459 742 1503 stratum
786 1450 842 1503 in
887 1450 1098 1517 delicto,
1149 1450 1351 1505 habebit
1399 1456 1621 1509 fructum
1666 1453 1720 1507 in

104 1539 414 1595 visitatione
441 1542 753 1597 animarum.
801 1542 871 1597 Et
914 1545 1199 1613 eunuchus,
1239 1546 1329 1615 qui
1368 1557 1570 1601 nonest
1600 1562 1721 1619 ope-

102 1641 259 1687 ratus
287 1650 445 1687 manu
467 1635 816 1704 iniquitatem,
859 1652 1023 1708 neque
1050 1639 1292 1708 cogitavit
1332 1649 1512 1693 contra
1542 1639 1724 1693 Domi-

108 1743 243 1780 num
274 1726 438 1782 mala.
468 1726 691 1784 Dabitur
704 1733 836 1784 enim
860 1732 984 1801 ﬁdei
1007 1735 1123 1806 ejus
1143 1734 1305 1787 electa
1328 1734 1515 1806 gratia,
1533 1742 1577 1786 et
1600 1746 1723 1804 pars

96 1814 157 1866 in
188 1815 394 1883 templo
422 1812 637 1870 Domini
670 1816 995 1871 delectabilis
1029 1818 1048 1889 (
1067 1817 1197 1889 Sap.
1223 1834 1311 1885 Ill,
1344 1817 1567 1889 15,14).
1597 1818 1723 1873 Hzrc

1820 616 1894 678 el.
1933 626 1988 672 et
2015 616 2083 671 de
2109 616 2373 671 servitute
2398 615 2713 671 transierint
2743 614 2809 671 ad
2843 614 3082 672 nominis
3113 609 3257 671 illius
3286 614 3417 671 cha-

1819 710 2058 780 ritatem,
2098 712 2207 765 sint
2237 711 2285 765 ei
2316 709 2462 766 servi
2492 724 2505 764 ε
2536 708 2712 780 qualis
2737 708 2838 765 fuit
2869 722 2923 766 et
2951 708 3247 777 Apostolus
3280 708 3418 764 Pau-

1821 803 1926 865 lus,
1960 803 2204 859 scribens
2233 804 2283 857 in
2308 802 2575 874 principio
2602 800 2971 872 Epistolarum
2998 817 3218 858 suarum
3240 796 3418 856 :Pau—

1819 893 1904 947 lus
1925 908 2101 947 servus
2122 885 2248 947 Jesu
2272 892 2466 949 Christi
2489 893 2668 963 (Rom,
2698 906 2739 958 t,
2774 896 2793 948 l
2816 892 2855 964 ).
2881 892 2949 948 Et
2989 891 3209 963 Moyses
3239 892 3417 948 famu-

1819 989 1906 1043 lus
1950 989 2040 1044 Dei
2078 987 2269 1059 (Hebr.
2304 988 2403 1055 ιιι).
2435 989 2594 1056 Quod
2644 999 2824 1045 autem
2877 988 2929 1043 in
2977 981 3123 1044 LXX
3170 987 3414 1043 additum

1821 1091 1906 1137 est
1946 1100 1958 1135 :
1990 1090 2035 1135 et
2064 1082 2319 1149 ancillas,
2349 1081 2509 1136 obelo
2550 1084 2998 1152 prmttotavimtts.
3035 1081 3222 1153 Neque
3266 1076 3414 1138 enim

1824 1174 1941 1230 ﬁeri
1965 1185 2139 1245 pote-t
2162 1218 2175 1238 ,
2212 1183 2270 1228 ut
2301 1175 2353 1229 in
2386 1174 2777 1244 spiritualibus
2814 1174 2976 1230 donis
3014 1175 3083 1230 sit
3110 1187 3277 1229 sexus
3308 1174 3414 1230 ulla

1824 1266 2116 1323 diversitas
2150 1282 2162 1321 :
2196 1282 2317 1322 eum
2344 1269 2395 1322 in
2417 1267 2640 1323 Christo
2664 1264 2794 1323 Jesu
2826 1282 2933 1321 non
2969 1267 3039 1321 sit
3079 1268 3165 1321 vir
3203 1275 3258 1321 et
3298 1280 3418 1321 mu-

1823 1362 1955 1425 lict‘;
2007 1347 2119 1417 sed‘
2159 1375 2354 1415 omnes
2399 1359 2453 1416 in
2501 1374 2598 1425 eo,
2634 1374 2802 1415 unum
2842 1362 3011 1414 simus
3043 1358 3227 1430 (Joan.
3262 1356 3416 1430 xvu).

1827 1455 1901 1509 De
1929 1455 2159 1509 sabbato
2180 1462 2235 1507 ct
2263 1453 2471 1509 imitere
2493 1455 2829 1523 sempiterno
2852 1466 3012 1523 supra
3035 1450 3296 1506 diximus.
3318 1448 3419 1517 Qui

1823 1562 1953 1619 ergo
1976 1548 2090 1601 ba-c
2121 1547 2338 1611 fecerit,
2368 1545 2601 1600 adducet
2622 1560 2743 1600 eum
2770 1546 2913 1599 Deus
2943 1545 2994 1598 in
3019 1553 3208 1599 monte
3229 1549 3421 1599 sancto

1823 1656 1942 1704 suo,
1977 1654 2030 1697 et
2063 1641 2252 1695 ltetitia
2283 1638 2486 1695 alliciet
2522 1636 2574 1693 in
2605 1638 2773 1693 domo
2801 1638 3070 1692 orationis
3106 1651 3241 1692 sum.
3267 1635 3422 1691 Mons

1825 1746 2072 1801 sanctus,
2104 1742 2196 1789 aut
2232 1734 2483 1803 dogmata
2531 1732 2780 1789 veritatis
2828 1741 2994 1797 sunt,
3026 1730 3421 1801 Trinitatisque

1824 1829 2108 1885 confessio
2135 1847 2148 1883 :
2173 1837 2264 1883 aut
2296 1830 2412 1898 ipse
2445 1827 2728 1895 Dominus,
2758 1825 2825 1880 ad
2857 1838 3019 1896 quem
3050 1825 3240 1878 ultimo
3275 1833 3419 1878 tent-

96 1906 321 1961 stcrilis
363 1908 676 1979 virginitate
707 1908 935 1965 fecunda
976 1909 1086 1976 [ΑΙ.
1123 1909 1431 1983 lecundata]
1479 1920 1591 1975 est;
1635 1909 1720 1965 hic
1755 1938 1796 2000 ῃ
1829 1938 1959 1990 pore
1985 1922 2160 1992 (juxta
2196 1921 2341 1975 hunc
2368 1916 2623 1976 eumdem
2651 1914 2849 1975 Isaiam
2880 1927 2936 1974 et
2979 1916 3258 1974 Miclm-am
3290 1932 3421 1988 pm-

97 2001 405 2054 eunuchus
449 2016 617 2071 regno
642 2004 910 2059 calorum
942 2005 1049 2057 vim
1083 2003 1231 2071 facit,
1263 2010 1319 2057 et
1351 2004 1612 2059 violenter
1640 2003 1725 2057 di‘

101 2093 238 2164 l‘lpll
269 2094 431 2149 illud.
463 2095 571 2151 Iste
595 2107 787 2152 custos
816 2097 1195 2164 sabbatorum,
1229 2108 1286 2152 ut
1317 2112 1610 2166 numquam
1643 2095 1725 2151 l'a-

100 2189 217 2240 eiat
247 2204 420 2257 opera
464 2189 773 2259 nuptiarum
817 2190 861 2261 (l
908 2190 1029 2246 Cor.
1078 2194 1193 2261 vn).
1244 2191 1348 2246 lste
1395 2192 1563 2261 elegit
1602 2206 1724 2260 quas

105 2281 387 2337 Dominus
409 2284 602 2352 voluit,
620 2296 678 2339 ιιι
702 2285 826 2354 plus
842 2284 1042 2341 ollerat
1062 2301 1222 2355 quam
1243 2293 1575 2355 pra-ceptum
1607 2292 1721 2339 est:

100 2383 163 2427 ut
193 2391 308 2429 non
342 2375 734 2445 indulgentiam
787 2374 1035 2443 Apostoli
1083 2378 1223 2447 ejus,
1256 2377 1353 2433 sed
1388 2377 1723 2432 voluntatem

103 2466 454 2525 tonsideret.
488 2466 598 2524 lstc
629 2477 777 2523 tenet
824 2468 1003 2526 lmdus
1049 2470 1265 2526 Domini
1300 2472 1721 2541 sempiternum,

104 2574 165 2618 ut
216 2578 331 2619 non
372 2563 441 2618 ad
483 2571 701 2635 tempus
731 2574 887 2620 vacet
927 2565 1186 2631 orationi,
1236 2576 1291 2621 et
1324 2567 1518 2621 iterum
1551 2565 1618 2619 ad
1670 2564 1725 2619 id

105 2658 294 2727 ipsum
331 2663 666 2722 revertatur,
691 2657 787 2713 sed
818 2665 1168 2727 accepturum
1191 2674 1314 2713 esse
1340 2673 1400 2713 se
1432 2658 1645 2713 noverit
1672 2657 1725 2711 in

104 2746 281 2801 domo
314 2746 554 2813 Domini,
593 2762 713 2818 qum
754 2758 839 2803 est
884 2748 1137 2804 Ecclesia
1180 2748 1321 2818 ejus,
1368 2749 1544 2804 locum
1586 2750 1727 2817 opti-

105 2856 289 2895 mum.
347 2840 530 2896 Multa:
580 2841 728 2896 enim
778 2842 1094 2897 mansiones
1142 2851 1272 2896 sunt
1318 2842 1459 2912 apud
1508 2842 1725 2895 Patrem

108 2934 304 3006 (Joan.
344 2931 484 3005 xlv).
521 2934 586 2988 Et
616 2935 709 3003 qui
739 2935 1025 2989 eunuchus
1068 2933 1251 3000 fuerit,
1280 2950 1343 2988 ac
1377 2934 1566 2989 fecerit
1610 2933 1729 2987 nni-

105 3044 278 3082 versa
313 3046 436 3098 qua:
458 3031 659 3097 scripta
684 3038 836 3093 sunt,
870 3028 1095 3082 habebit
1126 3032 1176 3081 in
1207 3028 1378 3081 muris
1399 3027 1517 3097 ejus
1551 3028 1726 3080 locum

106 3128 412 3191 optimum,
462 3132 520 3178 ut
544 3123 753 3178 scilicet
783 3123 948 3177 turris
982 3123 1189 3177 Domini
1223 3121 1519 3187 efﬁciatur,
1569 3131 1623 3177 et
1673 3123 1724 3174 iu

107 3213 452 3270 sacerdotali
484 3215 754 3270 consistat
780 3214 974 3285 gradu,
999 3226 1046 3269 et
1078 3230 1174 3283 pro
1197 3214 1381 3269 carnis
1411 3214 1557 3278 llliis,
1586 3213 1695 3268 mul

1828 2014 2068 2085 pbulum)
2087 2025 2278 2084 gentes
2299 2014 2546 2083 plurimte
2569 2010 2843 2068 couﬂuent
2867 2009 3021 2084 (Isai.
3042 2028 3099 2080 ιι,
3123 2009 3285 2065 Hicin.
3313 2011 3416 2082 tv).

1826 2108 2137 2176 Damnaque
2167 2108 2433 2163 orationis
2466 2106 2714 2163 Ecclesia
2745 2114 2848 2172 est,
2881 2118 3002 2176 qua
3039 2107 3090 2160 iu
3132 2113 3247 2160 toto
3288 2102 3423 2161 orbe

1827 2201 2106 2266 dividitur,
2140 2214 2187 2255 et
2212 2216 2319 2255 non
2352 2199 2638 2269 Templum
2660 2198 2999 2259 Judteorum,
3032 2195 3176 2267 quod
3210 2195 3421 2251 brevis-

1825 2295 1978 2348 simis
2006 2294 2209 2349 Judaean
2240 2305 2399 2346 terra:
2431 2290 2754 2345 arctnbatur
2773 2288 3061 2360 angustiis.

1898 2386 2080 2457 (Vers.
2112 2385 2168 2448 8,
2195 2383 2280 2454 9.)
2316 2383 2637 2439 Holocausta
2682 2396 2862 2437 eorum
2899 2390 2948 2436 et
2994 2380 3216 2435 victima:
3241 2395 3423 2434 eorum

1829 2478 2104 2549 placebunt
2128 2478 2253 2533 mihi
2278 2491 2434 2549 super
2452 2476 2618 2530 altare
2638 2484 2807 2529 meum
2841 2489 2862 2529 :
2896 2474 3017 2539 quia
3052 2472 3235 2526 domus
3276 2484 3423 2538 mea,

1828 2572 2012 2625 domus
2034 2569 2283 2625 orationis
2315 2568 2577 2623 voeabitur
2601 2568 2802 2621 cunctis
2819 2566 3046 2639 populis,
3070 2565 3143 2618 ait
3176 2563 3426 2617 Dominus

1829 2662 2004 2731 Deus,
2035 2665 2123 2733 qui
2157 2672 2435 2735 congregat
2469 2661 2732 2735 dispersos
2758 2654 2931 2713 Israel
2961 2672 2979 2713 :
3010 2656 3183 2711 adhuc
3212 2672 3428 2727 congre-

1828 2758 1960 2830 gabo
1984 2759 2051 2810 ad
2081 2771 2196 2811 eum
2220 2764 2556 2827 congregatos
2586 2755 2719 2825 ejus.
2758 2752 2951 2807 Omnes
2982 2752 3155 2805 bestia
3183 2750 3320 2821 agri,
3345 2763 3429 2802 ve-

1830 2852 1937 2906 nite
1965 2850 2035 2904 ad
2074 2850 2456 2915 deuorandum,
2491 2850 2746 2903 uniuersa:
2789 2847 2962 2901 bestia:
3000 2846 3181 2900 saltus.
3231 2842 3376 2898 LXX
3411 2859 3424 2896 :

1833 2943 2295 2997 Holocuustomata
2327 2957 2510 2995 eorum
2548 2951 2594 2995 et
2634 2940 2856 2995 uictima:
2899 2946 3052 2992 erunt
3088 2932 3427 3007 acceptabiles

1831 3053 1986 3105 super
2043 3038 2206 3090 altare
2260 3035 2426 3107 θθο
2467 3051 2655 3088 meum.
2713 3034 2907 3086 Domus
2959 3036 3093 3085 enim
3136 3043 3285 3096 mea,
3333 3032 3430 3080 do-

1831 3146 1945 3183 mus
1993 3130 2244 3183 orationis
2282 3128 2547 3181 rat-obitur
2579 3127 2776 3180 cunctis
2815 3124 3072 3197 gentibus,
3133 3124 3262 3176 dixit
3321 3116 3424 3173 Do-

1834 3223 2032 3288 minus,
2083 3221 2172 3291 qui
2228 3229 2500 3290 congregat
2553 3217 2812 3286 dispersos
2858 3215 3028 3269 Israel
3066 3230 3085 3269 :
3125 3210 3249 3282 quia
3300 3227 3424 3265 con-

110 3322 197 3364 ius
230 3309 438 3364 habtat
462 3308 603 3364 lilios
628 3308 962 3378 Spirituales.
986 3308 1172 3362 Talem
1198 3308 1368 3360 fuisse
1388 3305 1725 3373 eunuchum,
1757 3329 1802 3393 ρ
1832 3311 2057 3385 θνιοραὺο
2091 3309 2161 3364 ad
2199 3325 2313 3364 eum
2356 3307 3031 3381 congregationem.0nmu
3065 3305 3238 3360 bestia:
3281 3305 3424 3373 ferte,

106 3420 281 3477 quem
311 3404 474 3459 Jesus
510 3403 710 3456 amavit
759 3402 1074 3471 plurimum,
1125 3401 1527 3471 Evangelistam
1561 3398 1723 3453 Joan-

110 3513 266 3561 nem,
319 3494 716 3550 Ecclesiasticat
765 3493 990 3548 tradunt
1040 3492 1304 3557 historiae,
1339 3491 1427 3561 qui
1479 3489 1728 3545 recubuit

110 3608 285 3663 super
309 3601 502 3662 pectus
527 3589 654 3645 Jcsu
686 3590 868 3660 (Joan.
902 3588 1044 3659 xm);
1074 3586 1162 3655 qui
1187 3587 1347 3641 Petro
1383 3585 1587 3639 tardius
1615 3602 1729 3637 ntu—

111 3687 369 3749 bnlantu,
397 3684 575 3739 elatus
602 3681 931 3754 virginitatis
951 3682 1055 3735 alis
1077 3680 1315 3734 cucurrit
1340 3679 1403 3732 ad
1436 3678 1723 3731 Dominum

112 3778 308 3847 (Joau.
344 3777 463 3843 xx);
498 3776 588 3846 qui
635 3778 688 3829 in
727 3782 937 3829 secreta
972 3773 1176 3828 divinze
1207 3787 1269 3827 se
1300 3770 1595 3825 nativitatis
1626 3771 1728 3824 im‘

112 3886 403 3940 mergeus,
438 3883 603 3923 ausus
633 3879 715 3923 est
744 3867 949 3933 dicere,
989 3864 1133 3935 quod
1166 3874 1357 3918 cuncta
1392 3865 1587 3917 saecula
1636 3878 1733 3917 ue-

112 3966 377 4019 sciebant
411 3977 424 4014 :
471 3958 535 4014 In
583 3959 840 4031 principio
871 3968 981 4013 erat
1020 3956 1265 4021 Verbum,
1295 3968 1337 4009 et
1376 3954 1597 4011 Verbum
1623 3963 1731 4011 erat

111 4054 265 4127 apud
316 4052 504 4120 Deum,
533 4060 579 4104 et
610 4050 750 4107 Deus
779 4061 886 4106 erat
928 4048 1148 4103 Verbum
1170 4064 1188 4101 :
1217 4047 1317 4101 hoc
1346 4058 1455 4100 erat
1480 4048 1648 4120 659
1677 4047 1731 4102 in

113 4146 386 4220 principio
426 4146 569 4217 apud
612 4144 777 4199 Deum
818 4142 1000 4216 (Joan.
1045 4158 1093 4207 ι,
1150 4142 1227 4210 2).
1266 4140 1523 4193 Facessat
1570 4143 1733 4209 igitur

111 4245 303 4301 omnis
323 4242 597 4301 cavillatio
625 4242 961 4309 Judu'orum,
995 4250 1050 4293 et
1082 4239 1212 4293 risui
1246 4238 1490 4307 pra-bere
1521 4249 1579 4288 se
1616 4250 1735 4287 ces-

113 4352 224 4409 set,
260 4341 517 4410 aperiens
539 4337 811 4393 semiviris
857 4349 1021 4405 regna
1054 4333 1339 4397 malorum,
1374 4345 1495 4384 tum
1529 4326 1736 4397 pudici-

115 4438 187 4490 tia
218 4450 331 4490 nou
357 4432 412 4489 in
433 4430 719 4488 debilitate
750 4430 822 4486 sit
844 4428 1116 4500 corporis,
1149 4426 1245 4482 Sed
1275 4427 1326 4480 in
1350 4422 1516 4479 animi
1543 4422 1737 4476 volun.

119 4538 265 4585 taze.
356 4588 366 4597 ι

204 4622 392 4695 (Vcrs.
442 4621 496 4689 6,
534 4620 614 4691 7.)
654 4619 721 4675 Et
769 4618 911 4689 ﬁlios
940 4618 1171 4684 aduente,
1201 4616 1291 4688 qui
1319 4614 1583 4670 adhwrent
1629 4611 1738 4666 Do-

1826 3408 2010 3472 t'enite,
2032 3407 2302 3473 comedtte,
2331 3420 2505 3458 omnes
2527 3404 2700 3458 bestia:
2721 3408 2900 3456 saltus.
2924 3398 3298 3455 Diﬂ'erentiam
3330 3398 3429 3450 bo-

1826 3500 2049 3553 stiarum
2082 3505 2136 3551 et
2172 3497 2614 3551 bolocaustorum
2659 3495 2713 3548 in
2750 3493 2991 3547 Levitico
3028 3491 3242 3563 plenius
3267 3488 3435 3543 disci-

1831 3606 1971 3646 mus.
2002 3591 2325 3644 llolocausta
2352 3597 2500 3653 sunt,
2523 3600 2643 3658 quae
2671 3598 2836 3656 super
2859 3586 3033 3639 altare
3057 3585 3272 3652 integra
3299 3596 3431 3636 eon-

1829 3691 2162 3740 cremantur.
2193 3680 2437 3736 \‘ictitnm
2464 3691 2514 3733 et
2551 3680 2765 3745 hostiae,
2788 3690 3014 3747 quarum
3051 3690 3175 3746 pars
3201 3673 3433 3729 ollertur

1831 3779 2015 3843 altari,
2050 3792 2175 3848 pars
2198 3773 2579 3831 sacerdotibus
2610 3773 2860 3829 truditur.
2892 3770 3009 3825 Non
3044 3777 3131 3825 est
3157 3783 3290 3838 ergo
3312 3779 3436 3821 cre-

1832 3873 2069 3929 dendum
2093 3870 2237 3941 quod
2266 3869 2697 3940 alienigenarum
2722 3877 2778 3922 et
2799 3864 3180 3919 cunuchorum
3210 3859 3430 3925 hostim,

1833 3966 1938 4021 ritu
1984 3963 2217 4021 Judaico
2256 3963 2625 4032 requirantur.
2670 3960 2777 4016 Sed
2826 3958 2933 4013 hoc
2964 3959 3106 4011 scire
3145 3954 3429 4021 debemus,

1833 4055 1978 4127 quod
2004 4056 2321 4110 holocausta
2355 4051 2599 4108 eunuchi
2629 4049 2885 4116 oderant,
2917 4048 3009 4118 qui
3046 4053 3192 4099 totos
3220 4058 3280 4097 se
3302 4054 3435 4095 con-

1832 4159 2053 4205 st:crant
2096 4148 2229 4213 Deo;
2271 4146 2526 4200 victimas
2571 4151 2754 4197 autem
2812 4140 3167 4209 alienigenas,
3213 4135 3308 4205 qui
3364 4133 3433 4189 ad

1838 4253 2052 4311 tempus
2084 4236 2555 4302 vacautorationi,
2598 4236 2667 4291 de
2710 4233 2911 4303 quibus
2953 4231 3196 4300 loquitur
3239 4227 3383 4283 Deus
3417 4244 3430 4281 :

1838 4335 2028 4390 Hostia
2066 4335 2237 4390 laudis
2263 4331 2573 4406 gloriﬁcavit
2603 4328 2712 4402 [ιι.
2746 4322 3084 4401 gloriﬁcabit]
3112 4337 3237 4389 me;
3281 4330 3335 4379 et
3379 4322 3435 4376 in

1838 4429 1947 4482 alio
1971 4428 2091 4482 loco
2120 4425 2385 4480 :Immola
2415 4422 2528 4479 Deo
2565 4421 2878 4491 sacriﬁcium
2919 4416 3089 4474 laudis
3120 4416 3253 4489 (Ps.
3287 4430 3433 4483 sm,

1842 4519 1954 4589 is).
1999 4518 2077 4574 De
2108 4519 2191 4571 his
2216 4519 2452 4572 victimis
2479 4526 2535 4571 et
2561 4514 2900 4569 holocaustis
2920 4554 2935 4577 ,
2961 4528 3057 4582 per
3078 4509 3220 4567 Osee
3247 4510 3435 4564 Domi¢

1842 4627 1946 4665 nus
1974 4608 2213 4679 loquitur
2246 4626 2258 4661 :
2286 4606 2707 4661 Misericordiam
2732 4606 2848 4659 uolo
2868 4615 2915 4658 et
2947 4620 3049 4657 non
3075 4602 3390 4672 sacriﬁcium
3416 4615 3437 4654 :

128 4692 300 4784 mino,
330 4729 383 4773 ut
415 4719 590 4771 colant
617 4731 754 4777 eum,
789 4723 834 4767 et
855 4711 1077 4785 diligant
1100 4728 1284 4766 nomen
1311 4713 1444 4782 ejus,
1474 4718 1526 4763 ut
1545 4707 1651 4761 sint
1689 4705 1738 4760 ei
1765 4716 1817 4778 ι)
1843 4704 2108 4758 scientiam
2140 4701 2251 4766 Dei,
2272 4701 2435 4772 magis
2470 4714 2622 4769 quam
2652 4698 2976 4763 holocausta,
3008 4711 3121 4762 qua!
3150 4692 3437 4761 o/feruntur

130 4819 184 4870 in
216 4830 399 4871 seruos
429 4830 445 4867 :
480 4827 682 4868 omnem
724 4808 1099 4865 custodientem
1138 4806 1404 4861 sabbatum
1432 4820 1494 4859 ne
1535 4801 1739 4875 polluat

122 4911 291 4976 illud,
321 4920 369 4964 et
403 4917 657 4963 tenentem
688 4905 802 4979 [AL
836 4900 1087 4973 tenentes]
1134 4901 1298 4963 (trdus
1322 4916 1512 4965 meum,
1559 4897 1728 4951 addun

124 5019 246 5057 cam
268 5001 464 5055 eosnin
483 5008 705 5053 montem
726 5006 962 5051 sanctum
984 5008 1174 5058 meum,
1200 5003 1246 5045 et
1269 4989 1544 5060 ltetiﬁcabo
1571 5007 1656 5045 eos
1680 4990 1735 5043 in

127 5095 290 5149 domo
327 5092 578 5147 orationis
605 5105 751 5145 meae.
783 5085 959 5143 LXX:
996 5083 1066 5139 Et
1106 5082 1434 5153 alienigenis,
1466 5084 1553 5153 qui
1573 5080 1740 5135 additi

124 5196 252 5241 sunt
286 5183 509 5241 Domino
535 5182 727 5237 servire
746 5182 814 5247 ei,
845 5190 894 5235 et
923 5177 1140 5251 diligere
1169 5192 1355 5230 nomen
1375 5179 1508 5247 ejus,
1549 5185 1605 5229 ut
1633 5176 1741 5229 sint

127 5281 176 5335 ei
227 5279 284 5334 in
322 5294 496 5333 servos
537 5280 588 5342 -ξ-
622 5284 669 5331 et
697 5271 920 5329 ancillas
943 5277 983 5339 ‘,
1029 5280 1074 5325 et
1107 5286 1279 5325 omnes
1315 5268 1404 5339 qui
1448 5266 1745 5321 custodiunt

128 5373 350 5429 sabbata
392 5389 527 5439 mea,
560 5380 616 5425 ut
647 5386 750 5424 non
777 5367 968 5422 violent
995 5384 1075 5434 ea,
1107 5376 1152 5419 et
1186 5372 1354 5420 tenent
1386 5370 1745 5417 testamentum

132 5484 329 5535 meum,
355 5466 602 5521 inducam
622 5464 741 5519 illos
770 5464 826 5517 in
852 5470 1071 5516 montem
1100 5469 1341 5514 sanctum
1368 5472 1559 5520 meum,
1578 5464 1624 5509 et
1651 5454 1743 5510 lat-

132 5560 346 5630 ti/icabo
385 5576 472 5617 eos
501 5559 557 5613 in
605 5557 757 5612 doma
798 5556 1047 5611 orationis
1093 5570 1240 5609 metu.
1290 5552 1421 5607 Post
1460 5551 1745 5606 eunuchos

134 5654 339 5711 transit
376 5653 445 5709 ad
482 5650 846 5724 alienigenas,
892 5664 1029 5718 quos
1067 5647 1217 5719 prius
1258 5645 1658 5711 nominaverat,
1688 5652 1746 5701 et

217 5872 247 5907 ⁸
274 5864 502 5927 Ἥδιον..
524 5864 583 5927 in
605 5838 834 5917 montem
852 5869 1089 5916 sanctum
1106 5870 1278 5914 suum.

1840 4814 1994 4867 super
2015 4797 2182 4851 altare
2213 4794 2422 4850 Domini
2443 4790 2601 4866 (Osee
2622 4832 2637 4858 ,
2672 4808 2754 4851 γι.
2784 4790 2866 4862 ϐ).
2895 4788 3051 4856 Quod
3096 4787 3338 4843 Joannes
3380 4786 3434 4839 in

1844 4889 2175 4962 Apocalypsi
2196 4891 2249 4946 in
2279 4888 2422 4945 ctelo
2444 4902 2503 4942 se
2524 4886 2732 4941 vidisse
2752 4892 3011 4948 testatur,
3026 4880 3128 4936 sub
3147 4895 3257 4951 quo
3281 4886 3441 4934 erant

1843 4991 2039 5042 anima:
2068 4996 2366 5054 martyrum
2400 4983 2585 5056 (Apoc.
2613 4981 2711 5049 vt).
2734 4979 2816 5035 Ex
2855 4994 2963 5049 quo
2997 4991 3138 5031 unus
3171 4975 3240 5030 de
3273 4976 3442 5030 Sera-

1845 5082 1990 5151 phim
2017 5081 2311 5135 carbonem
2334 5077 2542 5147 forcipe
2568 5073 3026 5145 comprehensum
3059 5071 3124 5126 ad
3153 5069 3306 5126 Isaia:
3337 5071 3436 5124 de-

1845 5176 1963 5231 tulit
1994 5175 2131 5229 lubia
2164 5172 2440 5243 purganda
2467 5168 2624 5241 (Isai.
2654 5184 2726 5235 tv,
2759 5167 2840 5240 6).
2870 5167 2982 5222 lloc
3011 5175 3097 5220 est
3138 5165 3346 5229 altare,
3384 5169 3442 5217 et

1847 5266 1951 5321 hoc
1974 5263 2408 5325 tabernaculum,
2443 5261 2509 5314 ad
2541 5259 2697 5328 cujus
2726 5256 3140 5312 similitudinem
3163 5252 3344 5308 omnia
3386 5250 3439 5305 in

1850 5359 2038 5413 Exodo
2071 5357 2209 5410 lucta
2235 5353 2570 5417 referuntur,
2605 5351 2801 5421 quibus
2828 5349 3025 5404 oblata:
3049 5356 3171 5401 sunt
3204 5344 3441 5398 victimas

1843 5452 2155 5522 spiritualcs
2179 5448 2289 5502 Deo
2317 5445 2515 5519 (Exod.
2548 5442 2807 5513 unm).
2842 5441 3093 5508 Alioquin
3134 5436 3202 5490 de
3242 5446 3444 5503 oorpo-

1844 5544 2049 5599 ralibus
2078 5540 2295 5607 hostiis,
2326 5547 2382 5594 et
2412 5535 2746 5592 holocaustis
2778 5532 2806 5571 δ
2834 5545 3003 5602 supra
3036 5528 3180 5584 idem
3210 5535 3445 5583 testatur

1850 5641 2031 5697 Deus:
2065 5635 2134 5695 Ut
2161 5635 2285 5705 quid
2315 5632 2439 5689 mihi
2467 5628 2854 5687 multitudinem
2882 5625 3209 5680 victimarum
3248 5629 3444 5676 uestras

215 5932 247 5975 ι’
284 5919 542 6013 Nonnulli
570 5948 733 6000 mss.,
769 5949 857 6005 per
889 5928 1375 6002 eumdem(supple
1395 5922 1725 6000 prophetam)
1756 5931 1969 5979 testatur
1999 5919 2156 5975 Deus.
