3932 6328
557 299 668 356 545

1810 294 1865 349 S.
1904 293 2174 350 EUSEBIl
2215 290 2516 348 lllERONY
2529 292 2596 347 Ml

558 413 718 469 rum.’
739 413 862 466 dicit
892 409 1166 464 Dominus.
1200 405 1399 462 Plenus
1429 423 1544 462 sum
1570 405 2015 462 holocaustomate
2043 404 2153 480 [AL
2184 411 2233 473 Α
2262 421 2416 460 canes
2445 403 2470 442 δ
2499 403 2822 476 impudentes
2849 402 3038 458 animos
3068 405 3432 478 ignorarerunt
3453 404 3557 478 [AL
3584 406 3792 480 ignorant)

561 497 1120 571 holocaustomatibus]
1143 500 1383 566 arietum,
1409 508 1457 552 et
1477 499 1635 568 adipe
1662 514 1940 570 agnorum,
1963 508 2010 554 et
2035 515 2156 554 san-

560 598 768 669 guinem
786 605 1056 650 taurorum
1082 604 1129 651 et
1159 595 1425 650 hircorum
1451 597 1592 650 nolo.
1625 593 1827 652 Domus
1863 597 1997 650 enim
2020 612 2153 665 mea,

561 689 746 744 domus
783 689 1036 744 orationis
1094 688 1353 744 vocabitur
1397 689 1593 743 cunctis
1637 688 1865 760 populis.
1906 688 2022 744 Non
2066 689 2156 745 uni

557 783 705 854 genti
730 781 957 850 iud-.eae,
984 799 1084 839 nec
1109 783 1626 857 unollierosolyma:
1650 783 1874 840 eturhis
1904 785 2045 853 loco,
2062 783 2158 839 sed

560 877 616 932 in
650 886 766 934 toto
787 877 922 933 orbe
944 886 1216 935 terrarum
1250 895 1263 931 :
1298 893 1640 948 nequaquam
1665 886 1944 933 taurorum
1970 887 2026 933 et
2051 876 2162 932 bir-

560 981 775 1037 corum,
809 979 866 1026 et
905 970 1160 1036 arietum,
1212 968 1307 1025 sed
1353 969 1641 1025 oratiOnis.
1685 968 1804 1038 Quo
1850 968 2163 1024 testimonio

563 1059 834 1116 Dominus
875 1061 1083 1116 abusus
1112 1070 1218 1129 est,
1252 1061 1484 1132 loquens
1514 1073 1702 1116 contra
1733 1077 1849 1127 eos,
1873 1063 1963 1133 qui
1995 1061 2165 1133 Spiri-

563 1159 651 1208 tus
681 1154 858 1208 sancti
888 1152 988 1209 sub
1021 1153 1262 1220 nomine,
1285 1153 1667 1210 columbarum
1692 1153 1743 1209 in
1768 1153 1996 1224 Temple
2021 1154 2162 1209 dona

564 1246 904 1314 vendebant,
937 1258 995 1304 et
1016 1248 1284 1305 sedebant
1317 1250 1369 1305 in
1398 1249 1680 1306 cathedris
1713 1250 2078 1320 pestilentia,
2112 1260 2167 1307 et

564 1341 842 1399 habebant
888 1359 1106 1400 mensas
1151 1344 1641 1400 nummulariorum
1693 1344 1929 1416 (Matth.
1985 1361 2076 1400 χιιι
2119 1355 2167 1400 et

564 1435 727 1493 Joan.
747 1437 833 1508 ιι),
851 1437 1034 1494 omnia
1053 1437 1319 1495 facientes
1348 1439 1520 1510 turpis
1542 1439 1676 1494 lucri
1697 1441 1891 1511 gratia,
1915 1440 2166 1496 nescien-

568 1539 650 1586 tes
674 1529 812 1586 illud
842 1531 989 1602 quod
1012 1533 1274 1603 scriptum
1306 1543 1390 1588 est
1415 1549 1430 1586 :
1462 1531 1640 1588 Gratis
1663 1533 1934 1604 accepistis
1957 1576 1972 1600 ,
2006 1536 2170 1607 gratis

565 1623 687 1678 date
714 1622 933 1696 (Matth.
973 1641 1028 1693 ιι,
1063 1624 1141 1698 8).
1170 1625 1296 1681 [hoc
1333 1636 1516 1682 autem
1559 1626 1740 1681 futura
1780 1627 2044 1683 Dominus
2075 1644 2166 1684 re-

573 1718 846 1789 promisit,
876 1718 970 1790 qui
993 1729 1294 1792 congregat
1315 1721 1600 1790 diSpersos
1629 1720 1814 1777 Israel.
1844 1721 1923 1777 Ad
1953 1737 2090 1794 quos
2117 1732 2172 1778 et

2258 499 2604 554 saturitatem.
2656 496 2723 551 Et
2761 507 2884 551 sunt
2927 496 3054 550 mali
3100 498 3372 552 nescientes
3411 499 3794 570 intelligentiam:

2261 607 2436 647 omnes
2463 592 2572 645 vias
2591 607 2712 645 suos
2731 590 2892 644 secuti
2914 598 3055 644 sunt.
3091 589 3448 662 Unusquisque
3469 591 3615 644 simul
3645 609 3671 645 a
3688 608 3792 646 sum-

2261 683 2610 756 mitate662
2629 686 2763 755 ejus.
2792 681 2972 736 Venite
3001 693 3047 737 et
3075 699 3336 736 sumamus
3355 683 3609 746 vinum,et
3630 684 3795 737 inebrie-

2265 793 2400 843 mur,
2433 786 2480 830 et
2503 775 2704 829 sittalis
2733 774 2843 829 dies
2868 775 3115 840 crastina,
3146 791 3334 848 magna
3363 775 3584 847 amplius
3605 775 3729 830 nimis
3750 780 3793 841 ',.

2266 869 2332 926 Ut
2362 883 2576 934 omnes,
2606 868 2800 937 inquit,
2829 869 3017 923 beStia:
3048 867 3218 922 Saltus
3247 868 3488 934 veniant,
3515 875 3566 921 et
3592 867 3797 923 devorent

2266 972 2648 1034 congregatos,
2666 963 2782 1020 sive
2803 965 2854 1019 in
2876 963 3055 1020 locum
3075 963 3410 1029 Judworum,
3426 963 3653 1033 gentium
3673 965 3797 1021 turbs

2267 1058 2580 1127 sul-cedant,
2610 1060 2983 1128 speculatores
3010 1074 3198 1115 eorum
3231 1059 3284 1114 in
3305 1073 3464 1114 causa
3485 1067 3627 1128 sunt,
3649 1058 3798 1115 Scriba

2268 1149 2529 1205 videlicet
2558 1157 2614 1205 et
2642 1149 2904 1206 Pharisaei
2936 1168 2948 1204 :
2983 1152 3105 1221 quia
3139 1165 3328 1206 omnes
3373 1151 3503 1206 cmci
3554 1153 3800 1207 nescierunt

2270 1241 2560 1298 Dominum
2605 1242 2963 1308 Salvatorem,
2996 1258 3096 1299 nec
3149 1243 3326 1299 lucem
3359 1245 3639 1300 voluerunt
3663 1246 3802 1301 videre

2272 1343 2628 1404 prtesentem.
2662 1335 2742 1390 Ad
2771 1351 2904 1406 quos
2943 1335 3201 1391 Dominus
3232 1334 3555 1406 loquebatur
3587 1354 3599 1391 :
3630 1335 3805 1392 Stultiet

2273 1427 2418 1493 cwci,
2438 1428 2564 1498 quid
2603 1437 2678 1482 est
2699 1428 2836 1500 plus,
2869 1445 3078 1496 aurum,
3121 1445 3188 1482 an
3214 1429 3386 1483 altare
3409 1429 3545 1500 quod
3575 1428 3806 1497 sanctiﬁcat

2273 1536 2460 1574 aurum
2505 1519 2720 1591 (Matth.
2770 1536 2923 1588 χχιιι,
2960 1521 3090 1593 17)?
3135 1530 3191 1576 et
3229 1521 3426 1578 iterum
3460 1540 3471 1575 :
3515 1521 3666 1576 Duces
3702 1522 3805 1586 ccci,

2274 1613 2488 1668 culicem
2513 1611 2788 1683 liquantes,
2819 1623 2869 1669 et
2899 1615 3153 1669 camelum
3193 1615 3467 1687 glutientes
3502 1613 3654 1684 (Ibid.
3677 1655 3692 1683 ,
3714 1613 3808 1684 24);

2276 1716 2367 1762 et:
2424 1708 2598 1762 Caecus
2638 1724 2827 1763 aecum
2877 1708 3092 1776 ducens,
3139 1710 3289 1764 ambo
3339 1711 3392 1764 in
3437 1713 3625 1780 foveam
3664 1708 3811 1762 cadunt

571 1811 765 1868 Petrus
796 1815 1092 1884 Aposwlus
1115 1815 1305 1871 scribit
1329 1816 1490 1890 661
1517 1817 1817 1887 Epistolam
1843 1835 1858 1874 :
1881 1818 1949 1874 de
1975 1819 2170 1890 quibus

2282 1799 2490 1873 (Matth.
2528 1816 2616 1868 xv,
2651 1799 2759 1872 14).
2794 1801 2947 1870 Quod
2979 1809 3160 1857 autem
3213 1801 3458 1874 magistri
3505 1801 3811 1872 speculatores

574 1908 924 1980 Evangelista
969 1909 1256 1981 loquitur:
1299 1910 1419 1964 Hoc
1457 1920 1630 1967 autem
1673 1929 1705 1966 a
1759 1914 2025 1985 semetipso
2069 1931 2172 1970 non

575 2001 727 2069 dixit,
761 2001 850 2055 sed
874 2018 991 2055 cum
1015 2013 1143 2057 esset
1174 2003 1410 2072 pontifex
1434 2004 1558 2058 anui
1587 2004 1732 2059 illius
1755 2048 1770 2071 ,
1816 2005 2136 2078 prOphetavit
2155 2052 2168 2075 ,

575 2093 696 2162 quia
726 2090 878 2147 Jesus
904 2094 1185 2148 moriturus
1210 2103 1318 2149 erat
1345 2112 1438 2168 pro
1462 2105 1626 2167 gente,
1656 2107 1702 2150 et
1723 2113 1825 2151 non
1853 2107 2056 2152 tantum
2080 2115 2174 2169 pro

577 2195 742 2258 gente,
767 2186 857 2241 sed
885 2195 939 2240 ut
961 2187 1098 2258 ﬁlios
1121 2185 1242 2256 Dei,
1271 2189 1358 2259 qui
1383 2198 1529 2243 erant
1555 2189 1775 2256 dispersi
1797 2232 1811 2256 ,
1843 2203 2174 2262 congregaret

574 2278 630 2332 in
667 2295 828 2332 unum
855 2277 1045 2362 (Joan.
1072 2295 1126 2334 ιιι
1146 2321 1160 2345 ,
1191 2281 1286 2351 7),
1321 2280 1755 2354 impleretnrque
1783 2282 1929 2354 quod
1969 2283 2171 2339 dictum

577 2381 662 2428 est
688 2389 700 2426 :
732 2369 1072 2445 Congregatio
1093 2374 1407 2445 pepulerum
1430 2374 1772 2429 circumdabit
1802 2384 1890 2430 te:
1914 2385 1938 2412 ιι
1969 2385 2177 2447 propter

577 2469 712 2523 hanc
734 2468 786 2523 in
808 2468 1065 2522 excelsum
1094 2479 1386 2524 convertere
1414 2467 1588 2542 (Psal.
1613 2485 1684 2525 vn
1703 2512 1718 2537 ,
1751 2469 1830 2543 8).
1865 2469 2173 2540 Congrega-

577 2563 648 2618 tis
677 2570 860 2617 autem
893 2577 992 2632 per
1020 2561 1318 2633 Apostolos
1356 2561 1608 2632 reliquiis
1639 2561 1830 2626 Israel,
1855 2571 1911 2618 et
1936 2563 1987 2616 in
2010 2578 2176 2618 unum

575 2655 813 2712 redactis
831 2670 1054 2726 gregem
1074 2655 1178 2722 his,
1196 2655 1290 2725 qui
1315 2653 1532 2710 fuerant
1553 2663 1680 2710 ante
1702 2655 1962 2726 dispersi,
1983 2659 2188 2712 omnes

576 2747 770 2804 bestia:
811 2756 1218 2824 provocamur,
1256 2757 1315 2802 ut
1347 2746 1568 2810 veniant
1595 2757 1650 2802 et
1677 2747 2136 2804 devorentlsrael
2161 2791 2175 2814 ,

579 2859 675 2899 eos
698 2842 974 2908 videlicet,
999 2841 1088 2912 qui
1118 2841 1346 2896 credere
1383 2842 1700 2907 noluerunt,
1727 2841 1794 2897 de
1817 2841 2015 2911 quibus
2037 2844 2179 2911 Apo-

579 2933 755 2990 stolus
780 2951 794 2988 :
820 2932 1026 2988 Etenim
1048 2934 1301 3003 perveniet
1331 2951 1484 3005 super
1513 2951 1599 2989 eos
1627 2935 1746 3004 finis
1779 2933 2038 3007 (Philipp.
2073 2933 2175 3006 ιιι).

585 3027 651 3083 Ει
683 3026 942 3082 Dominus
980 3027 1032 3082 in
1067 3025 1366 3098 Evangelia
1397 3045 1410 3081 :
1441 3026 1569 3081 Cum
1600 3036 1772 3080 autem
1811 3027 2046 3081 videritis
2077 3029 2178 3080 cir-

583 3119 820 3174 cumdari
845 3119 910 3175 ab
936 3120 1161 3174 exercitu
1187 3120 1478 3176 Jerusalem
1495 3165 1508 3187 ,
1535 3130 1655 3174 tunc
1684 3121 1890 3186 scitote,
1915 3121 2055 3192 quod
2084 3122 2180 3174 ad-

579 3307 842 3374 cendum,
866 3308 1014 3378 quod
1048 3306 1237 3362 bestiis
1273 3307 1342 3361 ad
1373 3306 1744 3363 devorandum
1789 3306 1978 3362 traditi
2021 3318 2179 3369 sunt,

580 3415 716 3472 quas
737 3400 1043 3457 detestatur
1070 3399 1380 3470 Propheta,
1410 3399 1602 3455 dicens
1629 3417 1643 3454 :
1671 3399 1754 3453 Ne
1789 3398 1970 3453 tradas
2007 3398 2181 3453 bestiis

580 3493 781 3546 auintas
810 3491 1106 3562 conﬁtentes
1129 3492 1221 3546 tibi
1249 3489 1365 3562 (Ps.
1393 3506 1589 3559 Lxxm,
1616 3491 1706 3561 i9)
1743 3508 1756 3544 :
1787 3490 1856 3546 de
1886 3493 1969 3545 his
1994 3503 2176 3560 tropo-

581 3582 760 3653 logice
783 3584 1000 3650 bestiis,
1025 3600 1147 3654 qua:
1171 3592 1379 3654 partem
1403 3582 1693 3653 quamdam
1719 3583 1937 3638 Domini
1962 3583 2185 3638 devora-

581 3683 732 3738 runt,
767 3685 821 3728 et
843 3689 1005 3744 supra
1038 3674 1143 3747 (Ad
1174 3691 1288 3746 cap.
1323 3673 1400 3745 ιιι)
1432 3675 1686 3745 legimus,
1714 3675 1928 3748 Syriam
1963 3676 2033 3732 ab
2059 3684 2183 3731 ortu

585 3767 721 3822 solis
743 3809 758 3832 ,
801 3776 853 3822 et
883 3765 1105 3822 Graecos
1148 3766 1216 3820 ab
1241 3767 1568 3836 Occidente,
1595 3767 1686 3839 qui
1715 3769 1980 3824 devorant
2019 3769 2185 3826 Israel

589 3869 702 3916 toto
725 3874 847 3915 ore.
875 3860 943 3915 Et
975 3860 1028 3915 in
1067 3859 1306 3915 Jeremia
1339 3877 1353 3915 ;
1391 3859 1512 3915 Ovis
1552 3878 1728 3916 errans
1771 3861 1972 3928 Israel,
2017 3862 2184 3917 leones

585 3957 840 4018 eiecerunt
861 3959 974 4008 eam
1002 3969 1020 4008 :
1045 3953 1242 4026 primus
1269 3954 1527 4009 devoravit
1552 3971 1662 4008 eam
1691 3971 1782 4010 rea:
1804 3957 1988 4025 Assur,
2020 3967 2067 4010 et
2090 3973 2185 4011 no-

587 4047 824 4102 vissimus
853 4048 1142 4119 confringet
1165 4063 1279 4102 ossa
1310 4046 1454 4102 illius
1480 4064 1573 4103 rea:
1589 4046 1870 4119 Babylonis
1891 4046 2102 4120 (Jerem.
2129 4067 2183 4115 1.,

589 4141 707 4211 17).
732 4141 918 4197 Potest
945 4143 1128 4197 ethoc
1147 4143 1275 4211 dici,
1302 4141 1445 4214 quod
1481 4159 1602 4198 cum
1644 4144 1810 4200 Israel
1853 4147 2054 4216 populo
2103 4162 2188 4200 ra-

591 4232 736 4290 bida:
763 4237 916 4305 prius
938 4245 1129 4306 gentes
1162 4247 1527 4306 provocentur
1547 4237 1613 4292 ad
1645 4236 1804 4294 lldem
1827 4280 1841 4304 ,
1874 4250 1934 4294 ut
1955 4239 2188 4296 desertis

592 4326 854 4396 saltibus,
891 4327 990 4398 qui
1031 4327 1100 4384 de
1129 4331 1376 4385 exercitu
1413 4329 1716 4388 Abessalon
1750 4332 2013 4404 plurimos
2043 4337 2190 4390 occi-

585 4421 805 4491 derunt,
830 4421 1057 4478 veniant
1081 4421 1151 4479 ad
1183 4425 1483 4480 Ecclesiam
1508 4435 1562 4482 et
1583 4427 1875 4484 comedant
1902 4428 2186 4486 cmlestem

587 4529 806 4586 panem,
830 4517 1065 4586 agnique
1089 4531 1258 4572 carne
1282 4526 1622 4575 saturentur.

2276 1904 2560 1964 vocentur,
2578 1904 2634 1951 et
2663 1910 2827 1962 supra
2850 1896 3103 1966 legimus.
3126 1896 3182 1951 lu
3210 1911 3278 1953 eo
3303 1897 3449 1952 enim
3475 1897 3586 1951 loco
3613 1894 3690 1950 ubi
3699 1895 3811 1965 juxta

2277 1988 2423 2044 LXX
2453 1989 2648 2045 dicitur
2677 2009 2687 2045 :
2725 1988 2841 2044 Vox
2861 1991 3134 2045 custodum
3166 2001 3375 2045 tuorum
3407 1991 3593 2045 elevata
3614 1998 3680 2044 est
3696 1987 3810 2060 (Isai.

2279 2100 2371 2152 LII,
2398 2082 2474 2156 8),
2511 2085 2564 2139 in
2597 2084 2866 2141 llebraico
2895 2085 3161 2156 scriptum
3187 2093 3271 2140 est
3298 2104 3311 2140 :
3352 2084 3470 2140 Vox
3493 2084 3815 2156 specularem»:

2279 2188 2502 2232 tuorum.
2537 2177 2613 2233 De
2640 2178 2836 2249 quibus
2864 2187 2982 2234 erat
3015 2179 3287 2246 Ezechiel,
3311 2179 3402 2235 cui
3433 2179 3658 2250 loquitur
3676 2177 3811 2232 Deus:

2281 2271 2390 2328 Fili
2410 2273 2657 2338 hominis,
2675 2275 3053 2346 speculatorem
3073 2275 3192 2328 dedi
3211 2283 3260 2327 te
3282 2273 3464 2328 domui
3481 2271 3634 2328 Israel
3645 2269 3813 2345 (Ezech.

2280 2383 2358 2434 ιιι,
2390 2366 2497 2438 l7).
2520 2367 2629 2423 Sed
2663 2367 2735 2422 illi
2758 2367 3136 2438 speculatores
3159 2382 3264 2422 non
3283 2377 3445 2424 erant
3461 2368 3596 2423 caeci.
3620 2364 3814 2431 Denique

2279 2459 2698 2530 appellabantur
2719 2458 2994 2516 videntes.
3036 2460 3129 2516 Isti
3174 2470 3358 2516 autem
3403 2459 3472 2516 de
3507 2457 3676 2530 quibus
3711 2456 3816 2510 Pro-

2281 2557 2441 2624 pheta
2472 2569 2616 2608 nunc
2655 2553 2912 2623 loquitur,
2953 2569 3060 2608 non
3103 2553 3282 2609 solum
3330 2553 3664 2626 speculatores
3689 2548 3814 2615 czeci,

2281 2645 2377 2700 sed
2408 2656 2458 2699 et
2484 2660 2648 2701 canes
2687 2646 2819 2700 muti
2847 2645 3218 2716 appellantur,
3245 2661 3357 2701 non
3389 2646 3616 2701 valentes
3636 2642 3812 2697 latrare.

2280 2738 2386 2808 Qui
2418 2739 2563 2794 enim
2602 2753 2820 2810 gregem
2858 2739 3067 2793 Domini
3100 2738 3381 2796 custodire
3407 2739 3674 2801 debebant,
3690 2745 3734 2789 et
3757 2735 3814 2788 lu-

2283 2847 2381 2903 pos
2407 2832 2647 2904 abigere,
2675 2841 2730 2887 et
2760 2832 2960 2889 latrare
2988 2848 3086 2904 pro
3109 2833 3369 2902 Domino,
3395 2833 3613 2904 diligunt
3628 2828 3812 2891 somnia,

2281 2933 2336 2981 et
2362 2925 2715 2980 daemoniacis
2735 2925 3039 2982 visionibus
3066 2925 3429 2981 delectantur.
3455 2927 3517 2981 Et
3536 2933 3613 2980 est
3631 2935 3810 2978 sensus:

2281 3021 2397 3078 Non
2425 3032 2653 3093 possunt
2679 3022 2826 3093 loqui
2851 3023 3154 3092 veritatem,
3180 3023 3278 3078 sed
3298 3023 3549 3078 universa
3569 3016 3812 3075 mendacia.

3713 293 3789 348 Sil
3883 62 3898 410 ‘

3883 409 3898 704 l

2284 3113 2393 3170 Nec
2425 3115 2527 3170 hoc
2560 3114 2668 3170 line
2708 3115 2950 3170 contenti
2997 3124 3144 3185 sunt,
3177 3117 3266 3187 qui
3321 3116 3379 3171 in
3411 3113 3641 3171 custodia
3681 3108 3816 3182 gregis
3903 3131 3905 3136 ·

581 3217 766 3269 venerit
803 3217 914 3288 ejus
940 3215 1311 3269 consummatio
1353 3212 1508 3286 (Luc.
1550 3229 1627 3281 ιιι,
1657 3212 1773 3284 20).
1805 3213 1934 3271 Sive
1965 3215 2067 3268 hoc
2098 3213 2178 3268 di-

2284 3205 2500 3262 Domini
2529 3206 2894 3276 dormiebant,
2913 3218 2964 3260 et
2986 3207 3190 3263 latrare
3219 3223 3325 3262 non
3365 3215 3622 3278 poterant,
3648 3213 3691 3258 et
3711 3214 3818 3256 ama-

2285 3301 2415 3356 bant
2451 3301 2650 3371 cubile,
2696 3317 2794 3372 per
2839 3317 2962 3373 qua:
2993 3302 3240 3371 voluptas
3289 3303 3537 3374 corporis
3575 3298 3816 3356 indicatur;

2284 3395 2379 3450 sed
2410 3394 2549 3466 apud
2600 3409 2732 3450 suos
2771 3394 3117 3466 impudentes
3145 3393 3254 3467 [AL
3287 3390 3633 3468 impudentis]
3674 3387 3817 3444 animai

2285 3491 2599 3546 nescierunt
2621 3490 2992 3558 saturitatem,
3009 3489 3103 3559 qui
3128 3505 3427 3558 numquam
3454 3502 3548 3543 suo
3574 3488 3820 3541 saturanuu

2283 3599 2491 3640 errore.
2522 3583 2623 3649 Qui
2653 3583 2916 3638 devorant
2939 3582 3154 3653 plebem
3186 3582 3406 3638 Domini
3430 3583 3734 3637 sicutcscam
3755 3587 3821 3642 pa-

2285 3679 2394 3741 nis,
2426 3686 2482 3732 et
2524 3679 2717 3743 domos
2753 3677 3037 3733 viduarum
3070 3696 3080 3730 :
3112 3676 3372 3747 gulzeque
3411 3691 3474 3732 ac
3515 3669 3702 3730 libidini
3734 3680 3822 3722 ser-

2286 3771 2460 3825 viunt.
2486 3770 2601 3825 Non
2632 3771 2776 3826 enim
2811 3780 3042 3841 possunt
3068 3770 3254 3826 dicere
3286 3790 3298 3824 :
3340 3770 3637 3825 Mandatum
3661 3759 3823 3817 Domini

2289 3864 2518 3920 lucidum
2558 3865 2829 3918 illuminas
2875 3864 3052 3919 oculos
3087 3863 3208 3938 (Ps.
3260 3880 3424 3929 xvttt,
3474 3863 3552 3935 9).
3593 3873 3680 3916 nec
3704 3865 3823 3912 nosse

2289 3955 2430 4027 quod
2455 3956 2713 4026 scriptum
2746 3965 2830 4010 est
2860 3973 2872 4008 :
2921 3956 3194 4027 Sapientia
3239 3957 3464 4010 hominis
3500 3951 3732 4009 illuminat
3759 3947 3821 4015 {a-

2289 4053 2419 4106 ciem
2441 4056 2552 4127 ejus
2582 4052 2762 4124 (Prov.
2803 4072 2936 4122 xvu,
2975 4054 3090 4126 24).
3126 4057 3190 4111 Et
3215 4070 3386 4111 canes
3426 4053 3555 4109 muti
3599 4047 3823 4104 adversum

2288 4145 2656 4212 ίηίῐηίοοκνάθ
2703 4149 2897 4216 quibus
2942 4149 3202 4217 scriptum
3257 4156 3346 4203 est
3382 4166 3393 4202 :
3437 4144 3608 4201 Nolite
3645 4146 3823 4196 sanctum

2292 4238 2415 4293 dare
2443 4240 2658 4294 canibus
2687 4239 2906 4313 (Matth.
2930 4256 3024 4309 vn,
3043 4240 3122 4312 6).
3150 4241 3212 4294 Et
3230 4255 3398 4297 canes
3427 4237 3747 4295 dormientes,
3762 4221 3826 4296 qui

2291 4331 2539 4386 nesciunt
2571 4346 2692 4386 esse
2721 4343 3050 4402 praeceptum
3075 4351 3088 4386 :
3123 4331 3206 4387 Ne
3239 4331 3452 4387 dederis
3476 4340 3689 4386 somnum
3709 4316 3828 4374 oculi!

2293 4426 2414 4491 tuis,
2443 4435 2492 4480 et
2520 4425 2781 4498 palpebris
2829 4427 2933 4480 tuis
2977 4425 3402 4482 dormitationem
3437 4423 3552 4498 (Ps.
3579 4414 3764 4484 onst):
3791 4417 3830 4464 ει

2292 4533 2507 4574 rursum
2541 4537 2554 4571 :
2596 4517 2845 4589 Vigilate,
2896 4519 3019 4588 quia
3059 4520 3265 4575 nescitis
3307 4537 3412 4592 qua
3465 4519 3588 4572 hora
3630 4507 3829 4564 Domiti!“

665 4605 844 4675 (νει-ε.
872 4606 1084 4678 10-12.)
1107 4608 1468 4681 Speculatores
1493 4613 1607 4682 ejus
1628 4614 1750 4668 caeci
1772 4631 1964 4680 omnes,
1998 4619 2188 4671 nescie-
2217 4617 2270 4678 Ι)
2294 4621 2456 4667 vester
2487 4623 2729 4666 venturus
2751 4613 2817 4667 sit
2843 4611 3060 4684 (Matth.
3086 4612 3367 4684 xstv,42).
3390 4611 3456 4667 Et
3480 4609 3666 4665 idcirco
3684 4601 3829 4657 dantes

585 4710 708 4754 runt
733 4701 957 4756 universi
989 4717 1008 4758 :
1037 4718 1191 4757 canes
1212 4704 1344 4757 muti
1369 4719 1471 4758 non
1491 4705 1716 4760 valentes
1737 4705 1951 4772 latrare,
1968 4710 2190 4764 videntes

589 4808 746 4859 vana,
766 4793 1095 4865 dormientes,
1126 4803 1175 4849 et
1203 4805 1434 4851 amantes
1460 4798 1680 4852 somnia.
1722 4797 1788 4854 Et
1827 4816 1977 4854 canes
2020 4802 2192 4872 impu-

595 4885 880 4940 dentissimi
905 4889 1195 4943 nescierunt
1215 4889 1536 4945 saturitatem
1559 4907 1579 4945 :
1599 4891 1701 4960 ipsi
1730 4901 1959 4961 pastores
1987 4894 2194 4964 ignora-

595 4987 774 5029 verunt
804 4977 1198 5049 intelligentiam
1224 4998 1242 5034 :
1266 4997 1442 5037 omnes
1468 4983 1522 5036 in
1562 4984 1696 5038 viam
1727 5000 1875 5038 suam
1904 4985 2191 5041 declinave-

595 5076 738 5132 runt,
769 5069 1119 5140 unusquisque
1143 5072 1212 5124 ad
1241 5075 1514 5128 avaritiam
1543 5093 1714 5142 suam,
1748 5094 1779 5130 a
1808 5094 2010 5132 summo
2036 5095 2193 5148 usque

591 5161 662 5216 ad
686 5162 1038 5216 novissimum.
1078 5163 1271 5232 Venite,
1295 5184 1560 5222 sumamus
1581 5171 1779 5236 vinum,
1810 5181 1858 5226 et
1883 5170 2195 5240 impleamur

593 5255 851 5316 ebrietate,
895 5265 943 5309 et
973 5255 1068 5310 erit
1095 5258 1228 5311 sicut
1259 5258 1431 5327 hodie,
1461 5263 1533 5315 sic
1565 5273 1609 5316 et
1640 5280 1776 5332 cras,
1809 5273 1858 5319 et
1888 5265 2048 5320 multo
2077 5283 2192 5320 am-

594 5351 751 5423 plius.
783 5347 930 5405 LXX
965 5369 976 5405 :
1019 5349 1198 5407 Videte
1225 5357 1470 5426 quoniam
1510 5360 1749 5414 excwcati
1795 5371 1913 5416 sunt
1956 5378 2129 5417 omnes
2176 5381 2193 5417 :

595 5461 697 5499 non
719 5458 1068 5520 cognoverunt
1105 5450 1351 5516 universi,
1383 5467 1536 5507 canes
1563 5455 1692 5508 muti
1723 5471 1827 5510 non
1852 5467 2088 5523 poterunt
2118 5459 2196 5512 la-

589 5548 729 5596 trare
753 5557 770 5597 :
791 5543 1104 5600 somniantes
1127 5545 1395 5615 lectulum,
1420 5558 1650 5604 amantes
1676 5550 2090 5608 dormitationes.
2129 5551 2194 5608 Et

603 5747 1076 5891 9r:db\rTbmﬂani
1121 5748 1232 5804 du"
1260 5749 1454 5815 codd"
1483 5767 1578 5822 P70
1617 5753 1715 5808 hac
1740 5755 1795 5808 in
1823 5753 2085 5810 excelsum
2132 5771 2214 5809 re.

2293 4704 2471 4760 locum
2503 4703 2742 4772 diabolo,
2763 4720 2930 4762 canes
2956 4705 3418 4775 impudentissimi
3441 4713 3579 4769 sinu,
3603 4695 3684 4769 qui
3714 4702 3829 4745 num-

2292 4812 2452 4868 quam
2483 4806 2815 4852 saturantur.
2844 4799 3086 4854 Vomunt
3105 4801 3250 4855 enim
3273 4797 3420 4870 quod
3446 4789 3832 4852 comederunt.“

2294 4906 2643 4950 revertuntur
2667 4897 2732 4951 ad
2759 4895 2921 4969 663
2954 4896 3212 4950 vomitum
3239 4909 3398 4950 suum
3421 4891 3596 4964 (Prov.
3619 4876 3832 4950 χιιι).οθ

2296 4988 2492 5059 quibus
2521 4996 2576 5043 et
2604 4988 2796 5043 Petrus
2829 4988 3120 5058 ApOStolus
3149 4988 3392 5059 loquitur
3417 5005 3430 5041 :
3459 4981 3643 5039 Accidit
3670 4975 3756 5028 illis
3773 4983 3833 5022 re-

2295 5098 2414 5136 rum
2467 5081 2603 5137 illud
2653 5083 2976 5153 proverbium
3007 5098 3025 5138 :
3052 5081 3206 5137 Canis
3252 5098 3483 5138 reversus
3542 5075 3605 5131 ad
3641 5067 3831 5126 vomitum

2302 5192 2472 5242 suum,
2502 5187 2550 5230 et
2570 5193 2654 5230 sus
2676 5175 2782 5230 lota
2807 5177 2858 5229 in
2877 5176 3146 5230 volutabra
3167 5174 3262 5230 luti
3289 5173 3355 5242 (ll
3377 5172 3492 5227 Pet.
3521 5185 3576 5236 ιι,
3597 5163 3700 5234 (Η).
3720 5158 3830 5226 0"“5

2303 5268 2679 5338 speculatores
2707 5276 2764 5322 et
2783 5282 2945 5322 canes
2970 5267 3195 5322 eosdem
3219 5281 3343 5322 esse
3368 5273 3628 5335 pastores,
3647 5255 3829 5347 $000925

2303 5375 2486 5417 sermo
2514 5361 2853 5417 demonstrat
2878 5379 2890 5414 :
2927 5359 3039 5434 Ipsi
3067 5372 3295 5434 pastores
3318 5360 3664 5431 ignoraverunt
3685 5339 3832 5434 intuli:

2304 5458 2546 5530 gentiam.
2584 5458 2820 5514 Verbum
2845 5427 2990 5514 enim
3039 5427 3365 5513 ilebraicum
3413 5468 3537 5508 noui
3584 5427 3827 5520 [ALsotzl]

2307 5551 2492 5624 (ε’ἳἾ)
2535 5553 2677 5626 quod
2706 5563 2939 5626 Quatuor
2966 5554 3166 5610 litteris
3215 5550 3508 5616 scribitur,
3537 5561 3612 5600 res
3637 5549 3682 5595 et
3703 5534 3770 5589 ain
3793 5535 3829 5578 et

2392 5754 2419 5794 δ
2445 5755 2651 5812 Victor.
2685 5757 3002 5830 impudentis
3022 5802 3036 5824 ,
3070 5771 3136 5811 ex
3167 5755 3357 5812 Grteco
3383 5749 3597 5810 ἀναιδεῖς
3696 5732 3826 5810 φυχῆ-
