3932 6380
1639 59 1850 70 _—————'

43 93 528 109 -__—_77,7
698 98 910 103 7’7

105 333 213 389 διδ

639 333 1288 394 COMMENTARIORUM
1331 334 1398 389 IN
1440 333 1677 391 ISAIAM
1718 331 2142 390 PROPIIETAM
2182 333 2310 390 LIB.
2354 333 2471 394 XV.
2513 333 2669 392 CAP.
2710 334 2870 395 LVII.

3310 338 3416 396 διο

97 447 192 518 jod
222 456 278 501 et
317 463 476 512 mem,
501 448 546 502 si
580 449 795 519 legatur
820 450 970 518 roim,
1001 458 1267 522 pastores;
1295 447 1340 504 si
1369 449 1526 513 raim,
1556 447 1710 519 pessi-
1738 450 1789 510 Α
1813 449 1909 502 erit
1931 449 1984 503 in
2009 466 2136 522 pace
2155 451 2423 522 sepultura
2449 455 2564 524 ejus
2591 469 2608 506 :
2633 452 2807 507 ablata
2833 461 2907 507 est
2934 451 2998 506 de
3021 452 3214 508 medio.
3245 451 3416 526 Prop.

100 555 214 594 mos
260 550 442 596 sonat.
481 540 591 598 Iloc
625 542 887 610 diximus,
923 551 982 597 ut
1026 542 1191 597 varia:
1236 541 1706 611 interpretationis

99 645 303 687 causas
337 644 786 689 monstraremus.
818 632 1020 690 Omnes
1049 634 1195 689 enitn
1226 648 1322 688 sua
1349 633 1705 704 quzesieruut,

99 734 159 779 et
192 740 303 780 non
334 742 454 796 qua:
475 725 566 782 Dei
591 734 852 792 sunt,uec
873 727 1294 782 ambulaverunt
1317 741 1415 795 per
1438 725 1578 779 viam
1605 725 1709 780 Do-

97 817 520 891 mini(Philipp.
547 821 636 890 tt),
671 824 740 875 de
772 836 880 891 qua
908 821 1174 891 scriptum
1195 831 1316 875 est:
1350 819 1575 887 Quaerite
1596 834 1712 890 quae

96 912 165 965 sit
187 912 272 966 via
304 911 439 966 bona
466 928 485 967 :
515 923 563 967 et
592 914 855 969 ambulate
897 915 951 968 in
995 931 1057 968 ea
1092 913 1307 985 (Jerem.
1346 928 1427 982 vx,
1460 912 1570 984 l6).
1601 911 1710 968 Sed

91 1002 248 1073 juxta
282 1004 427 1072 quod
459 1006 510 1059 in
541 1005 800 1061 Judicum
855 1006 1134 1062 volumine
1163 1007 1360 1078 legitur
1390 1025 1403 1062 :
1437 1004 1563 1061 Non
1600 1015 1711 1062 erat

90 1111 185 1151 rea:
211 1097 270 1150 in
300 1095 508 1164 Israel;
540 1101 894 1171 unusquisque
912 1101 1051 1171 quod
1077 1109 1273 1154 rectum
1299 1100 1400 1155 sibi
1423 1101 1707 1168 videbatur,

89 1191 192 1245 hoc
217 1190 446 1261 faciebat
483 1191 690 1265 (ludio.
724 1209 855 1258 xvtt,
887 1193 964 1265 6),
997 1202 1054 1250 et
1084 1195 1339 1264 proprios
1382 1194 1710 1264 sequebatur

87 1299 336 1342 errores.
361 1284 627 1356 Quodque
648 1286 902 1357 sequitur
931 1305 944 1340 :
972 1285 1337 1358 Unusquisque
1352 1287 1422 1340 ad
1438 1287 1712 1341 avaritiam

85 1396 265 1447 suam,
292 1398 325 1435 α
350 1397 556 1436 summo
572 1381 814 1451 usquead
828 1381 1166 1435 novissimum
1191 1397 1210 1433 :
1232 1381 1420 1446 venite,
1442 1395 1726 1434 sumamus-

86 1476 296 1543 uinum,
326 1485 378 1532 et
416 1477 727 1547 impleantur
756 1477 1012 1543 ebrietate,
1039 1485 1090 1530 et
1134 1477 1229 1530 erit
1272 1478 1405 1532 sicut
1437 1476 1609 1541 hodie,
1637 1475 1711 1530 sic

85 1579 134 1622 et
165 1585 313 1635 cras,
342 1577 390 1622 et
411 1569 578 1623 multo
603 1569 851 1639 amplius,
886 1568 940 1623 in
971 1567 1118 1623 LXX
1172 1567 1574 1639 Interpretihus
1603 1583 1708 1622 non

86 1659 354 1727 habetur,
378 1658 476 1714 sed
507 1675 576 1716 ex
602 1659 876 1715 chraico
907 1660 1173 1725 additum,
1193 1659 1374 1716 stellis
1400 1659 1710 1714 illuminan-

86 1754 235 1808 tihus
291 1763 653 1826 pra-notatur.
712 1754 951 1825 Denique
1017 1752 1117 1808 bos
1170 1752 1472 1808 versiculos
1525 1751 1708 1808 nullus

1813 553 1893 598 ter
1923 545 2300 614 speculatores
2321 559 2498 599 caecos
2529 557 2579 601 et
2609 560 2774 602 canes
2804 557 3005 611 mutos,
3036 547 3126 617 qui
3161 548 3261 616 ipsi
3297 563 3419 617 pas-

1814 644 1962 691 tores
2001 645 2148 702 sunt,
2184 636 2499 691 nescientes
2528 636 2970 709 intelligentiam,
2999 652 3099 694 nec
3130 639 3418 709 praesenti-

1811 727 1912 783 bus
1939 737 2258 784 saturantur
2299 729 2696 799 voluptatibus,
2731 732 2825 787 sed
2858 747 3076 803 semper
3106 745 3164 787 se
3201 746 3416 802 prrepa-

1810 831 1935 875 rant
1985 821 2052 876 ad
2103 822 2340 888 futuras,
2366 823 2545 893 justus
2589 823 2774 896 periit,
2821 825 2890 881 de
2939 839 3050 896 quo
3103 825 3239 881 dicit
3278 840 3418 883 uxor

1813 909 1974 967 Pilati
2005 930 2016 964 :
2066 911 2222 966 Nihil
2261 913 2353 968 tibi
2388 917 2454 969 sit
2479 925 2528 969 et
2553 917 2692 982 iusto
2719 915 2800 970 illi
2825 915 3044 987 (Matth.
3081 933 3253 986 xxvu,
3297 915 3412 988 I9).

1812 1003 1913 1073 Qui
1943 1004 2067 1061 latis
2115 1007 2390 1073 manilius,
2418 1012 2664 1065 innocens
2693 1026 2809 1064 sum
2848 1010 2960 1085 ego,
2992 1012 3188 1084 inquit,
3233 1031 3264 1066 a
3293 1030 3414 1068 san-

1811 1098 1968 1168 guine
1986 1099 2128 1170 justi
2170 1097 2352 1173 hujus.
2385 1101 2442 1156 lu
2475 1116 2585 1172 quo
2628 1101 3088 1158 considerandum
3112 1104 3256 1174 quod
3291 1121 3414 1162 ver-

1815 1189 1938 1244 bum
1981 1191 2332 1260 perditionis,
2377 1193 2446 1249 de
2491 1209 2600 1265 quo
2631 1209 2778 1265 sape
2805 1195 3047 1252 hwretiei
3081 1198 3412 1256 calumniam

1813 1281 2037 1352 faciunt,
2062 1285 2207 1355 quod
2251 1286 2535 1342 interitum
2565 1288 2855 1361 signiticet,
2890 1300 2945 1345 et
2969 1289 3326 1348 abolitionem
3358 1293 3418 1350 in

1812 1388 2164 1450 perpetuum,
2208 1391 2443 1451 ponatur
2491 1399 2660 1454 super
2711 1384 2954 1454 Christo,
3010 1387 3168 1458 cujus
3227 1388 3419 1460 utique

1813 1470 2048 1540 perditio
2082 1471 2485 1542 persecutionis
2517 1477 2971 1547 magnitudinem.
3015 1489 3072 1534 et
3108 1494 3214 1534 non
3247 1479 3415 1536 linem

1811 1573 2082 1618 monstrat
2119 1564 2465 1622 substantiae.
2509 1567 2575 1622 Et
2603 1587 2750 1626 nemo
2802 1582 2896 1637 est,
2929 1572 3135 1644 ait,qui
3174 1573 3420 1648 recoqitet

1811 1654 1865 1708 in
1894 1657 2047 1711 corde
2073 1673 2190 1724 suo,
2224 1659 2342 1715 sive
2364 1669 2600 1732 reponat.
2636 1661 2821 1734 Neque
2849 1664 2994 1721 enim
3027 1665 3144 1720 ﬁeri
3174 1675 3414 1737 poterat,

1815 1756 1871 1802 ut
1895 1749 2024 1803 caeci
2057 1761 2112 1804 et
2154 1752 2287 1806 muti
2341 1752 2594 1808 videntes
2635 1769 2772 1810 vana
2811 1767 2866 1812 et
2898 1768 3146 1814 amantes
3175 1759 3412 1828 somnia,

85 1847 621 1904 Ecclesiasticorum
669 1848 1034 1918 Interpretum
1083 1848 1368 1916 disseruit,
1401 1847 1495 1904 sed
1550 1847 1704 1918 quasi
1736 1847 1782 1907 Β
1812 1839 2235 1913 ignorantesque
2259 1843 2676 1916 intelligentiam
2704 1856 2867 1919 atque
2895 1849 3242 1919 sapientiam,
3267 1853 3416 1922 cogi-

82 1949 376 2011 patentem
417 1941 470 1995 in
519 1941 703 1997 medio
733 1941 952 1997 foveam
980 1941 1293 1996 transiliunt
1323 1949 1488 2012 atque
1526 1949 1706 1998 trans-

83 2035 340 2090 mittunt.
393 2034 548 2101 Quod
596 2043 782 2090 autem
817 2034 971 2103 dicit,
1004 2033 1107 2090 hoc
1139 2044 1245 2102 est,
1274 2035 1533 2106 quoniam
1563 2051 1592 2090 a
1618 2037 1701 2091 via

86 2128 311 2182 Domini
357 2126 722 2196 declinantes,
753 2129 1004 2198 proprias
1052 2128 1277 2183 semitas
1326 2137 1453 2183 sunt
1501 2129 1699 2193 secuti,

85 2232 388 2294 propterea
427 2222 626 2278 ardent
655 2223 888 2278 avaritia
916 2237 945 2276 a
971 2237 1190 2278 summo
1218 2237 1391 2293 usque
1422 2223 1489 2276 ad
1519 2222 1705 2277 novis-

88 2319 324 2384 simum,
345 2333 373 2371 a
398 2316 740 2388 principibus
764 2332 938 2384 usque
957 2316 1025 2372 ad
1060 2316 1299 2386 plebem,
1329 2323 1388 2370 ut
1413 2325 1699 2386 postquam

86 2412 366 2482 coeperint
383 2420 677 2482 percutere
698 2421 1085 2477 conservos,et
1102 2409 1394 2466 comedere
1420 2425 1484 2466 ac
1515 2411 1704 2467 bibere

87 2521 216 2561 cum
251 2505 448 2573 ebriis,
475 2504 662 2560 dicant
699 2523 709 2558 :
753 2503 958 2570 Venite,
992 2520 1257 2559 sumamus
1288 2504 1493 2568 vinum,
1528 2512 1573 2558 et
1602 2504 1699 2556 im-

87 2600 334 2671 pleamur
359 2600 622 2654 ebrietate.
649 2598 1028 2654 Manducemus
1055 2607 1101 2653 et
1124 2598 1356 2652 bibamus
1384 2614 1402 2650 :
1434 2615 1546 2653 cras
1569 2599 1704 2653 enim

86 2697 396 2750 moriemur.
435 2693 501 2748 Et
517 2694 616 2749 erit
639 2695 774 2748 sicut
796 2692 972 2762 hodie,
998 2693 1072 2748 sic
1096 2701 1145 2746 et
1169 2709 1286 2747 cras
1305 2708 1324 2747 :
1346 2701 1390 2746 et
1410 2692 1572 2746 multo
1593 2708 1706 2745 am-

85 2790 233 2858 plius
279 2787 324 2859 (I
354 2787 475 2842 Cor.
502 2832 516 2855 ,
555 2803 689 2852 κν..
714 2785 794 2858 2).
849 2786 963 2842 Hoc
1010 2792 1099 2841 est
1140 2786 1284 2857 quod
1321 2800 1487 2856 supra
1516 2784 1655 2841 dixit
1687 2802 1700 2839 :

87 2883 407 2939 Nescierunt
431 2883 761 2938 saturitatem
779 2897 798 2936 :
827 2896 930 2936 nec
959 2880 1231 2952 praeterita
1261 2880 1539 2950 voluptate
1567 2889 1593 2916 ⁸
1612 2895 1702 2935 sa-

86 2977 322 3046 tiantur,
354 2975 452 3032 sed
496 2975 708 3031 futuras
737 2974 964 3031 delicias
1004 2983 1223 3045 parant,
1250 2974 1422 3029 multo
1469 2973 1706 3043 majores

86 3088 253 3143 quam
284 3070 486 3142 quibus
513 3071 667 3141 prius
696 3069 847 3125 fruiti
878 3069 1117 3125 fuerant.
1151 3069 1205 3126 Si
1257 3069 1361 3124 hoc
1399 3067 1468 3124 de
1508 3067 1705 3138 princi-

87 3165 254 3234 pibus
284 3163 494 3220 dicitur
521 3164 860 3229 Iudaeorum,
895 3171 1120 3233 propter
1163 3177 1304 3233 quos
1333 3161 1488 3233 plebs
1525 3161 1706 3217 Domi-

1810 1941 1992 1988 tarent
2020 1949 2084 1989 ea
2111 1951 2233 2005 quae
2274 1935 2368 1991 Dei
2398 1947 2546 1993 sunt.
2579 1938 2845 2011 Quodque
2883 1942 3127 2013 sequitur
3159 1960 3173 1998 :
3219 1940 3289 1998 Et
3319 1943 3420 1999 viri

1808 2026 2199 2094 misericordiae,
2241 2028 2360 2085 sive
2393 2031 2549 2101 justi,
2581 2033 2895 2104 colliguntur
2937 2046 3091 2106 atque
3137 2036 3413 2105 tolluntur,

1807 2121 2107 2190 Apostolos
2137 2121 2424 2193 significat,
2459 2124 2550 2196 qui
2584 2125 2991 2184 interficiuntur
3015 2129 3083 2184 ab
3124 2130 3328 2202 impiis,
3360 2141 3420 2188 et

1808 2226 1836 2266 a
1858 2212 2090 2270 Domino
2113 2225 2539 2287 congregantur.
2568 2219 2884 2292 Causasque
2906 2221 3090 2276 reddit
3116 2237 3216 2277 cur
3246 2222 3418 2279 inter-

1807 2307 1984 2363 fectus
2013 2309 2086 2364 sit
2110 2309 2292 2379 justus
2314 2322 2478 2382 atque
2502 2312 2980 2382 sublatus,dicens
3016 2334 3029 2370 :
3056 2316 3101 2370 Α
3123 2317 3260 2388 facie
3279 2318 3416 2373 enim

1807 2402 2021 2456 malitia:
2039 2403 2286 2459 collectus
2314 2414 2390 2459 est
2403 2406 2603 2474 justus,
2636 2414 2696 2462 ut
2722 2407 2862 2462 mala
2896 2409 3080 2464 saeculi
3115 2426 3221 2466 non
3255 2411 3416 2467 vide~

1805 2503 1910 2550 ret.
1941 2493 2068 2551 Sive
2113 2504 2336 2567 propter
2380 2498 2648 2554 malitiam
2694 2500 2997 2570 hominum,
3027 2517 3263 2572 quorum
3293 2502 3413 2576 ipse

1808 2598 2026 2658 peccata
2057 2591 2333 2661 portabat,
2364 2593 2432 2648 ad
2481 2593 2700 2649 Patrem
2732 2596 2910 2651 vietor
2959 2597 3226 2652 ascendit.
3257 2596 3416 2667 Quod

1807 2692 1986 2737 autem
1999 2683 2152 2753 juxta
2183 2684 2509 2742 Hebraicum
2539 2686 2742 2742 dicitur
2771 2703 2785 2741 :
2823 2688 3004 2744 Veniat
3031 2706 3156 2762 pax,
3185 2691 3414 2761 requies-

1809 2783 1889 2828 cat
1910 2776 1963 2830 in
1994 2776 2150 2832 cubili
2171 2795 2266 2832 suo
2294 2795 2313 2833 :
2341 2778 2568 2835 ambulet
2597 2780 2649 2835 in
2667 2779 3128 2852 665d5rectione
3149 2800 3266 2849 sua,
3285 2799 3413 2840 sen-

1807 2882 1902 2926 sus
1922 2871 2138 2942 quidem
2166 2875 2491 2945 perspicuus
2513 2884 2619 2940 est,
2636 2877 2732 2932 sed
2754 2876 3050 2933 verborum
3072 2892 3416 2950 consequen-

1809 2964 1905 3030 tia,
1931 2981 2052 3035 quae
2079 2966 2134 3021 in
2173 2982 2288 3023 suae
2319 2968 2514 3040 lingua:
2555 2980 2663 3026 stat
2709 2970 2991 3040 idiomate,
3024 2973 3166 3044 apud
3204 2988 3303 3029 nos
3331 2973 3416 3029 vi-

1809 3056 1970 3113 detur
1990 3073 2114 3116 esse
2145 3062 2380 3117 turbata.
2406 3062 2562 3131 Quod
2603 3073 2784 3120 autem
2826 3065 2981 3134 dicit,
3015 3068 3118 3120 huc
3147 3075 3230 3122 est
3261 3085 3273 3122 :
3303 3066 3412 3124 Ve-

1811 3149 1922 3206 niat
1951 3167 2052 3223 pax
2108 3153 2273 3223 Justi,
2317 3171 2480 3226 quam
2530 3157 2837 3214 ascendens
2881 3159 2946 3214 ad
3000 3160 3218 3217 Patrem
3265 3162 3414 3232 Apo-

85 3256 138 3311 ni
164 3272 198 3311 ει
241 3256 434 3312 bestiis
455 3256 714 3313 devorata
745 3263 850 3321 est,
882 3256 1121 3311 vitemus
1147 3255 1699 3326 exemp|a_pejomm,
1730 3241 1777 3306 C
1807 3242 2495 3315 stolisdereliquit,dicens
2523 3265 2535 3301 :
2561 3245 2752 3303 Pacem
2775 3266 2941 3305 meam
2959 3251 3025 3305 do
3047 3253 3208 3320 vobis,
3228 3270 3410 3325 pacem

87 3365 182 3406 nec
213 3349 570 3405 iuebriemur
597 3350 749 3415 vino,
777 3351 831 3404 in
863 3364 972 3419 quo
994 3356 1080 3404 est
1106 3347 1349 3413 luxuria,
1380 3363 1480 3403 nec
1511 3348 1702 3418 volup-

88 3444 297 3497 tatibus
332 3442 661 3507 obruamur;
698 3440 844 3498 neeb
868 3442 1004 3496 muti
1036 3441 1102 3496 ad
1130 3440 1488 3510 loquendum.
1509 3448 1700 3495 contra

86 3535 444 3592 adversarios
469 3544 691 3591 nostros
722 3534 898 3590 rabidi
921 3549 1091 3592 canes
1113 3535 1315 3601 simus;
1344 3533 1440 3590 sed
1480 3533 1572 3589 Dei
1608 3549 1702 3604 po-

89 3631 188 3687 tius
227 3643 394 3700 quam
423 3638 640 3686 nostras
665 3644 960 3700 sequamur
983 3630 1192 3697 vias,et
1212 3629 1496 3684 audiamus
1517 3628 1702 3698 Scrip-

88 3735 269 3780 turarn
293 3731 614 3779 monentem
643 3723 860 3792 :Sapite
881 3723 947 3779 de
980 3721 1204 3779 Domino
1224 3723 1280 3778 in
1301 3722 1521 3778 bonitate
1539 3723 1697 3798 (Sap.

87 3833 120 3885 ι,
153 3820 245 3892 1).
281 3819 350 3874 Et
379 3817 580 3874 iterum
612 3837 624 3873 :
655 3817 824 3890 664
859 3816 1221 3890 Intelligentia
1268 3820 1467 3888 Optima
1497 3828 1571 3872 est
1618 3817 1702 3874 his

84 3915 166 3983 qui
199 3912 412 3985 faciunt
430 3927 562 3966 eam.
600 3913 666 3966 Et
696 3915 742 3967 si
770 3927 936 3968 canes
959 3911 1185 3980 fuimus,
1214 3926 1322 3967 non
1347 3911 1703 3983 desperemus

82 4008 344 4074 salutem,
371 4004 659 4060 audientes
691 4006 857 4062 verba
888 4003 1217 4061 Chananaaaa
1245 4005 1480 4062 dicentis
1503 4006 1570 4061 ad
1601 4005 1702 4061 Do—

84 4102 300 4156 minum
334 4117 348 4154 :
380 4097 577 4164 Etiam,
620 4098 862 4167 Domine,
891 4115 1014 4153 nam
1056 4109 1103 4155 et
1132 4097 1308 4154 catelli
1339 4098 1612 4153 comedunt
1637 4099 1700 4153 de

85 4196 263 4259 micis,
281 4209 398 4263 qua
417 4195 612 4248 cadunt
629 4193 691 4249 de
705 4209 885 4249 mensa
907 4193 1236 4249 dominorum
1255 4209 1464 4248 suorum
1479 4193 1695 4266 (Matth.

83 4302 169 4356 xv,
201 4286 333 4356 27).
367 4285 448 4342 0b
478 4297 500 4324 ο
551 4301 712 4357 quam
751 4301 976 4342 causam
1028 4284 1460 4342 misericordiam
1506 4300 1697 4341 consc-

83 4390 232 4448 cuta,
267 4379 471 4436 audita
505 4379 765 4436 Domino:
793 4379 839 4436 0
868 4381 1075 4446 mulier,
1105 4395 1298 4452 magna
1320 4388 1394 4433 est
1416 4379 1545 4450 ﬁdes
1568 4387 1658 4433 tua
1679 4395 1699 4435 :

83 4475 171 4540 ﬁat
189 4472 291 4528 tibi
315 4473 449 4528 sicut
474 4473 570 4527 vis.
600 4472 825 4529 Poterat
852 4473 1000 4528 enim
1022 4472 1205 4529 dicere
1225 4488 1350 4528 cum
1381 4470 1654 4542 PrOpheta
1681 4490 1694 4528 :

1806 3351 1972 3390 meam
2017 3338 2252 3409 relinquo
2297 3339 2439 3394 vobis
2483 3338 2666 3411 (Joan.
2714 3357 2825 3410 XIV,
2861 3341 2977 3413 27).
3010 3341 3257 3414 Cumque
3305 3360 3409 3415 pax

1805 3427 2031 3498 Christi,
2055 3447 2178 3500 qua:
2213 3445 2507 3501 exsuperat
2539 3447 2756 3489 omnem
2779 3448 3021 3502 sensum,
3053 3436 3286 3503 venerit,
3317 3451 3410 3492 re-

1804 3523 2090 3593 quiescant
2136 3523 2384 3596 Apostoli
2414 3527 2533 3598 ejus
2573 3528 2626 3584 in
2675 3527 2947 3586 cubilibus
2974 3531 3112 3600 suis,
3153 3541 3208 3588 et
3256 3547 3407 3589 mors

1805 3628 1996 3672 eorum
2045 3619 2375 3690 requiescet.
2415 3619 2498 3676 Ex
2546 3638 2656 3692 quo
2707 3622 2947 3679 ostendit
2985 3636 3251 3698 martyres
3294 3641 3407 3683 non

1805 3713 2007 3782 perire,
2037 3713 2131 3768 sed
2159 3715 2407 3783 vincere,
2439 3724 2495 3772 et
2525 3723 2727 3772 aeterna
2749 3717 2882 3774 sede
2905 3719 3407 3791 requiescere.lpse

1804 3823 1939 3864 vero
1960 3809 2119 3879 cujus
2148 3826 2252 3881 pax
2293 3822 2399 3878 est,
2436 3820 2491 3866 ct
2515 3811 2673 3883 cujus
2699 3813 2949 3883 Apostoli
2977 3814 3328 3886 requiescunt
3350 3815 3406 3873 in

1804 3905 2073 3961 cubilibus
2087 3905 2229 3973 suis,
2244 3905 2488 3962 ambulat
2509 3907 2560 3962 in
2580 3906 2880 3964 directione
2900 3923 3020 3978 sua,
3037 3919 3188 3966 recto
3215 3909 3408 3966 itinere

1803 4001 1869 4058 ad
1897 4001 2114 4057 Patrem
2148 4001 2324 4058 victor
2349 4001 2674 4061 ascendens.
2703 4001 2876 4059 Porro
2913 4004 3059 4074 quod
3091 4005 3144 4059 iu
3175 4003 3408 4074 Septua-

1801 4092 1951 4164 ginta
1981 4091 2179 4164 legitur
2212 4111 2224 4147 :
2256 4093 2302 4147 Α
2331 4095 2468 4164 facie
2495 4094 2715 4150 malitia:
2753 4095 2958 4150 ablatus
2987 4105 3059 4150 est
3081 4097 3280 4166 justus.
3309 4098 3406 4152 erit

1803 4187 1859 4240 in
1889 4203 2015 4256 pace
2035 4187 2306 4257 sepultura
2335 4191 2466 4260 ejus,
2491 4188 2670 4243 ablata
2698 4198 2772 4244 est
2801 4188 2866 4243 de
2889 4189 3082 4258 medio,
3113 4191 3294 4246 omnia
3318 4207 3407 4248 rc-

1803 4279 2055 4335 feruntur
2093 4279 2160 4334 ad
2220 4279 2388 4352 666
2428 4278 2708 4336 Christum
2754 4281 2960 4352 absque
3014 4283 3408 4344 commixtione

1803 4398 2049 4454 persona:
2071 4383 2484 4453 Apostolorum,
2519 4385 2676 4456 cujus
2702 4387 2988 4458 sepultura
3037 4388 3090 4444 in
3139 4404 3272 4460 pace
3300 4401 3407 4456 esr,

1803 4492 1859 4539 et
1885 4483 2100 4539 sublata
2127 4485 2194 4541 de
2221 4485 2426 4542 medio.
2444 4486 2630 4560 Neque
2660 4489 2806 4546 enim
2828 4505 2959 4546 caro
2983 4489 3102 4562 ejus
3129 4491 3263 4548 vidit
3283 4507 3407 4548 cor-

91 4563 250 4664 Ϋίαηι
283 4565 647 4664 ’παῖξάαξονυηι
675 4574 882 4664 ῑξιονξιθπ
899 4566 1104 4620 “cum
1129 4564 1252 4638 (Ρεο
1272 4580 1460 4631 CXVI":
1489 4563 1604 4636 52)·
1629 4563 1700 4620 Et
1722 4639 1776 4664 ἢ
1803 4586 2132 4658 ruptionem,
2159 4602 2261 4644 nec
2301 4591 2605 4659 permansit
2633 4592 2686 4646 in
2719 4593 2992 4663 sepulcro,
3029 4595 3119 4664 qui
3151 4603 3234 4651 est
3262 4595 3407 4652 inter

85 4659 293 4716 iterum
329 4675 342 4712 :
376 4657 561 4714 Deduc
588 4675 668 4714 me
688 4659 743 4713 in
771 4658 854 4713 via
883 4667 1044 4714 recta.

157 4753 322 4824 (Cap.
370 4751 531 4807 LVII.
563 4781 636 4794 —
664 4750 822 4808 Vers.
854 4753 907 4818 l,
941 4751 1023 4820 2.)
1076 4751 1258 4807 Justus
1289 4753 1439 4825 periit
1508 4750 1693 4826 [Vulg.

84 4846 266 4920 perit].
292 4843 319 4884 ἀ
351 4854 398 4901 et
429 4863 533 4901 non
561 4855 636 4901 est
677 4847 767 4913 qui
794 4845 1039 4916 recogitet
1081 4845 1136 4899 in
1166 4847 1320 4900 corde
1349 4862 1443 4901 suo
1466 4861 1486 4900 :
1511 4854 1559 4899 et
1600 4846 1698 4900 uiri

86 4939 463 4995 misericordia:
502 4939 844 5011 colliguntur,
876 4938 1000 5009 quia
1029 4954 1132 4993 non
1159 4949 1235 4993 est
1269 4940 1357 5009 qui
1393 4940 1648 5012 intelligat
1679 4957 1698 4996 :

85 5047 117 5083 a
156 5033 297 5102 {acie
320 5030 461 5086 enini
485 5029 706 5086 malitia:
730 5031 974 5086 collectus
1003 5039 1078 5084 est
1105 5031 1291 5094 iustus.
1328 5030 1515 5086 Veniat
1541 5049 1646 5104 patr.
1677 5049 1694 5088 :

87 5126 377 5195 requiescat
403 5126 459 5180 in
484 5125 646 5180 cubili
680 5141 776 5180 suo
803 5125 890 5194 qui
916 5123 1145 5180 ambulat
1174 5123 1356 5198 [Vulg
1391 5126 1692 5202 ambulavit]

83 5216 136 5270 in
159 5217 449 5274 directione
473 5236 593 5275 sua.
625 5218 800 5274 LXX:
827 5218 1014 5274 Videte
1039 5219 1298 5288 quomodo
1310 5222 1489 5293 justus
1511 5221 1687 5289 periit,

1721 4639 1777 4701 D

1799 4699 2050 4746 mortuos
2079 4690 2246 4758 liber,
2274 4689 2494 4746 dicente
2523 4690 2737 4762 Angelo
2775 4693 2844 4748 ad
2885 4693 3142 4750 mulieres
3188 4711 3202 4748 :
3237 4695 3404 4760 Quem

1797 4793 2029 4863 qua-ritis
2078 4790 2281 4859 Iesum,
2314 4808 2419 4847 non
2446 4802 2520 4848 est
2554 4791 2638 4847 hic
2661 4809 2680 4848 :
2715 4792 2926 4861 Venite,
2959 4803 3006 4848 et
3042 4793 3208 4849 videte
3230 4795 3403 4850 locant

1798 4895 1884 4950 ubi
1912 4895 2110 4966 positus
2141 4895 2240 4967 fuit
2266 4893 2524 4950 Dominus
2564 4892 2781 4967 (Matth.
2810 4909 3001 4963 xxvut,
3031 4895 3088 4961 5,
3123 4893 3200 4965 6).
3223 4894 3402 4952 Judaei

1798 5006 1854 5053 et
1886 4998 2001 5053 htec
2020 5006 2075 5053 et
2117 5006 2315 5054 cetera
2360 5013 2482 5069 quas
2505 5007 2830 5068 sequuntur,
2857 4997 2942 5053 vel
2977 4995 3309 5068 generaliter
3330 4996 3398 5053 de

1799 5097 2051 5156 omnibus
2067 5097 2228 5169 justis
2253 5097 2590 5153 arbitrantur
2604 5097 2853 5170 intelligi,
2871 5112 3103 5169 quorum
3123 5096 3198 5151 Ma
3208 5111 3399 5154 nasses

1796 5198 1940 5254 fudit
1961 5199 2302 5270 sanguinem,
2320 5207 2376 5254 et
2397 5197 2644 5270 implevit
2664 5197 2967 5255 Jerusalem
2992 5214 3022 5253 a
3049 5205 3204 5269 porta
3224 5213 3399 5270 usque

87 5319 132 5363 et
158 5328 313 5366 nemo
337 5313 559 5385 suscipit
586 5312 742 5367 corde
769 5328 789 5367 :
817 5319 864 5366 et
893 5311 990 5366 viri
1009 5311 1147 5386 justi
1175 5312 1452 5378 tolluntur,
1479 5319 1524 5366 et
1548 5327 1694 5366 nemo
1796 5298 1864 5355 ad
1892 5309 2106 5370 Ροτίῧω
2125 5315 2140 5366 ἲ
2157 5299 2239 5354 vel
2261 5307 2412 5356 certe
2434 5298 2709 5356 [Saliide
2726 5315 2823 5356 sua
2845 5301 3176 5373 ρτορῑιειπθ
3197 5307 3394 5367 morie:

86 5405 400 5461 considerat.
449 5405 496 5460 Α
525 5405 661 5477 facie
679 5405 818 5460 enim
845 5405 1137 5476 iniquitatis
1163 5404 1369 5461 ablatus
1389 5414 1462 5460 est
1481 5407 1658 5478 justus
1674 5419 1695 5460 :

159 5630 474 5716 1{Legimus
511 5629 688 5685 satiati
728 5638 846 5685 sunt
893 5643 1015 5685 cum
1049 5627 1379 5684 Victorianis
1423 5641 1557 5684 mss.
1593 5643 1692 5700 pro

86 5711 444 5830 ‘algab'i‘u'i’tum
471 5773 694 5830 diverso
715 5787 881 5828 sensu
902 5787 1041 5827 unus
1068 5771 1443 5839 Ambrosiam,
1458 5788 1550 5826 nec
1565 5771 1698 5826 muti

89 5848 157 5899 ad
205 5847 524 5917 loquendum
581 5854 760 5899 contra
809 5843 1154 5909 adversarios,
1194 5845 1252 5897 in
1301 5851 1501 5901 nostros
1554 5844 1696 5898 rabi-

1795 5402 1940 5475 quod
1969 5401 2262 5460 serrandus
2283 5402 2352 5459 sit
2381 5417 2412 5459 a
2437 5401 2687 5461 Manasse
2714 5418 2866 5460 serra
2889 5403 3090 5476 lignea,
3109 5417 3231 5473 qua
3251 5399 3396 5472 apud

1799 5626 2084 5755 mﬁiiém
2115 5713 2218 5755 ms.
2247 5715 2260 5753 :
2288 5697 2367 5755 0b
2395 5714 2551 5772 quam
2579 5713 2771 5764 vocem,
2815 5697 3224 5755 misericordiam
3275 5715 3398 5755 con-

1803 5786 1925 5878 "cf
1927 5780 2018 5898 (Auli
2030 5851 2110 5899 ter
2150 5843 2203 5900 in
2235 5842 2450 5900 duobus
2491 5857 2624 5900 mss.
2645 5887 2658 5912 ,
2687 5851 2733 5896 et
2764 5859 2912 5902 nemo
2940 5842 3195 5918 recogitet
3219 5845 3396 5902 corde.
