3932 6318
545 212 655 276 547

550 339 647 382 eos
673 323 976 383 certissima
1002 318 1224 375 traditio
1252 322 1357 374 est.
1386 316 1541 375 Unde
1568 324 1621 377 et
1645 325 1957 377 nostrorum
1982 318 2148 387 pluri-

548 416 621 472 mi
662 414 813 480 illud,
845 412 989 486 quod
1031 410 1099 465 de
1150 409 1404 479 passione
1450 409 1775 467 Sanctorum
1806 410 1860 464 in
1908 409 2150 480 Epistula

1800 205 1856 267 Β.
1893 202 2164 271 EUSEBII
2206 200 2583 265 ilIERONYMi
3201 234 3207 245 ο
3725 203 3799 272 ειη

2254 318 2321 373 ad
2351 317 2608 375 Hebraeos
2638 316 2860 391 ponitur
2889 333 2909 373 :
2951 316 3153 373 Serrati
3177 326 3293 375 sunt
3318 318 3507 391 (Hebr.
3540 335 3614 388 at,
3634 320 3802 392 37),atl

2256 410 2412 469 Isaia:
2437 411 2681 467 referunt
2709 409 3036 481 passionem.

563 524 3091 550 Μ

1187 560 1662 712 LIBER
1743 599 2480 708 DECIMUS
2557 601 3201 713 SEXTUS.

540 890 557 957 ς
612 885 967 963 665.666
1001 883 1230 959 Egregia
1267 881 1614 941 disertissimi
1642 882 1876 938 oratoris
1914 889 2138 938 senten'
2178 881 2227 942 Α
2257 880 2395 943 Tres
2426 894 2606 941 autem
2635 895 2657 925 ε
2686 886 2939 943 versiculi
2962 888 3053 958 qui
3079 898 3421 960 sequuntur:
3464 890 3670 950 Valeas
3695 898 3810 965 pars

540 984 614 1043 tia
646 994 753 1050 est.
786 980 999 1041 Felices
1027 988 1209 1039 essent
1234 977 1341 1052 [ΑΙ.
1366 977 1510 1049 esse]
1544 985 1710 1042 artes.
1736 976 1875 1037 side
1903 976 2013 1031 illis
2042 975 2145 1035 soli

542 1081 791 1143 artiﬁces
810 1078 1144 1152 judicarent.
1170 1060 1263 1135 Ac.
1279 1091 1350 1137 ne
1375 1091 1406 1139 a
1439 1075 1682 1147 profanis
1705 1084 1912 1137 tantum
1933 1089 2153 1133 sumere

544 1174 735 1233 videar
767 1170 1116 1242 exemplum,
1155 1169 1413 1229 nimirum
1449 1168 1552 1229 hoc
1583 1167 1716 1229 illud
1749 1178 1833 1229 est
1860 1167 2004 1238 quod
2032 1166 2155 1227 aliis

544 1268 729 1326 verbis
774 1265 1047 1337 Propheta
1094 1263 1435 1323 demonstrat
1477 1281 1489 1316 :
1542 1260 1737 1321 Beatus
1773 1261 1860 1334 qui
1904 1260 1958 1315 in
1999 1275 2154 1315 aures

542 1363 774 1437 loquitur
816 1360 1145 1421 audientium
1188 1356 1417 1432 (Eccles.
1449 1373 1602 1423 uin,
1644 1354 1731 1427 i2)
1765 1373 1779 1409 :
1811 1357 1927 1422 Qua
1980 1353 2157 1415 felici—

549 1463 658 1513 tate
688 1464 769 1521 tu,
802 1454 908 1511 lilia
941 1450 1321 1520 Eustochium,
1347 1465 1433 1506 me
1461 1458 1768 1518 compotem
1796 1463 1921 1503 esse
1944 1447 2151 1514 iecisti;

551 1566 676 1609 nam
707 1564 830 1607 cum
856 1547 1156 1607 anterioris
1183 1545 1309 1603 libri
1334 1544 1805 1616 prmfatiuueulam
1836 1544 2068 1614 legeres.
2098 1542 2154 1599 in

547 1657 654 1716 qua
700 1640 933 1710 asserui,
984 1639 1276 1711 Apostoios
1322 1649 1377 1694 et
1418 1638 1795 1708 Evangeiistas
1833 1652 1896 1694 ett
1948 1646 2154 1692 tantum

551 1735 621 1792 de
672 1734 1027 1806 Septuaginta
1076 1732 1504 1801 Interpretibus,
1546 1730 1632 1791 vel
1669 1729 1813 1799 sitis,
1844 1729 1925 1785 vel
1966 1743 2155 1787 eorum

548 1826 733 1893 verbis
766 1841 975 1896 ponere
1008 1824 1344 1891 testimonia.
1367 1839 1490 1894 qua:
1514 1838 1638 1883 cum
1669 1821 1939 1883 ilebraico
1961 1833 2159 1877 conso-

550 1929 744 1979 narent
794 1935 809 1972 :
848 1917 897 1973 si
923 1931 1028 1991 qua
1066 1925 1249 1975 autem
1283 1914 1352 1971 ab
1380 1915 1505 1969 aliis
1529 1913 1714 1971 addita
1746 1923 1905 1978 sunt,
1931 1910 2158 1971 omnino

551 2011 880 2087 negligere:
933 2009 1084 2069 illico
1131 2007 1267 2069 milii
1300 2022 1406 2065 neu
1448 2021 1672 2076 parvam
1703 2004 2155 2076 quaestiunculam

550 2103 818 2173 detulisti,
844 2102 987 2174 quod
1040 2101 1249 2159 scilicet
1281 2109 1406 2159 octo
1437 2115 1647 2162 versus.
1680 2099 1773 2173 qni
1806 2100 2064 2170 leguntur
2091 2099 2147 2157 in

552 2196 841 2265 Ecclesiis,
868 2203 923 2255 et
949 2195 1001 2253 iu
1027 2194 1299 2253 liebraico
1329 2209 1437 2253 non
1473 2194 1765 2262 habentur,
1799 2193 1943 2249 tertii
1964 2192 2158 2248 decimi

2256 992 2434 1035 εονιυη
2455 976 2525 1030 σά
2556 977 2929 1045 eli-uadendqu
2956 982 3260 1052 sanguinem
3283 998 3300 1037 :
3324 981 3589 1039 Contritio
3615 995 3659 1040 et
3678 987 3813 1055 infdi-
3884 986 3889 993 ’

2255 1074 2385 1129 citas
2413 1073 2466 1131 in
2495 1074 2591 1128 viis
2620 1090 2793 1130 eorum
2817 1091 2834 1133 :
2857 1074 2924 1134 Et
2955 1077 3088 1133 viam
3118 1077 3258 1146 pacis
3281 1094 3384 1133 non
3414 1090 3756 1150 cognouerunt,
3774 1083 3811 1135 in

2255 1163 2395 1225 Isaia
2421 1166 2685 1236 propheta
2718 1168 2920 1238 reperi,
2959 1184 3096 1239 quos
3143 1171 3195 1227 in
3245 1171 3462 1229 decimo
3493 1183 3649 1235 sasto
3670 1175 3815 1244 aspir

2258 1260 2500 1321 nationis
2521 1260 2637 1330 ejus
2667 1261 2827 1329 libro,
2855 1277 3018 1332 quem
3053 1279 3198 1320 nunc
3226 1264 3438 1323 dictare
3469 1267 3654 1336 cupio,
3683 1282 3818 1336 espo-

2257 1354 2467 1417 siturus
2496 1369 2638 1413 sum.
2670 1354 2908 1415 Ultimus
2934 1367 3113 1417 autem
3138 1373 3350 1425 versus,
3382 1358 3434 1417 id
3459 1367 3568 1429 est,
3601 1370 3817 1417 oetam:

2261 1445 2383 1505 Non
2413 1456 2487 1503 est
2520 1449 2673 1505 timor
2703 1446 2802 1509 Dei
2832 1457 2954 1509 ante
2997 1450 3172 1507 oculos
3218 1467 3419 1517 eorum,
3487 1452 3545 1508 in
3597 1453 3820 1509 tricesitai

2260 1542 2433 1613 quinti
2463 1543 2653 1613 psalmi
2708 1545 2977 1614 principio
3007 1556 3111 1602 est.
3143 1546 3252 1601 Nec
3282 1547 3333 1601 in
3368 1546 3474 1603 hoc
3509 1548 3744 1619 cuiquam
3765 1549 3820 1603 ti-

2258 1634 2308 1695 α.
2331 1644 2455 1691 atur
2490 1651 2612 1692 esse
2640 1636 2944 1705 diversum,
2973 1639 3016 1692 si
3045 1638 3188 1709 quod
3237 1640 3289 1694 in
3316 1640 3432 1694 suis
3475 1640 3612 1696 locis
3636 1656 3824 1699 numero

2261 1730 2460 1789 dicitur
2510 1730 2797 1801 singulari,
2855 1732 2925 1786 ab
2970 1732 3238 1802 Apostolo
3289 1733 3578 1801 pluraliter
3627 1735 3821 1801 dicatur,

2260 1822 2351 1891 qui
2382 1809 2661 1883 scribebat
2689 1822 2755 1879 ad
2781 1823 3070 1893 plurimos,
3094 1834 3150 1881 et
3175 1827 3229 1881 in
3254 1842 3419 1883 unum
3443 1843 3666 1884 sensum
3692 1830 3825 1887 multa

2261 1913 2491 1983 cogebat
2559 1914 2828 1983 exempla.
2876 1914 3133 1973 Arbitror
3207 1917 3443 1974 solutam
3502 1921 3826 1989 qumstionern

2264 2016 2432 2074 tuam,
2458 2015 2515 2061 et
2540 2017 2782 2065 nostram
2815 2008 3053 2077 regulam
3081 2023 3247 2079 super
3273 2010 3641 2069 translatione
3658 2016 3827 2069 veteris

2261 2098 2613 2157 instrumenti
2639 2115 2961 2163 concussam
2990 2101 3161 2173 magis
3187 2118 3311 2158 esse
3341 2118 3509 2173 quam
3540 2115 3751 2161 motam.
3779 2106 3830 2163 Et

2262 2205 2370 2247 non
2396 2200 2505 2247 tam
2540 2191 2861 2261 Apostotnnt
2891 2192 2962 2251 de
2991 2193 3200 2263 psalmo
3243 2198 3408 2255 tertio
3432 2196 3650 2255 decimo
3676 2213 3833 2268 sump-

556 2290 778 2364 psalmi,
803 2289 1104 2360 Aposmlus
1134 2290 1433 2360 usurparit,
1466 2289 1715 2351 scribens
1744 2286 1812 2345 ad
1840 2286 2150 2349 Romanos:
2184 2282 2230 2342 B
2257 2284 2418 2352 sisse,
2453 2284 2596 2354 quod
2627 2285 2678 2345 in
2714 2285 2986 2343 Hebraico
3014 2301 3119 2343 non
3152 2285 3407 2354 habetur.
3439 2304 3610 2359 quam
3638 2305 3728 2347 eos
3754 2289 3832 2361 qui

554 2393 581 2424 ⁸
607 2382 924 2454 Sepulcrum
952 2391 1134 2453 patens
1164 2392 1239 2439 est
1269 2391 1451 2455 guttur
1473 2396 1684 2441 eorum:
1711 2380 1906 2452 linguis
1928 2381 2035 2437 suis
2066 2380 2161 2435 do.

554 2478 665 2535 lose
708 2478 975 2551 agebant:
1013 2476 1276 2535 Venenum
1323 2475 1564 2546 aspidum
1618 2476 1713 2535 sub
1766 2473 1915 2531 labiis
1958 2488 2157 2531 eorum.

558 2571 792 2643 Quorum
821 2587 876 2626 os
904 2568 1269 2629 maledictione
1318 2578 1366 2625 et
1407 2567 1757 2625 amaritudine
1798 2567 2006 2637 plenum
2043 2576 2160 2625 est:

562 2662 777 2719 Veloces
833 2656 987 2731 pedes
1044 2675 1221 2721 eorum
1271 2659 1342 2715 ad
1395 2657 1767 2727 etfundendum
1818 2658 2160 2728 sanguinem:

555 2754 817 2813 Coutritio
849 2760 896 2807 et
938 2750 1225 2823 infelicitas
1269 2751 1322 2809 in
1349 2751 1444 2809 uiis
1474 2767 1656 2809 eorum
1685 2765 1705 2807 :
1752 2748 1824 2807 Et
1854 2750 1989 2805 uiam
2016 2751 2160 2820 pacis

554 2861 663 2901 non
694 2853 1041 2916 cognoverunt
1069 2859 1088 2901 :
1122 2843 1244 2901 Non
1292 2852 1365 2901 est
1396 2844 1549 2901 timor
1580 2841 1677 2901 Dei
1708 2851 1828 2896 ante
1870 2840 2045 2899 oculos
2075 2859 2161 2899 eo-

553 2955 672 2997 rum
699 2939 879 3011 (Rom.
905 2953 987 3003 tn,
1022 2939 1090 2999 i5
1115 2940 1312 3013 scqq.).
1339 2937 1495 3009 Quod
1524 2953 1650 2992 eum
1672 2935 1973 3005 audissem,
2003 2937 2158 3006 quasi

554 3052 586 3091 a
633 3035 934 3093 fortissimo
977 3035 1160 3106 pugile
1189 3050 1481 3106 percussus
1527 3051 1729 3107 essent,
1772 3036 1914 3106 coepi
1962 3038 2161 3097 tacitus

553 3136 808 3199 testuare,
840 3139 894 3189 et
925 3140 1207 3200 stuporem
1238 3130 1439 3187 mentis
1469 3130 1649 3189 vultus
1680 3131 1887 3203 pallore
1915 3130 2156 3201 signare.

556 3219 844 3290 liebrteus,
892 3220 1139 3291 inquam,
1200 3237 1265 3277 ex
1318 3221 1581 3286 ilehrtcis,
1635 3222 1936 3279 secundum
1982 3222 2157 3292 legem

552 3312 887 3382 sztriszeus,
903 3313 1259 3387 eruditusque
1274 3315 1338 3370 ad
1358 3315 1528 3387 pedes
1549 3315 1888 3385 Gamaiielis,
1903 3326 1998 3373 aut
2013 3317 2161 3387 ig‘nov

552 3407 697 3467 rarit
727 3408 865 3475 inec,
891 3418 988 3469 aut
1014 3423 1226 3475 eorum,
1257 3409 1347 3479 qui
1382 3410 1576 3465 lecturi
1609 3419 1790 3477 erant,
1824 3411 2026 3467 abusus
2074 3421 2160 3469 est

553 3500 932 3580 667-668
978 3500 1283 3568 ignorantia
1316 3500 1593 3573 (Philipp.
1626 3518 1712 3568 stt,
1770 3502 2025 3571 Act.xxlt,
2055 3504 2088 3557 5

556 3593 799 3667 Quorum
815 3595 1046 3651 alterum
1074 3593 1359 3663 iueruditi,
1375 3596 1607 3651 alterum
1620 3595 1807 3653 callidi
1827 3597 1990 3651 estad
2012 3596 2161 3651 mali-

2261 2384 2436 2433 artem
2492 2377 2960 2437 eontexeodarum
2994 2379 3137 2435 inter
3182 2394 3242 2437 se
3272 2379 3681 2450 Scripturarum
3712 2388 3835 2453 Apo~

2260 2469 2386 2529 Stoli
2410 2469 2744 2540 nesciebant,
2770 2474 3032 2542 qntnsisso
3056 2484 3242 2543 aptum
3272 2475 3478 2541 locum,
3499 2476 3582 2534 ubi
3605 2493 3836 2547 assumpv

2260 2568 2373 2621 tum
2424 2562 2491 2619 ab
2541 2578 2606 2618 en
2666 2572 2931 2634 ponerent
2985 2569 3385 2636 testiinonium,
3439 2572 3581 2641 quod
3642 2571 3837 2640 absque

2260 2656 2584 2713 auctoritate
2616 2656 2668 2715 in
2702 2657 2983 2728 Scriptura
3027 2660 3268 2730 positum
3304 2678 3410 2721 non
3442 2664 3721 2736 putabant.
3753 2664 3837 2723 De-

2262 2752 2426 2823 nique
2452 2765 2645 2809 omnes
2689 2750 2921 2811 Graecia!
2956 2764 3307 2822 traCtatorus,
3341 2758 3432 2827 qui
3478 2760 3642 2819 nobis
3678 2758 3836 2817 erudi-

2265 2846 2432 2901 tionis
2480 2861 2592 2900 sua:
2639 2846 2691 2905 in
2724 2846 2973 2907 Paulinus
3020 2847 3457 2911 Cotuinentarios
3507 2854 3835 2924 reliqui-runt,

2262 2935 2364 2997 ltos
2391 2939 2690 2995 versiculus
2730 2955 2858 3001 veru
2905 2952 3175 3003 annutant
3201 2954 3365 3014 atque
3406 2956 3761 3015 praetereunt,
3789 2946 3841 3002 li-

2261 3030 2429 3100 quido
2459 3032 2783 3117 conﬁtentes
2816 3035 2868 3089 in
2909 3035 3177 3095 Ilebraico
3205 3053 3313 3099 non
3361 3039 3588 3109 haberi,
3619 3056 3715 3099 nec
3739 3056 3840 3099 esse

2264 3124 2315 3179 in
2347 3125 2694 3196 Septuaginta
2721 3126 3140 3200 interpretibus,
3187 3130 3285 3193 sed
3340 3133 3394 3193 in
3445 3134 3696 3196 editione
3728 3134 3840 3191 Vul-

2262 3225 2407 3286 gula,
2441 3233 2563 3288 qua:
2612 3218 2802 3277 (ἑταῖρε
2847 3226 2980 3281 κοινή
3011 3221 3232 3290 dicitur,
3262 3233 3317 3283 et
3364 3226 3419 3279 in
3449 3235 3572 3285 toto
3600 3228 3730 3285 urbe
3765 3226 3835 3282 dio

2262 3324 2417 3365 versa
2442 3320 2545 3367 est.
2578 3310 2684 3369 Sed
2703 3314 2813 3383 jam
2843 3322 3056 3385 tempus
3077 3326 3184 3384 est,
3203 3326 3261 3373 ut
3281 3328 3462 3389 erepto
3481 3321 3842 3381 incumbamus

2262 3403 2437 3472 operi,
2472 3404 2680 3475 reliqua
2708 3420 3123 3478 persequamur.

2334 3586 2530 3659 (Vers.
2562 3590 2616 3659 5,
2647 3587 2743 3663 ι.)
2792 3588 2892 3647 Vos
2941 3600 3114 3647 autem
3146 3560 3372 3646 accedite
3399 3591 3530 3661 huc,
3580 3594 3679 3666 ﬁlii
3704 3608 3848 3664 augu-

558 3666 715 3753 tiam,
742 3702 843 3741 nec
868 3686 986 3759 ejus
1009 3685 1099 3755 qui
1129 3686 1331 3742 dixerit
1361 3703 1374 3741 :
1420 3684 1489 3741 Et
1519 3690 1564 3741 si
1596 3688 1867 3755 imperitus
1905 3704 2158 3758 sermone,
2192 3670 2237 3734 (ἶ
2268 3680 2472 3735 ratricis
2498 3696 2516 3735 :
2544 3698 2715 3737 semen
2746 3680 2971 3739 adulteri
3012 3693 3057 3738 et
3098 3683 3400 3755 fornicatur:
3427 3703 3595 3759 super
3615 3702 3757 3758 quem
3782 3683 3851 3739 iu-
3928 3666 3932 3719 ἶ

554 3787 846 3835 nontamen
873 3779 1086 3834 scientia
1109 3776 1315 3845 (IiCor.
1334 3794 1409 3845 at,
1432 3778 1488 3850 6)
1511 3788 1596 3845 ;et
1627 3779 1824 3835 iterum
1847 3798 1860 3834 :
1882 3781 1936 3836 in
1964 3780 2167 3853 simpli—

560 3875 719 3933 citate
739 3882 786 3933 ει
815 3873 1118 3929 sinceritate
1147 3873 1452 3929 annuntiaui
1480 3872 1620 3931 vobis
1647 3873 1852 3929 verbum
1877 3874 1893 3943 (
1914 3873 1959 3930 Ii
1979 3873 2097 3930 Cor.
2124 3891 2164 3947 ι,

562 3967 631 4024 12
653 3966 693 4041 ).
719 3965 963 4023 Tandem
990 3965 1042 4021 in
1068 3972 1270 4023 memet
1296 3980 1567 4035 reversus,
1602 3965 1759 4025 unius
1791 3966 1898 4025 diei
1929 3968 2164 4037 spatium

558 4059 855 4133 postulavi,
883 4067 942 4113 ut
960 4058 1247 4129 responsio
1273 4074 1391 4115 mea
1413 4074 1750 4133 nequaquam
1783 4072 2164 4133 argumentum

557 4153 787 4213 humani
820 4161 967 4208 esset
1011 4151 1234 4222 ingenii,
1268 4152 1362 4209 sed
1390 4153 1598 4211 tinctus
1624 4154 1859 4211 assidua:
1893 4154 2163 4217 lectionis.

560 4241 749 4314 Itaque
772 4258 991 4298 omnem
1043 4244 1379 4319 Scripturam
1433 4256 1616 4303 mente
1659 4246 2021 4319 perlustrans,
2048 4249 2166 4305 ani-

559 4337 856 4405 madvertl,
883 4337 1025 4393 sicut
1047 4339 1228 4393 omnis
1263 4354 1403 4411 pene
1429 4338 1495 4395 ad
1524 4338 1800 4397 Romanos
1827 4341 2070 4414 Epistola
2099 4342 2165 4399 de

558 4431 734 4488 reteri
766 4441 977 4488 structa
1009 4442 1091 4487 est
1121 4430 1518 4497 instrumento,
1556 4432 1633 4489 sic
1662 4442 1719 4488 et
1769 4434 1873 4490 hoc
1924 4437 2169 4491 testimo-

558 4524 708 4582 nium
741 4523 770 4563 ι’
800 4524 870 4580 de
917 4523 1170 4593 Psalmis,
1215 4533 1271 4580 et
1295 4522 1433 4581 Isaia
1468 4538 1592 4581 esse
1634 4536 1952 4581 contextum
1981 4525 2161 4599 (Vers.

559 4619 625 4675 Ii
653 4617 700 4691 ).
729 4617 863 4675 Nam
908 4617 1018 4674 duo
1051 4618 1212 4688 primi
1244 4634 1439 4677 versus
1471 4636 1484 4674 :
1515 4620 1830 4689 Sepulcrum
1859 4629 2042 4695 patens
2091 4629 2167 4675 est

557 4724 739 4788 guttur
770 4731 949 4771 eorum
997 4729 1016 4768 :
1065 4713 1262 4788 linguis
1313 4715 1423 4769 suis
1472 4715 1652 4770 dolose
1696 4717 1934 4787 agebant,
1987 4714 2165 4786 quinti

558 4807 755 4878 psalmi
790 4818 915 4863 sunt
946 4805 1132 4876 (Van.
1171 4806 1285 4875 ii).
1321 4803 1455 4861 Illud
1484 4816 1671 4860 autem
1700 4806 1848 4877 quod
1880 4808 2163 4873 sequitur:

568 4898 831 4955 Venenum
875 4899 1123 4969 aspidm
1156 4899 1252 4954 sub
1277 4896 1428 4953 labiis
1456 4914 1656 4966 eorum,
1684 4898 1971 4954 oetitesimi
2004 4900 2167 4955 trice-

559 4992 685 5050 aimi
722 4993 847 5049 noni
880 4994 1081 5055 Paulini
1130 5003 1215 5054 est
1251 4992 1271 5062 (
1300 4992 1453 5050 Vara.
1490 4994 1523 5050 ι
1550 4993 1591 5065 ).
1643 4992 1995 5063 Rursumque
2020 4995 2163 5066 quod

2269 3775 2451 3829 sistis?
2490 3793 2644 3848 super
2672 3793 2821 3848 quem
2848 3776 3108 3837 dilatastis
3134 3797 3215 3847 os,
3249 3788 3298 3839 et
3324 3785 3558 3854 ejecistis
3600 3785 3849 3856 linguam?
3930 3766 3932 3769 Ι

2270 3867 2415 3925 LXX
2462 3887 2474 3923 :
2530 3870 2634 3925 Vos
2664 3881 2837 3927 autem
2867 3874 3095 3931 accedite
3148 3873 3271 3943 huc,
3320 3874 3421 3945 ﬁlii
3465 3877 3662 3949 iniqui,
3703 3893 3851 3935 sentes

2268 3959 2625 4018 adulterorum
2663 3975 2710 4020 et
2737 3966 3019 4025 meretricis
3064 3967 3118 4021 in
3144 3984 3246 4038 qua
3267 3968 3511 4027 lusistis?
3537 3988 3699 4039 super
3722 3986 3851 4041 qustu

2270 4056 2546 4122 aperuistis
2586 4074 2643 4113 os
2683 4066 2947 4115 vestrum:
2979 4068 3027 4113 et
3067 4075 3221 4132 super
3250 4076 3352 4129 quo
3382 4063 3614 4135 ejecistis
3644 4062 3851 4135 lingunt

2268 4151 2532 4207 vestram?
2562 4149 2787 4213 Sublato
2812 4151 2984 4221 justo,
3016 4151 3171 4222 cujus
3201 4153 3483 4223 sepultura
3523 4156 3580 4211 in
3615 4171 3741 4227 pace
3762 4164 3851 4217 est,

2271 4239 2441 4299 immo
2473 4242 2689 4299 sublato
2714 4243 2782 4301 de
2800 4243 3000 4311 medio,
3030 4259 3126 4303 vos
3140 4246 3233 4321 qui
3258 4244 3392 4303 estis
3421 4246 3520 4309 lilii
3550 4245 3853 4321 iniqoitatis,

2270 4334 2516 4391 accedite
2570 4335 2637 4391 ad
2671 4352 2778 4404 tne,
2820 4346 2874 4393 et
2903 4337 3088 4393 audite
3125 4353 3249 4409 qua:
3277 4338 3457 4397 dicam
3489 4340 3691 4413 (Joan.
3723 4341 3855 4410 νιιι).

2268 4428 2555 4497 Quomodo
2587 4431 2730 4489 enim
2763 4431 2853 4501 qni
2880 4430 3010 4487 facit
3039 4432 3407 4505 iniquitatem,
3431 4447 3637 4497 servus
3663 4444 3746 4497 est
3769 4431 3856 4489 iui-

2268 4520 2513 4590 quitatis,
2544 4522 2622 4576 sic
2651 4522 2743 4591 qui
2769 4521 2922 4591 juxta
2956 4522 3154 4585 Iudam
3184 4524 3554 4600 proditorem,
3599 4526 3747 4585 illius
3788 4532 3859 4581 est

2271 4615 2618 4686 perditionis.
2667 4616 2930 4691 appellari
2982 4627 3163 4699 potest
3205 4618 3345 4677 ﬁlius
3392 4619 3726 4693 iniquitatis.
3769 4618 3857 4673 De-

2269 4711 2433 4781 nique
2462 4710 2724 4783 scriptum
2760 4720 2846 4771 est
2875 4712 2944 4771 de
2975 4713 3205 4773 Domino
3230 4714 3518 4777 Saluatore
3551 4736 3566 4772 :
3624 4715 3696 4775 Et
3734 4714 3862 4791 ﬁlius

2264 4804 2557 4872 iniquitatis
2580 4820 2681 4861 nan
2711 4814 2935 4877 apponet
2964 4815 3019 4861 ut
3047 4808 3254 4880 afﬂigat
3277 4824 3393 4869 euut
3423 4809 3441 4878 (
3475 4808 3575 4865 Ps.
3602 4822 3856 4873 untur,

2267 4896 2407 4967 25).
2466 4896 2571 4955 Ρι·ο
2610 4898 2907 4970 iniquitate,
2964 4900 3079 4955 sive
3130 4901 3464 4971 iniquorum,
3521 4902 3675 4973 quod
3730 4898 3861 4963 LXX

2271 4989 2689 5059 transtulerunt,
2722 4992 3031 5053 Titcodotio
3064 4993 3238 5067 ipsum
3269 4996 3491 5061 verbum
3541 4996 3858 5059 Hebraicum

559 5081 797 5143 dicitur:
829 5084 1059 5150 Quorum
1096 5100 1152 5143 os
1185 5082 1549 5147 maledictione
1581 5095 1631 5141 et
1677 5086 2022 5145 amaritudine
2053 5088 2155 5156 ple-
2190 5068 2244 5130 D
2271 5085 2454 5155 posuit
2475 5101 2649 5145 exeas
2684 5086 2847 5162 (manu
2868 5087 2910 5160 ),
2946 5089 3092 5162 Quod
3126 5106 3224 5151 nos
3260 5092 3415 5161 juxta
3448 5092 3859 5163 Symmachum.

560 5192 684 5237 nam
718 5185 812 5247 est,
837 5175 907 5233 de
938 5191 1085 5233 nono
1132 5176 1342 5246 psalmo
1373 5189 1648 5250 sumptum
1687 5188 1772 5241 est
1805 5177 1823 5248 ί
1851 5177 1992 5235 Vera.
2026 5179 2161 5254 29).

636 5327 665 5359 ι
692 5316 1000 5382 Sepulcrum
1032 5323 1216 5386 patens
1243 5324 1295 5368 et
1316 5323 1495 5386 guttur
1532 5331 1730 5369 eorum.
1790 5315 1865 5370 De
1904 5315 2012 5370 illis
2040 5324 2163 5370 octo

470 5442 479 5447 .
562 5389 815 5446 versibus
854 5387 976 5442 vide
1006 5387 1303 5442 editionem
1339 5396 1581 5440 nostram
1610 5397 1740 5440 tom.
1776 5404 1815 5453 ι,
1842 5387 1949 5442 col.
1982 5388 2088 5443 8i5
2110 5395 2167 5441 et

560 5462 669 5518 col.
704 5459 863 5526 i336,
919 5470 1026 5513 tam
1074 5460 1126 5512 in
1167 5468 1427 5513 contextu
1469 5457 1808 5515 Psalmorum
1836 5504 1850 5527 ,
1901 5475 2061 5528 quam
2110 5460 2162 5513 in

561 5533 767 5591 nostris
797 5530 1285 5586 annotatiunculis.
1334 5529 1607 5585 Maurus.

635 5602 665 5649 ιι
688 5602 1313 5687 I‘saudoviiiaronymua
1336 5601 1391 5656 in
1420 5601 1662 5687 arteriam
1688 5600 1863 5687 _addit
1897 5602 2063 5687 etiam
2095 5617 2160 5656 ex

566 5674 993 5728 Deuteronomio
1044 5671 1412 5728 testimonium
1468 5671 1598 5726 illud
1654 5672 1724 5728 ab
1780 5671 2043 5741 Apostolo
2092 5689 2158 5728 ex

567 5751 721 5813 parte
734 5742 1087 5813 deaumptum
1106 5762 1117 5797 :
1144 5743 1288 5799 baud
1302 5742 1557 5811 equidem
1575 5744 1867 5814 scioquam
1892 5758 2022 5801 vero
2039 5745 2158 5800 :sed

2263 5183 2319 5237 in
2347 5185 2728 5256 augttratriccm
2760 5186 3047 5252 vertimus,
3079 5187 3227 5257 quod
3272 5188 3485 5251 scilicet
3520 5203 3749 5259 seraper
3781 5184 3859 5243 Je-

2271 5329 2422 5373 certe
2450 5318 2748 5373 versiculus
2777 5318 2971 5374 celoces
2986 5320 3139 5388 pedes
3170 5338 3369 5385 eorum,
3392 5331 3523 5387 etc.,
3542 5338 3656 5376 non
3689 5319 3853 5384 modo,

2273 5398 2331 5461 ut
2354 5390 2719 5461 Hieronymus
2754 5404 2958 5457 monet,
2991 5407 3059 5445 ex
3095 5392 3227 5447 Isaia
3257 5409 3366 5455 ux,
3398 5396 3448 5457 7,
3474 5394 3572 5447 sed
3604 5394 3766 5449 etiam
3795 5406 3853 5446 ex

2272 5459 2532 5541 Proverb.
2565 5459 2727 5541 initi,
2754 5463 3119 5541 componin
3157 5464 3351 5541 Verum
3389 5466 3539 5541 plura
3580 5464 3688 5541 bac
3713 5465 3779 5523 de
3807 5477 3858 5517 re

2270 5532 2336 5586 ad
2369 5547 2494 5591 eum
2524 5534 2715 5603 psalmi
2760 5536 2938 5601 locum
2993 5535 3046 5589 in
3079 5534 3356 5591 Brevinrin
3385 5532 3791 5593 annutabimns.

2343 5613 2365 5642 ε
2408 5603 2489 5660 Ad
2538 5604 2817 5659 meliorem
2861 5606 3187 5661 latinitatem
3219 5606 3509 5673 Victorius,
3561 5606 3855 5663 versiculos.

2268 5675 2478 5799 (scilicet
2504 5677 2672 5745 reperi
2702 5686 2761 5732 et
2788 5677 2946 5748 paulo
2966 5678 3124 5742 intra,
3158 5678 3445 5751 Scriptum
3473 5692 3579 5757 pro
3611 5681 3667 5734 in
3692 5677 3862 5749 Scrip-

2291 5764 2406 5799 ητα.

2291 5764 2406 5803 ura.
